{"host":"bg8va46pgqgvtzim","time":1609039815,"event":{"mods":["BaseMod","Minty Spire (QoL Compilation)","Quick Restart","StSLib","SuperFastMode"],"gold_per_floor":[109,127,127,139,155,187,36,69,69,99,114,114,147,158,158,261,261,275,275,287,337,350,385,385,413,413,425,59,72,107,142,142,241,241,258,258,277,124,124,157,157,182,231,258,258,258,269,316,316,316,316,316,19,44,44],"floor_reached":56,"playtime":3036,"items_purged":["Strike_P","Strike_P","Strike_P"],"score":1633,"play_id":"f79b3362-c099-4fd2-8e39-598961e25aca","local_time":"20201227113015","is_ascension_mode":true,"campfire_choices":[{"data":"Eruption","floor":12.0,"key":"SMITH"},{"data":"Deep Breath","floor":15.0,"key":"SMITH"},{"data":"Wallop","floor":24.0,"key":"SMITH"},{"data":"EmptyMind","floor":32.0,"key":"SMITH"},{"data":"Vault","floor":41.0,"key":"SMITH"},{"data":"Collect","floor":45.0,"key":"SMITH"},{"data":"DeusExMachina","floor":46.0,"key":"SMITH"},{"floor":49,"key":"RECALL"},{"data":"FlurryOfBlows","floor":52,"key":"SMITH"}],"circlet_count":0,"master_deck":["Defend_P","Defend_P","Defend_P","Defend_P","Eruption+1","Vigilance","Trip","FlurryOfBlows","FlurryOfBlows+1","Deep Breath+1","DevaForm","Vault+1","Collect+1","FearNoEvil","DeusExMachina+1","Adaptation+1","Wallop+1","EmptyMind+1","Meditate+1","MentalFortress+1","Adaptation+1","Vengeance+1","TalkToTheHand+1","Prostrate+1","Indignation+1","Prostrate+1","Halt+1","Establishment+1","Tantrum","DeceiveReality+1"],"relics":["HolyWater","Yang","Medical Kit","StrikeDummy","Frozen Egg 2","Nunchaku","VioletLotus","Torii","Toxic Egg 2","Bottled Lightning","Membership Card","WingedGreaves","Blue Candle","Bag of Preparation","Lantern","Kunai","Bottled Flame","Dream Catcher","Unceasing Top","OrangePellets","Happy Flower"],"acts_visited":["Exordium","TheCity","TheBeyond","TheEnding"],"potions_floor_usage":[48,55],"damage_taken":[{"damage":0.0,"enemies":"Small Slimes","floor":1.0,"turns":2.0},{"damage":0.0,"enemies":"Cultist","floor":2.0,"turns":3.0},{"damage":3.0,"enemies":"Jaw Worm","floor":4.0,"turns":2.0},{"damage":0.0,"enemies":"Large Slime","floor":5.0,"turns":3.0},{"damage":22.0,"enemies":"3 Sentries","floor":6.0,"turns":9.0},{"damage":4.0,"enemies":"Gremlin Nob","floor":8.0,"turns":5.0},{"damage":0.0,"enemies":"Lagavulin","floor":10.0,"turns":5.0},{"damage":3.0,"enemies":"Gremlin Gang","floor":11.0,"turns":6.0},{"damage":15.0,"enemies":"3 Sentries","floor":13.0,"turns":8.0},{"damage":0.0,"enemies":"3 Louse","floor":14.0,"turns":4.0},{"damage":32.0,"enemies":"Hexaghost","floor":16.0,"turns":9.0},{"damage":1.0,"enemies":"Shell Parasite","floor":18.0,"turns":4.0},{"damage":0.0,"enemies":"2 Thieves","floor":20.0,"turns":2.0},{"damage":24.0,"enemies":"Shelled Parasite and Fungi","floor":22.0,"turns":5.0},{"damage":9.0,"enemies":"Gremlin Leader","floor":23.0,"turns":7.0},{"damage":0.0,"enemies":"Book of Stabbing","floor":25.0,"turns":3.0},{"damage":0.0,"enemies":"Cultist and Chosen","floor":27.0,"turns":6.0},{"damage":0.0,"enemies":"Centurion and Healer","floor":29.0,"turns":4.0},{"damage":0.0,"enemies":"Gremlin Leader","floor":30.0,"turns":6.0},{"damage":0.0,"enemies":"Book of Stabbing","floor":31.0,"turns":3.0},{"damage":0.0,"enemies":"Automaton","floor":33.0,"turns":7.0},{"damage":0.0,"enemies":"3 Darklings","floor":35.0,"turns":4.0},{"damage":0.0,"enemies":"3 Shapes","floor":37.0,"turns":4.0},{"damage":13.0,"enemies":"Nemesis","floor":40.0,"turns":6.0},{"damage":19.0,"enemies":"Reptomancer","floor":42.0,"turns":7.0},{"damage":0.0,"enemies":"Nemesis","floor":44.0,"turns":6.0},{"damage":0.0,"enemies":"Transient","floor":47.0,"turns":6.0},{"damage":2,"enemies":"2 Orb Walkers","floor":48,"turns":5},{"damage":10,"enemies":"Donu and Deca","floor":50,"turns":8},{"damage":0,"enemies":"Shield and Spear","floor":54,"turns":9},{"damage":0,"enemies":"The Heart","floor":55,"turns":10}],"seed_played":"670526588471530613","potions_obtained":[{"floor":4.0,"key":"Regen Potion"},{"floor":8.0,"key":"DuplicationPotion"},{"floor":13.0,"key":"FearPotion"},{"floor":14.0,"key":"SkillPotion"},{"floor":18.0,"key":"Swift Potion"},{"floor":23.0,"key":"AttackPotion"},{"floor":25.0,"key":"Explosive Potion"},{"floor":27.0,"key":"Regen Potion"},{"floor":30.0,"key":"BlessingOfTheForge"},{"floor":44.0,"key":"Block Potion"},{"floor":48,"key":"Fire Potion"}],"is_trial":false,"path_per_floor":["M","M","?","M","M","E","$","E","T","E","M","R","E","M","R","B",null,"M","?","M","?","M","E","R","E","T","M","$","M","E","E","R","B",null,"M","?","M","$","?","E","R","E","T","E","R","R","M","?","R","B",null,"R","$","E","B",null],"character_chosen":"WATCHER","items_purchased":["Medical Kit","Membership Card","MentalFortress+1","WingedGreaves","Lantern","Prostrate+1","OrangePellets","Establishment+1","Tantrum","DeceiveReality+1"],"campfire_rested":0,"item_purchase_floors":[7,28,28,28,38,38,53,53,53,53],"current_hp_per_floor":[72,72,72,69,69,60,60,56,56,56,53,53,38,38,38,6,72,71,71,71,71,47,38,38,38,38,38,38,50,50,50,50,50,72,72,68,68,68,68,55,55,36,36,36,36,36,36,34,34,24,68,68,68,68,68],"gold":44,"neow_bonus":"RANDOM_COLORLESS","is_daily":false,"chose_seed":false,"campfire_upgraded":8,"win_rate":0.0,"timestamp":1609039815,"path_taken":["M","M","?","M","M","E","$","E","T","E","M","R","E","M","R","BOSS","M","?","M","?","M","E","R","E","T","?","$","M","E","E","R","BOSS","M","?","M","$","?","E","R","E","T","E","R","R","?","?","R","BOSS","R","$","E","BOSS"],"items_purchased_type":["Relic","Relic","Card","Relic","Relic","Card","Relic","Card","Card","Card"],"build_version":"2020-12-22","purchased_purges":3,"victory":true,"max_hp_per_floor":[72,72,72,72,72,72,72,72,72,72,72,72,72,72,72,72,72,72,72,72,72,72,72,72,72,72,72,72,72,72,72,72,72,72,72,68,68,68,68,68,68,68,68,68,68,68,68,68,68,68,68,68,68,68,68],"card_choices":[{"not_picked":["Panacea","Purity"],"picked":"Trip","floor":0.0},{"not_picked":["Halt","SashWhip"],"picked":"FlurryOfBlows","floor":1.0},{"not_picked":["Vengeance","Prostrate"],"picked":"FlurryOfBlows","floor":2.0},{"not_picked":["FollowUp","PathToVictory","Study"],"picked":"SKIP","floor":4.0},{"not_picked":["WaveOfTheHand","SashWhip"],"picked":"Vault","floor":5.0},{"not_picked":["FlurryOfBlows","ReachHeaven"],"picked":"Collect","floor":6.0},{"not_picked":["Worship","FlurryOfBlows","Nirvana"],"picked":"SKIP","floor":8.0},{"not_picked":["ThirdEye","Protect","FollowUp"],"picked":"SKIP","floor":10.0},{"not_picked":["FlurryOfBlows","Consecrate","FollowUp"],"picked":"SKIP","floor":11.0},{"not_picked":["BowlingBash","SignatureMove"],"picked":"FearNoEvil","floor":13.0},{"not_picked":["Collect","WreathOfFlame","SashWhip"],"picked":"SKIP","floor":14.0},{"not_picked":["Wish","Brilliance"],"picked":"DeusExMachina","floor":16.0},{"not_picked":["BowlingBash","Consecrate+1","PathToVictory+1"],"picked":"SKIP","floor":18.0},{"not_picked":["Consecrate+1","JustLucky"],"picked":"Adaptation+1","floor":20.0},{"not_picked":["Crescendo","WindmillStrike+1"],"picked":"Wallop","floor":22.0},{"not_picked":["ForeignInfluence","Protect"],"picked":"EmptyMind","floor":23.0},{"not_picked":["FollowUp","Perseverance+1"],"picked":"Meditate+1","floor":25.0},{"not_picked":["Halt+1","CarveReality","ReachHeaven"],"picked":"SKIP","floor":27.0},{"not_picked":["FollowUp","JustLucky","Consecrate"],"picked":"SKIP","floor":29.0},{"not_picked":["ReachHeaven","ThirdEye+1"],"picked":"Adaptation+1","floor":30.0},{"not_picked":["SashWhip","BowlingBash"],"picked":"Vengeance+1","floor":31.0},{"not_picked":["Crescendo+1","EmptyBody+1"],"picked":"TalkToTheHand+1","floor":35.0},{"not_picked":["ReachHeaven+1","Evaluate+1","BowlingBash+1"],"picked":"SKIP","floor":37.0},{"not_picked":["ReachHeaven","WheelKick+1"],"picked":"Indignation+1","floor":40.0},{"not_picked":["LikeWater+1","Crescendo+1","JustLucky+1"],"picked":"SKIP","floor":42.0},{"not_picked":["SashWhip","PathToVictory+1","Consecrate"],"picked":"SKIP","floor":44.0},{"not_picked":["PathToVictory+1","Blasphemy+1"],"picked":"Prostrate+1","floor":47.0},{"not_picked":["CrushJoints","CutThroughFate"],"picked":"Halt+1","floor":48},{"not_picked":["ThirdEye+1","JustLucky+1","DeceiveReality+1"],"picked":"SKIP","floor":54}],"player_experience":2169494,"relics_obtained":[{"floor":6.0,"key":"Yang"},{"floor":8.0,"key":"StrikeDummy"},{"floor":9.0,"key":"Frozen Egg 2"},{"floor":13.0,"key":"Nunchaku"},{"floor":23.0,"key":"Torii"},{"floor":25.0,"key":"Toxic Egg 2"},{"floor":26.0,"key":"Bottled Lightning"},{"floor":30.0,"key":"Blue Candle"},{"floor":31.0,"key":"Bag of Preparation"},{"floor":40.0,"key":"Kunai"},{"floor":42.0,"key":"Bottled Flame"},{"floor":44.0,"key":"Dream Catcher"},{"floor":48,"key":"Unceasing Top"},{"floor":54,"key":"Happy Flower"}],"event_choices":[{"damage_healed":0.0,"max_hp_gain":0.0,"max_hp_loss":0.0,"gold_gain":0.0,"event_name":"Match and Keep!","player_choice":"2 cards matched","floor":3.0,"gold_loss":0.0,"damage_taken":0.0,"cards_obtained":["Deep Breath","DevaForm"]},{"damage_healed":0.0,"max_hp_gain":0.0,"max_hp_loss":0.0,"gold_gain":0.0,"event_name":"Ghosts","player_choice":"Ignored","floor":19.0,"gold_loss":0.0,"damage_taken":0.0},{"damage_healed":0.0,"max_hp_gain":0.0,"max_hp_loss":0.0,"gold_gain":100.0,"event_name":"The Joust","player_choice":"Bet on Murderer","floor":21.0,"gold_loss":50.0,"damage_taken":0.0},{"damage_healed":0.0,"max_hp_gain":0.0,"max_hp_loss":4.0,"gold_gain":0.0,"event_name":"Winding Halls","player_choice":"Max HP","floor":36.0,"gold_loss":0.0,"damage_taken":0.0},{"cards_removed":["Strike_P"],"damage_healed":0.0,"max_hp_gain":0.0,"max_hp_loss":0.0,"gold_gain":0.0,"event_name":"Purifier","player_choice":"Purged","floor":39.0,"gold_loss":0.0,"damage_taken":0.0},{"damage_healed":0,"gold_gain":0,"player_choice":"Fight","damage_taken":0,"max_hp_gain":0,"max_hp_loss":0,"event_name":"Mysterious Sphere","floor":48,"gold_loss":0}],"is_beta":false,"boss_relics":[{"not_picked":["Fusion Hammer","Black Star"],"picked":"VioletLotus"},{"not_picked":["Cursed Key","Runic Dome"],"picked":"HolyWater"}],"items_purged_floors":[28,38,53],"is_endless":false,"potions_floor_spawned":[4,8,13,14,16,18,23,25,27,30,40,44,47,48],"ascension_level":1}}