{"host":"0nfdmr2b19ur4mbc","time":1609109110,"event":{"mods":["2.2 Compatiblity","AchievementEnabler","BaseMod","Better Match","Better Note","Better Vampires","Disable Question Mark Monsters","Hubris","Infinite Spire","Minty Spire (QoL Compilation)","Quick Restart","Rare Cards Sparkle","Replay The Spire","StSLib"],"gold_per_floor":[117,136,136,136,136,161,161,37,63,63,89,102,121,133,133,254,354,367,390,415,430,430,470,470,506,506,542,617,630,630,626,626,839,839,913,993,993,1072,1162,1282,1384,1384,1437,1565,1044,1197,1197,1293,1293,1293,1293,1293,510,581,581],"floor_reached":56,"playtime":7875,"items_purged":["Regret","Sickly","Strike_G"],"score":1801,"play_id":"25e45b4a-dfb5-4bee-96be-de7c59d8d633","local_time":"20201227234510","is_ascension_mode":true,"campfire_choices":[{"floor":7.0,"key":"RECALL"},{"data":"Footwork","floor":10.0,"key":"SMITH"},{"floor":30,"key":"REST"},{"data":"hubris:TrickCloak","floor":32,"key":"SMITH"},{"floor":42,"key":"REST"},{"floor":49,"key":"REST"},{"data":"infinitespire:UltimateForm","floor":52,"key":"SMITH"}],"circlet_count":0,"master_deck":["Strike_G+1","Strike_G+1","Defend_G","Defend_G","Defend_G","Defend_G","Defend_G+1","Neutralize+1","Deadly Poison","Footwork+1","Atom Bomb","Dagger Spray+1","Predator","Bane","Bullet Time","Deflect","Phantasmal Killer","Backstab","Fluid Movement+1","Quick Slash+1","Deadly Poison","infinitespire:UltimateForm+1","After Image","Well Laid Plans","Dodge and Roll+1","Corpse Explosion+1","hubris:TrickCloak+1","PiercingWail+1","Noxious Fumes","Terror+1","hubris:TrickCloak+1","Prepared+1","Master of Strategy+1","Enlightenment+1","Backflip+1"],"relics":["Ring of the Snake","NeowsBlessing","infinitespire:Golems Mask","hubris:BottledRain","Simple Rune","Golden Idol","Replay:Grab Bag","Replay:Wanted Poster","ChewingGum","hubris:ScarierMask","Black Star","infinitespire:Eraser","hubris:MobiusCoin","Dream Catcher","hubris:TenFootPole","Ginger","Bottled Lightning","Whetstone","Golden Egg","ReplayTheSpireMod:CursedCoin","infinitespire:EvilPickle","SacredBark","The Courier","hubris:Zylophone","PreservedInsect","Pet Ghost","ReplayFunnel","Blue Doll","Singing Bowl","Regal Pillow","Pear","Bottled Flame","OrangePellets","ReplayTheSpireMod:TigerMarble","infinitespire:Beetle Shell","Mummified Hand","Bronze Scales","Snake Skull"],"acts_visited":["Exordium","TheCity","TheBeyond","TheEnding"],"potions_floor_usage":[33,33,33,39,40,46,55],"damage_taken":[{"damage":0.0,"enemies":"Cultist","floor":1.0,"turns":1.0},{"damage":0.0,"enemies":"Small Slimes","floor":2.0,"turns":1.0},{"damage":0.0,"enemies":"Replay:BlueRogue","floor":6.0,"turns":1.0},{"damage":13.0,"enemies":"3 Sentries","floor":11.0,"turns":6.0},{"damage":0.0,"enemies":"2 Louse","floor":12.0,"turns":2.0},{"damage":8.0,"enemies":"Gremlin Gang","floor":13.0,"turns":5.0},{"damage":0.0,"enemies":"Large Slime","floor":14.0,"turns":3.0},{"damage":11.0,"enemies":"Fading Forest","floor":16.0,"turns":11.0},{"damage":1.0,"enemies":"Spheric Guardian","floor":18.0,"turns":3.0},{"damage":0.0,"enemies":"Shell Parasite","floor":19.0,"turns":3.0},{"damage":0.0,"enemies":"Snake Plant","floor":20.0,"turns":2.0},{"damage":0.0,"enemies":"Sentry and Sphere","floor":21.0,"turns":2.0},{"damage":12.0,"enemies":"Book of Stabbing","floor":23.0,"turns":4.0},{"damage":15.0,"enemies":"Nightmare","floor":25.0,"turns":6.0},{"damage":11.0,"enemies":"Book of Stabbing","floor":27.0,"turns":4.0},{"damage":0.0,"enemies":"Snecko","floor":28.0,"turns":3.0},{"damage":1.0,"enemies":"Centurion and Healer","floor":29.0,"turns":4.0},{"damage":13,"enemies":"Pondfish","floor":33,"turns":9},{"damage":0,"enemies":"Orb Walker","floor":35,"turns":4},{"damage":7,"enemies":"3 Shapes","floor":36,"turns":3},{"damage":0,"enemies":"3 Darklings","floor":38,"turns":3},{"damage":4,"enemies":"Writhing Mass","floor":39,"turns":3},{"damage":36,"enemies":"Nemesis","floor":40,"turns":7},{"damage":0,"enemies":"Transient","floor":41,"turns":3},{"damage":0,"enemies":"Giant Head","floor":44,"turns":5},{"damage":9,"enemies":"Reptomancer","floor":46,"turns":5},{"damage":0,"enemies":"3 Darklings","floor":48,"turns":2},{"damage":20,"enemies":"Donu and Deca","floor":50,"turns":6},{"damage":0,"enemies":"Shield and Spear","floor":54,"turns":1},{"damage":17,"enemies":"The Heart","floor":55,"turns":9}],"seed_played":"-7161524215755615362","potions_obtained":[{"floor":1.0,"key":"Fire Potion"},{"floor":2.0,"key":"LiquidBronze"},{"floor":6.0,"key":"Swift Potion"},{"floor":13.0,"key":"AttackPotion"},{"floor":19.0,"key":"Toxic Potion"},{"floor":27.0,"key":"Block Potion"},{"floor":33,"key":"LiquidMemories"},{"floor":36,"key":"Block Potion"},{"floor":38,"key":"Elixir"},{"floor":41,"key":"Milkshake"},{"floor":46,"key":"SpeedPotion"}],"is_trial":false,"path_per_floor":["M","M","?","?","?","E","R","$","T","R","E","M","M","M","R","B",null,"M","M","M","M","AVR","E","?","NM","T","E","M","M","R","$","R","B",null,"M","M","AVR","M","M","E","M","R","T","E","$","E","?","M","R","B",null,"R","$","E","B",null],"character_chosen":"THE_SILENT","items_purchased":["Dagger Spray","ReplayTheSpireMod:CursedCoin","PiercingWail","Dexterity Potion","Master of Strategy","Enlightenment","Singing Bowl","Regal Pillow","OrangePellets","ReplayTheSpireMod:TigerMarble","infinitespire:Beetle Shell","Mummified Hand","Explosive Potion","FairyPotion"],"campfire_rested":3,"item_purchase_floors":[8,31,31,45,45,45,45,45,53,53,53,53,53,53],"current_hp_per_floor":[70,70,70,70,70,70,70,70,70,70,57,57,49,49,32,31,70,69,69,69,69,69,57,57,42,42,31,31,30,51,51,51,38,70,70,63,63,63,59,23,23,44,44,44,44,45,45,47,84,64,84,84,84,86,69],"gold":581,"neow_bonus":"THREE_ENEMY_KILL","is_daily":false,"chose_seed":false,"campfire_upgraded":3,"win_rate":0.0,"timestamp":1609109110,"path_taken":["M","M","?","?","?","E","R","$","T","R","E","M","M","M","R","BOSS","M","M","M","M","AVR","E","?","NM","T","E","M","M","R","$","R","BOSS","M","?","AVR","M","M","E","M","R","T","E","$","E","?","M","R","BOSS","R","$","E","BOSS"],"items_purchased_type":["Card","Relic","Card","Potion","Card","Card","Relic","Relic","Relic","Relic","Relic","Relic","Potion","Potion"],"build_version":"2020-12-22","purchased_purges":3,"victory":true,"max_hp_per_floor":[70,70,70,70,70,70,70,70,70,70,70,70,70,70,70,70,70,70,70,70,70,70,70,70,70,70,70,70,70,70,70,70,70,70,70,70,70,70,70,70,70,70,70,70,70,80,80,82,84,84,84,84,84,86,86],"card_choices":[{"not_picked":["Sucker Punch","Setup"],"picked":"Deadly Poison","floor":1.0},{"not_picked":["Terror","Hidden Blade"],"picked":"Footwork","floor":2.0},{"not_picked":["Prepared","Deadly Poison"],"picked":"Atom Bomb","floor":6.0},{"not_picked":["Poisoned Stab","Dagger Spray"],"picked":"Predator","floor":11.0},{"not_picked":["Heel Hook","Quick Slash"],"picked":"Bane","floor":12.0},{"not_picked":["PiercingWail","Finisher"],"picked":"Bullet Time","floor":13.0},{"not_picked":["Heel Hook","Acrobatics"],"picked":"Deflect","floor":14.0},{"not_picked":["A Thousand Cuts","ReplayTheSpireMod:From All Sides"],"picked":"Phantasmal Killer","floor":16.0},{"not_picked":["Riddle With Holes","Cloak And Dagger+1"],"picked":"Backstab","floor":18.0},{"not_picked":["Skewer+1","PiercingWail"],"picked":"Fluid Movement+1","floor":19.0},{"not_picked":["Outmaneuver+1","Caltrops"],"picked":"Quick Slash+1","floor":20.0},{"not_picked":["Distraction","Sucker Punch"],"picked":"Deadly Poison","floor":21.0},{"not_picked":["hubris:Sniper","Dodge and Roll","hubris:SlightOfHand"],"picked":"SKIP","floor":23.0},{"not_picked":["Poisoned Stab","hubris:SlightOfHand"],"picked":"Well Laid Plans","floor":25.0},{"not_picked":["Deadly Poison","Caltrops+1","Dagger Throw"],"picked":"SKIP","floor":27.0},{"not_picked":["Cloak And Dagger","Prepared"],"picked":"Dodge and Roll+1","floor":28.0},{"not_picked":["Predator+1","hubris:Counter"],"picked":"Corpse Explosion","floor":29.0},{"not_picked":["Dagger Spray","Slice+1"],"picked":"hubris:TrickCloak","floor":30},{"not_picked":["Bane","Acrobatics","Blade Dance"],"picked":"SKIP","floor":35},{"not_picked":["Tactician","Accuracy"],"picked":"Noxious Fumes","floor":36},{"not_picked":["Quick Slash+1","Dagger Spray","Blade Dance"],"picked":"SKIP","floor":38},{"not_picked":["Choke","Dodge and Roll"],"picked":"Terror+1","floor":39},{"not_picked":["hubris:SlightOfHand","Toxin Wave","Sucker Punch"],"picked":"SKIP","floor":40},{"not_picked":["hubris:SlightOfHand","Flying Knee","Backflip"],"picked":"SKIP","floor":41},{"not_picked":["PiercingWail","Sucker Punch+1"],"picked":"hubris:TrickCloak+1","floor":42},{"not_picked":["After Image","Dagger Throw"],"picked":"Prepared+1","floor":44},{"not_picked":["Dash","Dagger Throw+1"],"picked":"Backflip+1","floor":46},{"not_picked":["Flying Knee+1","Setup+1","Cloak And Dagger"],"picked":"Singing Bowl","floor":48},{"not_picked":["Cloak And Dagger+1","hubris:SlightOfHand+1","Concentrate"],"picked":"Singing Bowl","floor":49},{"not_picked":["Quick Slash+1","hubris:TrickCloak+1","Bane"],"picked":"Singing Bowl","floor":54}],"player_experience":108703,"relics_obtained":[{"floor":6.0,"key":"hubris:BottledRain"},{"floor":11.0,"key":"Simple Rune"},{"floor":23.0,"key":"hubris:MobiusCoin"},{"floor":23.0,"key":"Dream Catcher"},{"floor":25.0,"key":"hubris:TenFootPole"},{"floor":25.0,"key":"Ginger"},{"floor":26.0,"key":"Bottled Lightning"},{"floor":27.0,"key":"Whetstone"},{"floor":27.0,"key":"Golden Egg"},{"floor":40,"key":"hubris:Zylophone"},{"floor":40,"key":"PreservedInsect"},{"floor":43,"key":"Pet Ghost"},{"floor":44,"key":"ReplayFunnel"},{"floor":44,"key":"Blue Doll"},{"floor":46,"key":"Pear"},{"floor":46,"key":"Bottled Flame"},{"floor":54,"key":"Bronze Scales"},{"floor":54,"key":"Snake Skull"}],"event_choices":[{"damage_healed":0.0,"max_hp_gain":0.0,"max_hp_loss":0.0,"gold_gain":0.0,"event_name":"Accursed Blacksmith","player_choice":"Forge","floor":3.0,"gold_loss":0.0,"damage_taken":0.0,"cards_upgraded":["Neutralize"]},{"damage_healed":0.0,"max_hp_gain":0.0,"max_hp_loss":0.0,"gold_gain":0.0,"event_name":"Big Fish","player_choice":"Box","floor":4.0,"gold_loss":0.0,"damage_taken":0.0,"relics_obtained":["infinitespire:Golems Mask"],"cards_obtained":["Regret"]},{"damage_healed":0.0,"max_hp_gain":0.0,"max_hp_loss":0.0,"gold_gain":0.0,"event_name":"Golden Idol","player_choice":"Take Damage","floor":15.0,"gold_loss":0.0,"damage_taken":17.0,"relics_obtained":["Golden Idol"]},{"damage_healed":0.0,"max_hp_gain":0.0,"max_hp_loss":0.0,"gold_gain":0.0,"cards_transformed":["Strike_G"],"event_name":"Transmorgrifier","player_choice":"Transformed","floor":24.0,"gold_loss":0.0,"damage_taken":0.0,"cards_obtained":["After Image"]},{"cards_removed":["Survivor"],"damage_healed":0,"gold_gain":0,"player_choice":"Removed Skill","damage_taken":0,"max_hp_gain":0,"max_hp_loss":0,"event_name":"Falling","floor":47,"gold_loss":0}],"is_beta":false,"boss_relics":[{"not_picked":["Replay:Drink Me","Cursed Key"],"picked":"Replay:Grab Bag"},{"not_picked":["hubris:TerracottaHorce","infinitespire:Cupcake"],"picked":"Replay:Wanted Poster"},{"not_picked":["Abe\u0027s Treasure","Runic Dome"],"picked":"ChewingGum"},{"not_picked":["Empty Cage","Snecko Heart"],"picked":"hubris:ScarierMask"},{"not_picked":["Astrolabe","Pandora\u0027s Box"],"picked":"Black Star"},{"not_picked":["ReplayTheSpireMod:SealedPack","hubris:CrackedHourglass"],"picked":"SacredBark"}],"items_purged_floors":[8,31,53],"is_endless":false,"potions_floor_spawned":[1,2,6,13,19,27,28,33,36,38,41,46],"ascension_level":1}}