{"host":"uyrebrj0204enqpc","time":1609089450,"event":{"mods":["Act Like it!","Bard","BaseMod","Block Reminder","Challenge The Spire","Colored Map","Colored Powertips","DeckTracker","Downfall","GifTheSpireLib","HexUI Lib","Highlight Path","Hubris","Infinite Spire","Minty Spire (QoL Compilation)","Pale of the Ancients","Quick Restart","Random Character Button","Relic Sorter","Relic Stats","Replay The Spire","Shop Mod","StSLib","The Blue Laboratory","The Bug Knight","The Cursed","The Jungle","The Marked","Wandering Minibosses"],"gold_per_floor":[118,118,118,118,118,118,133,167,167,167,193,204,217,252,252,347,347,358,358,54,154,154,154,185,185,185,185,185],"floor_reached":27,"playtime":810,"items_purged":[],"score":309,"play_id":"4000dee0-7adf-475e-b677-160886df7c16","local_time":"20201227121730","is_ascension_mode":true,"campfire_choices":[{"data":"Strike_R","floor":6,"key":"SMITH"},{"data":"Feed","floor":10,"key":"SMITH"},{"data":"Rampage","floor":15,"key":"SMITH"},{"data":"Searing Blow","floor":23,"key":"SMITH"},{"data":"Searing Blow+1","floor":23,"key":"SMITH"},{"data":"Demonic Infusion","floor":25,"key":"SMITH"},{"data":"Searing Blow+2","floor":25,"key":"SMITH"}],"circlet_count":0,"master_deck":["Strike_R+1","Strike_R+1","Strike_R","Strike_R","Defend_R","Defend_R","Defend_R","Defend_R+1","Strike_P","Havoc","Feed+1","Rampage+1","Demonic Infusion+1","Searing Blow+3"],"relics":["Burning Blood","NeowsBlessing","hubris:BottledRain","infinitespire:CursedDice","CaptainsWheel","hubris:BundleOfHerbs","hubris:MedicalManual","hubris:Stopwatch","Replay:Arrowhead","Paper Frog","infinitespire:CheckeredPen"],"acts_visited":["Exordium","Exordium"],"potions_floor_usage":[16,24,24],"damage_taken":[{"damage":0.0,"enemies":"Jaw Worm","floor":1.0,"turns":1.0},{"damage":0,"enemies":"2 Louse","floor":7,"turns":1},{"damage":0,"enemies":"Gremlin Nob","floor":8,"turns":1},{"damage":25,"enemies":"3 Sentries","floor":11,"turns":9},{"damage":3,"enemies":"Small Slimes","floor":12,"turns":3},{"damage":0,"enemies":"2 Fungi Beasts","floor":13,"turns":3},{"damage":14,"enemies":"Gremlin Nob","floor":14,"turns":4},{"damage":48,"enemies":"The Guardian","floor":16,"turns":13},{"damage":15,"enemies":"theJungle:5_Spyders","floor":18,"turns":8},{"damage":72,"enemies":"Nightmare","floor":24,"turns":9},{"damage":31,"enemies":"theJungle:Cassacara","floor":27,"turns":9}],"seed_played":"6217047318550663567","potions_obtained":[{"floor":1.0,"key":"blueLaboratory:AbyssPotion"},{"floor":12,"key":"Fire Potion"},{"floor":14,"key":"DistilledChaos"},{"floor":18,"key":"DistilledChaos"}],"is_trial":false,"path_per_floor":["M","?","?","?","?","R","M","E","T","R","E","M","M","E","R","B",null,"M","?","$","?","?","R","NM","R","T","E"],"character_chosen":"IRONCLAD","items_purchased":["Replay:Arrowhead"],"campfire_rested":0,"item_purchase_floors":[20],"current_hp_per_floor":[80,64,64,39,39,39,45,51,51,51,36,43,53,49,49,7,96,91,100,100,93,93,93,27,27,27,0,0],"gold":185,"neow_bonus":"THREE_ENEMY_KILL","is_daily":false,"chose_seed":false,"campfire_upgraded":7,"win_rate":0.0,"timestamp":1609089450,"path_taken":["M","?","?","?","?","R","?","E","T","R","E","M","M","E","R","BOSS","M","?","$","?","?","R","NM","R","T","E"],"items_purchased_type":["Relic"],"build_version":"2020-12-22","purchased_purges":0,"victory":false,"max_hp_per_floor":[80,80,80,80,80,80,80,80,80,80,84,88,92,96,96,96,96,100,100,100,100,100,100,100,100,100,100,100],"relic_stats":{"counters":[11,61],"obtain_stats":[{"CaptainsWheel":9,"NeowsBlessing":0,"infinitespire:CursedDice":8,"hubris:Stopwatch":17,"hubris:BundleOfHerbs":11,"hubris:MedicalManual":14,"infinitespire:CheckeredPen":26,"Burning Blood":0,"Replay:Arrowhead":20,"hubris:BottledRain":4,"Paper Frog":24},{"CaptainsWheel":3,"NeowsBlessing":0,"infinitespire:CursedDice":3,"hubris:Stopwatch":8,"hubris:BundleOfHerbs":4,"hubris:MedicalManual":7,"infinitespire:CheckeredPen":10,"Burning Blood":0,"Replay:Arrowhead":9,"hubris:BottledRain":1,"Paper Frog":10},{"CaptainsWheel":3,"NeowsBlessing":0,"infinitespire:CursedDice":3,"hubris:Stopwatch":35,"hubris:BundleOfHerbs":12,"hubris:MedicalManual":22,"infinitespire:CheckeredPen":52,"Burning Blood":0,"Replay:Arrowhead":43,"hubris:BottledRain":1,"Paper Frog":52}],"Burning Blood":54},"card_choices":[{"not_picked":["Clash","Sentinel","Anger"],"picked":"SKIP","floor":1.0},{"not_picked":["Ghostly Armor","Shrug It Off"],"picked":"Havoc","floor":7},{"not_picked":["Body Slam","Armaments"],"picked":"Feed","floor":8},{"not_picked":["Headbutt","hubris:SharpeningStone"],"picked":"Rampage","floor":11},{"not_picked":["ReplayTheSpireMod:Strike From Hell","Dark Embrace","Pummel"],"picked":"SKIP","floor":12},{"not_picked":["Cleave","Thunderclap","ReplayTheSpireMod:Corrosion Curse"],"picked":"SKIP","floor":13},{"not_picked":["True Grit","Brutality","Carnage"],"picked":"SKIP","floor":14},{"not_picked":["Replay:Many Hands","Feed"],"picked":"Demonic Infusion","floor":16},{"not_picked":["Sword Boomerang","Replay:Undeath\u0027s Touch","Armaments"],"picked":"SKIP","floor":18},{"not_picked":["Demonic Infusion","Uppercut","Headbutt"],"picked":"SKIP","floor":24}],"player_experience":949604,"relics_obtained":[{"floor":8,"key":"infinitespire:CursedDice"},{"floor":9,"key":"CaptainsWheel"},{"floor":11,"key":"hubris:BundleOfHerbs"},{"floor":14,"key":"hubris:MedicalManual"},{"floor":24,"key":"Paper Frog"},{"floor":26,"key":"infinitespire:CheckeredPen"}],"event_choices":[{"damage_healed":0.0,"max_hp_gain":0.0,"max_hp_loss":0.0,"gold_gain":0.0,"event_name":"Shining Light","player_choice":"Entered Light","floor":2.0,"gold_loss":0.0,"damage_taken":16.0,"cards_upgraded":["Strike_R","Defend_R"]},{"damage_healed":0,"gold_gain":0,"player_choice":"Success","damage_taken":25,"relics_obtained":["hubris:BottledRain"],"max_hp_gain":0,"max_hp_loss":0,"event_name":"Scrap Ooze","floor":4,"gold_loss":0},{"cards_removed":["Bash"],"damage_healed":0,"gold_gain":0,"player_choice":"Took Card","damage_taken":0,"max_hp_gain":0,"max_hp_loss":0,"event_name":"NoteForYourself","floor":5,"gold_loss":0,"cards_obtained":["Strike_P"]}],"is_beta":false,"boss_relics":[{"not_picked":["Abe\u0027s Treasure","Runic Cube"],"picked":"hubris:Stopwatch"}],"items_purged_floors":[],"is_endless":true,"potions_floor_spawned":[1,12,14,18],"killed_by":"theJungle:Cassacara","ascension_level":1}}