{"host":"39ak8fbxntk7f8my","time":1609055137,"event":{"mods":["AchievementEnabler","Act Like it!","Ascension Reborn","BaseMod","Challenge The Spire","Colored Map","Colored Powertips","Conspire","Custom Start","Highlight Path","HumanHunterMod(怪物杀人mod)","Marked Mod","Minty Spire (QoL Compilation)","MostiFishMod","Quick Restart","Rare Cards Sparkle","Relic Stats","Reorder Act Four","Replay The Spire","RumiaBox-露米娅的神秘盒子","Ryuuou龙王","Shop Mod","Spicy Shops","StSLib","SuperFastMode","Uncapped","Waifu the Spire","noobMod","【功能Mod】混沌之环修复补丁","【功能Mod】聪明的最终Boss"],"gold_per_floor":[71308,71308,71428,71568,71711,71846,71846,71846,71959,72113,72236,72236,72236,71218,71329,71444,71563,71683],"floor_reached":19,"playtime":738,"items_purged":["Intimidate+1"],"score":2940,"play_id":"e9906a85-384f-40ec-a9c5-7c458acfb206","local_time":"20201227154537","daily_mods":["challengethespire:Platinum Difficulty","challengethespire:Modded Boss Rush","Uncertain Future"],"is_ascension_mode":true,"campfire_choices":[{"data":"Corruption+1","floor":13,"key":"PURGE"}],"circlet_count":8,"master_deck":["Replay:Undeath\u0027s Touch+1","conspire:Charge+1","Flame Barrier+1","ReplayTheSpireMod:Strike From Hell+1","Searing Blow+2","Twin Strike+1","Hemogenesis+1","Infernal Blade+1","Evolve+1","Flex+1","MostiFishMod:WingOfPhoenix+1","Demon Form+1","Pot Of Greed+1","MostiFishMod:#F4004+1"],"relics":["The Courier","Molten Egg 2","Toxic Egg 2","Frozen Egg 2","DaveBox","ice","Civilization","Toolbox","MealTicket","King of Hearts","LastBattle","Shuriken","Replay:Arrowhead","conspire:BottledYoYo","Blue Doll","ReplayTheSpireMod:TigerMarble","Potion Belt","Centennial Puzzle","DianDianMeat","Self Forming Clay","Happy Flower","Incense Burner","Pet Ghost","Garlic","SSSystem","Divine Protection","Bag of Marbles","Replay:Bottled Eggs","Replay:Baseball","Lantern","Vajra","Gremlin Horn","Blood Vial","conspire:Dentures","Art of War","ReplayTheSpireMod:Shallot","Quantum Egg","conspire:TopHat","Replay:Accelerometer","ChaoDraw","Pocketwatch","GodSword5","Gremlin Food","ReplayTheSpireMod:Spearhead","Bronze Scales","Ancient Tea Set","Toy Ornithopter","Pen Nib","Replay:Bandana","Whetstone","CeramicFish","HornCleat","Oddly Smooth Stone","conspire:DecoderRing","Regal Pillow","MagicDraw3","conspire:DeflatedDodgeball","War Paint","Akabeko","SumBook","SecretRecord","Omamori","Meat on the Bone","Snack Pack","SynthV:C4","Kunai","GodSword4","Anchor","Grinning Jar","ZombieArmy","conspire:InfiniteJournal","Replay:Wax Seal","Orichalcum","GodSword7","MagicDraw4","Sundial","Ccalipers","Mercury Hourglass","ReplayTheSpireMod:Lightbulb","Replay:Rubber Ducky","Onion Ring","White Beast Statue","Bag of Preparation","ReplayFunnel","Torii","Ornamental Fan","Replay:Bottled Snecko","Mummified Hand","GodSword3","Replay:WaspNest","Peace Pipe","Darkstone Periapt","Paper Frog","MagicDraw1","Mirror","Calipers","Bottled Flame","Letter Opener","Replay:Bottled Flurry","Replay:Ringing Soul","InkBottle","StrikeDummy","ImprovedEquipment","Blue Candle","Iron Hammer","Replay:Kaleidoscope","Pear","Bottled Tornado","GodSword6","ReplayTheSpireMod:Ninjato","Eternal Feather","GodSword1","MagicDraw2","Replay:Bottled Steam","Chameleon Ring","Magic Flower","Charon\u0027s Ashes","Du-Vu Doll","StoneCalendar","Durian","Counterbalance","Bird Faced Urn","conspire:GlowingRock","Gambling Chip","Ginger","Replay:Multitool","Mango","BionicSphere","Champion Belt","conspire:GiftBox","Ice Cream","MoreBug","Pondfish Scales","ThornShield","Another Sword","Replay:PocketPolymizer","CaptainsWheel","FossilizedHelix","Replay:Towering Pillar of Hats","PlanX","Unceasing Top","conspire:Boomerang","CombinedTypeHook","Turnip","TungstenRod","Thread and Needle","DianPoetry","Shovel","DaCapo","Lizard Tail","OriginationStaff","SentryEyes","ArrowTower","Circlet","Boot","Strange Spoon","Nunchaku","Strawberry","Red Skull","MerchantsRug","FixedStarFall","BranchBurnRelic","Replay:M_SmolderingBlood","Calling Bell","BirthdayGift-Tetrahedron","ChiLing","Chi","Ling"],"acts_visited":["Exordium"],"potions_floor_usage":[],"damage_taken":[{"damage":0,"enemies":"Slime Boss","floor":3,"turns":1},{"damage":0,"enemies":"The Guardian","floor":4,"turns":1},{"damage":0,"enemies":"Fading Forest","floor":5,"turns":1},{"damage":0,"enemies":"Automaton","floor":9,"turns":1},{"damage":0,"enemies":"Pondfish","floor":10,"turns":2},{"damage":0,"enemies":"conspire:MysteriousRune","floor":11,"turns":1},{"damage":0,"enemies":"Replay:Hell Engine","floor":15,"turns":1},{"damage":0,"enemies":"conspire:OrnateMirror","floor":16,"turns":1},{"damage":0,"enemies":"Time Eater","floor":17,"turns":2},{"damage":0,"enemies":"The Heart","floor":18,"turns":2}],"seed_played":"2013027868139846362","potions_obtained":[{"floor":2,"key":"BlessingOfTheForge"},{"floor":2,"key":"HeartOfIron"},{"floor":3,"key":"SpeedPotion"},{"floor":4,"key":"BloodPotion"}],"is_trial":true,"path_per_floor":["$","R","M","M","M","T","R","R","M","M","M","T","R","$","M","M","M","M",null],"character_chosen":"IRONCLAD","items_purchased":["Toolbox","MealTicket","King of Hearts","LastBattle","Shuriken","Replay:Arrowhead","conspire:BottledYoYo","Blue Doll","ReplayTheSpireMod:TigerMarble","Potion Belt","Centennial Puzzle","DianDianMeat","Self Forming Clay","Happy Flower","Incense Burner","Pet Ghost","Garlic","SSSystem","Divine Protection","Bag of Marbles","Replay:Bottled Eggs","Replay:Baseball","Lantern","Vajra","Gremlin Horn","Blood Vial","conspire:Dentures","Art of War","ReplayTheSpireMod:Shallot","Quantum Egg","conspire:TopHat","Replay:Accelerometer","ChaoDraw","Pocketwatch","GodSword5","Gremlin Food","ReplayTheSpireMod:Spearhead","Bronze Scales","Ancient Tea Set","Toy Ornithopter","Pen Nib","Replay:Bandana","Whetstone","CeramicFish","HornCleat","Oddly Smooth Stone","conspire:DecoderRing","Regal Pillow","MagicDraw3","conspire:DeflatedDodgeball","War Paint","Akabeko","SumBook","SecretRecord","Omamori","Meat on the Bone","Snack Pack","SynthV:C4","Kunai","GodSword4","Anchor","Grinning Jar","ZombieArmy","conspire:InfiniteJournal","Replay:Wax Seal","Orichalcum","GodSword7","MagicDraw4","Sundial","Ccalipers","Mercury Hourglass","ReplayTheSpireMod:Lightbulb","Replay:Rubber Ducky","Onion Ring","White Beast Statue","Bag of Preparation","ReplayFunnel","Torii","Ornamental Fan","Replay:Bottled Snecko","Mummified Hand","GodSword3","Replay:WaspNest","Peace Pipe","Darkstone Periapt","Paper Frog","MagicDraw1","Mirror","Calipers","Bottled Flame","Letter Opener","Replay:Bottled Flurry","Replay:Ringing Soul","InkBottle","StrikeDummy","ImprovedEquipment","Blue Candle","Iron Hammer","Replay:Kaleidoscope","Pear","Bottled Tornado","GodSword6","ReplayTheSpireMod:Ninjato","Eternal Feather","GodSword1","MagicDraw2","Replay:Bottled Steam","Chameleon Ring","Magic Flower","Dead Branch","Charon\u0027s Ashes","Du-Vu Doll","StoneCalendar","Durian","Counterbalance","Bird Faced Urn","conspire:GlowingRock","Gambling Chip","Ginger","Replay:Multitool","Mango","BionicSphere","Champion Belt","conspire:GiftBox","Ice Cream","MoreBug","Pondfish Scales","ThornShield","Another Sword","Replay:PocketPolymizer","CaptainsWheel","FossilizedHelix","Replay:Towering Pillar of Hats","PlanX","Unceasing Top","conspire:Boomerang","CombinedTypeHook","Turnip","TungstenRod","Thread and Needle","DianPoetry","Shovel","DaCapo","Lizard Tail","OriginationStaff","SentryEyes","ArrowTower","Circlet","Circlet","Circlet","Boot","Strange Spoon","Nunchaku","Strawberry","Red Skull","MerchantsRug","BirthdayGift-Tetrahedron","ChiLing"],"campfire_rested":0,"item_purchase_floors":[1,1,1,1,1,1,1,1,1,1,1,1,1,1,1,1,1,1,1,1,1,1,1,1,1,1,1,1,1,1,1,1,1,1,1,1,1,1,1,1,1,1,1,1,1,1,1,1,1,1,1,1,1,1,1,1,1,1,1,1,1,1,1,1,1,1,1,1,1,1,1,1,1,1,1,1,1,1,1,1,1,1,1,1,1,1,1,1,1,1,1,1,1,1,1,1,1,1,1,1,1,1,1,1,1,1,1,1,1,1,1,1,1,1,1,1,1,1,1,1,1,1,1,1,1,1,1,1,1,1,1,1,1,1,1,1,1,1,1,1,1,1,1,1,1,1,1,1,1,1,1,1,1,1,1,1,14,14],"current_hp_per_floor":[197,197,198,230,233,566,566,566,570,611,620,620,620,620,631,643,656,670],"gold":71683,"neow_bonus":"","is_daily":false,"chose_seed":false,"campfire_upgraded":0,"win_rate":0.0,"timestamp":1609055137,"path_taken":["$","R","M","M","M","T","R","R","M","M","M","T","R","$","M","M","M","M"],"items_purchased_type":["Relic","Relic","Relic","Relic","Relic","Relic","Relic","Relic","Relic","Relic","Relic","Relic","Relic","Relic","Relic","Relic","Relic","Relic","Relic","Relic","Relic","Relic","Relic","Relic","Relic","Relic","Relic","Relic","Relic","Relic","Relic","Relic","Relic","Relic","Relic","Relic","Relic","Relic","Relic","Relic","Relic","Relic","Relic","Relic","Relic","Relic","Relic","Relic","Relic","Relic","Relic","Relic","Relic","Relic","Relic","Relic","Relic","Relic","Relic","Relic","Relic","Relic","Relic","Relic","Relic","Relic","Relic","Relic","Relic","Relic","Relic","Relic","Relic","Relic","Relic","Relic","Relic","Relic","Relic","Relic","Relic","Relic","Relic","Relic","Relic","Relic","Relic","Relic","Relic","Relic","Relic","Relic","Relic","Relic","Relic","Relic","Relic","Relic","Relic","Relic","Relic","Relic","Relic","Relic","Relic","Relic","Relic","Relic","Relic","Relic","Relic","Relic","Relic","Relic","Relic","Relic","Relic","Relic","Relic","Relic","Relic","Relic","Relic","Relic","Relic","Relic","Relic","Relic","Relic","Relic","Relic","Relic","Relic","Relic","Relic","Relic","Relic","Relic","Relic","Relic","Relic","Relic","Relic","Relic","Relic","Relic","Relic","Undefined","Undefined","Undefined","Relic","Relic","Relic","Relic","Relic","Relic","Relic","Relic"],"build_version":"2020-12-22","purchased_purges":1,"victory":true,"max_hp_per_floor":[197,197,198,230,233,566,566,566,570,611,620,620,620,620,631,643,656,670],"relic_stats":{"Darkstone Periapt":0,"Regal Pillow":0,"Gremlin Horn":[1,2],"Torii":0,"CeramicFish":270,"Magic Flower":[0],"StoneCalendar":[0],"Bag of Preparation":[20],"Whetstone":["Strike_R","Strike_R"],"Ginger":[2],"Boot":[0],"Blood Vial":0,"Centennial Puzzle":[0],"Lizard Tail":0,"Nunchaku":[3],"Shovel":0,"Sundial":[12],"Mummified Hand":[9],"Gambling Chip":[26],"MealTicket":0,"Kunai":[9],"InkBottle":[6],"Happy Flower":[4],"counters":[10,11],"Self Forming Clay":[0],"Blue Candle":[0],"Eternal Feather":0,"Pen Nib":[3],"Charon\u0027s Ashes":[216],"Letter Opener":[43],"War Paint":["Defend_R","Defend_R"],"Orichalcum":[6],"Mercury Hourglass":[35],"Peace Pipe":1,"Strange Spoon":[12],"Shuriken":[9],"Ornamental Fan":[36],"Bronze Scales":[9],"Bird Faced Urn":[0],"Turnip":[2],"Art of War":[0],"Champion Belt":[13],"obtain_stats":[{"Replay:Accelerometer":1,"Whetstone":1,"Ginger":1,"MagicDraw4":1,"Bottled Tornado":1,"MagicDraw3":1,"Boot":1,"MagicDraw2":1,"MagicDraw1":1,"Blood Vial":1,"Replay:Ringing Soul":1,"conspire:GlowingRock":1,"Sundial":1,"MealTicket":1,"Replay:Bottled Flurry":1,"Kunai":1,"Replay:Wax Seal":1,"Replay:Bottled Steam":1,"DianDianMeat":1,"MerchantsRug":1,"Pear":1,"Blue Candle":1,"Counterbalance":1,"Eternal Feather":1,"Pen Nib":1,"Akabeko":1,"Ling":14,"Bird Faced Urn":1,"BionicSphere":1,"SentryEyes":1,"conspire:BottledYoYo":1,"StrikeDummy":1,"Unceasing Top":1,"ChiLing":14,"Lantern":1,"Regal Pillow":1,"DaveBox":0,"Torii":1,"DianPoetry":1,"Magic Flower":1,"Blue Doll":1,"StoneCalendar":1,"King of Hearts":1,"Bag of Preparation":1,"Replay:Multitool":1,"Ancient Tea Set":1,"Burning Blood":0,"Pet Ghost":1,"SynthV:C4":1,"conspire:InfiniteJournal":1,"Replay:Rubber Ducky":1,"Civilization":0,"BranchBurnRelic":7,"Shovel":1,"Replay:M_SmolderingBlood":7,"Toolbox":1,"Replay:Bottled Eggs":1,"InkBottle":1,"BirthdayGift-Tetrahedron":14,"ZombieArmy":1,"Paper Frog":1,"Potion Belt":1,"Self Forming Clay":1,"ImprovedEquipment":1,"Circlet":1,"Thread and Needle":1,"The Courier":0,"Omamori":1,"Frozen Egg 2":0,"LastBattle":1,"ThornShield":1,"Replay:Arrowhead":1,"ChaoDraw":1,"Ornamental Fan":1,"Turnip":1,"Garlic":1,"Art of War":1,"Durian":1,"Champion Belt":1,"conspire:DeflatedDodgeball":1,"ReplayTheSpireMod:Lightbulb":1,"Toy Ornithopter":1,"Ice Cream":1,"Divine Protection":1,"CombinedTypeHook":1,"Calipers":1,"Gremlin Horn":1,"Chi":14,"CeramicFish":1,"SSSystem":1,"Vajra":1,"ice":0,"Centennial Puzzle":1,"Lizard Tail":1,"HornCleat":1,"Ccalipers":1,"conspire:DecoderRing":1,"Strawberry":1,"Iron Hammer":1,"DaCapo":1,"Toxic Egg 2":0,"conspire:Dentures":1,"MoreBug":1,"Happy Flower":1,"Dead Branch":1,"Oddly Smooth Stone":1,"Charon\u0027s Ashes":1,"conspire:Boomerang":1,"Letter Opener":1,"Replay:Kaleidoscope":1,"War Paint":1,"Du-Vu Doll":1,"Replay:Baseball":1,"ReplayTheSpireMod:Spearhead":1,"Bottled Flame":1,"conspire:GiftBox":1,"ReplayTheSpireMod:Shallot":1,"Shuriken":1,"Bronze Scales":1,"PlanX":1,"Molten Egg 2":0,"Onion Ring":1,"GodSword7":1,"ReplayTheSpireMod:TigerMarble":1,"GodSword6":1,"OriginationStaff":1,"FixedStarFall":6,"GodSword5":1,"GodSword4":1,"Grinning Jar":1,"GodSword3":1,"Mirror":1,"ArrowTower":1,"Pocketwatch":1,"Meat on the Bone":1,"GodSword1":1,"ReplayFunnel":1,"Darkstone Periapt":1,"Replay:PocketPolymizer":1,"Mango":1,"SecretRecord":1,"Incense Burner":1,"conspire:TopHat":1,"Replay:Bandana":1,"Nunchaku":1,"Chameleon Ring":1,"Mummified Hand":1,"Gambling Chip":1,"Replay:Bottled Snecko":1,"Red Skull":1,"SumBook":1,"Gremlin Food":1,"ReplayTheSpireMod:Ninjato":1,"Replay:Towering Pillar of Hats":1,"Quantum Egg":1,"Replay:WaspNest":1,"Orichalcum":1,"White Beast Statue":1,"Mercury Hourglass":1,"Peace Pipe":1,"Calling Bell":12,"Strange Spoon":1,"Anchor":1,"Pondfish Scales":1,"CaptainsWheel":1,"Another Sword":1,"Bag of Marbles":1,"Snack Pack":1,"FossilizedHelix":1,"TungstenRod":1},{"Replay:Accelerometer":0,"Whetstone":0,"Ginger":0,"MagicDraw4":0,"Bottled Tornado":0,"MagicDraw3":0,"Boot":0,"MagicDraw2":0,"MagicDraw1":0,"Blood Vial":0,"Replay:Ringing Soul":0,"conspire:GlowingRock":0,"Sundial":0,"MealTicket":0,"Replay:Bottled Flurry":0,"Kunai":0,"Replay:Wax Seal":0,"Replay:Bottled Steam":0,"DianDianMeat":0,"MerchantsRug":0,"Pear":0,"Blue Candle":0,"Counterbalance":0,"Eternal Feather":0,"Pen Nib":0,"Akabeko":0,"Ling":6,"Bird Faced Urn":0,"BionicSphere":0,"SentryEyes":0,"conspire:BottledYoYo":0,"StrikeDummy":0,"Unceasing Top":0,"ChiLing":6,"Lantern":0,"Regal Pillow":0,"DaveBox":0,"Torii":0,"DianPoetry":0,"Magic Flower":0,"Blue Doll":0,"StoneCalendar":0,"King of Hearts":0,"Bag of Preparation":0,"Replay:Multitool":0,"Ancient Tea Set":0,"Burning Blood":0,"Pet Ghost":0,"SynthV:C4":0,"conspire:InfiniteJournal":0,"Replay:Rubber Ducky":0,"Civilization":0,"BranchBurnRelic":3,"Shovel":0,"Replay:M_SmolderingBlood":3,"Toolbox":0,"Replay:Bottled Eggs":0,"InkBottle":0,"BirthdayGift-Tetrahedron":6,"ZombieArmy":0,"Paper Frog":0,"Potion Belt":0,"Self Forming Clay":0,"ImprovedEquipment":0,"Circlet":0,"Thread and Needle":0,"The Courier":0,"Omamori":0,"Frozen Egg 2":0,"LastBattle":0,"ThornShield":0,"Replay:Arrowhead":0,"ChaoDraw":0,"Ornamental Fan":0,"Turnip":0,"Garlic":0,"Art of War":0,"Durian":0,"Champion Belt":0,"conspire:DeflatedDodgeball":0,"ReplayTheSpireMod:Lightbulb":0,"Toy Ornithopter":0,"Ice Cream":0,"Divine Protection":0,"CombinedTypeHook":0,"Calipers":0,"Gremlin Horn":0,"Chi":6,"CeramicFish":0,"SSSystem":0,"Vajra":0,"ice":0,"Centennial Puzzle":0,"Lizard Tail":0,"HornCleat":0,"Ccalipers":0,"conspire:DecoderRing":0,"Strawberry":0,"Iron Hammer":0,"DaCapo":0,"Toxic Egg 2":0,"conspire:Dentures":0,"MoreBug":0,"Happy Flower":0,"Dead Branch":0,"Oddly Smooth Stone":0,"Charon\u0027s Ashes":0,"conspire:Boomerang":0,"Letter Opener":0,"Replay:Kaleidoscope":0,"War Paint":0,"Du-Vu Doll":0,"Replay:Baseball":0,"ReplayTheSpireMod:Spearhead":0,"Bottled Flame":0,"conspire:GiftBox":0,"ReplayTheSpireMod:Shallot":0,"Shuriken":0,"Bronze Scales":0,"PlanX":0,"Molten Egg 2":0,"Onion Ring":0,"GodSword7":0,"ReplayTheSpireMod:TigerMarble":0,"GodSword6":0,"OriginationStaff":0,"FixedStarFall":3,"GodSword5":0,"GodSword4":0,"Grinning Jar":0,"GodSword3":0,"Mirror":0,"ArrowTower":0,"Pocketwatch":0,"Meat on the Bone":0,"GodSword1":0,"ReplayFunnel":0,"Darkstone Periapt":0,"Replay:PocketPolymizer":0,"Mango":0,"SecretRecord":0,"Incense Burner":0,"conspire:TopHat":0,"Replay:Bandana":0,"Nunchaku":0,"Chameleon Ring":0,"Mummified Hand":0,"Gambling Chip":0,"Replay:Bottled Snecko":0,"Red Skull":0,"SumBook":0,"Gremlin Food":0,"ReplayTheSpireMod:Ninjato":0,"Replay:Towering Pillar of Hats":0,"Quantum Egg":0,"Replay:WaspNest":0,"Orichalcum":0,"White Beast Statue":0,"Mercury Hourglass":0,"Peace Pipe":0,"Calling Bell":6,"Strange Spoon":0,"Anchor":0,"Pondfish Scales":0,"CaptainsWheel":0,"Another Sword":0,"Bag of Marbles":0,"Snack Pack":0,"FossilizedHelix":0,"TungstenRod":0},{"Replay:Accelerometer":0,"Whetstone":0,"Ginger":0,"MagicDraw4":0,"Bottled Tornado":0,"MagicDraw3":0,"Boot":0,"MagicDraw2":0,"MagicDraw1":0,"Blood Vial":0,"Replay:Ringing Soul":0,"conspire:GlowingRock":0,"Sundial":0,"MealTicket":0,"Replay:Bottled Flurry":0,"Kunai":0,"Replay:Wax Seal":0,"Replay:Bottled Steam":0,"DianDianMeat":0,"MerchantsRug":0,"Pear":0,"Blue Candle":0,"Counterbalance":0,"Eternal Feather":0,"Pen Nib":0,"Akabeko":0,"Ling":7,"Bird Faced Urn":0,"BionicSphere":0,"SentryEyes":0,"conspire:BottledYoYo":0,"StrikeDummy":0,"Unceasing Top":0,"ChiLing":7,"Lantern":0,"Regal Pillow":0,"DaveBox":0,"Torii":0,"DianPoetry":0,"Magic Flower":0,"Blue Doll":0,"StoneCalendar":0,"King of Hearts":0,"Bag of Preparation":0,"Replay:Multitool":0,"Ancient Tea Set":0,"Burning Blood":0,"Pet Ghost":0,"SynthV:C4":0,"conspire:InfiniteJournal":0,"Replay:Rubber Ducky":0,"Civilization":0,"BranchBurnRelic":3,"Shovel":0,"Replay:M_SmolderingBlood":3,"Toolbox":0,"Replay:Bottled Eggs":0,"InkBottle":0,"BirthdayGift-Tetrahedron":7,"ZombieArmy":0,"Paper Frog":0,"Potion Belt":0,"Self Forming Clay":0,"ImprovedEquipment":0,"Circlet":0,"Thread and Needle":0,"The Courier":0,"Omamori":0,"Frozen Egg 2":0,"LastBattle":0,"ThornShield":0,"Replay:Arrowhead":0,"ChaoDraw":0,"Ornamental Fan":0,"Turnip":0,"Garlic":0,"Art of War":0,"Durian":0,"Champion Belt":0,"conspire:DeflatedDodgeball":0,"ReplayTheSpireMod:Lightbulb":0,"Toy Ornithopter":0,"Ice Cream":0,"Divine Protection":0,"CombinedTypeHook":0,"Calipers":0,"Gremlin Horn":0,"Chi":7,"CeramicFish":0,"SSSystem":0,"Vajra":0,"ice":0,"Centennial Puzzle":0,"Lizard Tail":0,"HornCleat":0,"Ccalipers":0,"conspire:DecoderRing":0,"Strawberry":0,"Iron Hammer":0,"DaCapo":0,"Toxic Egg 2":0,"conspire:Dentures":0,"MoreBug":0,"Happy Flower":0,"Dead Branch":0,"Oddly Smooth Stone":0,"Charon\u0027s Ashes":0,"conspire:Boomerang":0,"Letter Opener":0,"Replay:Kaleidoscope":0,"War Paint":0,"Du-Vu Doll":0,"Replay:Baseball":0,"ReplayTheSpireMod:Spearhead":0,"Bottled Flame":0,"conspire:GiftBox":0,"ReplayTheSpireMod:Shallot":0,"Shuriken":0,"Bronze Scales":0,"PlanX":0,"Molten Egg 2":0,"Onion Ring":0,"GodSword7":0,"ReplayTheSpireMod:TigerMarble":0,"GodSword6":0,"OriginationStaff":0,"FixedStarFall":3,"GodSword5":0,"GodSword4":0,"Grinning Jar":0,"GodSword3":0,"Mirror":0,"ArrowTower":0,"Pocketwatch":0,"Meat on the Bone":0,"GodSword1":0,"ReplayFunnel":0,"Darkstone Periapt":0,"Replay:PocketPolymizer":0,"Mango":0,"SecretRecord":0,"Incense Burner":0,"conspire:TopHat":0,"Replay:Bandana":0,"Nunchaku":0,"Chameleon Ring":0,"Mummified Hand":0,"Gambling Chip":0,"Replay:Bottled Snecko":0,"Red Skull":0,"SumBook":0,"Gremlin Food":0,"ReplayTheSpireMod:Ninjato":0,"Replay:Towering Pillar of Hats":0,"Quantum Egg":0,"Replay:WaspNest":0,"Orichalcum":0,"White Beast Statue":0,"Mercury Hourglass":0,"Peace Pipe":0,"Calling Bell":7,"Strange Spoon":0,"Anchor":0,"Pondfish Scales":0,"CaptainsWheel":0,"Another Sword":0,"Bag of Marbles":0,"Snack Pack":0,"FossilizedHelix":0,"TungstenRod":0}],"Toy Ornithopter":0,"Unceasing Top":[0],"TungstenRod":0,"Pocketwatch":[0],"Meat on the Bone":0},"card_choices":[{"not_picked":["MostiFishMod:TemporaryOutbreak+1","MostiFishMod:FlyOverUtopia+1"],"picked":"Reaper+1","floor":1}],"player_experience":121275,"relics_obtained":[{"floor":4,"key":"Circlet"},{"floor":5,"key":"Circlet"},{"floor":12,"key":"Circlet"},{"floor":12,"key":"Circlet"},{"floor":12,"key":"Circlet"}],"event_choices":[],"is_beta":false,"boss_relics":[{"not_picked":["conspire:SlowCooker","Abe\u0027s Treasure"],"picked":"FixedStarFall"},{"not_picked":["Replay:Drink Me","Pandora\u0027s Box"],"picked":"Calling Bell"}],"items_purged_floors":[14],"is_endless":false,"potions_floor_spawned":[3,4,5,9,10,11,15,16,17,18],"ascension_level":0}}