{"host":"s9oaroyyjdd3e4af","time":1609035645,"event":{"mods":["BaseMod","Colored Powertips","Minty Spire (QoL Compilation)"],"gold_per_floor":[111,2,0,11,30,30,40,52,79,79,97,122,297,307,307,412,462,472,29,29,29,39,70,70,70,70],"floor_reached":25,"playtime":1838,"items_purged":[],"score":223,"play_id":"456fe905-d9e0-4d41-8681-16a9c517107b","local_time":"20201226212045","is_ascension_mode":false,"campfire_choices":[{"data":"Mind Blast","floor":6,"key":"SMITH"},{"data":"Strike_R","floor":10,"key":"SMITH"},{"floor":15,"key":"REST"},{"floor":24,"key":"REST"}],"circlet_count":0,"master_deck":["Strike_R+1","Strike_R","Strike_R","Strike_R","Defend_R","Defend_R","Defend_R","Defend_R","Bash","Spot Weakness","Mind Blast+1","Warcry","Whirlwind","Shrug It Off","Fire Breathing","Havoc","Sword Boomerang","Cleave+1","Doubt","Reckless Charge","Juggernaut","Armaments","Reckless Charge+1","Inflame","Dramatic Entrance","Flame Barrier","Whirlwind","Blood for Blood+1","Battle Trance+1"],"relics":["Burning Blood","Centennial Puzzle","Happy Flower","Tiny House","Shuriken","Orichalcum"],"acts_visited":["TheCity"],"potions_floor_usage":[16,16,16,23,23],"damage_taken":[{"damage":5,"enemies":"2 Louse","floor":1,"turns":3},{"damage":10,"enemies":"Jaw Worm","floor":4,"turns":4},{"damage":15,"enemies":"Cultist","floor":5,"turns":4},{"damage":3,"enemies":"2 Fungi Beasts","floor":7,"turns":4},{"damage":13,"enemies":"Exordium Wildlife","floor":8,"turns":4},{"damage":8,"enemies":"Red Slaver","floor":11,"turns":3},{"damage":39,"enemies":"Lagavulin","floor":12,"turns":7},{"damage":8,"enemies":"2 Fungi Beasts","floor":14,"turns":3},{"damage":12,"enemies":"Slime Boss","floor":16,"turns":6},{"damage":20,"enemies":"Spheric Guardian","floor":18,"turns":5},{"damage":31,"enemies":"Shell Parasite","floor":22,"turns":5},{"damage":41,"enemies":"Book of Stabbing","floor":23,"turns":4},{"damage":39,"enemies":"Gremlin Leader","floor":25,"turns":4}],"seed_played":"-4250134727950388097","potions_obtained":[{"floor":0,"key":"SkillPotion"},{"floor":0,"key":"AttackPotion"},{"floor":0,"key":"Ancient Potion"},{"floor":16,"key":"FearPotion"},{"floor":17,"key":"Energy Potion"}],"is_trial":false,"path_per_floor":["M","$","?","M","M","R","M","M","T","R","M","E","?","M","R","B",null,"M","$","?","$","M","E","R","E"],"character_chosen":"IRONCLAD","items_purchased":["Mind Blast","Warcry","Shuriken","Inflame","Dramatic Entrance","Flame Barrier"],"campfire_rested":2,"item_purchase_floors":[2,2,19,19,19,19],"current_hp_per_floor":[80,80,80,76,67,67,70,63,63,63,61,28,28,26,50,44,85,71,71,71,71,46,11,36,0,0],"gold":70,"neow_bonus":"THREE_SMALL_POTIONS","is_daily":false,"chose_seed":false,"campfire_upgraded":2,"win_rate":0.0,"timestamp":1609035645,"path_taken":["M","$","?","M","M","R","M","M","T","R","M","E","?","M","R","BOSS","M","$","?","?","M","E","R","E"],"items_purchased_type":["Card","Card","Relic","Card","Card","Card"],"build_version":"2020-12-22","purchased_purges":0,"victory":false,"max_hp_per_floor":[80,80,80,80,80,80,80,80,80,80,80,80,80,80,80,80,85,85,85,85,85,85,85,85,85,85],"card_choices":[{"not_picked":["Rupture","Hemokinesis"],"picked":"Spot Weakness","floor":1},{"not_picked":["Clash","Flex"],"picked":"Whirlwind","floor":4},{"not_picked":["Uppercut","Headbutt"],"picked":"Shrug It Off","floor":5},{"not_picked":["Perfected Strike","Battle Trance"],"picked":"Fire Breathing","floor":7},{"not_picked":["Ghostly Armor","Sword Boomerang"],"picked":"Havoc","floor":8},{"not_picked":["Clash","Clothesline"],"picked":"Sword Boomerang","floor":11},{"not_picked":["Clash","Shrug It Off"],"picked":"Cleave","floor":12},{"not_picked":["Disarm","Shockwave"],"picked":"Reckless Charge","floor":14},{"not_picked":["Limit Break","Barricade"],"picked":"Juggernaut","floor":16},{"not_picked":["Wild Strike","Rage"],"picked":"Armaments","floor":17},{"not_picked":["True Grit","Twin Strike"],"picked":"Reckless Charge+1","floor":18},{"not_picked":["Headbutt","Shrug It Off+1"],"picked":"Blood for Blood+1","floor":22},{"not_picked":["Evolve","Entrench"],"picked":"Battle Trance+1","floor":23}],"player_experience":680632,"relics_obtained":[{"floor":9,"key":"Centennial Puzzle"},{"floor":12,"key":"Happy Flower"},{"floor":23,"key":"Orichalcum"}],"event_choices":[{"damage_healed":0,"gold_gain":0,"player_choice":"Left Gold","damage_taken":0,"max_hp_gain":0,"max_hp_loss":0,"event_name":"World of Goop","floor":3,"gold_loss":2},{"damage_healed":0,"gold_gain":175,"player_choice":"AGREE","damage_taken":0,"max_hp_gain":0,"max_hp_loss":0,"event_name":"Liars Game","floor":13,"gold_loss":0,"cards_obtained":["Doubt"]},{"damage_healed":0,"gold_gain":0,"cards_transformed":["Strike_R"],"player_choice":"Transformed","damage_taken":0,"max_hp_gain":0,"max_hp_loss":0,"event_name":"Transmorgrifier","floor":20,"gold_loss":0,"cards_obtained":["Whirlwind"]}],"is_beta":false,"boss_relics":[{"not_picked":["Pandora\u0027s Box","Runic Dome"],"picked":"Tiny House"}],"items_purged_floors":[],"is_endless":false,"potions_floor_spawned":[5,7,14,16],"killed_by":"Gremlin Leader","ascension_level":0}}