{"host":"sum4dy402bbv9y4o","time":1609092531,"event":{"mods":["Aspiration","BaseMod","Conspire","Highlight Path","Minty Spire (QoL Compilation)","StSLib"],"gold_per_floor":[119,40,55,71,87,118,118,146,146,163,163,176,51,69,69,148,148,159,169,69,69,69],"floor_reached":21,"playtime":911,"items_purged":["Defend_B","Strike_B"],"score":386,"play_id":"7008d5db-8dca-461e-a601-f09ca1073fcb","local_time":"20201227210851","is_ascension_mode":true,"campfire_choices":[{"data":"Doom and Gloom","floor":7,"key":"SMITH"},{"data":"Strike_B","floor":15,"key":"PURGE"}],"circlet_count":0,"master_deck":["AscendersBane","Strike_B","Defend_B","Defend_B","Defend_B","Zap","Dualcast","Gash","Doom and Gloom+1","Streamline","Barrage","Conserve Battery","Cold Snap","White Noise","Loop","Leap","Conserve Battery","Cold Snap","Machine Learning","Genetic Algorithm+1","Melter"],"relics":["Cracked Core","aspiration:Nostalgia","Burning Blood","Happy Flower","Bird Faced Urn","Peace Pipe","Inserter"],"acts_visited":["Exordium","TheCity"],"potions_floor_usage":[6,10,14,16,16],"damage_taken":[{"damage":1,"enemies":"Cultist","floor":1,"turns":3},{"damage":7,"enemies":"Jaw Worm","floor":3,"turns":3},{"damage":2,"enemies":"2 Louse","floor":4,"turns":2},{"damage":9,"enemies":"Exordium Wildlife","floor":5,"turns":4},{"damage":13,"enemies":"3 Sentries","floor":6,"turns":5},{"damage":34,"enemies":"Gremlin Nob","floor":8,"turns":4},{"damage":11,"enemies":"Blue Slaver","floor":10,"turns":4},{"damage":0,"enemies":"Large Slime","floor":12,"turns":4},{"damage":3,"enemies":"Lots of Slimes","floor":14,"turns":3},{"damage":14,"enemies":"Slime Boss","floor":16,"turns":8},{"damage":13,"enemies":"Chosen","floor":18,"turns":6},{"damage":4,"enemies":"Spheric Guardian","floor":19,"turns":7},{"damage":87,"enemies":"Cultist and Chosen","floor":21,"turns":5}],"seed_played":"-5983344578301406115","potions_obtained":[{"floor":3,"key":"DuplicationPotion"},{"floor":6,"key":"FocusPotion"},{"floor":8,"key":"DuplicationPotion"},{"floor":10,"key":"SpeedPotion"},{"floor":14,"key":"BlessingOfTheForge"}],"is_trial":false,"path_per_floor":["M","$","M","M","M","E","R","E","T","M","?","M","$","M","R","B",null,"M","M","$","M"],"character_chosen":"DEFECT","items_purchased":["Doom and Gloom","Cold Snap"],"campfire_rested":0,"item_purchase_floors":[2,13],"current_hp_per_floor":[69,69,68,71,68,61,61,33,33,32,32,42,42,47,47,43,64,63,71,71,0,0],"gold":69,"neow_bonus":"NOSTALGIA","is_daily":false,"chose_seed":false,"campfire_upgraded":1,"win_rate":0.0,"timestamp":1609092531,"path_taken":["M","$","M","?","M","E","R","E","T","M","?","M","$","?","R","BOSS","M","M","?","M"],"items_purchased_type":["Card","Card"],"build_version":"2020-12-22","purchased_purges":2,"victory":false,"max_hp_per_floor":[71,71,71,71,71,71,71,71,71,71,71,71,71,71,71,71,71,71,71,71,71,71],"card_choices":[{"not_picked":["Double Energy","Rip and Tear"],"picked":"Gash","floor":1},{"not_picked":["Rebound","Conserve Battery"],"picked":"Streamline","floor":3},{"not_picked":["Hologram","Stack"],"picked":"Barrage","floor":4},{"not_picked":["Recycle","BootSequence"],"picked":"Conserve Battery","floor":5},{"not_picked":["Scrape","Biased Cognition"],"picked":"Cold Snap","floor":6},{"not_picked":["Heatsinks","Recycle"],"picked":"White Noise","floor":8},{"not_picked":["Streamline","Compile Driver"],"picked":"Loop","floor":10},{"not_picked":["Redo","Sweeping Beam"],"picked":"Conserve Battery","floor":12},{"not_picked":["Turbo","Hologram","Sweeping Beam"],"picked":"SKIP","floor":14},{"not_picked":["Reboot","Amplify"],"picked":"Machine Learning","floor":16},{"not_picked":["Hologram","Reprogram"],"picked":"Genetic Algorithm+1","floor":18},{"not_picked":["Barrage","Rebound"],"picked":"Melter","floor":19}],"player_experience":2848266,"relics_obtained":[{"floor":6,"key":"Happy Flower"},{"floor":8,"key":"Bird Faced Urn"},{"floor":9,"key":"Peace Pipe"}],"event_choices":[{"damage_healed":0,"gold_gain":0,"cards_transformed":["Strike_B"],"player_choice":"Transformed","damage_taken":0,"max_hp_gain":0,"max_hp_loss":0,"event_name":"Transmorgrifier","floor":11,"gold_loss":0,"cards_obtained":["Leap"]}],"is_beta":false,"boss_relics":[{"not_picked":["FrozenCore","Cursed Key"],"picked":"Inserter"}],"items_purged_floors":[13,20],"is_endless":false,"potions_floor_spawned":[3,6,8,10,14],"killed_by":"Cultist and Chosen","ascension_level":20}}