{"host":"r3d3rfw8zyydmocx","time":1609035765,"event":{"mods":["Aspiration","BaseMod","Better Third Choice","Colored Powertips","Conspire","Downfall","Hermit","Highlight Path","Hubris","Minty Spire (QoL Compilation)","StSLib","The Hierophant","The Servant 0.9.4"],"gold_per_floor":[99,110,165,165,178,207,233,249,262,262,262,262],"floor_reached":10,"playtime":370,"items_purged":[],"score":92,"play_id":"3612f264-0df3-4f0b-a048-45d4c4facf90","local_time":"20201226182245","is_ascension_mode":true,"campfire_choices":[{"data":"Metamorphosis","floor":1,"key":"SMITH"}],"circlet_count":0,"master_deck":["Slimebound:Strike_Slimebound+1","Slimebound:Strike_Slimebound","Slimebound:Tackle","Slimebound:Defend_Slimebound","Slimebound:Defend_Slimebound","Slimebound:Defend_Slimebound","Slimebound:Split","Decay","Metamorphosis+1","Slimebound:Chomp+1","Bullet Time","Concentrate","Skewer","Slimebound:MassRepurpose"],"relics":["Slimebound:AbsorbEndCombat","Whetstone","Happy Flower","Potion Belt"],"acts_visited":["Exordium"],"potions_floor_usage":[],"damage_taken":[{"damage":19,"enemies":"Cultist","floor":2,"turns":2},{"damage":14,"enemies":"Jaw Worm","floor":5,"turns":4},{"damage":32,"enemies":"Lagavulin","floor":6,"turns":7},{"damage":6,"enemies":"Small Slimes","floor":8,"turns":4},{"damage":19,"enemies":"2 Fungi Beasts","floor":9,"turns":3},{"damage":13,"enemies":"3 Sentries","floor":10,"turns":2}],"seed_played":"3209478022358941433","potions_obtained":[{"floor":6,"key":"Weak Potion"},{"floor":9,"key":"BlessingOfTheForge"}],"is_trial":false,"path_per_floor":["R","M","T","?","M","E","T","M","M","E"],"character_chosen":"SLIMEBOUND","items_purchased":[],"campfire_rested":0,"item_purchase_floors":[],"current_hp_per_floor":[54,45,45,45,39,23,23,21,8,0,0,0],"gold":262,"neow_bonus":"RANDOM_COLORLESS_2","is_daily":false,"chose_seed":false,"campfire_upgraded":1,"win_rate":0.0,"timestamp":1609035765,"path_taken":["R","M","?","?","M","E","T","M","M","E"],"items_purchased_type":[],"build_version":"2020-12-22","purchased_purges":0,"victory":false,"max_hp_per_floor":[60,60,60,60,60,60,60,60,60,60,60,60],"card_choices":[{"not_picked":["hubris:EnhanceAbility","Apotheosis"],"picked":"Metamorphosis","floor":0},{"not_picked":["Slimebound:FinishingTackle","Slimebound:SplitLeeching"],"picked":"Slimebound:Chomp","floor":2},{"not_picked":["Slimebound:GrowthPunch","Slimebound:LeechingTouch","Slimebound:ViciousTackle"],"picked":"SKIP","floor":5},{"not_picked":["Slimebound:GrowthPunch","Slimebound:Chomp","Slimebound:ServeAndProtect"],"picked":"SKIP","floor":6},{"not_picked":["Slimebound:DisruptingSlam","Slimebound:ServeAndProtect","Slimebound:SlimeSpikes"],"picked":"SKIP","floor":8},{"not_picked":["Slimebound:SplitLeeching","Slimebound:SlimeSpikes"],"picked":"Slimebound:MassRepurpose","floor":9}],"player_experience":543021,"relics_obtained":[{"floor":3,"key":"Whetstone"},{"floor":6,"key":"Happy Flower"},{"floor":7,"key":"Potion Belt"}],"event_choices":[],"is_beta":false,"boss_relics":[],"items_purged_floors":[],"is_endless":false,"potions_floor_spawned":[6,9],"killed_by":"3 Sentries","ascension_level":7}}