{"host":"vh33hu3wddwn6yt6","time":1609089978,"event":{"mods":["AchievementEnabler","Act Like it!","Aspiration","BaseMod","Better Altar","Better Match","Better Note","Better Sensory Stone","Better Skull","Better Third Choice","BetterRewards","Downfall","Hermit","Hubris","Infinite Spire","Minty Spire (QoL Compilation)","Permanent Neow","Replay The Spire","Shade Mod","Shop Mod","Spicy Shops","StSLib","SuperFastMode","The Blackbeard","The Necromancer","The Runesmith","The Servant 0.9.4","TheBandit","Wandering Minibosses"],"gold_per_floor":[99,117,130,130,130,149,149,175,222,245,122,153,63,67,67],"floor_reached":14,"playtime":421,"items_purged":[],"score":105,"play_id":"3ec4aa5b-09fa-4c28-a992-bb0aee9c9905","local_time":"20201227182618","is_ascension_mode":true,"campfire_choices":[{"floor":1,"key":"RECALL"}],"circlet_count":0,"master_deck":["Runesmith:Strike_RS","Runesmith:Strike_RS","Runesmith:Strike_RS","Runesmith:Strike_RS","Runesmith:Defend_RS","Runesmith:Defend_RS","Runesmith:Defend_RS","Runesmith:Defend_RS","Runesmith:CraftFirestone","Runesmith:Fortify","Runesmith:HammerThrow","Injury","Runesmith:PoweredAnvil+1","Runesmith:PoweredAnvil+1"],"relics":["Runesmith:BrokenRuby","Art of War","Frozen Egg 2","Replay:Bandana","Pondfish Scales","Shovel"],"acts_visited":["Exordium"],"potions_floor_usage":[9,10,11],"damage_taken":[{"damage":0,"enemies":"2 Louse","floor":2,"turns":3},{"damage":0,"enemies":"Jaw Worm","floor":3,"turns":4},{"damage":0,"enemies":"Small Slimes","floor":6,"turns":3},{"damage":8,"enemies":"Red Slaver","floor":8,"turns":3},{"damage":37,"enemies":"Gremlin Nob","floor":9,"turns":5},{"damage":10,"enemies":"Large Slime","floor":10,"turns":5},{"damage":0,"enemies":"downfall:FleeingMerchant","floor":11,"turns":4},{"damage":16,"enemies":"Lagavulin","floor":12,"turns":8},{"damage":0,"enemies":"downfall:FleeingMerchant","floor":13,"turns":4},{"damage":2,"enemies":"Gremlin Nob","floor":14,"turns":3}],"seed_played":"-3156650407420040754","potions_obtained":[{"floor":6,"key":"Swift Potion"},{"floor":9,"key":"AttackPotion"},{"floor":10,"key":"SkillPotion"}],"is_trial":false,"path_per_floor":["R","M","M","?","?","M","T","M","E","M","$","E","$","E"],"character_chosen":"RUNESMITH_CLASS","items_purchased":["Runesmith:PoweredAnvil+1","Runesmith:PoweredAnvil+1"],"campfire_rested":0,"item_purchase_floors":[11,13],"current_hp_per_floor":[70,70,70,70,73,73,73,65,28,18,18,2,2,0,0],"gold":67,"neow_bonus":"RANDOM_COMMON_RELIC","is_daily":false,"chose_seed":false,"campfire_upgraded":0,"win_rate":0.0,"timestamp":1609089978,"path_taken":["R","M","M","?","?","M","T","M","E","M","$","E","$","E"],"items_purchased_type":["Card","Card"],"build_version":"2020-12-22","purchased_purges":0,"victory":false,"max_hp_per_floor":[70,70,70,70,73,73,73,73,73,73,73,73,73,73,73],"card_choices":[{"not_picked":["Runesmith:ShiftingStrike","Runesmith:OneForEveryone"],"picked":"Runesmith:HammerThrow","floor":2},{"not_picked":["Runesmith:ShiftingStrike","Runesmith:Firewall","Runesmith:CraftObretio"],"picked":"SKIP","floor":3},{"not_picked":["Runesmith:BackupBattery","Runesmith:ChaoticBlast","Runesmith:HammerThrow"],"picked":"SKIP","floor":6},{"not_picked":["Runesmith:EarthShield","Runesmith:FieryHammer","Runesmith:Malloc"],"picked":"SKIP","floor":8},{"not_picked":["Runesmith:OneForEveryone","Runesmith:CraftIncendium","Runesmith:Overpower"],"picked":"SKIP","floor":9},{"not_picked":["Runesmith:NegativeSpace","Runesmith:ChiselStab","Runesmith:NanitesCloud"],"picked":"SKIP","floor":10},{"not_picked":["Runesmith:CraftVitae","Runesmith:Firewall","Runesmith:CraftProtectio"],"picked":"SKIP","floor":11},{"not_picked":["Runesmith:Firestorm+1","Runesmith:CraftIndustria","Runesmith:HeatExchange"],"picked":"SKIP","floor":12},{"not_picked":["Runesmith:CraftVitae","Runesmith:HammerThrow","Runesmith:RuneHurl"],"picked":"SKIP","floor":13}],"player_experience":603843,"relics_obtained":[{"floor":7,"key":"Replay:Bandana"},{"floor":9,"key":"Pondfish Scales"},{"floor":12,"key":"Shovel"}],"event_choices":[],"is_beta":false,"boss_relics":[],"items_purged_floors":[],"is_endless":false,"potions_floor_spawned":[6,9,10],"killed_by":"Gremlin Nob","ascension_level":1}}