{"host":"nqllw3bmurg6dhm8","time":1609112272,"event":{"mods":["Act Like it!","BaseMod","Conspire","Gensokyo","Hallownest","Hubris","Infinite Spire","Jorbs\u0027s Wanderer Trilogy","Minty Spire (QoL Compilation)","Replay The Spire","StSLib","The Animator","Wandering Minibosses"],"gold_per_floor":[113,129,129,149,169,194,194,226,226,226,24,71,97,122,122,231,231,263,299,82,98,98],"floor_reached":21,"playtime":5532,"items_purged":[],"score":232,"play_id":"ca1a068f-fbb7-44e8-9b6f-3f61d443e0ba","local_time":"20201227233752","daily_mods":["Heirloom"],"is_ascension_mode":true,"campfire_choices":[{"floor":7,"key":"REST"},{"data":"Uppercut","floor":10,"key":"SMITH"},{"data":"Body Slam","floor":15,"key":"SMITH"}],"circlet_count":0,"master_deck":["Strike_R+1","Strike_R+1","Strike_R+1","Strike_R+1","Strike_R+1","Defend_R","Defend_R","Defend_R","Defend_R","Bash+1","Iron Wave","Pommel Strike","conspire:Charge","Uppercut+1","Cleave","Body Slam+1","Pommel Strike","conspire:ExplosiveBarrier","Hemogenesis","Thunderclap","Offering","Whirlwind","Shrug It Off","Gensokyo:ReactiveArmor","Gensokyo:RPG","Inflame","Anger","Iron Wave"],"relics":["Burning Blood","Counterbalance","Replay:Bandana","Replay:Bottled Eggs","Bag of Marbles","Ice Cream","Ring of Chaos","Orrery"],"acts_visited":["Exordium","Exordium"],"potions_floor_usage":[5,6,6],"damage_taken":[{"damage":2,"enemies":"conspire:RoseBush","floor":1,"turns":5},{"damage":4,"enemies":"infinitespire:Voidling","floor":2,"turns":4},{"damage":6,"enemies":"Cultist","floor":4,"turns":3},{"damage":6,"enemies":"Looter","floor":5,"turns":2},{"damage":40,"enemies":"3 Sentries","floor":6,"turns":10},{"damage":14,"enemies":"Red Slaver","floor":8,"turns":3},{"damage":25,"enemies":"Lagavulin","floor":12,"turns":5},{"damage":4,"enemies":"conspire:2 RoseBushes","floor":13,"turns":5},{"damage":0,"enemies":"3 Louse","floor":14,"turns":1},{"damage":55,"enemies":"Hexaghost","floor":16,"turns":10},{"damage":44,"enemies":"Gensokyo:3_Dogs","floor":18,"turns":7},{"damage":35,"enemies":"Gensokyo:Chomper","floor":19,"turns":5},{"damage":23,"enemies":"Gensokyo:Slime_Group","floor":21,"turns":2}],"seed_played":"-1471052337697772592","potions_obtained":[{"floor":2,"key":"ColorlessPotion"},{"floor":4,"key":"Energy Potion"},{"floor":5,"key":"GamblersBrew"}],"is_trial":true,"path_per_floor":["M","M","?","M","M","E","R","M","T","R","$","E","M","M","R","B",null,"M","M","COS","M"],"character_chosen":"IRONCLAD","items_purchased":["Bag of Marbles","Pommel Strike"],"campfire_rested":1,"item_purchase_floors":[11,11],"current_hp_per_floor":[80,80,80,80,80,46,70,62,62,62,62,43,45,51,51,7,80,47,18,18,0,0],"gold":98,"neow_bonus":"","is_daily":false,"chose_seed":false,"campfire_upgraded":2,"win_rate":0.0,"timestamp":1609112272,"path_taken":["M","M","?","M","M","E","R","M","T","R","$","E","M","?","R","BOSS","M","M","COS","M"],"items_purchased_type":["Relic","Card"],"build_version":"2020-12-22","purchased_purges":0,"victory":false,"max_hp_per_floor":[80,80,80,80,80,80,80,80,80,80,80,80,80,80,80,80,80,80,80,80,80,80],"card_choices":[{"not_picked":["Body Slam","hubris:SharpeningStone"],"picked":"Iron Wave","floor":1},{"not_picked":["Iron Wave","Replay:Undeath\u0027s Touch"],"picked":"Pommel Strike","floor":2},{"not_picked":["Spot Weakness","Fire Breathing"],"picked":"conspire:Charge","floor":4},{"not_picked":["Clothesline","Cleave"],"picked":"Uppercut","floor":5},{"not_picked":["True Grit","Warcry"],"picked":"Cleave","floor":6},{"not_picked":["Run Through","True Grit"],"picked":"Body Slam","floor":8},{"not_picked":["Wild Strike","True Grit"],"picked":"conspire:ExplosiveBarrier","floor":12},{"not_picked":["Warcry","Spot Weakness"],"picked":"Hemogenesis","floor":13},{"not_picked":["Dark Embrace","Sever Soul"],"picked":"Thunderclap","floor":14},{"not_picked":["Exhume","Juggernaut"],"picked":"Offering","floor":16},{"not_picked":["Life Link","Twin Strike"],"picked":"Whirlwind","floor":18},{"not_picked":["hubris:ReadiedAction","Warcry"],"picked":"Shrug It Off","floor":19},{"not_picked":["Body Slam","True Grit"],"picked":"Inflame","floor":20},{"not_picked":["Life Link","hubris:ReadiedAction"],"picked":"Anger","floor":20},{"not_picked":["Blood for Blood+1","Clash"],"picked":"Iron Wave","floor":20}],"player_experience":1216347,"relics_obtained":[{"floor":6,"key":"Replay:Bandana"},{"floor":9,"key":"Replay:Bottled Eggs"},{"floor":12,"key":"Ice Cream"}],"event_choices":[{"damage_healed":0,"gold_gain":0,"player_choice":"Upgraded","damage_taken":0,"max_hp_gain":0,"max_hp_loss":0,"event_name":"Upgrade Shrine","floor":3,"gold_loss":0,"cards_upgraded":["Bash"]}],"is_beta":false,"boss_relics":[{"not_picked":["hubris:VirtuousBlindfold","Sozu"],"picked":"Ring of Chaos"}],"items_purged_floors":[],"is_endless":false,"potions_floor_spawned":[2,4,5],"killed_by":"Gensokyo:Slime_Group","ascension_level":4}}