{"host":"qxeepl7ydvsgmfdb","time":1609082294,"event":{"mods":["AchievementEnabler","BaseMod","Colored Powertips","Minty Spire (QoL Compilation)","Quick Restart","slay the spire mod where everything is the same but ironclad has a cowboy hat"],"gold_per_floor":[115,68,68,16,32,32,62,62,62,75,27,54,54,229,229,331,331,341,26,26,38,38,38,53,53,77,97,97,128,128,145,145,145,145],"floor_reached":33,"playtime":1060,"items_purged":["Doubt"],"score":372,"play_id":"779df21b-6c8e-4929-9065-d91852e15692","local_time":"20201227101814","is_ascension_mode":true,"campfire_choices":[{"data":"Deadly Poison","floor":6.0,"key":"SMITH"},{"data":"Backstab","floor":15.0,"key":"SMITH"},{"floor":23.0,"key":"REST"},{"floor":25.0,"key":"REST"},{"floor":28.0,"key":"REST"},{"floor":30,"key":"REST"},{"floor":32,"key":"REST"}],"circlet_count":0,"master_deck":["Strike_G","Strike_G","Strike_G","Strike_G","Defend_G","Defend_G","Defend_G","Defend_G","Defend_G","Survivor","Neutralize","Backflip","Blade Dance","PiercingWail","Deadly Poison+1","Cloak And Dagger","Backstab+1","Deadly Poison","Bandage Up","Dagger Spray","Blade Dance"],"relics":["Ring of the Snake","NeowsBlessing","Regal Pillow","Question Card","Strawberry","HoveringKite","Pantograph","Nilry\u0027s Codex","Smiling Mask","Toy Ornithopter"],"acts_visited":["Exordium","TheCity"],"potions_floor_usage":[29],"damage_taken":[{"damage":0.0,"enemies":"2 Louse","floor":1.0,"turns":1.0},{"damage":0.0,"enemies":"Cultist","floor":5.0,"turns":1.0},{"damage":0.0,"enemies":"3 Sentries","floor":7.0,"turns":1.0},{"damage":2.0,"enemies":"Jaw Worm","floor":10.0,"turns":5.0},{"damage":27.0,"enemies":"Hexaghost","floor":16.0,"turns":8.0},{"damage":26.0,"enemies":"Chosen","floor":18.0,"turns":6.0},{"damage":19.0,"enemies":"Spheric Guardian","floor":21.0,"turns":5.0},{"damage":38.0,"enemies":"Snake Plant","floor":24.0,"turns":5.0},{"damage":42.0,"enemies":"3 Cultists","floor":27.0,"turns":7.0},{"damage":16,"enemies":"Gremlin Leader","floor":29,"turns":6},{"damage":36,"enemies":"Chosen and Byrds","floor":31,"turns":9},{"damage":109,"enemies":"Automaton","floor":33,"turns":10}],"seed_played":"-8080438037367959063","potions_obtained":[{"floor":1.0,"key":"LiquidMemories"},{"floor":3.0,"key":"DistilledChaos"},{"floor":3.0,"key":"FairyPotion"},{"floor":18.0,"key":"Fruit Juice"},{"floor":21.0,"key":"Poison Potion"}],"is_trial":false,"path_per_floor":["M","$","?","$","M","R","E","?","T","M","$","T","$","?","R","B",null,"M","$","?","M","?","R","M","R","T","M","R","E","R","M","R","B"],"character_chosen":"THE_SILENT","items_purchased":["Blade Dance","PiercingWail","Deadly Poison","Pantograph"],"campfire_rested":5,"item_purchase_floors":[2,4,11,19],"current_hp_per_floor":[63,63,63,63,63,63,63,56,56,54,54,61,61,61,61,34,66,45,45,45,30,14,53,19,58,58,20,59,47,82,46,82,0,0],"gold":145,"neow_bonus":"THREE_ENEMY_KILL","is_daily":false,"chose_seed":false,"campfire_upgraded":2,"win_rate":0.0,"timestamp":1609082294,"path_taken":["M","$","?","$","?","R","E","?","T","M","?","?","$","?","R","BOSS","M","$","?","?","?","R","M","R","T","M","R","E","R","M","R","BOSS"],"items_purchased_type":["Card","Card","Card","Relic"],"build_version":"2020-12-22","purchased_purges":1,"victory":false,"max_hp_per_floor":[70,70,70,70,70,70,70,70,70,70,70,77,77,77,77,77,77,82,82,82,82,82,82,82,82,82,82,82,82,82,82,82,82,82],"card_choices":[{"not_picked":["Heel Hook","Slice"],"picked":"Backflip","floor":1.0},{"not_picked":["Sucker Punch","Outmaneuver"],"picked":"Deadly Poison","floor":5.0},{"not_picked":["Bane","PiercingWail"],"picked":"Cloak And Dagger","floor":7.0},{"not_picked":["Deadly Poison","Flying Knee","Slice"],"picked":"Backstab","floor":10.0},{"not_picked":["Sucker Punch","Outmaneuver","Escape Plan","Flying Knee+1"],"picked":"SKIP","floor":18.0},{"not_picked":["Eviscerate+1","Blur","Malaise"],"picked":"Dagger Spray","floor":21.0},{"not_picked":["Endless Agony","Flying Knee","Reflex","Predator+1"],"picked":"SKIP","floor":24.0},{"not_picked":["Dodge and Roll","Concentrate","Flying Knee+1"],"picked":"Blade Dance","floor":27.0},{"not_picked":["Cloak And Dagger","Dagger Throw","Outmaneuver+1","Flying Knee"],"picked":"SKIP","floor":29},{"not_picked":["Concentrate","Glass Knife","Dagger Throw","Dodge and Roll"],"picked":"SKIP","floor":31}],"player_experience":406761,"relics_obtained":[{"floor":7.0,"key":"Regal Pillow"},{"floor":9.0,"key":"Question Card"},{"floor":12.0,"key":"Strawberry"},{"floor":22.0,"key":"Nilry\u0027s Codex"},{"floor":26.0,"key":"Smiling Mask"},{"floor":29,"key":"Toy Ornithopter"}],"event_choices":[{"damage_healed":0.0,"max_hp_gain":0.0,"max_hp_loss":0.0,"gold_gain":0.0,"event_name":"Lab","player_choice":"Got Potions","floor":3.0,"gold_loss":0.0,"damage_taken":0.0},{"cards_removed":["Strike_G"],"damage_healed":0.0,"max_hp_gain":0.0,"max_hp_loss":0.0,"gold_gain":0.0,"event_name":"Golden Wing","player_choice":"Card Removal","floor":8.0,"gold_loss":0.0,"damage_taken":7.0},{"damage_healed":0.0,"max_hp_gain":0.0,"max_hp_loss":0.0,"gold_gain":175.0,"event_name":"Liars Game","player_choice":"AGREE","floor":14.0,"gold_loss":0.0,"damage_taken":0.0,"cards_obtained":["Doubt"]},{"damage_healed":0.0,"max_hp_gain":0.0,"max_hp_loss":0.0,"gold_gain":0.0,"event_name":"Match and Keep!","player_choice":"1 cards matched","floor":20.0,"gold_loss":0.0,"damage_taken":0.0,"cards_obtained":["Bandage Up"]},{"damage_healed":0.0,"max_hp_gain":0.0,"max_hp_loss":0.0,"gold_gain":0.0,"event_name":"Cursed Tome","player_choice":"Obtained Book","floor":22.0,"gold_loss":0.0,"damage_taken":16.0}],"is_beta":false,"boss_relics":[{"not_picked":["Philosopher\u0027s Stone","Pandora\u0027s Box"],"picked":"HoveringKite"}],"items_purged_floors":[19],"is_endless":false,"potions_floor_spawned":[1,18,21],"killed_by":"Automaton","ascension_level":6}}