{"host":"k5dhp0bkccqfauyu","time":1609037683,"event":{"mods":["BaseMod","Better Note","Better Skull","Better Vampires","Colored Map","Colored Powertips","DeckTracker","Minty Spire (QoL Compilation)","Permanent Neow","StSLib","SuperFastMode"],"gold_per_floor":[114,126,140,4,54,54,88,104,104,133,154,154,154,7,7,110,110,126,76,91,91,91,121,121,136,136,168,178,203,222,252,252,354,354,366,366,413,413,437,437,464,464,509,535,585,598,628,638,638,638,638,638,143,169,169],"floor_reached":56,"playtime":1858,"items_purged":["Strike_R"],"score":1370,"play_id":"c15f3ae0-93e5-4944-94ec-b1bf1326eb69","local_time":"20201227135443","is_ascension_mode":true,"campfire_choices":[{"data":"Uppercut","floor":6,"key":"SMITH"},{"data":"Battle Trance","floor":12,"key":"SMITH"},{"data":"Limit Break","floor":15,"key":"SMITH"},{"data":"Demon Form","floor":32,"key":"SMITH"},{"data":"Strike_R","floor":40,"key":"PURGE"},{"data":"Strike_R","floor":42,"key":"PURGE"},{"floor":49,"key":"RECALL"},{"data":"Strike_R","floor":52,"key":"PURGE"}],"circlet_count":0,"master_deck":["Strike_R","Defend_R","Defend_R","Defend_R","Defend_R","Bash","Second Wind","Battle Trance+1","Disarm","Uppercut+1","Limit Break+1","True Grit","Feel No Pain+1","Headbutt+1","Impervious","Spot Weakness","Double Tap","Dark Embrace","Dark Embrace","Whirlwind+1","Burning Pact","Sentinel+1","Dual Wield+1","Demon Form+1","Impervious","Mayhem","Sever Soul+1","Heavy Blade+1","True Grit+1","Feel No Pain+1","Entrench+1","Flame Barrier"],"relics":["Burning Blood","Prayer Wheel","Centennial Puzzle","InkBottle","PreservedInsect","Odd Mushroom","Juzu Bracelet","Snecko Eye","Lantern","Mercury Hourglass","Vajra","Meat on the Bone","Art of War","Bronze Scales","Mark of Pain","Peace Pipe","Regal Pillow","Letter Opener","Bag of Marbles","Ancient Tea Set","Calipers","Red Skull","Self Forming Clay","Toy Ornithopter"],"acts_visited":["Exordium","TheCity","TheBeyond","TheEnding"],"potions_floor_usage":[7,10,16,20,23,47,55,55,55,55,55,55],"damage_taken":[{"damage":1,"enemies":"Cultist","floor":1,"turns":4},{"damage":2,"enemies":"Small Slimes","floor":2,"turns":4},{"damage":7,"enemies":"2 Louse","floor":3,"turns":3},{"damage":13,"enemies":"Gremlin Nob","floor":7,"turns":4},{"damage":7,"enemies":"Looter","floor":8,"turns":4},{"damage":12,"enemies":"3 Sentries","floor":10,"turns":8},{"damage":6,"enemies":"The Mushroom Lair","floor":11,"turns":5},{"damage":7,"enemies":"Hexaghost","floor":16,"turns":7},{"damage":4,"enemies":"Shell Parasite","floor":18,"turns":5},{"damage":34,"enemies":"3 Byrds","floor":20,"turns":7},{"damage":3,"enemies":"Book of Stabbing","floor":23,"turns":5},{"damage":13,"enemies":"Snecko","floor":25,"turns":4},{"damage":4,"enemies":"Gremlin Leader","floor":27,"turns":5},{"damage":1,"enemies":"3 Cultists","floor":28,"turns":4},{"damage":15,"enemies":"Book of Stabbing","floor":29,"turns":3},{"damage":6,"enemies":"Snake Plant","floor":30,"turns":4},{"damage":5,"enemies":"Gremlin Leader","floor":31,"turns":4},{"damage":5,"enemies":"Champ","floor":33,"turns":9},{"damage":8,"enemies":"Orb Walker","floor":35,"turns":3},{"damage":0,"enemies":"2 Orb Walkers","floor":37,"turns":3},{"damage":20,"enemies":"Nemesis","floor":41,"turns":5},{"damage":6,"enemies":"Giant Head","floor":44,"turns":6},{"damage":0,"enemies":"Mind Bloom Boss Battle","floor":45,"turns":3},{"damage":0,"enemies":"3 Shapes","floor":46,"turns":3},{"damage":9,"enemies":"Reptomancer","floor":47,"turns":5},{"damage":0,"enemies":"Sphere and 2 Shapes","floor":48,"turns":3},{"damage":12,"enemies":"Awakened One","floor":50,"turns":5},{"damage":6,"enemies":"Shield and Spear","floor":54,"turns":4},{"damage":5,"enemies":"The Heart","floor":55,"turns":5}],"seed_played":"6056072244125488218","potions_obtained":[{"floor":1,"key":"LiquidMemories"},{"floor":3,"key":"Swift Potion"},{"floor":7,"key":"CultistPotion"},{"floor":8,"key":"Strength Potion"},{"floor":16,"key":"BlessingOfTheForge"},{"floor":18,"key":"ElixirPotion"},{"floor":20,"key":"ElixirPotion"},{"floor":21,"key":"FairyPotion"},{"floor":21,"key":"HeartOfIron"},{"floor":28,"key":"FairyPotion"},{"floor":33,"key":"EntropicBrew"},{"floor":41,"key":"Dexterity Potion"},{"floor":44,"key":"LiquidMemories"},{"floor":48,"key":"Explosive Potion"}],"is_trial":false,"path_per_floor":["M","M","M","$","T","R","E","M","T","E","?","R","?","$","R","B",null,"M","?","M","?","?","E","?","M","T","E","M","E","M","E","R","B",null,"M","?","?","?","T","R","E","R","T","E","?","M","E","M","R","B",null,"R","$","E","B",null],"character_chosen":"IRONCLAD","items_purchased":["Limit Break","True Grit","Juzu Bracelet","Flame Barrier","Self Forming Clay","CultistPotion"],"campfire_rested":0,"item_purchase_floors":[4,4,14,53,53,53],"current_hp_per_floor":[61,65,64,64,64,64,57,56,56,50,50,50,34,34,34,33,80,80,80,52,52,52,55,55,48,48,50,55,58,58,59,59,60,80,78,68,74,74,74,74,60,60,60,60,66,72,69,75,75,69,80,80,80,80,80],"gold":169,"neow_bonus":"ONE_RARE_RELIC","is_daily":false,"chose_seed":false,"campfire_upgraded":4,"win_rate":0.0,"timestamp":1609037683,"path_taken":["M","M","M","?","?","R","E","M","T","E","?","R","?","?","R","BOSS","M","?","M","?","?","E","?","M","T","E","M","E","M","E","R","BOSS","M","?","?","?","?","R","E","R","T","E","?","M","E","M","R","BOSS","R","$","E","BOSS"],"items_purchased_type":["Card","Card","Relic","Card","Relic","Potion"],"build_version":"2020-12-22","purchased_purges":1,"victory":true,"max_hp_per_floor":[80,80,80,80,80,80,80,80,80,80,80,80,80,80,80,80,80,80,80,80,80,80,80,80,80,80,80,80,80,80,80,80,80,80,80,80,80,80,80,80,80,80,80,80,80,80,80,80,80,80,80,80,80,80,80],"card_choices":[{"not_picked":["Perfected Strike","Clothesline"],"picked":"Second Wind","floor":1},{"not_picked":["Flame Barrier","Rage"],"picked":"Inflame","floor":1},{"not_picked":["Seeing Red","Rage"],"picked":"Battle Trance","floor":2},{"not_picked":["Armaments","Dual Wield"],"picked":"Disarm","floor":2},{"not_picked":["Heavy Blade","Evolve"],"picked":"Uppercut","floor":3},{"not_picked":["Twin Strike","Heavy Blade","Hemokinesis"],"picked":"SKIP","floor":3},{"not_picked":["Shockwave","Rupture"],"picked":"Feel No Pain","floor":7},{"not_picked":["Shrug It Off","Clothesline"],"picked":"Headbutt","floor":8},{"not_picked":["Clothesline","Heavy Blade","Combust"],"picked":"SKIP","floor":8},{"not_picked":["Shrug It Off","Rampage"],"picked":"Impervious","floor":10},{"not_picked":["Armaments","Twin Strike"],"picked":"Spot Weakness","floor":11},{"not_picked":["Bludgeon","Berserk"],"picked":"Double Tap","floor":16},{"not_picked":["Body Slam+1","Flex"],"picked":"Dark Embrace","floor":18},{"not_picked":["Pommel Strike","Wild Strike+1","Sword Boomerang"],"picked":"SKIP","floor":18},{"not_picked":["Cleave","Double Tap"],"picked":"Dark Embrace","floor":20},{"not_picked":["Sword Boomerang","Headbutt","Clothesline"],"picked":"SKIP","floor":20},{"not_picked":["Heavy Blade+1","Brutality"],"picked":"Whirlwind+1","floor":23},{"not_picked":["Shrug It Off","Disarm"],"picked":"Burning Pact","floor":25},{"not_picked":["Iron Wave","Flex+1","Rupture"],"picked":"SKIP","floor":25},{"not_picked":["Second Wind","Inflame"],"picked":"Sentinel+1","floor":27},{"not_picked":["Pommel Strike+1","Shrug It Off"],"picked":"Dual Wield+1","floor":28},{"not_picked":["Body Slam","Reckless Charge","Warcry"],"picked":"SKIP","floor":28},{"not_picked":["Armaments","Wild Strike","Iron Wave"],"picked":"SKIP","floor":29},{"not_picked":["Body Slam+1","Clash","Armaments"],"picked":"SKIP","floor":30},{"not_picked":["Intimidate","Metallicize","Anger+1"],"picked":"SKIP","floor":30},{"not_picked":["Berserk","Armaments+1"],"picked":"Demon Form","floor":31},{"not_picked":["Limit Break","Feed"],"picked":"Impervious","floor":33},{"not_picked":["Wild Strike+1","Intimidate+1","Searing Blow+1"],"picked":"SKIP","floor":35},{"not_picked":["Rage","Flex+1","Pommel Strike"],"picked":"SKIP","floor":35},{"not_picked":["Secret Weapon","Jack Of All Trades"],"picked":"Mayhem","floor":36},{"not_picked":["Iron Wave+1","Thunderclap+1","Pommel Strike"],"picked":"SKIP","floor":41},{"not_picked":["Pommel Strike","Immolate"],"picked":"Sever Soul+1","floor":44},{"not_picked":["Burning Pact","Ghostly Armor+1"],"picked":"Heavy Blade+1","floor":46},{"not_picked":["Iron Wave","Twin Strike+1","Hemokinesis+1"],"picked":"SKIP","floor":46},{"not_picked":["Clothesline+1","Perfected Strike+1"],"picked":"True Grit+1","floor":47},{"not_picked":["Spot Weakness+1","Flex"],"picked":"Feel No Pain+1","floor":48},{"not_picked":["Metallicize+1","Headbutt+1"],"picked":"Entrench+1","floor":48},{"not_picked":["Cleave","Fire Breathing","Sever Soul"],"picked":"SKIP","floor":54}],"player_experience":1831659,"relics_obtained":[{"floor":7,"key":"Centennial Puzzle"},{"floor":9,"key":"InkBottle"},{"floor":10,"key":"PreservedInsect"},{"floor":11,"key":"Odd Mushroom"},{"floor":23,"key":"Mercury Hourglass"},{"floor":26,"key":"Vajra"},{"floor":27,"key":"Meat on the Bone"},{"floor":29,"key":"Art of War"},{"floor":31,"key":"Bronze Scales"},{"floor":37,"key":"Peace Pipe"},{"floor":39,"key":"Regal Pillow"},{"floor":41,"key":"Letter Opener"},{"floor":43,"key":"Bag of Marbles"},{"floor":44,"key":"Ancient Tea Set"},{"floor":45,"key":"Calipers"},{"floor":47,"key":"Red Skull"},{"floor":54,"key":"Toy Ornithopter"}],"event_choices":[{"damage_healed":0,"gold_gain":0,"player_choice":"Fought Mushrooms","damage_taken":0,"max_hp_gain":0,"max_hp_loss":0,"event_name":"Mushrooms","floor":11,"gold_loss":0},{"damage_healed":0,"gold_gain":0,"player_choice":"Entered Light","damage_taken":16,"max_hp_gain":0,"max_hp_loss":0,"event_name":"Shining Light","floor":13,"gold_loss":0,"cards_upgraded":["Headbutt","Feel No Pain"]},{"damage_healed":0,"gold_gain":0,"player_choice":"Bet on Murderer","damage_taken":0,"max_hp_gain":0,"max_hp_loss":0,"event_name":"The Joust","floor":19,"gold_loss":50},{"damage_healed":0,"gold_gain":0,"player_choice":"Got Potions","damage_taken":0,"max_hp_gain":0,"max_hp_loss":0,"event_name":"Lab","floor":21,"gold_loss":0},{"damage_healed":0,"gold_gain":0,"player_choice":"Gave Potion","damage_taken":0,"relics_obtained":["Lantern"],"max_hp_gain":0,"max_hp_loss":0,"event_name":"WeMeetAgain","floor":22,"gold_loss":0},{"damage_healed":0,"gold_gain":0,"player_choice":"Ignored","damage_taken":0,"max_hp_gain":0,"max_hp_loss":0,"event_name":"N\u0027loth","floor":24,"gold_loss":0},{"damage_healed":0,"gold_gain":0,"player_choice":"Memory 3","damage_taken":10,"max_hp_gain":0,"max_hp_loss":0,"event_name":"SensoryStone","floor":36,"gold_loss":0},{"damage_healed":0,"gold_gain":0,"player_choice":"Fight","damage_taken":0,"max_hp_gain":0,"max_hp_loss":0,"event_name":"Mysterious Sphere","floor":37,"gold_loss":0},{"cards_removed":["Inflame"],"damage_healed":0,"gold_gain":0,"player_choice":"Removed Power","damage_taken":0,"max_hp_gain":0,"max_hp_loss":0,"event_name":"Falling","floor":38,"gold_loss":0},{"damage_healed":0,"gold_gain":0,"player_choice":"Fight","damage_taken":0,"max_hp_gain":0,"max_hp_loss":0,"event_name":"MindBloom","floor":45,"gold_loss":0}],"is_beta":false,"boss_relics":[{"not_picked":["Black Blood","SacredBark"],"picked":"Snecko Eye"},{"not_picked":["Runic Dome","Calling Bell"],"picked":"Mark of Pain"}],"items_purged_floors":[53],"is_endless":false,"potions_floor_spawned":[1,3,7,8,16,18,20,28,33,35,41,44,48,54],"ascension_level":1}}