{"host":"zig6x0mxqzam82fb","time":1609106307,"event":{"mods":["BaseMod","Block Reminder","Colored Map","Colored Powertips","Minty Spire (QoL Compilation)","Relic Stats","StSLib","The Marked"],"gold_per_floor":[114,125,71,81,46,46,75,87,113,288,303,323,323,23,23,122,122,108,124,49,66,89,89,89],"floor_reached":23,"playtime":2613,"items_purged":["theMarked:CreepingChasm"],"score":203,"play_id":"75d39d02-722f-4cf4-be66-95c6cfa763db","local_time":"20201227165827","is_ascension_mode":true,"campfire_choices":[{"data":"theMarked:SoldierOfQuellstein","floor":6,"key":"SMITH"},{"data":"theMarked:KeepCalmAndFightOn","floor":13,"key":"SMITH"},{"floor":15,"key":"REST"}],"circlet_count":0,"master_deck":["theMarked:Strike","theMarked:Strike","theMarked:Strike","theMarked:Strike","theMarked:Defend","theMarked:Defend","theMarked:Defend","theMarked:Defend","theMarked:SoldierOfQuellstein+1","theMarked:EmpowerWeapon","theMarked:ResourceFulStrike","theMarked:Parkour","theMarked:StartUp","theMarked:Improvise","Doubt","theMarked:TwofoldDefense","theMarked:KeepCalmAndFightOn+1","theMarked:Overcharge","theMarked:TakeOffHeels","theMarked:ContemptForTheProud","theMarked:ResourceFulStrike+1","theMarked:ReduceFriction","Injury"],"relics":["SacredBark","Strawberry","Art of War","Toy Ornithopter","Cursed Key","theMarked:DemonDagger"],"acts_visited":["Exordium","TheCity"],"potions_floor_usage":[8,11,19,23],"damage_taken":[{"damage":1,"enemies":"Jaw Worm","floor":1,"turns":4},{"damage":5,"enemies":"Small Slimes","floor":2,"turns":3},{"damage":7,"enemies":"2 Louse","floor":4,"turns":2},{"damage":16,"enemies":"Lagavulin","floor":7,"turns":5},{"damage":5,"enemies":"Lots of Slimes","floor":8,"turns":2},{"damage":0,"enemies":"Large Slime","floor":11,"turns":5},{"damage":8,"enemies":"2 Fungi Beasts","floor":12,"turns":4},{"damage":30,"enemies":"The Guardian","floor":16,"turns":14},{"damage":11,"enemies":"2 Thieves","floor":18,"turns":4},{"damage":0,"enemies":"Spheric Guardian","floor":19,"turns":3},{"damage":27,"enemies":"Centurion and Healer","floor":21,"turns":4},{"damage":52,"enemies":"Book of Stabbing","floor":23,"turns":5}],"seed_played":"7734305875135169713","potions_obtained":[{"floor":2,"key":"DuplicationPotion"},{"floor":4,"key":"Explosive Potion"},{"floor":7,"key":"SkillPotion"},{"floor":8,"key":"FearPotion"},{"floor":21,"key":"Ancient Potion"}],"is_trial":false,"path_per_floor":["M","M","$","M","?","R","E","M","T","?","M","M","R","$","R","B",null,"M","M","?","M","T","E"],"character_chosen":"THE_DEFAULT","items_purchased":["theMarked:Parkour","Toy Ornithopter","theMarked:Overcharge"],"campfire_rested":1,"item_purchase_floors":[3,14,14],"current_hp_per_floor":[69,64,64,57,70,70,61,56,56,56,56,48,48,48,71,41,77,66,71,71,44,44,0,0],"gold":89,"neow_bonus":"BOSS_RELIC","is_daily":false,"chose_seed":false,"campfire_upgraded":2,"win_rate":0.0,"timestamp":1609106307,"path_taken":["M","M","$","M","?","R","E","M","T","?","M","M","R","?","R","BOSS","M","M","?","M","?","E"],"items_purchased_type":["Card","Relic","Card"],"build_version":"2020-12-22","purchased_purges":1,"victory":false,"max_hp_per_floor":[70,70,70,70,70,70,77,77,77,77,77,77,77,77,77,77,77,77,77,77,77,77,77,77],"relic_stats":{"counters":[12,55],"Art of War":[4],"Cursed Key":1,"obtain_stats":[{"theMarked:ArtifactOfAir":0,"theMarked:DemonDagger":22,"SacredBark":0,"Strawberry":7,"Art of War":9,"Cursed Key":17,"Toy Ornithopter":14},{"theMarked:ArtifactOfAir":0,"theMarked:DemonDagger":11,"SacredBark":0,"Strawberry":4,"Art of War":5,"Cursed Key":8,"Toy Ornithopter":7},{"theMarked:ArtifactOfAir":0,"theMarked:DemonDagger":50,"SacredBark":0,"Strawberry":14,"Art of War":16,"Cursed Key":39,"Toy Ornithopter":25}],"Toy Ornithopter":10},"card_choices":[{"not_picked":["theMarked:Frustration","theMarked:Improvise"],"picked":"theMarked:EmpowerWeapon","floor":1},{"not_picked":["theMarked:GodGivenPower","theMarked:LightningStrikesTwice"],"picked":"theMarked:ResourceFulStrike","floor":2},{"not_picked":["theMarked:WardOff","theMarked:Improvise"],"picked":"theMarked:CreepingChasm","floor":4},{"not_picked":["theMarked:Overthink","theMarked:Static"],"picked":"theMarked:StartUp","floor":7},{"not_picked":["theMarked:GodGivenPower","theMarked:Aftermath"],"picked":"theMarked:Improvise","floor":8},{"not_picked":["theMarked:Static","theMarked:BanishingStrike"],"picked":"theMarked:TwofoldDefense","floor":11},{"not_picked":["theMarked:Seal","theMarked:TwofoldDefense"],"picked":"theMarked:KeepCalmAndFightOn","floor":12},{"not_picked":["theMarked:SuspiciousRaven","theMarked:ChannelForce"],"picked":"theMarked:TakeOffHeels","floor":16},{"not_picked":["theMarked:ChainLightning","theMarked:TwofoldDefense+1"],"picked":"theMarked:ContemptForTheProud","floor":18},{"not_picked":["theMarked:TwofoldDefense","theMarked:Electrocute"],"picked":"theMarked:ResourceFulStrike+1","floor":19},{"not_picked":["theMarked:Frustration+1","theMarked:DeterminationOfTheMarked"],"picked":"theMarked:ReduceFriction","floor":21}],"player_experience":358433,"relics_obtained":[{"floor":7,"key":"Strawberry"},{"floor":9,"key":"Art of War"},{"floor":22,"key":"theMarked:DemonDagger"}],"event_choices":[{"damage_healed":17,"gold_gain":0,"player_choice":"Healed","damage_taken":0,"max_hp_gain":0,"max_hp_loss":0,"event_name":"The Cleric","floor":5,"gold_loss":35},{"damage_healed":0,"gold_gain":175,"player_choice":"AGREE","damage_taken":0,"max_hp_gain":0,"max_hp_loss":0,"event_name":"Liars Game","floor":10,"gold_loss":0,"cards_obtained":["Doubt"]},{"cards_removed":["theMarked:Strike"],"damage_healed":0,"gold_gain":0,"player_choice":"Gave Gold","damage_taken":0,"max_hp_gain":0,"max_hp_loss":0,"event_name":"Beggar","floor":20,"gold_loss":75}],"is_beta":false,"boss_relics":[{"not_picked":["Sozu","Velvet Choker"],"picked":"Cursed Key"}],"items_purged_floors":[14],"is_endless":false,"potions_floor_spawned":[2,4,7,8,21],"killed_by":"Book of Stabbing","ascension_level":1}}