{"host":"k4et7hlhlqy8fuoz","time":1609105669,"event":{"mods":["2.2 Compatiblity","AchievementEnabler","BaseMod","Colored Map","DeckTracker","Highlight Path","Minty Spire (QoL Compilation)","Random Character Button","Rare Cards Sparkle"],"gold_per_floor":[10,25,42,27,39,39,39,39,64,64,76,88,175,18,18,113,163,179,191,191,191,191],"floor_reached":21,"playtime":1477,"items_purged":[],"score":169,"play_id":"5773f40b-8a9a-4fb4-b266-b3f568efd3a1","local_time":"20201227224749","is_ascension_mode":false,"campfire_choices":[{"data":"Zap","floor":7,"key":"SMITH"},{"floor":11,"key":"REST"},{"floor":15,"key":"REST"}],"circlet_count":0,"master_deck":["Strike_B","Strike_B","Strike_B+1","Strike_B","Defend_B","Defend_B","Defend_B+1","Defend_B+1","Zap+1","Dualcast","Buffer","Tempest+1","Gash","Leap","Blizzard+1","Redo","Parasite","Streamline","Glacier","Blind","All For One","Ball Lightning","Gash","Stack+1"],"relics":["Cracked Core","War Paint","MawBank","Tiny House"],"acts_visited":["Exordium","TheCity"],"potions_floor_usage":[],"damage_taken":[{"damage":0,"enemies":"Cultist","floor":1,"turns":3},{"damage":2,"enemies":"2 Louse","floor":2,"turns":3},{"damage":5,"enemies":"Small Slimes","floor":3,"turns":3},{"damage":24,"enemies":"Exordium Thugs","floor":4,"turns":4},{"damage":2,"enemies":"Blue Slaver","floor":5,"turns":3},{"damage":54,"enemies":"Slime Boss","floor":16,"turns":14},{"damage":64,"enemies":"3 Byrds","floor":18,"turns":6},{"damage":10,"enemies":"Chosen","floor":19,"turns":5},{"damage":32,"enemies":"Shelled Parasite and Fungi","floor":21,"turns":5}],"seed_played":"3681212453780953514","potions_obtained":[{"floor":2,"key":"Weak Potion"},{"floor":4,"key":"Energy Potion"},{"floor":17,"key":"FairyPotion"},{"floor":18,"key":"DuplicationPotion"}],"is_trial":false,"path_per_floor":["M","M","M","M","M","?","R","$","T","?","R","?","?","$","R","B",null,"M","M","?","M"],"character_chosen":"DEFECT","items_purchased":["Streamline","Glacier","Blind"],"campfire_rested":2,"item_purchase_floors":[14,14,14],"current_hp_per_floor":[75,73,68,44,42,27,27,27,27,15,37,55,44,44,66,12,80,16,6,6,0,0],"gold":191,"neow_bonus":"THREE_RARE_CARDS","is_daily":false,"chose_seed":false,"campfire_upgraded":1,"win_rate":0.0,"timestamp":1609105669,"path_taken":["M","M","M","M","M","?","R","$","T","?","R","?","?","$","R","BOSS","M","M","?","M"],"items_purchased_type":["Card","Card","Card"],"build_version":"2020-12-22","purchased_purges":0,"victory":false,"max_hp_per_floor":[75,75,75,75,75,75,75,75,75,75,75,75,75,75,75,75,80,80,80,80,80,80],"card_choices":[{"not_picked":["Amplify","Reboot"],"picked":"Buffer","floor":0},{"not_picked":["Rebound","Auto Shields"],"picked":"Tempest","floor":1},{"not_picked":["Stack","Storm"],"picked":"Gash","floor":2},{"not_picked":["Genetic Algorithm","Self Repair"],"picked":"Leap","floor":3},{"not_picked":["Barrage","Fusion"],"picked":"Blizzard","floor":4},{"not_picked":["BootSequence","Stack"],"picked":"Redo","floor":5},{"not_picked":["Biased Cognition","Buffer"],"picked":"All For One","floor":16},{"not_picked":["Leap","Streamline"],"picked":"Ball Lightning","floor":17},{"not_picked":["Cold Snap","Reprogram+1"],"picked":"Gash","floor":18},{"not_picked":["Ball Lightning","Coolheaded"],"picked":"Stack+1","floor":19}],"player_experience":18331,"relics_obtained":[{"floor":9,"key":"War Paint"}],"event_choices":[{"damage_healed":0,"gold_gain":0,"player_choice":"Entered Light","damage_taken":15,"max_hp_gain":0,"max_hp_loss":0,"event_name":"Shining Light","floor":6,"gold_loss":0,"cards_upgraded":["Defend_B","Strike_B"]},{"damage_healed":0,"gold_gain":0,"player_choice":"Success","damage_taken":12,"relics_obtained":["MawBank"],"max_hp_gain":0,"max_hp_loss":0,"event_name":"Scrap Ooze","floor":10,"gold_loss":0},{"damage_healed":18,"gold_gain":0,"player_choice":"Healed and dodged fight","damage_taken":0,"max_hp_gain":0,"max_hp_loss":0,"event_name":"Mushrooms","floor":12,"gold_loss":0,"cards_obtained":["Parasite"]},{"damage_healed":0,"gold_gain":75,"player_choice":"Gather Gold","damage_taken":11,"max_hp_gain":0,"max_hp_loss":0,"event_name":"World of Goop","floor":13,"gold_loss":0},{"damage_healed":0,"gold_gain":0,"player_choice":"Ignored","damage_taken":0,"max_hp_gain":0,"max_hp_loss":0,"event_name":"Ghosts","floor":20,"gold_loss":0}],"is_beta":false,"boss_relics":[{"not_picked":["Runic Dome","Velvet Choker"],"picked":"Tiny House"}],"items_purged_floors":[],"is_endless":false,"potions_floor_spawned":[2,4,18,19],"killed_by":"Shelled Parasite and Fungi","ascension_level":0}}