{"host":"lpcxcvdszk9zyesf","time":1609070259,"event":{"mods":["BaseMod","Better Third Choice","BetterRewards","Minty Spire (QoL Compilation)","Rare Cards Sparkle","Relic Stats","Say the Spire","Spicy Shops","StSLib"],"gold_per_floor":[111,126,140,140,140,140,168,179,179,179,195,195,195,223,223,327,327,337,337,356,356,356,356,356,356,356,371,8,27,27,62,62,164,164,181,200,21,0,10,10,10,10,10,22,4,35,35,54,54,54],"floor_reached":51,"playtime":2278,"items_purged":["Strike_R","Burn"],"score":1200,"play_id":"3d0ca64e-45b9-4f7c-95ba-f3deb5669f79","local_time":"20201227195739","is_ascension_mode":true,"campfire_choices":[{"data":"Rampage","floor":6.0,"key":"SMITH"},{"data":"Metamorphosis","floor":10.0,"key":"SMITH"},{"data":"Fiend Fire","floor":12.0,"key":"SMITH"},{"floor":15.0,"key":"REST"},{"data":"Reaper","floor":23.0,"key":"SMITH"},{"data":"Offering","floor":25.0,"key":"SMITH"},{"floor":32,"key":"REST"},{"floor":40,"key":"REST"},{"floor":42,"key":"REST"},{"floor":47,"key":"REST"},{"data":"Demon Form","floor":49,"key":"SMITH"}],"circlet_count":0,"master_deck":["Strike_R","Defend_R","Defend_R","Defend_R","Bash","Metamorphosis+1","Enlightenment","Fire Breathing","Burning Pact","Battle Trance","Rampage+1","Fiend Fire+1","Bloodletting","Inflame","Offering+1","Reaper+1","Spot Weakness","Combust+1","RitualDagger","Demon Form+1","Flame Barrier","Intimidate+1","Feed","Intimidate+1","Pommel Strike+1","Warcry+1","Dual Wield","Ghostly Armor+1","Apotheosis+1","Metallicize","Rupture+1","Metallicize"],"relics":["Black Blood","Oddly Smooth Stone","Pen Nib","Medical Kit","Orichalcum","Pocketwatch","Pear","Membership Card","Strawberry","Toy Ornithopter","Astrolabe","Brimstone","Red Mask","Bird Faced Urn","Bottled Lightning"],"acts_visited":["Exordium","TheCity","TheBeyond"],"potions_floor_usage":[31,33,33,33,50,50],"damage_taken":[{"damage":4.0,"enemies":"Small Slimes","floor":1.0,"turns":3.0},{"damage":9.0,"enemies":"Jaw Worm","floor":2.0,"turns":5.0},{"damage":0.0,"enemies":"Cultist","floor":3.0,"turns":3.0},{"damage":22.0,"enemies":"Lagavulin","floor":7.0,"turns":4.0},{"damage":5.0,"enemies":"Looter","floor":8.0,"turns":2.0},{"damage":14.0,"enemies":"3 Louse","floor":11.0,"turns":3.0},{"damage":16.0,"enemies":"Gremlin Nob","floor":14.0,"turns":3.0},{"damage":52.0,"enemies":"Hexaghost","floor":16.0,"turns":6.0},{"damage":11.0,"enemies":"Spheric Guardian","floor":18.0,"turns":3.0},{"damage":14.0,"enemies":"3 Byrds","floor":20.0,"turns":4.0},{"damage":0.0,"enemies":"Centurion and Healer","floor":21.0,"turns":1.0},{"damage":16,"enemies":"Cultist and Chosen","floor":27,"turns":3},{"damage":46,"enemies":"Shelled Parasite and Fungi","floor":29,"turns":5},{"damage":45,"enemies":"Slavers","floor":31,"turns":3},{"damage":55,"enemies":"Champ","floor":33,"turns":7},{"damage":20,"enemies":"Orb Walker","floor":35,"turns":4},{"damage":64,"enemies":"3 Shapes","floor":36,"turns":4},{"damage":33,"enemies":"Writhing Mass","floor":39,"turns":3},{"damage":38,"enemies":"3 Darklings","floor":44,"turns":5},{"damage":35,"enemies":"Nemesis","floor":46,"turns":3},{"damage":32,"enemies":"Spire Growth","floor":48,"turns":4},{"damage":80,"enemies":"Donu and Deca","floor":50,"turns":6}],"seed_played":"-7602631546150048290","potions_obtained":[{"floor":1.0,"key":"BlessingOfTheForge"},{"floor":3.0,"key":"SkillPotion"},{"floor":5.0,"key":"Fruit Juice"},{"floor":5.0,"key":"SmokeBomb"},{"floor":16.0,"key":"LiquidMemories"},{"floor":20.0,"key":"PowerPotion"},{"floor":29,"key":"BlessingOfTheForge"},{"floor":31,"key":"SkillPotion"},{"floor":33,"key":"SteroidPotion"},{"floor":36,"key":"EssenceOfSteel"},{"floor":46,"key":"Explosive Potion"}],"is_trial":false,"path_per_floor":["M","M","M","?","?","R","E","M","T","R","M","R","?","E","R","B",null,"M","?","M","M","?","R","?","R","T","M","$","M","?","E","R","B",null,"M","M","$","?","M","R","?","R","T","M","$","E","R","M","R","B",null],"character_chosen":"IRONCLAD","items_purchased":["Oddly Smooth Stone","Pen Nib","Medical Kit","Metamorphosis","Enlightenment","Fruit Juice","Demon Form","Membership Card","Apotheosis","Brimstone","Metallicize"],"campfire_rested":5,"item_purchase_floors":[0,0,0,0,0,0,28,28,37,37,45],"current_hp_per_floor":[85,82,85,90,95,95,79,80,80,80,72,72,72,62,90,44,82,83,83,85,95,95,95,89,89,99,105,105,83,90,72,105,74,103,105,56,56,56,35,69,69,103,103,83,83,66,100,104,104,54],"gold":54,"neow_bonus":"","is_daily":false,"chose_seed":false,"campfire_upgraded":6,"win_rate":0.0,"timestamp":1609070259,"path_taken":["M","M","M","?","?","R","E","M","T","R","?","R","?","E","R","BOSS","M","?","M","M","?","R","?","R","T","M","?","M","?","E","R","BOSS","M","M","$","?","M","R","?","R","T","?","?","E","R","?","R","BOSS"],"items_purchased_type":["Relic","Relic","Relic","Card","Card","Potion","Card","Relic","Card","Relic","Card"],"build_version":"2020-12-22","purchased_purges":2,"victory":true,"max_hp_per_floor":[85,85,85,90,95,95,95,95,95,95,95,95,95,95,95,95,95,95,95,95,95,95,95,95,95,105,105,105,105,112,112,112,112,112,112,115,115,115,115,115,115,115,115,115,115,115,115,115,115,115],"relic_stats":{"counters":[47,204],"Astrolabe":["Intimidate","Pommel Strike","Warcry"],"Bird Faced Urn":[30],"Black Blood":359,"Pen Nib":[29],"Orichalcum":[246],"Medical Kit":[0],"obtain_stats":[{"Singing Bowl":7,"Torii":39,"Black Blood":17,"Juzu Bracelet":22,"Ginger":41,"Boot":9,"Empty Cage":17,"Burning Blood":0,"Strawberry":43,"Red Mask":38,"Chemical X":22,"Pear":26,"Astrolabe":34,"Velvet Choker":34,"Oddly Smooth Stone":0,"Pen Nib":0,"Odd Mushroom":13,"Orichalcum":7,"Medical Kit":0,"Mercury Hourglass":46,"Brimstone":37,"Bronze Scales":3,"Bird Faced Urn":43,"Molten Egg 2":26,"Membership Card":28,"Bottled Lightning":46,"FossilizedHelix":44,"Toy Ornithopter":31,"Pocketwatch":14},{"Singing Bowl":4,"Torii":20,"Black Blood":33,"Juzu Bracelet":12,"Ginger":21,"Boot":4,"Empty Cage":8,"Burning Blood":0,"Strawberry":21,"Red Mask":42,"Chemical X":12,"Pear":36,"Astrolabe":40,"Velvet Choker":17,"Oddly Smooth Stone":25,"Pen Nib":0,"Odd Mushroom":6,"Orichalcum":29,"Medical Kit":25,"Mercury Hourglass":23,"Brimstone":42,"Bronze Scales":2,"Bird Faced Urn":43,"Molten Egg 2":13,"Membership Card":37,"Bottled Lightning":45,"FossilizedHelix":21,"Toy Ornithopter":39,"Pocketwatch":32},{"Singing Bowl":15,"Torii":87,"Black Blood":149,"Juzu Bracelet":49,"Ginger":94,"Boot":15,"Empty Cage":33,"Burning Blood":0,"Strawberry":94,"Red Mask":183,"Chemical X":49,"Pear":157,"Astrolabe":175,"Velvet Choker":75,"Oddly Smooth Stone":120,"Pen Nib":0,"Odd Mushroom":23,"Orichalcum":135,"Medical Kit":120,"Mercury Hourglass":107,"Brimstone":183,"Bronze Scales":7,"Bird Faced Urn":186,"Molten Egg 2":53,"Membership Card":160,"Bottled Lightning":194,"FossilizedHelix":94,"Toy Ornithopter":168,"Pocketwatch":143}],"Toy Ornithopter":22,"Pocketwatch":[39]},"card_choices":[{"not_picked":["Sentinel","Cleave"],"picked":"Burning Pact","floor":1.0},{"not_picked":["Wild Strike","Power Through"],"picked":"Battle Trance","floor":2.0},{"not_picked":["Rage","Heavy Blade"],"picked":"Rampage","floor":3.0},{"not_picked":["Thunderclap","Cleave"],"picked":"Fiend Fire","floor":7.0},{"not_picked":["Heavy Blade","Twin Strike"],"picked":"Bloodletting","floor":8.0},{"not_picked":["Spot Weakness","Heavy Blade"],"picked":"Inflame","floor":11.0},{"not_picked":["Pommel Strike","Fiend Fire"],"picked":"Offering","floor":14.0},{"not_picked":["Feed","Corruption"],"picked":"Reaper","floor":16.0},{"not_picked":["Clothesline","Heavy Blade","Armaments"],"picked":"SKIP","floor":18.0},{"not_picked":["Twin Strike+1","Iron Wave+1"],"picked":"Combust+1","floor":20.0},{"not_picked":["Iron Wave","Pommel Strike","Headbutt"],"picked":"SKIP","floor":27},{"not_picked":["Perfected Strike","Clothesline"],"picked":"Flame Barrier","floor":29},{"not_picked":["Dark Embrace+1","Disarm"],"picked":"Intimidate+1","floor":31},{"not_picked":["Bludgeon","Exhume"],"picked":"Feed","floor":33},{"not_picked":["Clothesline","Pommel Strike"],"picked":"Dual Wield","floor":35},{"not_picked":["Battle Trance","Intimidate+1"],"picked":"Ghostly Armor+1","floor":36},{"not_picked":["Battle Trance+1","Uppercut","Anger"],"picked":"SKIP","floor":39},{"not_picked":["Battle Trance","Wild Strike","Clothesline"],"picked":"SKIP","floor":44},{"not_picked":["True Grit+1","Shrug It Off"],"picked":"Rupture+1","floor":46},{"not_picked":["Flame Barrier","Sword Boomerang+1"],"picked":"Metallicize","floor":48}],"player_experience":258031,"relics_obtained":[{"floor":7.0,"key":"Orichalcum"},{"floor":14.0,"key":"Pocketwatch"},{"floor":26.0,"key":"Pear"},{"floor":31,"key":"Toy Ornithopter"},{"floor":43,"key":"Bird Faced Urn"},{"floor":46,"key":"Bottled Lightning"}],"event_choices":[{"damage_healed":0.0,"max_hp_gain":5.0,"max_hp_loss":0.0,"gold_gain":0.0,"event_name":"Big Fish","player_choice":"Donut","floor":4.0,"gold_loss":0.0,"damage_taken":0.0},{"damage_healed":0.0,"max_hp_gain":0.0,"max_hp_loss":0.0,"gold_gain":0.0,"event_name":"Lab","player_choice":"Got Potions","floor":5.0,"gold_loss":0.0,"damage_taken":0.0},{"damage_healed":72.0,"max_hp_gain":0.0,"max_hp_loss":95.0,"gold_gain":0.0,"event_name":"betterThird:BetterShining","player_choice":"Embrace Burn","floor":13.0,"gold_loss":0.0,"damage_taken":0.0},{"damage_healed":0.0,"max_hp_gain":0.0,"max_hp_loss":0.0,"gold_gain":0.0,"event_name":"The Library","player_choice":"Read","floor":19.0,"gold_loss":0.0,"damage_taken":0.0,"cards_obtained":["Spot Weakness"]},{"damage_healed":0.0,"max_hp_gain":0.0,"max_hp_loss":0.0,"gold_gain":0.0,"event_name":"Ghosts","player_choice":"Ignored","floor":22.0,"gold_loss":0.0,"damage_taken":0.0},{"damage_healed":0.0,"max_hp_gain":0.0,"max_hp_loss":0.0,"gold_gain":0.0,"event_name":"betterThird:BetterNest","player_choice":"Dagger","floor":24.0,"gold_loss":0.0,"damage_taken":6.0,"cards_obtained":["RitualDagger"]},{"damage_healed":0,"gold_gain":0,"player_choice":"Opened","damage_taken":0,"relics_obtained":["Strawberry"],"max_hp_gain":0,"max_hp_loss":0,"event_name":"The Mausoleum","floor":30,"gold_loss":0},{"damage_healed":0,"gold_gain":0,"player_choice":"Paid","damage_taken":0,"relics_obtained":["Red Mask"],"max_hp_gain":0,"max_hp_loss":0,"event_name":"Tomb of Lord Red Mask","floor":38,"gold_loss":21},{"damage_healed":0,"gold_gain":0,"player_choice":"Forge","damage_taken":0,"max_hp_gain":0,"max_hp_loss":0,"event_name":"Accursed Blacksmith","floor":41,"gold_loss":0,"cards_upgraded":["Apotheosis"]}],"is_beta":false,"boss_relics":[{"not_picked":["Runic Pyramid","Ectoplasm"],"picked":"Black Blood"},{"not_picked":["Snecko Eye","Runic Dome"],"picked":"Astrolabe"}],"items_purged_floors":[0,28],"is_endless":false,"potions_floor_spawned":[1,3,8,16,20,29,31,33,36,46],"ascension_level":5}}