{"host":"nptej036rrbiurf5","time":1609045284,"event":{"mods":["BaseMod","Colored Map","Colored Powertips","DeckTracker","Minty Spire (QoL Compilation)","StSLib","SuperFastMode"],"gold_per_floor":[119,138,29,46,64,64,85,101,101,136,61,136,156,187,187,187,187],"floor_reached":16,"playtime":570,"items_purged":[],"score":224,"play_id":"27762653-8328-492f-886d-7ce755e05484","local_time":"20201227140124","is_ascension_mode":true,"campfire_choices":[{"data":"Dark Embrace","floor":6,"key":"SMITH"},{"floor":15,"key":"REST"}],"circlet_count":0,"master_deck":["AscendersBane","Strike_R","Strike_R","Strike_R","Strike_R","Defend_R","Defend_R","Defend_R","Defend_R","Bash","Dark Embrace+1","Evolve","Hemokinesis","Shrug It Off","Wild Strike","Reaper","Flex","Combust","Ghostly Armor","Pummel","Flex"],"relics":["Burning Blood","Potion Belt","Odd Mushroom","StrikeDummy","MealTicket","Kunai"],"acts_visited":["Exordium"],"potions_floor_usage":[7,7,14,16,16],"damage_taken":[{"damage":7,"enemies":"Cultist","floor":1,"turns":4},{"damage":14,"enemies":"Jaw Worm","floor":2,"turns":4},{"damage":9,"enemies":"2 Louse","floor":4,"turns":2},{"damage":11,"enemies":"2 Fungi Beasts","floor":5,"turns":3},{"damage":11,"enemies":"The Mushroom Lair","floor":7,"turns":4},{"damage":15,"enemies":"3 Louse","floor":8,"turns":3},{"damage":31,"enemies":"Gremlin Nob","floor":10,"turns":4},{"damage":28,"enemies":"Gremlin Gang","floor":13,"turns":3},{"damage":28,"enemies":"3 Sentries","floor":14,"turns":6},{"damage":35,"enemies":"Hexaghost","floor":16,"turns":9}],"seed_played":"3655043541211872950","potions_obtained":[{"floor":1,"key":"Fire Potion"},{"floor":4,"key":"Swift Potion"},{"floor":5,"key":"Dexterity Potion"},{"floor":10,"key":"SpeedPotion"},{"floor":13,"key":"SteroidPotion"},{"floor":14,"key":"Ancient Potion"}],"is_trial":false,"path_per_floor":["M","M","$","M","M","R","?","M","T","E","?","?","M","E","R","B"],"character_chosen":"IRONCLAD","items_purchased":["Hemokinesis","Shrug It Off"],"campfire_rested":1,"item_purchase_floors":[3,3],"current_hp_per_floor":[67,59,59,56,51,51,50,59,59,34,34,23,17,7,29,3,3],"gold":187,"neow_bonus":"RANDOM_COMMON_RELIC","is_daily":false,"chose_seed":false,"campfire_upgraded":1,"win_rate":0.0,"timestamp":1609045284,"path_taken":["M","M","?","M","M","R","?","M","T","E","?","?","M","E","R","BOSS"],"items_purchased_type":["Card","Card"],"build_version":"2020-12-22","purchased_purges":0,"victory":false,"max_hp_per_floor":[75,75,75,75,75,75,75,75,75,75,75,75,75,75,75,75,75],"card_choices":[{"not_picked":["Clothesline","Headbutt"],"picked":"Dark Embrace","floor":1},{"not_picked":["Burning Pact","Clothesline"],"picked":"Evolve","floor":2},{"not_picked":["Shrug It Off","Inflame"],"picked":"Wild Strike","floor":4},{"not_picked":["Rupture","Body Slam"],"picked":"Reaper","floor":5},{"not_picked":["Havoc","Pummel"],"picked":"Flex","floor":7},{"not_picked":["Entrench","Anger"],"picked":"Combust","floor":8},{"not_picked":["Perfected Strike","Flex"],"picked":"Ghostly Armor","floor":10},{"not_picked":["Shrug It Off","True Grit"],"picked":"Pummel","floor":13},{"not_picked":["Clothesline","Clash","Flex"],"picked":"SKIP","floor":14},{"not_picked":["Clothesline","Clash"],"picked":"Flex","floor":14}],"player_experience":855141,"relics_obtained":[{"floor":7,"key":"Odd Mushroom"},{"floor":9,"key":"StrikeDummy"},{"floor":10,"key":"MealTicket"},{"floor":14,"key":"Kunai"}],"event_choices":[{"damage_healed":0,"gold_gain":0,"player_choice":"Fought Mushrooms","damage_taken":0,"max_hp_gain":0,"max_hp_loss":0,"event_name":"Mushrooms","floor":7,"gold_loss":0},{"cards_removed":["Strike_R"],"damage_healed":0,"gold_gain":0,"player_choice":"Card Removal","damage_taken":0,"max_hp_gain":0,"max_hp_loss":0,"event_name":"The Cleric","floor":11,"gold_loss":75},{"damage_healed":0,"gold_gain":75,"player_choice":"Gather Gold","damage_taken":11,"max_hp_gain":0,"max_hp_loss":0,"event_name":"World of Goop","floor":12,"gold_loss":0}],"is_beta":false,"boss_relics":[],"items_purged_floors":[],"is_endless":false,"potions_floor_spawned":[1,4,5,10,13,14],"killed_by":"Hexaghost","ascension_level":20}}