{"host":"6wux4armhsntp4yb","time":1609036615,"event":{"mods":["BaseMod","Colored Map","DeckTracker","Minty Spire (QoL Compilation)","Relic Stats"],"gold_per_floor":[361,372,26,26,43,43,43,78,78,78,78,103,103,113,113,190,190,161,161,8,34,34,34,34],"floor_reached":23,"playtime":1276,"items_purged":["Strike_G"],"score":390,"play_id":"13b2e9da-61f6-4c67-b62f-016512aba05e","local_time":"20201227113655","is_ascension_mode":true,"campfire_choices":[{"data":"Neutralize","floor":6.0,"key":"SMITH"},{"data":"Bouncing Flask","floor":10.0,"key":"SMITH"},{"data":"Burst","floor":13.0,"key":"SMITH"},{"data":"Well Laid Plans","floor":15,"key":"SMITH"}],"circlet_count":0,"master_deck":["AscendersBane","Strike_G","Strike_G","Defend_G","Defend_G","Defend_G+1","Defend_G+1","Defend_G","Survivor","Neutralize+1","Backstab","Bouncing Flask+1","Predator","Well Laid Plans+1","Bandage Up","Dagger Spray","Burst+1","Backflip","Wraith Form v2","Backflip","Catalyst","Deadly Poison","Blur"],"relics":["Ring of the Snake","The Courier","War Paint","FaceOfCleric","Bottled Tornado","Empty Cage","Membership Card","Red Mask"],"acts_visited":["Exordium","TheCity"],"potions_floor_usage":[18,21,23],"damage_taken":[{"damage":1.0,"enemies":"2 Louse","floor":1.0,"turns":5.0},{"damage":0.0,"enemies":"Cultist","floor":2.0,"turns":3.0},{"damage":7.0,"enemies":"Small Slimes","floor":5.0,"turns":3.0},{"damage":24.0,"enemies":"Gremlin Nob","floor":8.0,"turns":4.0},{"damage":21.0,"enemies":"3 Sentries","floor":12.0,"turns":11.0},{"damage":0.0,"enemies":"3 Louse","floor":14.0,"turns":3.0},{"damage":2,"enemies":"Hexaghost","floor":16,"turns":10},{"damage":9,"enemies":"2 Thieves","floor":18,"turns":4},{"damage":20,"enemies":"Masked Bandits","floor":21,"turns":5},{"damage":28,"enemies":"Slavers","floor":23,"turns":5}],"seed_played":"274037247322492620","potions_obtained":[{"floor":1.0,"key":"Weak Potion"},{"floor":2.0,"key":"GamblersBrew"},{"floor":12.0,"key":"Dexterity Potion"},{"floor":18,"key":"Explosive Potion"},{"floor":21,"key":"SpeedPotion"}],"is_trial":false,"path_per_floor":["M","M","$","?","M","R","?","E","T","R","?","E","R","M","R","B",null,"M","?","$","?","?","E"],"character_chosen":"THE_SILENT","items_purchased":["Predator","Well Laid Plans","Bandage Up","Membership Card","Deadly Poison"],"campfire_rested":0,"item_purchase_floors":[3,3,3,20,20],"current_hp_per_floor":[58,58,58,63,60,60,60,40,40,40,40,24,24,33,33,40,61,61,61,61,50,50,30,30],"gold":34,"neow_bonus":"TWO_FIFTY_GOLD","is_daily":false,"chose_seed":false,"campfire_upgraded":4,"win_rate":0.0,"timestamp":1609036615,"path_taken":["M","M","$","?","M","R","?","E","T","R","?","E","R","M","R","BOSS","M","?","$","?","?","E"],"items_purchased_type":["Card","Card","Card","Relic","Card"],"build_version":"2020-12-22","purchased_purges":1,"victory":false,"max_hp_per_floor":[60,60,60,65,65,65,65,65,65,65,65,66,66,67,67,68,68,69,69,69,70,70,70,70],"relic_stats":{"FaceOfCleric":5,"counters":[10,53],"War Paint":["Defend_G","Defend_G"],"obtain_stats":[{"FaceOfCleric":11,"The Courier":8,"Red Mask":21,"Membership Card":20,"War Paint":9,"Bottled Tornado":12,"Empty Cage":17,"Ring of the Snake":0},{"FaceOfCleric":4,"The Courier":4,"Red Mask":9,"Membership Card":8,"War Paint":4,"Bottled Tornado":5,"Empty Cage":7,"Ring of the Snake":0},{"FaceOfCleric":15,"The Courier":15,"Red Mask":48,"Membership Card":43,"War Paint":15,"Bottled Tornado":26,"Empty Cage":39,"Ring of the Snake":0}],"Ring of the Snake":[20]},"card_choices":[{"not_picked":["Slice","Masterful Stab"],"picked":"Backstab","floor":1.0},{"not_picked":["Dagger Spray","Blur"],"picked":"Bouncing Flask","floor":2.0},{"not_picked":["Setup","Acrobatics"],"picked":"Dagger Spray","floor":5.0},{"not_picked":["Deflect","Dodge and Roll","Prepared"],"picked":"SKIP","floor":8.0},{"not_picked":["Venomology","Slice"],"picked":"Burst","floor":12.0},{"not_picked":["Infinite Blades","Underhanded Strike"],"picked":"Backflip","floor":14},{"not_picked":["Tools of the Trade","A Thousand Cuts"],"picked":"Wraith Form v2","floor":16},{"not_picked":["Cloak And Dagger","Prepared"],"picked":"Backflip","floor":18},{"not_picked":["Unload","Dodge and Roll"],"picked":"Blur","floor":21}],"player_experience":5706680,"relics_obtained":[{"floor":8.0,"key":"The Courier"},{"floor":9.0,"key":"War Paint"},{"floor":12.0,"key":"Bottled Tornado"},{"floor":21,"key":"Red Mask"}],"event_choices":[{"damage_healed":0.0,"max_hp_gain":5.0,"max_hp_loss":0.0,"gold_gain":0.0,"event_name":"Big Fish","player_choice":"Donut","floor":4.0,"gold_loss":0.0,"damage_taken":0.0},{"damage_healed":0.0,"max_hp_gain":0.0,"max_hp_loss":0.0,"gold_gain":0.0,"event_name":"The Cleric","player_choice":"Leave","floor":7.0,"gold_loss":0.0,"damage_taken":0.0},{"damage_healed":0.0,"max_hp_gain":0.0,"max_hp_loss":0.0,"gold_gain":0.0,"event_name":"FaceTrader","player_choice":"Trade","floor":11.0,"gold_loss":0.0,"damage_taken":0.0,"relics_obtained":["FaceOfCleric"]},{"damage_healed":0,"gold_gain":0,"player_choice":"Read","damage_taken":0,"max_hp_gain":0,"max_hp_loss":0,"event_name":"The Library","floor":19,"gold_loss":0,"cards_obtained":["Catalyst"]},{"damage_healed":0,"gold_gain":0,"player_choice":"Fought Bandits","damage_taken":0,"max_hp_gain":0,"max_hp_loss":0,"event_name":"Masked Bandits","floor":21,"gold_loss":0},{"damage_healed":0,"gold_gain":0,"player_choice":"Ignored","damage_taken":0,"max_hp_gain":0,"max_hp_loss":0,"event_name":"Cursed Tome","floor":22,"gold_loss":0}],"is_beta":false,"boss_relics":[{"not_picked":["Runic Dome","Pandora\u0027s Box"],"picked":"Empty Cage"}],"items_purged_floors":[3],"is_endless":false,"potions_floor_spawned":[1,2,12,18,21],"killed_by":"Slavers","ascension_level":20}}