{"host":"7nu0fnckee4tlfez","time":1609077969,"event":{"mods":["2.2 Compatiblity","AchievementEnabler","Astrologer","BaseMod","CapriCore","Colored Map","Downfall","Lobotomy","LobotomyExtend","Marisa£¨Ùöéë¡¡Øª×âÞÞ£©","Minty Spire (QoL Compilation)","StSLib","SuperFastMode","The Immortal"],"gold_per_floor":[37,112,124,124,158,158,193,193,193,193,250,265,319,357,357,357,357],"floor_reached":16,"playtime":1419,"items_purged":[],"score":96,"play_id":"55cbd75e-aa1e-4ee4-b5c5-0b9a37cf5b97","local_time":"20201227230609","is_ascension_mode":false,"campfire_choices":[],"circlet_count":0,"master_deck":["SpecialBullet","SpecialBullet","SpecialBullet","SpecialBullet","SpecialBullet","SpecialBullet","SpecialBullet","ControlCode","DisciplinaryCode","ExtractionCode","HandOfGreed","OldLady","Heaven","Gaze","DreamingCurrent","ShyLook","SomewhereSpear","InformationCode","FieryBird","RedEyes","SpiderBud","Ecstasy","BlackSwan_ego","MeatLantern","NothingThere","Beak"],"relics":["CogitoBucket","RabbitCall","LetterFromLob","Meat on the Bone","HellTrain"],"acts_visited":["Exordium"],"potions_floor_usage":[],"damage_taken":[{"damage":0.0,"enemies":"2 Louse","floor":1.0,"turns":1.0},{"damage":6.0,"enemies":"Cultist","floor":3.0,"turns":3.0},{"damage":11.0,"enemies":"Jaw Worm","floor":5.0,"turns":2.0},{"damage":13.0,"enemies":"2 Fungi Beasts","floor":7.0,"turns":3.0},{"damage":45.0,"enemies":"Gremlin Gang","floor":11.0,"turns":5.0},{"damage":58,"enemies":"Exordium Wildlife","floor":12,"turns":15},{"damage":23,"enemies":"Exordium Thugs","floor":13,"turns":5},{"damage":5,"enemies":"Looter","floor":14,"turns":4},{"damage":107,"enemies":"The Guardian","floor":16,"turns":5}],"seed_played":"-1364589854641277119","potions_obtained":[],"is_trial":false,"path_per_floor":["M","?","M","?","M","R","M","R","T","R","M","M","M","M","R","B"],"character_chosen":"Angela","items_purchased":[],"campfire_rested":0,"item_purchase_floors":[],"current_hp_per_floor":[70,59,53,53,48,48,47,47,47,47,38,70,65,70,70,0,0],"gold":357,"neow_bonus":"RANDOM_COLORLESS_2","is_daily":false,"chose_seed":false,"campfire_upgraded":0,"win_rate":0.0,"timestamp":1609077969,"path_taken":["M","?","M","?","M","R","?","R","T","R","M","M","M","M","R","BOSS"],"items_purchased_type":[],"build_version":"2020-12-22","purchased_purges":0,"victory":false,"max_hp_per_floor":[70,70,70,70,70,70,70,70,70,70,70,70,70,70,70,70,70],"card_choices":[{"not_picked":["Magnetism","Transmutation"],"picked":"HandOfGreed","floor":0.0},{"not_picked":["VoidDream","ShyLook"],"picked":"OldLady","floor":1.0},{"not_picked":["ScreamingWedge"],"picked":"Heaven","floor":1.0},{"not_picked":["FrostShard"],"picked":"Gaze","floor":3.0},{"not_picked":["VoidDream","FairyFestival"],"picked":"DreamingCurrent","floor":3.0},{"not_picked":["Pleasure","TodaysExpression"],"picked":"SKIP","floor":3.0},{"not_picked":["SpiderBud","Bloodbath"],"picked":"ShyLook","floor":5.0},{"not_picked":["SolemnVow"],"picked":"SomewhereSpear","floor":5.0},{"not_picked":["WristCuter","Horn"],"picked":"SKIP","floor":5.0},{"not_picked":["VoidDream","GalaxyChild"],"picked":"FieryBird","floor":7.0},{"not_picked":["Loneliness","Horn"],"picked":"SKIP","floor":7.0},{"not_picked":["TodaysExpression","Pinks"],"picked":"SKIP","floor":7.0},{"not_picked":["SolemnVow"],"picked":"RedEyes","floor":11.0},{"not_picked":["WallGazer","WhitesApple"],"picked":"SpiderBud","floor":11.0},{"not_picked":["Regret_ego","CUTE"],"picked":"SKIP","floor":11.0},{"not_picked":["FourthMatchFlame"],"picked":"Ecstasy","floor":12},{"not_picked":["Penitence"],"picked":"BlackSwan_ego","floor":12},{"not_picked":["BeautyBeast","FairyFestival"],"picked":"MeatLantern","floor":13},{"not_picked":["TodaysExpression","RedEyes"],"picked":"SKIP","floor":13},{"not_picked":["RapturousDream","Loneliness"],"picked":"SKIP","floor":13},{"not_picked":["LaLuna","CherryBlossoms"],"picked":"NothingThere","floor":14},{"not_picked":["TodaysExpression"],"picked":"Beak","floor":14},{"not_picked":["RedEyes","Wingbeat"],"picked":"SKIP","floor":14}],"player_experience":49159,"relics_obtained":[{"floor":1.0,"key":"LetterFromLob"},{"floor":9.0,"key":"Meat on the Bone"}],"event_choices":[{"damage_healed":0.0,"max_hp_gain":0.0,"max_hp_loss":0.0,"gold_gain":75.0,"event_name":"World of Goop","player_choice":"Gather Gold","floor":2.0,"gold_loss":0.0,"damage_taken":11.0},{"cards_removed":["SpecialBullet"],"damage_healed":0.0,"max_hp_gain":0.0,"max_hp_loss":0.0,"gold_gain":0.0,"event_name":"Purifier","player_choice":"Purged","floor":4.0,"gold_loss":0.0,"damage_taken":0.0}],"is_beta":false,"boss_relics":[],"items_purged_floors":[],"is_endless":false,"potions_floor_spawned":[],"killed_by":"The Guardian","ascension_level":0}}