{"host":"1jyvlwrg3lqf29t2","time":1609071845,"event":{"mods":["BaseMod","Colored Powertips","Downfall","Hermit","Minty Spire (QoL Compilation)","StSLib","The Blackbeard","The Cursed","The Poker Player","TheBandit"],"gold_per_floor":[116,116,128,147,97,122,122,133,208,208,208,234,249,261,261,261,261],"floor_reached":16,"playtime":732,"items_purged":[],"score":112,"play_id":"e854969a-5e6d-4aec-b11b-f02d282abb82","local_time":"20201227062405","is_ascension_mode":false,"campfire_choices":[{"floor":7,"key":"REST"},{"data":"Vigilance","floor":10,"key":"SMITH"},{"floor":15,"key":"REST"}],"circlet_count":0,"master_deck":["Strike_P","Strike_P","Strike_P","Strike_P","Defend_P","Defend_P","Defend_P","Eruption+1","Vigilance+1","Protect","Perseverance","DevaForm"],"relics":["PureWater","MealTicket","Ginger","Letter Opener","Bag of Preparation","Nunchaku"],"acts_visited":["Exordium"],"potions_floor_usage":[16,16],"damage_taken":[{"damage":0,"enemies":"Jaw Worm","floor":1,"turns":4},{"damage":5,"enemies":"Small Slimes","floor":3,"turns":4},{"damage":0,"enemies":"2 Louse","floor":4,"turns":3},{"damage":41,"enemies":"Lagavulin","floor":6,"turns":7},{"damage":1,"enemies":"Exordium Wildlife","floor":8,"turns":4},{"damage":4,"enemies":"Gremlin Nob","floor":12,"turns":3},{"damage":8,"enemies":"Red Slaver","floor":13,"turns":6},{"damage":5,"enemies":"Looter","floor":14,"turns":4},{"damage":56,"enemies":"Hexaghost","floor":16,"turns":15}],"seed_played":"-1180625844865699623","potions_obtained":[{"floor":4,"key":"Weak Potion"},{"floor":6,"key":"Swift Potion"},{"floor":12,"key":"StancePotion"},{"floor":13,"key":"Energy Potion"}],"is_trial":false,"path_per_floor":["M","?","M","M","?","E","R","M","T","R","?","E","M","M","R","B"],"character_chosen":"WATCHER","items_purchased":[],"campfire_rested":2,"item_purchase_floors":[],"current_hp_per_floor":[72,72,67,67,67,26,47,46,46,46,34,30,22,17,38,0,0],"gold":261,"neow_bonus":"RANDOM_COMMON_RELIC","is_daily":false,"chose_seed":false,"campfire_upgraded":1,"win_rate":0.0,"timestamp":1609071845,"path_taken":["M","?","M","M","?","E","R","M","T","R","?","E","M","M","R","BOSS"],"items_purchased_type":[],"build_version":"2020-12-22","purchased_purges":0,"victory":false,"max_hp_per_floor":[72,72,72,72,72,72,72,72,72,72,72,72,72,72,72,72,72],"card_choices":[{"not_picked":["EmptyBody","Vengeance"],"picked":"Protect","floor":1},{"not_picked":["CrushJoints","Evaluate","FlurryOfBlows"],"picked":"SKIP","floor":3},{"not_picked":["Halt","Protect","FollowUp"],"picked":"SKIP","floor":4},{"not_picked":["Wallop","WheelKick"],"picked":"Perseverance","floor":6},{"not_picked":["EmptyFist","DeceiveReality","CrushJoints"],"picked":"SKIP","floor":8},{"not_picked":["BattleHymn","Pray"],"picked":"DevaForm","floor":12},{"not_picked":["Wallop","Indignation","ThirdEye"],"picked":"SKIP","floor":13},{"not_picked":["CutThroughFate","ThirdEye","BowlingBash"],"picked":"SKIP","floor":14}],"player_experience":376877,"relics_obtained":[{"floor":6,"key":"Ginger"},{"floor":9,"key":"Letter Opener"},{"floor":12,"key":"Nunchaku"}],"event_choices":[{"damage_healed":0,"gold_gain":0,"player_choice":"Grow","damage_taken":0,"max_hp_gain":0,"max_hp_loss":0,"event_name":"Living Wall","floor":2,"gold_loss":0,"cards_upgraded":["Eruption"]},{"cards_removed":["Defend_P"],"damage_healed":0,"gold_gain":0,"player_choice":"Card Removal","damage_taken":0,"max_hp_gain":0,"max_hp_loss":0,"event_name":"The Cleric","floor":5,"gold_loss":50},{"damage_healed":0,"gold_gain":0,"player_choice":"Success","damage_taken":12,"relics_obtained":["Bag of Preparation"],"max_hp_gain":0,"max_hp_loss":0,"event_name":"Scrap Ooze","floor":11,"gold_loss":0}],"is_beta":false,"boss_relics":[],"items_purged_floors":[],"is_endless":false,"potions_floor_spawned":[4,6,12,13],"killed_by":"Hexaghost","ascension_level":0}}