{"host":"873t0y8ybyo38pfq","time":1609033563,"event":{"mods":["BaseMod","Bestiary","Colored Map","Colored Powertips","Highlight Path","Minty Spire (QoL Compilation)","Quick Restart","RNG Fix","Rare Cards Sparkle","Relic Stats","StSLib"],"gold_per_floor":[109,120,120,100,100,100,136,61,84,84,97,118,118,131,131,222,285,305,326,346,346,346],"floor_reached":21,"playtime":387,"items_purged":["Regret"],"score":412,"play_id":"a696341e-4fb0-4155-9153-532f90ab5ad3","local_time":"20201226204603","is_ascension_mode":true,"campfire_choices":[{"data":"Poisoned Stab","floor":6,"key":"SMITH"},{"data":"Catalyst","floor":10,"key":"SMITH"},{"data":"Deadly Poison","floor":13,"key":"SMITH"},{"data":"Neutralize","floor":15,"key":"SMITH"}],"circlet_count":0,"master_deck":["AscendersBane","Strike_G","Strike_G","Strike_G","Strike_G","Strike_G","Defend_G","Defend_G","Defend_G","Defend_G","Defend_G","Survivor","Neutralize+1","Poisoned Stab+1","Flying Knee","Catalyst+1","Poisoned Stab","Deadly Poison+1","Acrobatics+1","Adrenaline","Backflip","Bouncing Flask","Deflect+1","After Image"],"relics":["Ring of the Snake","NeowsBlessing","Eternal Feather","Golden Idol","Dream Catcher","Smiling Mask","Tiny House"],"acts_visited":["Exordium","TheCity"],"potions_floor_usage":[16,20],"damage_taken":[{"damage":0,"enemies":"Jaw Worm","floor":1,"turns":1},{"damage":0,"enemies":"Small Slimes","floor":2,"turns":1},{"damage":0,"enemies":"Gremlin Nob","floor":7,"turns":1},{"damage":0,"enemies":"2 Louse","floor":11,"turns":3},{"damage":11,"enemies":"2 Fungi Beasts","floor":12,"turns":4},{"damage":7,"enemies":"3 Louse","floor":14,"turns":4},{"damage":29,"enemies":"Hexaghost","floor":16,"turns":6},{"damage":19,"enemies":"Shell Parasite","floor":18,"turns":4},{"damage":6,"enemies":"Spheric Guardian","floor":19,"turns":3},{"damage":7,"enemies":"Snake Plant","floor":20,"turns":5},{"damage":27,"enemies":"Snecko","floor":21,"turns":7}],"seed_played":"6253780743495294964","potions_obtained":[{"floor":1,"key":"CunningPotion"},{"floor":2,"key":"SkillPotion"},{"floor":4,"key":"AttackPotion"},{"floor":12,"key":"Poison Potion"},{"floor":17,"key":"Strength Potion"},{"floor":19,"key":"GhostInAJar"}],"is_trial":false,"path_per_floor":["M","M","?","?","?","R","E","$","T","R","M","M","R","M","R","B",null,"M","M","M","M"],"character_chosen":"THE_SILENT","items_purchased":[],"campfire_rested":0,"item_purchase_floors":[],"current_hp_per_floor":[59,59,59,59,59,60,60,60,60,60,60,49,58,51,60,31,58,39,33,26,0,0],"gold":346,"neow_bonus":"THREE_ENEMY_KILL","is_daily":false,"chose_seed":false,"campfire_upgraded":4,"win_rate":0.0,"timestamp":1609033563,"path_taken":["M","?","?","?","?","R","E","$","T","R","M","?","R","M","R","BOSS","M","M","M","M"],"items_purchased_type":[],"build_version":"2020-12-22","purchased_purges":1,"victory":false,"max_hp_per_floor":[66,66,66,66,60,60,60,60,60,60,60,60,60,60,60,60,65,65,65,65,65,65],"relic_stats":{"Dream Catcher":0,"counters":[11,39],"Golden Idol":60,"Eternal Feather":19,"Smiling Mask":0,"obtain_stats":[{"Dream Catcher":7,"Tiny House":17,"NeowsBlessing":0,"Golden Idol":5,"Eternal Feather":3,"Smiling Mask":9,"Ring of the Snake":0},{"Dream Catcher":3,"Tiny House":7,"NeowsBlessing":0,"Golden Idol":2,"Eternal Feather":2,"Smiling Mask":3,"Ring of the Snake":0},{"Dream Catcher":3,"Tiny House":20,"NeowsBlessing":0,"Golden Idol":2,"Eternal Feather":2,"Smiling Mask":3,"Ring of the Snake":0}],"Ring of the Snake":[22]},"card_choices":[{"not_picked":["Slice","Bane"],"picked":"Poisoned Stab","floor":1},{"not_picked":["Sucker Punch","Prepared"],"picked":"Flying Knee","floor":2},{"not_picked":["Dash","Prepared"],"picked":"Catalyst","floor":7},{"not_picked":["Slice","Blur"],"picked":"Poisoned Stab","floor":11},{"not_picked":["Tools of the Trade","Concentrate"],"picked":"Deadly Poison","floor":12},{"not_picked":["Dagger Spray","Blade Dance"],"picked":"Acrobatics","floor":14},{"not_picked":["Venomology","Grand Finale"],"picked":"Adrenaline","floor":16},{"not_picked":["PiercingWail","Poisoned Stab"],"picked":"Backflip","floor":17},{"not_picked":["Outmaneuver","Poisoned Stab"],"picked":"Bouncing Flask","floor":18},{"not_picked":["Dagger Spray","Endless Agony+1"],"picked":"Deflect+1","floor":19},{"not_picked":["Slice","Underhanded Strike"],"picked":"After Image","floor":20}],"player_experience":1358342,"relics_obtained":[{"floor":7,"key":"Dream Catcher"},{"floor":9,"key":"Smiling Mask"}],"event_choices":[{"damage_healed":0,"gold_gain":0,"player_choice":"Box","damage_taken":0,"relics_obtained":["Eternal Feather"],"max_hp_gain":0,"max_hp_loss":0,"event_name":"Big Fish","floor":3,"gold_loss":0,"cards_obtained":["Regret"]},{"damage_healed":0,"gold_gain":0,"player_choice":"Bought 1 Potion","damage_taken":0,"max_hp_gain":0,"max_hp_loss":0,"event_name":"The Woman in Blue","floor":4,"gold_loss":0},{"damage_healed":0,"gold_gain":0,"player_choice":"Lose Max HP","damage_taken":0,"relics_obtained":["Golden Idol"],"max_hp_gain":0,"max_hp_loss":6,"event_name":"Golden Idol","floor":5,"gold_loss":0}],"is_beta":false,"boss_relics":[{"not_picked":["Busted Crown","WristBlade"],"picked":"Tiny House"}],"items_purged_floors":[8],"is_endless":false,"potions_floor_spawned":[1,2,7,12,19],"killed_by":"Snecko","ascension_level":20}}