{"host":"hdafziggwnbzqpcb","time":1609099817,"event":{"mods":["BaseMod","Better Vampires","Colored Map","Colored Powertips","Curses Come First","Duelist Mod","GifTheSpireLib","Hero for Fun","Minty Spire (QoL Compilation)","Quick Restart","Rare Cards Sparkle","Relic Stats","Spicy Shops","StSLib","The Bug Knight","The Cursed","The Marked","The Senshi","The Wild Card","TheHero"],"gold_per_floor":[111,111,111,36,53,86,86,116,193,205,205,205,224,124,124,228,228,243,255,45,45,45,45,62,62,85,113,130,130,230,64,64,168,168,184,233,233,250,250,250],"floor_reached":39,"playtime":1846,"items_purged":["theSenshi:RoseThrow","theSenshi:SailorBlock","theSenshi:SailorKick"],"score":505,"play_id":"b58736b9-8b5a-4658-9dc5-32f30e2349d1","local_time":"20201227121017","is_ascension_mode":false,"campfire_choices":[{"data":"theSenshi:SailorBlock","floor":7,"key":"SMITH"},{"data":"theSenshi:MoonPrismPowerMakeUp","floor":11,"key":"SMITH"},{"data":"theSenshi:MoonPrincessHalation","floor":15,"key":"SMITH"},{"data":"theSenshi:MoonCrisisMakeUp","floor":23,"key":"SMITH"},{"data":"theSenshi:MoonCosmicPowerMakeUp","floor":25,"key":"SMITH"},{"data":"theSenshi:EncouragingSpeech+1","floor":32,"key":"PURGE"}],"circlet_count":0,"master_deck":["theSenshi:SailorKick+1","theSenshi:SailorKick+1","theSenshi:SailorKick+1","theSenshi:SailorBlock+1","theSenshi:SailorBlock+1","theSenshi:SailorBlock+1","theSenshi:MoonPrismPowerMakeUp+1","theSenshi:MoonsReflection","theSenshi:MoonSpiralHeartAttack","theSenshi:SailorVenusAssists","theSenshi:MoonPrincessHalation+1","theSenshi:MoonPunch","theSenshi:MoonCrisisMakeUp+1","theSenshi:SilverMoonCrystalPowerKiss","theSenshi:RainbowMoonHeartAche","theSenshi:MoonCosmicPowerMakeUp+1","theSenshi:DramaticEntrance+1","theSenshi:IWillPunishYou+1","theSenshi:MoonPunch"],"relics":["theSenshi:TransformationBroochRelic","NeowsBlessing","theSenshi:CrisisMoonCompactRelic","Pocketwatch","Letter Opener","Velvet Choker","theSenshi:RoseRelic","MealTicket","Peace Pipe","Toxic Egg 2","Membership Card","SlaversCollar","Gambling Chip"],"acts_visited":["Exordium","TheCity","TheBeyond"],"potions_floor_usage":[8,13,16,28,30,33,33,36],"damage_taken":[{"damage":0.0,"enemies":"Cultist","floor":1.0,"turns":1.0},{"damage":0,"enemies":"Jaw Worm","floor":5,"turns":1},{"damage":0,"enemies":"Gremlin Nob","floor":6,"turns":1},{"damage":34,"enemies":"Lagavulin","floor":8,"turns":8},{"damage":0,"enemies":"Small Slimes","floor":10,"turns":3},{"damage":0,"enemies":"Exordium Thugs","floor":13,"turns":4},{"damage":0,"enemies":"Slime Boss","floor":16,"turns":6},{"damage":7,"enemies":"Shell Parasite","floor":18,"turns":3},{"damage":0,"enemies":"Chosen","floor":19,"turns":3},{"damage":14,"enemies":"Snake Plant","floor":24,"turns":4},{"damage":4,"enemies":"theDuelist:KaibaA2","floor":27,"turns":4},{"damage":10,"enemies":"Centurion and Healer","floor":28,"turns":5},{"damage":0,"enemies":"Colosseum Slavers","floor":30,"turns":3},{"damage":3,"enemies":"Colosseum Nobs","floor":30,"turns":3},{"damage":32,"enemies":"Automaton","floor":33,"turns":6},{"damage":31,"enemies":"3 Shapes","floor":35,"turns":4},{"damage":40,"enemies":"2 Orb Walkers","floor":36,"turns":4},{"damage":0,"enemies":"Orb Walker","floor":38,"turns":2},{"damage":8,"enemies":"3 Darklings","floor":39,"turns":1}],"seed_played":"1558012857580904538","potions_obtained":[{"floor":5,"key":"SteroidPotion"},{"floor":12,"key":"SteroidPotion"},{"floor":12,"key":"Regen Potion"},{"floor":12,"key":"ColorlessPotion"},{"floor":13,"key":"Ancient Potion"},{"floor":16,"key":"Ancient Potion"},{"floor":27,"key":"LiquidMemories"},{"floor":30,"key":"GamblersBrew"},{"floor":33,"key":"AttackPotion"},{"floor":35,"key":"DuplicationPotion"},{"floor":38,"key":"SneckoOil"}],"is_trial":false,"path_per_floor":["M","T","?","$","M","E","R","E","T","M","R","?","M","$","R","B",null,"M","M","$","?","?","R","M","R","T","E","M","?","?","$","R","B",null,"M","?","?","M","M"],"character_chosen":"THE_SENSHI","items_purchased":["theSenshi:MoonCosmicPowerMakeUp","Membership Card","theSenshi:EncouragingSpeech+1"],"campfire_rested":0,"item_purchase_floors":[20,31,31],"current_hp_per_floor":[75,75,75,75,75,75,75,41,41,41,41,41,53,53,53,53,75,68,68,68,68,68,68,54,54,54,50,40,40,37,52,52,20,75,44,4,4,4,0,0],"gold":250,"neow_bonus":"THREE_ENEMY_KILL","is_daily":false,"chose_seed":false,"campfire_upgraded":5,"win_rate":0.0,"timestamp":1609099817,"path_taken":["M","?","?","$","?","E","R","E","T","M","R","?","M","$","R","BOSS","M","M","$","?","?","R","M","R","T","E","M","?","?","?","R","BOSS","M","?","?","?","M"],"items_purchased_type":["Card","Relic","Card"],"build_version":"2020-12-22","purchased_purges":3,"victory":false,"max_hp_per_floor":[75,75,75,75,75,75,75,75,75,75,75,75,75,75,75,75,75,75,75,75,75,75,75,75,75,75,75,75,75,75,75,75,75,75,75,75,75,75,75,75],"relic_stats":{"Peace Pipe":1,"counters":[19,66],"Gambling Chip":[2],"MealTicket":15,"Letter Opener":[10],"obtain_stats":[{"theSenshi:CrisisMoonCompactRelic":6,"NeowsBlessing":0,"Velvet Choker":17,"Letter Opener":9,"Peace Pipe":30,"SlaversCollar":34,"theSenshi:TransformationBroochRelic":0,"Gambling Chip":36,"theSenshi:RoseRelic":26,"MealTicket":27,"Membership Card":31,"Toxic Egg 2":30,"Pocketwatch":8},{"theSenshi:CrisisMoonCompactRelic":3,"NeowsBlessing":0,"Velvet Choker":7,"Letter Opener":4,"Peace Pipe":14,"SlaversCollar":15,"theSenshi:TransformationBroochRelic":0,"Gambling Chip":17,"theSenshi:RoseRelic":10,"MealTicket":11,"Membership Card":14,"Toxic Egg 2":14,"Pocketwatch":4},{"theSenshi:CrisisMoonCompactRelic":3,"NeowsBlessing":0,"Velvet Choker":24,"Letter Opener":11,"Peace Pipe":49,"SlaversCollar":55,"theSenshi:TransformationBroochRelic":0,"Gambling Chip":63,"theSenshi:RoseRelic":34,"MealTicket":38,"Membership Card":49,"Toxic Egg 2":49,"Pocketwatch":11}],"Pocketwatch":[30]},"card_choices":[{"not_picked":["theSenshi:SailorChibiMoonAssists","theSenshi:TuxedoMaskAssists"],"picked":"theSenshi:MoonsReflection","floor":1.0},{"not_picked":["theSenshi:TallSilhouette","theSenshi:MoonSpiralHeartAttack","theSenshi:UranusStrength"],"picked":"SKIP","floor":5},{"not_picked":["theSenshi:TallSilhouette","theSenshi:UranusStrength"],"picked":"theSenshi:MoonSpiralHeartAttack","floor":5},{"not_picked":["theSenshi:TuxedoSmokingBomber","theSenshi:MoonSpiralHeartAttack"],"picked":"theSenshi:SailorVenusAssists","floor":6},{"not_picked":["theSenshi:LunasBite","theSenshi:SchoolBag"],"picked":"theSenshi:MoonPrincessHalation","floor":8},{"not_picked":["theSenshi:OdangoHead","theSenshi:MoonTiaraMagic"],"picked":"theSenshi:MoonPunch","floor":10},{"not_picked":["theSenshi:MoonPrincessHalation","theSenshi:SupersonicWaves"],"picked":"theSenshi:MoonCrisisMakeUp","floor":13},{"not_picked":["theSenshi:ChibiMoonsLove","theSenshi:StudyParty"],"picked":"theSenshi:SilverMoonCrystalPowerKiss","floor":16},{"not_picked":["theSenshi:SaturnsMystery","theSenshi:KlutzyLuck","theSenshi:OdangoHead+1"],"picked":"SKIP","floor":18},{"not_picked":["theSenshi:TallSilhouette","theSenshi:MoonsReflection+1"],"picked":"theSenshi:RainbowMoonHeartAche","floor":19},{"not_picked":["theSenshi:TuxedoSmokingBomber","theSenshi:MoonsReflection","theSenshi:MoonKick"],"picked":"SKIP","floor":24},{"not_picked":["theSenshi:EncouragingSpeech+1","theSenshi:MoonCrisisMakeUp+1","theSenshi:YouCanTalk"],"picked":"SKIP","floor":27},{"not_picked":["theSenshi:MoonsReflection","theSenshi:InTheNickOfTime","theSenshi:GatheringStrength+1"],"picked":"SKIP","floor":28},{"not_picked":["theSenshi:SailorStarMakerAssists+1","theSenshi:TuxedoSmokingBomber"],"picked":"theSenshi:DramaticEntrance+1","floor":30},{"not_picked":["theSenshi:ChibiMoonsLove+1","theSenshi:GlimpseOfThePast"],"picked":"theSenshi:IWillPunishYou+1","floor":33},{"not_picked":["theSenshi:MoonKick+1","theSenshi:MoonsReflection+1"],"picked":"theSenshi:MoonPunch","floor":35},{"not_picked":["theSenshi:SchoolBag+1","theSenshi:SupersonicWaves+1","theSenshi:LunaWiseMentor+1"],"picked":"SKIP","floor":38}],"player_experience":644965,"relics_obtained":[{"floor":6,"key":"theSenshi:CrisisMoonCompactRelic"},{"floor":8,"key":"Pocketwatch"},{"floor":9,"key":"Letter Opener"},{"floor":26,"key":"theSenshi:RoseRelic"},{"floor":27,"key":"MealTicket"},{"floor":30,"key":"Peace Pipe"},{"floor":30,"key":"Toxic Egg 2"},{"floor":36,"key":"Gambling Chip"}],"event_choices":[{"damage_healed":0,"gold_gain":0,"player_choice":"0 cards matched","damage_taken":0,"max_hp_gain":0,"max_hp_loss":0,"event_name":"Match and Keep!","floor":3,"gold_loss":0,"cards_obtained":[]},{"damage_healed":0,"gold_gain":0,"player_choice":"Got Potions","damage_taken":0,"max_hp_gain":0,"max_hp_loss":0,"event_name":"Lab","floor":12,"gold_loss":0},{"damage_healed":0,"gold_gain":0,"player_choice":"Ignored","damage_taken":0,"max_hp_gain":0,"max_hp_loss":0,"event_name":"The Mausoleum","floor":21,"gold_loss":0},{"damage_healed":0,"gold_gain":0,"player_choice":"Simplicity","damage_taken":0,"max_hp_gain":0,"max_hp_loss":0,"event_name":"Back to Basics","floor":22,"gold_loss":0,"cards_upgraded":["theSenshi:SailorKick","theSenshi:SailorKick","theSenshi:SailorKick","theSenshi:SailorBlock","theSenshi:SailorBlock"]},{"damage_healed":0,"gold_gain":0,"player_choice":"Ignored","damage_taken":0,"max_hp_gain":0,"max_hp_loss":0,"event_name":"Cursed Tome","floor":29,"gold_loss":0},{"damage_healed":0,"gold_gain":0,"player_choice":"Fight","damage_taken":0,"max_hp_gain":0,"max_hp_loss":0,"event_name":"Colosseum","floor":30,"gold_loss":0},{"damage_healed":0,"gold_gain":0,"player_choice":"Fought Nobs","damage_taken":0,"max_hp_gain":0,"max_hp_loss":0,"event_name":"Colosseum","floor":30,"gold_loss":0},{"damage_healed":0,"gold_gain":0,"player_choice":"Fight","damage_taken":0,"max_hp_gain":0,"max_hp_loss":0,"event_name":"Mysterious Sphere","floor":36,"gold_loss":0},{"damage_healed":0,"gold_gain":0,"player_choice":"Ignored","damage_taken":0,"max_hp_gain":0,"max_hp_loss":0,"event_name":"NoteForYourself","floor":37,"gold_loss":0}],"is_beta":false,"boss_relics":[{"not_picked":["Sozu","Astrolabe"],"picked":"Velvet Choker"},{"not_picked":["SacredBark","Pandora\u0027s Box"],"picked":"SlaversCollar"}],"items_purged_floors":[4,14,20],"is_endless":false,"potions_floor_spawned":[5,13,16,27,30,33,35,38],"killed_by":"3 Darklings","ascension_level":0}}