{"host":"12lnwhc48gjtaggg","time":1609079541,"event":{"mods":["Aspiration","BaseMod","BetterRewards","Gold Saver","GungeonMod","Infinite Spire","Minty Spire (QoL Compilation)","Remove Card Discount Mod","Shop Mod","StSLib","Trackpad","[IsaacMod]????"],"gold_per_floor":[113,70,70,87,107,107,122,132,132,132,167,167,183,183,183,287,287,301,301,318,334,352,352,368,385,464,338,353,363,363,381,381,479,479,490,490,540,552,552,583,583,494,494,528,528,528],"floor_reached":45,"playtime":2621,"items_purged":["Strike_B","Defend_B","ElectricPowerLearning","Ball Lightning","Strike_B","Defend_B","Strike_B","Defend_B"],"score":739,"play_id":"1eaeab76-4c39-4d10-a770-03efeb5cdc45","local_time":"20201227143221","is_ascension_mode":true,"campfire_choices":[{"data":"1","floor":6,"key":"LIFT"},{"data":"2","floor":10,"key":"LIFT"},{"floor":15,"key":"REST"},{"floor":23,"key":"REST"},{"floor":30,"key":"REST"},{"data":"infinitespire:Execution","floor":32,"key":"SMITH"},{"data":"Madness","floor":41,"key":"SMITH"}],"circlet_count":0,"master_deck":["Strike_B","Defend_B","Zap","Dualcast","Conserve Battery","Streamline","Sweeping Beam","Flash of Steel","Cold Snap","Gash","Melter","infinitespire:Execution+1","Leap","Capacitor","Self Repair+1","Ball Lightning+1","Madness+1","Madness","Storm+1","Ball Lightning+1","Echo Form","White Noise+1"],"relics":["PureWater","HushsDoor","SteamSale","Blue Candle","DemoMod:NanoMachines","Girya","DemoMod:BigBoy","MoneyPower","infinitespire:Cubic Diamond","Nuclear Battery","GuppysTail","DemoMod:OrangeGuonStone","infinitespire:BottledMercury","aspiration:Stellarator","Du-Vu Doll","Dead Branch","aspiration:Nostalgia","Burning Blood","aspiration:SeaSaltIceCream","Damocles","PreservedInsect","Blood Vial"],"acts_visited":["Exordium","TheCity","TheBeyond"],"potions_floor_usage":[16,24,25,29,33,33,40],"damage_taken":[{"damage":0,"enemies":"2 Louse","floor":1,"turns":2},{"damage":0,"enemies":"Small Slimes","floor":4,"turns":3},{"damage":0,"enemies":"Cultist","floor":5,"turns":2},{"damage":0,"enemies":"Looter","floor":7,"turns":3},{"damage":6,"enemies":"3 Louse","floor":8,"turns":2},{"damage":20,"enemies":"Lagavulin","floor":11,"turns":5},{"damage":0,"enemies":"2 Fungi Beasts","floor":13,"turns":2},{"damage":0,"enemies":"Slime Boss","floor":16,"turns":3},{"damage":0,"enemies":"Spheric Guardian","floor":18,"turns":2},{"damage":13,"enemies":"2 Thieves","floor":20,"turns":3},{"damage":21,"enemies":"Shelled Parasite and Fungi","floor":21,"turns":3},{"damage":15,"enemies":"Snecko","floor":22,"turns":5},{"damage":1,"enemies":"Centurion and Healer","floor":24,"turns":7},{"damage":7,"enemies":"Snake Plant","floor":25,"turns":2},{"damage":3,"enemies":"Snecko","floor":28,"turns":4},{"damage":10,"enemies":"Shelled Parasite and Fungi","floor":29,"turns":5},{"damage":0,"enemies":"Cultist and Chosen","floor":31,"turns":4},{"damage":4,"enemies":"Champ","floor":33,"turns":7},{"damage":7,"enemies":"3 Shapes","floor":35,"turns":3},{"damage":8,"enemies":"Mind Bloom Boss Battle","floor":37,"turns":7},{"damage":0,"enemies":"Orb Walker","floor":38,"turns":3},{"damage":0,"enemies":"Reptomancer","floor":40,"turns":4},{"damage":1,"enemies":"Giant Head","floor":44,"turns":5},{"damage":9,"enemies":"Jaw Worm Horde","floor":45,"turns":2}],"seed_played":"7029681811783498761","potions_obtained":[{"floor":5,"key":"Fire Potion"},{"floor":8,"key":"Dexterity Potion"},{"floor":13,"key":"LiquidBronze"},{"floor":21,"key":"PotionOfCapacity"},{"floor":22,"key":"Block Potion"},{"floor":28,"key":"Dexterity Potion"},{"floor":31,"key":"LiquidMemories"},{"floor":33,"key":"Block Potion"},{"floor":40,"key":"ColorlessPotion"}],"is_trial":false,"path_per_floor":["M","$","?","M","M","R","M","M","T","R","E","?","M","?","R","B",null,"M","?","M","M","M","R","M","M","T","$","M","M","R","M","R","B",null,"M","?","?","M","?","E","R","$","T","E","M"],"character_chosen":"DEFECT","items_purchased":["Blue Candle","Conserve Battery","Girya","Streamline","Flash of Steel","GuppysTail","infinitespire:BottledMercury","aspiration:Nostalgia"],"campfire_rested":3,"item_purchase_floors":[0,0,0,0,2,17,27,42],"current_hp_per_floor":[59,59,67,67,67,67,67,61,61,61,41,41,41,22,44,44,65,65,65,52,31,16,35,34,27,27,27,24,24,43,53,53,59,65,65,57,59,59,59,65,65,65,65,65,0,0],"gold":528,"neow_bonus":"","is_daily":false,"chose_seed":false,"campfire_upgraded":2,"win_rate":0.0,"timestamp":1609079541,"path_taken":["M","$","?","M","M","R","?","M","T","R","E","?","M","?","R","BOSS","M","?","?","M","M","R","M","M","T","$","M","M","R","M","R","BOSS","M","?","?","M","?","E","R","$","T","E","M"],"items_purchased_type":["Relic","Card","Relic","Card","Card","Relic","Relic","Relic"],"build_version":"2020-12-22","purchased_purges":8,"victory":false,"max_hp_per_floor":[75,75,75,75,75,75,75,75,75,75,75,75,75,75,75,75,65,65,65,65,65,65,65,65,65,65,65,65,65,65,65,65,65,65,65,65,65,65,65,65,65,65,65,65,65,65],"card_choices":[{"not_picked":["Steam","Streamline"],"picked":"Sweeping Beam","floor":1},{"not_picked":["Go for the Eyes","Chill"],"picked":"Ball Lightning","floor":4},{"not_picked":["Self Repair","Thunder Strike"],"picked":"Cold Snap","floor":5},{"not_picked":["Stack","Reprogram","Turbo"],"picked":"SKIP","floor":7},{"not_picked":["Coolheaded","Sweeping Beam","Skim"],"picked":"SKIP","floor":8},{"not_picked":["Rainbow","Hologram"],"picked":"Gash","floor":11},{"not_picked":["Auto Shields","Barrage"],"picked":"Melter","floor":13},{"not_picked":["infinitespire:Gouge","infinitespire:SealOfDarkness+"],"picked":"infinitespire:Execution","floor":14},{"not_picked":["Biased Cognition","Rainbow"],"picked":"ElectricPowerLearning","floor":16},{"not_picked":["Fan","Sunder","Leap"],"picked":"SKIP","floor":18},{"not_picked":["Sweeping Beam","Melter","Compile Driver"],"picked":"SKIP","floor":20},{"not_picked":["Hologram","Meteor Strike"],"picked":"Leap","floor":21},{"not_picked":["Lockon","FTL","Go for the Eyes"],"picked":"SKIP","floor":22},{"not_picked":["Steam+1","Rebound","Go for the Eyes"],"picked":"SKIP","floor":24},{"not_picked":["Heatsinks","Steam"],"picked":"Capacitor","floor":25},{"not_picked":["Gash","Rebound"],"picked":"Self Repair+1","floor":28},{"not_picked":["Reboot","Stack","Compile Driver"],"picked":"SKIP","floor":29},{"not_picked":["Blizzard","Coolheaded","Compile Driver"],"picked":"SKIP","floor":31},{"not_picked":["Cold Snap","Compile Driver"],"picked":"Ball Lightning+1","floor":35},{"not_picked":["Ball Lightning","Streamline"],"picked":"Storm+1","floor":37},{"not_picked":["Streamline","Force Field"],"picked":"Ball Lightning+1","floor":38},{"not_picked":["Go for the Eyes+1","Ball Lightning+1"],"picked":"Echo Form","floor":40},{"not_picked":["Heatsinks","Chaos+1"],"picked":"White Noise+1","floor":44}],"player_experience":337312,"relics_obtained":[{"floor":9,"key":"DemoMod:BigBoy"},{"floor":11,"key":"MoneyPower"},{"floor":26,"key":"DemoMod:OrangeGuonStone"},{"floor":37,"key":"Du-Vu Doll"},{"floor":40,"key":"Dead Branch"},{"floor":43,"key":"aspiration:SeaSaltIceCream"},{"floor":44,"key":"PreservedInsect"},{"floor":44,"key":"Blood Vial"}],"event_choices":[{"damage_healed":0,"gold_gain":0,"player_choice":"Embrace Madness","damage_taken":8,"max_hp_gain":0,"max_hp_loss":0,"event_name":"Winding Halls","floor":36,"gold_loss":0,"cards_obtained":["Madness","Madness"]},{"damage_healed":0,"gold_gain":0,"player_choice":"Fight","damage_taken":0,"max_hp_gain":0,"max_hp_loss":0,"event_name":"MindBloom","floor":37,"gold_loss":0},{"damage_healed":0,"gold_gain":0,"player_choice":"Ignored","damage_taken":0,"max_hp_gain":0,"max_hp_loss":0,"event_name":"Tomb of Lord Red Mask","floor":39,"gold_loss":0}],"is_beta":false,"boss_relics":[{"not_picked":["Velvet Choker","Runic Pyramid"],"picked":"Nuclear Battery"},{"not_picked":[]},{"not_picked":["trackpad:Trackpad","aspiration:FutureDiary"],"picked":"aspiration:Stellarator"},{"not_picked":[]}],"items_purged_floors":[27,27,42,42,42,42,42,42],"is_endless":false,"potions_floor_spawned":[5,8,13,21,22,28,31,33,40],"killed_by":"Jaw Worm Horde","ascension_level":1}}