{"host":"dfw6edahkz448cbz","time":1609113350,"event":{"mods":["BaseMod","Better Silent Start","Block Reminder","Gold Saver","Minty Spire (QoL Compilation)","StSLib","everything is the same but u backflip on backflip"],"gold_per_floor":[116,135,60,60,71,103,120,135,135,135,148,208,225,241,241,342,342,353,363,223,233,233,233],"floor_reached":22,"playtime":1013,"items_purged":["Strike_R","Strike_R"],"score":223,"play_id":"59c0fdd3-7b29-40d2-be2d-629cbb727ee1","local_time":"20201227165550","is_ascension_mode":true,"campfire_choices":[{"floor":15.0,"key":"REST"}],"circlet_count":0,"master_deck":["Strike_R","Strike_R","Strike_R","Defend_R","Defend_R","Defend_R","Defend_R","Bash","Headbutt","Thunderclap+1","Armaments","Juggernaut","Fire Breathing","Barricade","Power Through","Fire Breathing","Entrench"],"relics":["Burning Blood","Pen Nib","Potion Belt","SsserpentHead","Mark of Pain"],"acts_visited":[],"potions_floor_usage":[],"damage_taken":[{"damage":8.0,"enemies":"Jaw Worm","floor":1.0,"turns":4.0},{"damage":1.0,"enemies":"Cultist","floor":2.0,"turns":3.0},{"damage":7.0,"enemies":"Small Slimes","floor":5.0,"turns":3.0},{"damage":26.0,"enemies":"3 Sentries","floor":6.0,"turns":8.0},{"damage":13.0,"enemies":"Blue Slaver","floor":7.0,"turns":3.0},{"damage":11.0,"enemies":"2 Fungi Beasts","floor":8.0,"turns":4.0},{"damage":14.0,"enemies":"Exordium Thugs","floor":11.0,"turns":4.0},{"damage":16.0,"enemies":"3 Louse","floor":12.0,"turns":2.0},{"damage":12.0,"enemies":"Large Slime","floor":13.0,"turns":5.0},{"damage":24.0,"enemies":"Blue Slaver","floor":14.0,"turns":5.0},{"damage":35.0,"enemies":"Slime Boss","floor":16.0,"turns":6.0},{"damage":42.0,"enemies":"Shell Parasite","floor":18.0,"turns":8.0},{"damage":22.0,"enemies":"Chosen","floor":19.0,"turns":5.0},{"damage":29.0,"enemies":"Sentry and Sphere","floor":21.0,"turns":5.0},{"damage":16,"enemies":"Snake Plant","floor":22,"turns":1}],"seed_played":"4541268053447155026","potions_obtained":[{"floor":2.0,"key":"EssenceOfSteel"},{"floor":7.0,"key":"EntropicBrew"},{"floor":8.0,"key":"PowerPotion"},{"floor":12.0,"key":"BlessingOfTheForge"},{"floor":13.0,"key":"DistilledChaos"},{"floor":18.0,"key":"SpeedPotion"},{"floor":21.0,"key":"Explosive Potion"}],"is_trial":false,"path_per_floor":["M","M","$","?","M","E","M","M","T","?","M","M","M","M","R","B",null,"M","M","$","M","M"],"character_chosen":"IRONCLAD","items_purchased":["Fire Breathing"],"campfire_rested":1,"item_purchase_floors":[20],"current_hp_per_floor":[86,88,88,88,87,67,60,55,55,55,47,37,31,13,39,10,88,52,36,36,13,0,0],"gold":233,"neow_bonus":"TEN_PERCENT_HP_BONUS","is_daily":false,"chose_seed":false,"campfire_upgraded":0,"win_rate":0.0,"timestamp":1609113350,"path_taken":["M","M","$","?","M","E","?","M","T","?","M","?","M","M","R","BOSS","M","M","$","M","M"],"items_purchased_type":["Card"],"build_version":"2020-12-22","purchased_purges":2,"victory":false,"max_hp_per_floor":[88,88,88,88,88,88,88,88,88,88,88,88,88,88,88,88,88,88,88,88,88,88,88],"card_choices":[{"not_picked":["Clash","Power Through"],"picked":"Headbutt","floor":1.0},{"not_picked":["Hemokinesis","Reckless Charge"],"picked":"Thunderclap","floor":2.0},{"not_picked":["True Grit","Sentinel"],"picked":"Armaments","floor":5.0},{"not_picked":["Flex","Thunderclap","Burning Pact"],"picked":"SKIP","floor":6.0},{"not_picked":["Headbutt","Rampage"],"picked":"Juggernaut","floor":7.0},{"not_picked":["Inflame","Uppercut","Perfected Strike"],"picked":"SKIP","floor":8.0},{"not_picked":["True Grit","Flex"],"picked":"Fire Breathing","floor":11.0},{"not_picked":["Flex","Rampage","Sword Boomerang"],"picked":"SKIP","floor":12.0},{"not_picked":["Warcry","Headbutt","Armaments"],"picked":"SKIP","floor":13.0},{"not_picked":["Sword Boomerang","Metallicize","Rampage"],"picked":"SKIP","floor":14.0},{"not_picked":["Demon Form","Double Tap"],"picked":"Barricade","floor":16.0},{"not_picked":["Burning Pact","Warcry+1","Twin Strike+1"],"picked":"SKIP","floor":18.0},{"not_picked":["Dropkick","Inflame"],"picked":"Power Through","floor":19.0},{"not_picked":["Infernal Blade","Disarm"],"picked":"Entrench","floor":21.0}],"player_experience":136353,"relics_obtained":[{"floor":6.0,"key":"Pen Nib"},{"floor":9.0,"key":"Potion Belt"}],"event_choices":[{"damage_healed":0.0,"max_hp_gain":0.0,"max_hp_loss":0.0,"gold_gain":0.0,"event_name":"Accursed Blacksmith","player_choice":"Forge","floor":4.0,"gold_loss":0.0,"damage_taken":0.0,"cards_upgraded":["Thunderclap"]},{"damage_healed":0.0,"max_hp_gain":0.0,"max_hp_loss":0.0,"gold_gain":0.0,"event_name":"FaceTrader","player_choice":"Trade","floor":10.0,"gold_loss":0.0,"damage_taken":0.0,"relics_obtained":["SsserpentHead"]}],"is_beta":false,"boss_relics":[{"not_picked":["Black Star","Sozu"],"picked":"Mark of Pain"}],"items_purged_floors":[3,20],"is_endless":false,"potions_floor_spawned":[2,7,8,12,13,18,21],"killed_by":"Snake Plant","ascension_level":3}}