{"host":"fne7yx97fnz7kq05","time":1609105581,"event":{"mods":["BaseMod","Colored Map","Colored Powertips","Highlight Path","Minty Spire (QoL Compilation)","Relic Stats"],"gold_per_floor":[113,127,87,105,117,117,147,147,218,231,256,270,270,302,302,302,302],"floor_reached":16,"playtime":875,"items_purged":[],"score":238,"play_id":"f0c2fd7f-a94f-43cc-91f1-32b2469dbd33","local_time":"20201227154621","is_ascension_mode":true,"campfire_choices":[{"data":"Blade Dance","floor":6,"key":"SMITH"},{"floor":8,"key":"REST"},{"data":"Quick Slash","floor":13,"key":"SMITH"},{"floor":15,"key":"REST"}],"circlet_count":0,"master_deck":["AscendersBane","Strike_G","Strike_G","Strike_G","Strike_G","Strike_G","Defend_G","Defend_G","Defend_G","Defend_G","Defend_G","Survivor","Neutralize","Blade Dance+1","Endless Agony","Quick Slash+1","Dagger Throw","Crippling Poison","Dodge and Roll","Sucker Punch"],"relics":["Ring of the Snake","Peace Pipe","White Beast Statue","Pen Nib","Bag of Marbles"],"acts_visited":["Exordium"],"potions_floor_usage":[7,10,11,12,16,16],"damage_taken":[{"damage":0,"enemies":"2 Louse","floor":1,"turns":2},{"damage":1,"enemies":"Cultist","floor":2,"turns":4},{"damage":2,"enemies":"Jaw Worm","floor":4,"turns":3},{"damage":18,"enemies":"3 Louse","floor":5,"turns":4},{"damage":15,"enemies":"Lagavulin","floor":7,"turns":5},{"damage":0,"enemies":"2 Fungi Beasts","floor":10,"turns":2},{"damage":6,"enemies":"Gremlin Nob","floor":11,"turns":3},{"damage":14,"enemies":"Exordium Wildlife","floor":12,"turns":5},{"damage":16,"enemies":"3 Sentries","floor":14,"turns":7},{"damage":36,"enemies":"Slime Boss","floor":16,"turns":6}],"seed_played":"5018168500361980875","potions_obtained":[{"floor":3,"key":"Strength Potion"},{"floor":3,"key":"CultistPotion"},{"floor":7,"key":"BlessingOfTheForge"},{"floor":10,"key":"SkillPotion"},{"floor":11,"key":"SneckoOil"},{"floor":12,"key":"SpeedPotion"},{"floor":14,"key":"Energy Potion"}],"is_trial":false,"path_per_floor":["M","M","?","M","M","R","E","R","T","M","E","M","R","E","R","B"],"character_chosen":"THE_SILENT","items_purchased":[],"campfire_rested":2,"item_purchase_floors":[],"current_hp_per_floor":[65,64,64,62,44,44,29,50,50,50,44,30,30,14,35,0,0],"gold":302,"neow_bonus":"TEN_PERCENT_HP_BONUS","is_daily":false,"chose_seed":false,"campfire_upgraded":2,"win_rate":0.0,"timestamp":1609105581,"path_taken":["M","M","?","?","M","R","E","R","T","M","E","M","R","E","R","BOSS"],"items_purchased_type":[],"build_version":"2020-12-22","purchased_purges":0,"victory":false,"max_hp_per_floor":[72,72,72,72,72,72,72,72,72,72,72,72,72,72,72,72,72],"relic_stats":{"Peace Pipe":0,"counters":[10,41],"Pen Nib":[6],"obtain_stats":[{"Peace Pipe":7,"Pen Nib":11,"Bag of Marbles":14,"White Beast Statue":9,"Ring of the Snake":0},{"Peace Pipe":5,"Pen Nib":7,"Bag of Marbles":9,"White Beast Statue":5,"Ring of the Snake":0},{"Peace Pipe":18,"Pen Nib":23,"Bag of Marbles":35,"White Beast Statue":18,"Ring of the Snake":0}],"Ring of the Snake":[22]},"card_choices":[{"not_picked":["Sucker Punch","PiercingWail"],"picked":"Blade Dance","floor":1},{"not_picked":["Dagger Throw","Escape Plan"],"picked":"Endless Agony","floor":2},{"not_picked":["Catalyst","Unload"],"picked":"Quick Slash","floor":4},{"not_picked":["Bane","Reflex"],"picked":"Dagger Throw","floor":5},{"not_picked":["Tactician","Skewer"],"picked":"Crippling Poison","floor":7},{"not_picked":["Riddle With Holes","Underhanded Strike","Deflect"],"picked":"SKIP","floor":10},{"not_picked":["Riddle With Holes","Underhanded Strike","Deflect"],"picked":"SKIP","floor":10},{"not_picked":["Deadly Poison","Endless Agony"],"picked":"Dodge and Roll","floor":11},{"not_picked":["Masterful Stab","PiercingWail","Crippling Poison"],"picked":"SKIP","floor":12},{"not_picked":["Endless Agony","Catalyst"],"picked":"Sucker Punch","floor":14}],"player_experience":252326,"relics_obtained":[{"floor":7,"key":"Peace Pipe"},{"floor":9,"key":"White Beast Statue"},{"floor":11,"key":"Pen Nib"},{"floor":14,"key":"Bag of Marbles"}],"event_choices":[{"damage_healed":0,"gold_gain":0,"player_choice":"Bought 3 Potions","damage_taken":0,"max_hp_gain":0,"max_hp_loss":0,"event_name":"The Woman in Blue","floor":3,"gold_loss":0}],"is_beta":false,"boss_relics":[],"items_purged_floors":[],"is_endless":false,"potions_floor_spawned":[5,7,10,11,12,14],"killed_by":"Slime Boss","ascension_level":19}}