{"host":"ixtszv54kd1m8623","time":1609084536,"event":{"mods":["Act Like it!","Aspiration","Bard","BaseMod","Beaked The Cultist","ChefMod","Colored Map","Colored Powertips","Conspire","Downfall","Gensokyo","Halation","Hermit","Hubris","Infinite Spire","Jorbs\u0027s Wanderer Trilogy","Minty Spire (QoL Compilation)","Replay The Spire","Robot Space Explorer","Shade Mod","StSLib","The Blackbeard","The Bug Knight","The Cursed","The Disciple","The Dragon Tamer","The Marked","The Runesmith","The Servant 0.9.4"],"gold_per_floor":[99,118,129,129,156,156,236,249,267,267,267,542,554,581,597,694,694,694,694,694,694,714,734,758,784,57,157,157,2,2,20,34,129,129,129,148,168,216,227,239,239,251,251,251,261,272,44,57,70,70],"floor_reached":51,"playtime":3440,"items_purged":["Regret"],"score":723,"play_id":"ae643634-5941-4dbf-8d0e-c2bed3d6ded3","local_time":"20201227075536","is_ascension_mode":false,"campfire_choices":[{"data":"Slimebound:Split","floor":1,"key":"SMITH"},{"data":"Slimebound:CorrosiveSpit","floor":11,"key":"SMITH"},{"data":"Slimebound:LeadByExample","floor":18,"key":"SMITH"},{"data":"Slimebound:SelfFormingGoo","floor":28,"key":"SMITH"},{"floor":30,"key":"REST"},{"data":"Slimebound:Chomp","floor":35,"key":"SMITH"},{"data":"Slimebound:ProtectTheBoss","floor":44,"key":"SMITH"}],"circlet_count":0,"master_deck":["Slimebound:Strike_Slimebound","Slimebound:Strike_Slimebound","Slimebound:Strike_Slimebound","Slimebound:Tackle","Slimebound:Defend_Slimebound","Slimebound:Defend_Slimebound","Slimebound:Defend_Slimebound","Slimebound:Defend_Slimebound","Slimebound:Split+1","Slimebound:CorrosiveSpit+1","Slimebound:GrowthPunch","Slimebound:Nibble","Slimebound:SpikyOuterGoop","Slimebound:LeechingTouch","Slimebound:LeechEnergy","Slimebound:LeadByExample+1","Slimebound:SplitMire","Slimebound:LeechLife","Slimebound:SplitLeeching+1","Slimebound:GoopTackle","Slimebound:SplitBruiser","Slimebound:SelfFormingGoo+1","Slimebound:SpikyOuterGoop","Slimebound:ServeAndProtect+1","Dark Shackles+1","Slimebound:FinishingTackle","Slimebound:ServeAndProtect+1","Replay:SS_hec_4","Slimebound:Prepare+1","Slimebound:Chomp+1","Slimebound:RainOfGoop+1","Slimebound:DouseInSlime+1","Slimebound:GoopSpray+1","Slimebound:LevelUp+1","Slimebound:RollThrough+1","Slimebound:ProtectTheBoss+1","Slimebound:SamplingLick+1","Slimebound:RainOfGoop+1","Slimebound:Nibble+1","Slimebound:SplitBruiser+1","Slimebound:DivideAndConquer+1","Slimebound:GoopSpray+1","Mayhem","Slimebound:SplitAcid+1","Slimebound:LeechEnergy"],"relics":["Slimebound:AbsorbEndCombat","Slimebound:AggressiveSlimeRelic","Kunai","Quantum Egg","Runesmith:UraniumAnvil","Oddly Smooth Stone","Dream Catcher","MawBank","Toxic Egg 2","Shuriken","downfall:GremlinWheel","Coffee Dripper","hubris:MedicalManual","Sundial","Bag of Preparation"],"acts_visited":["Exordium","TheCity","TheBeyond"],"potions_floor_usage":[13,14,16,16,16,16,27,33,40,42,48,50,50],"damage_taken":[{"damage":9,"enemies":"Jaw Worm","floor":2,"turns":3},{"damage":12,"enemies":"2 Louse","floor":3,"turns":3},{"damage":8,"enemies":"conspire:RoseBush","floor":8,"turns":2},{"damage":23,"enemies":"3 Louse","floor":9,"turns":4},{"damage":17,"enemies":"Red Slaver","floor":13,"turns":3},{"damage":37,"enemies":"3 Sentries","floor":14,"turns":6},{"damage":19,"enemies":"Lots of Slimes","floor":15,"turns":4},{"damage":40,"enemies":"downfall:Ironclad","floor":16,"turns":6},{"damage":0,"enemies":"Chosen","floor":19,"turns":1},{"damage":22,"enemies":"Shell Parasite","floor":22,"turns":4},{"damage":25,"enemies":"conspire:HollyBat","floor":23,"turns":6},{"damage":30,"enemies":"conspire:Head Lice","floor":25,"turns":5},{"damage":21,"enemies":"downfall:FleeingMerchant","floor":26,"turns":4},{"damage":39,"enemies":"downfall:FleeingMerchant","floor":27,"turns":4},{"damage":12,"enemies":"downfall:FleeingMerchant","floor":29,"turns":4},{"damage":59,"enemies":"3 Cultists","floor":31,"turns":7},{"damage":20,"enemies":"Centurion and Healer","floor":32,"turns":7},{"damage":32,"enemies":"downfall:Defect","floor":33,"turns":10},{"damage":29,"enemies":"3 Shapes","floor":36,"turns":3},{"damage":25,"enemies":"Orb Walker","floor":37,"turns":4},{"damage":50,"enemies":"2 Orb Walkers","floor":38,"turns":5},{"damage":26,"enemies":"Maw","floor":39,"turns":7},{"damage":46,"enemies":"Spire Growth","floor":40,"turns":5},{"damage":20,"enemies":"Transient","floor":42,"turns":5},{"damage":25,"enemies":"Jaw Worm Horde","floor":45,"turns":4},{"damage":32,"enemies":"Sphere and 2 Shapes","floor":46,"turns":5},{"damage":42,"enemies":"downfall:FleeingMerchant","floor":47,"turns":4},{"damage":29,"enemies":"3 Darklings","floor":48,"turns":2},{"damage":35,"enemies":"Jaw Worm Horde","floor":49,"turns":4},{"damage":35,"enemies":"downfall:Watcher","floor":50,"turns":6}],"seed_played":"-3460839999858187721","potions_obtained":[{"floor":2,"key":"Fire Potion"},{"floor":6,"key":"DuplicationPotion"},{"floor":6,"key":"EntropicBrew"},{"floor":15,"key":"Adrenaline Potion"},{"floor":16,"key":"Languid Potion"},{"floor":27,"key":"Energy Potion"},{"floor":31,"key":"BlessingOfTheForge"},{"floor":39,"key":"champ:CounterPotion"},{"floor":40,"key":"Slimebound:SlimedPotion"},{"floor":45,"key":"Strength Potion"},{"floor":48,"key":"Weak Potion"}],"is_trial":false,"path_per_floor":["R","M","M","?","T","?","T","M","M","?","R","?","M","E","M","B",null,"R","M","T","?","M","M","T","E","$","?","R","$","R","M","M","B",null,"R","M","M","?","M","M","T","M","T","R","M","M","$","M","M","B",null],"character_chosen":"SLIMEBOUND","items_purchased":["Toxic Egg 2","Shuriken","Slimebound:ServeAndProtect+1","Dark Shackles+1","Slimebound:ServeAndProtect+1","Replay:SS_hec_4","Slimebound:GoopSpray+1","Mayhem"],"campfire_rested":1,"item_purchase_floors":[26,26,26,26,29,29,47,47],"current_hp_per_floor":[66,66,65,65,65,65,65,65,58,65,65,65,66,45,42,50,66,66,66,66,47,59,66,66,66,66,47,47,63,66,43,66,66,66,66,65,49,27,47,25,25,66,66,66,66,66,62,57,62,66],"gold":70,"neow_bonus":"TEN_PERCENT_HP_BONUS","is_daily":false,"chose_seed":false,"campfire_upgraded":6,"win_rate":0.0,"timestamp":1609084536,"path_taken":["R","M","M","?","?","?","T","?","M","?","R","?","M","E","M","BOSS","R","M","?","?","?","?","T","E","$","?","R","?","R","M","M","BOSS","R","M","M","?","M","M","T","M","?","R","M","?","?","M","M","BOSS"],"items_purchased_type":["Relic","Relic","Card","Card","Card","Card","Card","Card"],"build_version":"2020-12-22","purchased_purges":1,"victory":true,"max_hp_per_floor":[66,66,66,66,66,66,66,66,66,66,66,66,66,66,66,66,66,66,66,66,66,66,66,66,66,66,66,66,66,66,66,66,66,66,66,66,66,66,66,66,66,66,66,66,66,66,66,66,66,66],"card_choices":[{"not_picked":["Slimebound:ServeAndProtect","Slimebound:LevelUp"],"picked":"Slimebound:GrowthPunch","floor":2},{"not_picked":["Slimebound:DivideAndConquer","Slimebound:PressTheAttack"],"picked":"Slimebound:Nibble","floor":3},{"not_picked":["Slimebound:SplitLeeching","Slimebound:PressTheAttack"],"picked":"Slimebound:SpikyOuterGoop","floor":8},{"not_picked":["Slimebound:SplitMire","Slimebound:SplitLeeching"],"picked":"Slimebound:LeechingTouch","floor":9},{"not_picked":["Slimebound:RollThrough","Slimebound:SplitMire"],"picked":"Slimebound:LeechEnergy","floor":13},{"not_picked":["Slimebound:WasteNot","Slimebound:GrowthPunch"],"picked":"Slimebound:LeadByExample","floor":14},{"not_picked":["Slimebound:Nibble","Slimebound:DivideAndConquer"],"picked":"Slimebound:SplitMire","floor":15},{"not_picked":["Slimebound:Overexert","Slimebound:Teamwork"],"picked":"Slimebound:LeechLife","floor":16},{"not_picked":["Slimebound:SplitAcid","Slimebound:LeechingTouch"],"picked":"Slimebound:SplitLeeching+1","floor":19},{"not_picked":["Slimebound:ServeAndProtect","Slimebound:Prepare+1"],"picked":"Slimebound:GoopTackle","floor":22},{"not_picked":["Slimebound:SplitLeeching","Slimebound:SplitAcid"],"picked":"Slimebound:SplitBruiser","floor":23},{"not_picked":["Slimebound:Chomp+1","Slimebound:SamplingLick"],"picked":"Slimebound:SelfFormingGoo","floor":25},{"not_picked":["Slimebound:LeadByExample","Slimebound:ForwardTackle+1"],"picked":"Slimebound:SpikyOuterGoop","floor":26},{"not_picked":["Slimebound:Dissolve+1","Slimebound:ViciousTackle+1"],"picked":"Slimebound:FinishingTackle","floor":29},{"not_picked":["Slimebound:ComboTackle","Slimebound:SplitLeeching+1"],"picked":"Slimebound:Prepare+1","floor":30},{"not_picked":["Slimebound:LeechEnergy","Slimebound:Nibble"],"picked":"Slimebound:Chomp","floor":31},{"not_picked":["Slimebound:Repurpose+1","Slimebound:SplitLeeching+1"],"picked":"Slimebound:RainOfGoop+1","floor":32},{"not_picked":["Slimebound:DuplicatedForm","Slimebound:MassRepurpose+1"],"picked":"Slimebound:DouseInSlime+1","floor":33},{"not_picked":["Slimebound:ViciousTackle+1","Slimebound:LeechEnergy+1"],"picked":"Slimebound:GoopSpray+1","floor":36},{"not_picked":["Slimebound:Grow+1","Slimebound:SpikyOuterGoop"],"picked":"Slimebound:LevelUp+1","floor":37},{"not_picked":["Slimebound:SplitLeeching+1","Slimebound:ViciousTackle+1"],"picked":"Slimebound:RollThrough+1","floor":38},{"not_picked":["Slimebound:TongueLash","Slimebound:SplitMire+1"],"picked":"Slimebound:ProtectTheBoss","floor":39},{"not_picked":["Slimebound:DisruptingSlam+1","Slimebound:GrowthPunch"],"picked":"Slimebound:SamplingLick+1","floor":40},{"not_picked":["Slimebound:MegaLick+1","Slimebound:FirmFortitude"],"picked":"Slimebound:RainOfGoop+1","floor":42},{"not_picked":["Slimebound:Dissolve+1","Slimebound:PressTheAttack"],"picked":"Slimebound:Nibble+1","floor":45},{"not_picked":["Slimebound:BestDefense","Slimebound:LeechEnergy"],"picked":"Slimebound:SplitBruiser+1","floor":46},{"not_picked":["Slimebound:ServeAndProtect+1","Slimebound:GrowthPunch+1"],"picked":"Slimebound:DivideAndConquer+1","floor":47},{"not_picked":["Slimebound:Prepare+1","Slimebound:GrowthPunch+1"],"picked":"Slimebound:SplitAcid+1","floor":48},{"not_picked":["Slimebound:SplitLeeching+1","Slimebound:GrowthPunch+1"],"picked":"Slimebound:LeechEnergy","floor":49}],"player_experience":151058,"relics_obtained":[{"floor":5,"key":"Slimebound:AggressiveSlimeRelic"},{"floor":7,"key":"Kunai"},{"floor":14,"key":"Quantum Egg"},{"floor":20,"key":"Oddly Smooth Stone"},{"floor":24,"key":"Dream Catcher"},{"floor":25,"key":"MawBank"},{"floor":27,"key":"downfall:GremlinWheel"},{"floor":38,"key":"hubris:MedicalManual"},{"floor":41,"key":"Sundial"},{"floor":43,"key":"Bag of Preparation"}],"event_choices":[{"damage_healed":0,"gold_gain":0,"player_choice":"Got Potions","damage_taken":0,"max_hp_gain":0,"max_hp_loss":0,"event_name":"Lab","floor":6,"gold_loss":0},{"damage_healed":0,"gold_gain":0,"player_choice":"Fight","damage_taken":0,"max_hp_gain":0,"max_hp_loss":0,"event_name":"Mysterious Sphere","floor":38,"gold_loss":0}],"is_beta":false,"boss_relics":[{"not_picked":["hubris:BlackHole","conspire:SlowCooker"],"picked":"Runesmith:UraniumAnvil"},{"not_picked":["aspiration:IroncladSkillbook","aspiration:WatcherSkillbook"],"picked":"Coffee Dripper"}],"items_purged_floors":[26],"is_endless":false,"potions_floor_spawned":[2,15,16,27,31,32,39,40,45,48],"ascension_level":0}}