{"host":"i0m9g0siyue4991n","time":1609075570,"event":{"mods":["ATMod(阿瑾Mod)","Act Like it!","BaseMod","BetterRewards","CapriCore","Challenge The Spire","Custom Start","Decade(王小明)","Friendly Minions","Gensokyo","KinomotoSakuraMod(木之本樱)","Minty Spire (QoL Compilation)","Quick Restart","RumiaBox-露米娅的神秘盒子","StSLib","The Animator","The Immortal","TheWitcher"],"gold_per_floor":[116,135,60,60,72,72,92,92,119,69,86,103,113,127,127,224,224,234,234,262,361,373,373,390,390,413,413,427,183,183,200,200,303,303,321,341,16,34,34,64,76,104,104,104,104,132,132,166,166,166,166,166,37,69,69,69,69],"floor_reached":55,"playtime":2428,"items_purged":["MokouMod:Strike","MokouMod:Strike","MokouMod:Strike","MokouMod:Strike"],"score":1263,"play_id":"329f33a6-8d93-4c7a-9bfe-2f295678a5f0","local_time":"20201227212610","is_ascension_mode":true,"campfire_choices":[{"data":"MokouMod:FujiyamaVolcano","floor":6.0,"key":"SMITH"},{"data":"AT_FamilyPortrait","floor":8.0,"key":"SMITH"},{"data":"MokouMod:EnchantingBambooForest","floor":15.0,"key":"SMITH"},{"data":"MokouMod:Rekindle","floor":23.0,"key":"SMITH"},{"data":"MokouMod:PhoenixFeathers","floor":25.0,"key":"SMITH"},{"floor":30.0,"key":"REST"},{"data":"MokouMod:PhoenixFeathers","floor":32.0,"key":"SMITH"},{"floor":45.0,"key":"REST"},{"data":"MokouMod:Extinguish","floor":47.0,"key":"SMITH"},{"floor":49.0,"key":"RECALL"},{"floor":52.0,"key":"REST"}],"circlet_count":0,"master_deck":["MokouMod:Defend","MokouMod:Defend","MokouMod:Defend","MokouMod:HeatSpark+1","AT_FamilyPortrait+1","MokouMod:ProfanedFlare","MokouMod:FujiyamaVolcano+1","MokouMod:PhoenixFeathers+1","MokouMod:BurningDraft","MokouMod:EnchantingBambooForest+1","MokouMod:Rekindle+1","CurseOfTheBell","MokouMod:BurningDraft+1","Writhe","MokouMod:FujiyamaVolcano+1","MokouMod:PhoenixFeathers+1","Ghostly","Ghostly","Ghostly","Ghostly","Ghostly","MokouMod:IgnitionBarrier","MokouMod:Extinguish+1","MokouMod:Firecracker+1","MokouMod:ControlledCombustion+1","MokouMod:RisingSunBarrier"],"relics":["MokouMod:PhoenixFeather","AT_ATBox","Pen Nib","Calling Bell","AT_GoldPhoenixTree","GodSword6","AT_ChloranthyRing","Art of War","Red Mask","Nunchaku","Strange Spoon","Philosopher\u0027s Stone","Toy Ornithopter","Bag of Marbles","Smiling Mask","Dream Catcher","MealTicket","Du-Vu Doll","Calipers","Whetstone"],"acts_visited":["Exordium","TheCity","TheBeyond","TheEnding"],"potions_floor_usage":[55,55],"damage_taken":[{"damage":1.0,"enemies":"Cultist","floor":1.0,"turns":3.0},{"damage":6.0,"enemies":"2 Louse","floor":2.0,"turns":2.0},{"damage":11.0,"enemies":"Small Slimes","floor":5.0,"turns":3.0},{"damage":33.0,"enemies":"Exordium Thugs","floor":7.0,"turns":4.0},{"damage":12.0,"enemies":"Looter","floor":11.0,"turns":3.0},{"damage":0.0,"enemies":"Large Slime","floor":12.0,"turns":3.0},{"damage":10.0,"enemies":"3 Louse","floor":13.0,"turns":2.0},{"damage":7.0,"enemies":"Exordium Wildlife","floor":14.0,"turns":2.0},{"damage":0.0,"enemies":"Slime Boss","floor":16.0,"turns":3.0},{"damage":3.0,"enemies":"Spheric Guardian","floor":18.0,"turns":4.0},{"damage":28.0,"enemies":"Masked Bandits","floor":20.0,"turns":4.0},{"damage":45.0,"enemies":"Chosen","floor":22.0,"turns":5.0},{"damage":3.0,"enemies":"Centurion and Healer","floor":24.0,"turns":5.0},{"damage":9.0,"enemies":"Snake Plant","floor":28.0,"turns":3.0},{"damage":18.0,"enemies":"Chosen and Byrds","floor":31.0,"turns":6.0},{"damage":0.0,"enemies":"Automaton","floor":33.0,"turns":7.0},{"damage":0.0,"enemies":"3 Darklings","floor":35.0,"turns":3.0},{"damage":6.0,"enemies":"3 Shapes","floor":36.0,"turns":9.0},{"damage":0.0,"enemies":"Writhing Mass","floor":38.0,"turns":5.0},{"damage":18.0,"enemies":"Nemesis","floor":40.0,"turns":16.0},{"damage":15.0,"enemies":"3 Darklings","floor":41.0,"turns":7.0},{"damage":3.0,"enemies":"Giant Head","floor":42.0,"turns":7.0},{"damage":0.0,"enemies":"Reptomancer","floor":46.0,"turns":7.0},{"damage":4.0,"enemies":"Nemesis","floor":48.0,"turns":5.0},{"damage":27.0,"enemies":"Time Eater","floor":50.0,"turns":11.0},{"damage":6.0,"enemies":"Shield and Spear","floor":54.0,"turns":5.0},{"damage":55,"enemies":"The Heart","floor":55,"turns":2}],"seed_played":"-7195096630629332722","potions_obtained":[{"floor":2.0,"key":"Fire Potion"},{"floor":5.0,"key":"Weak Potion"},{"floor":11.0,"key":"FearPotion"},{"floor":16.0,"key":"SkillPotion"},{"floor":20.0,"key":"LiquidMemories"},{"floor":24.0,"key":"Block Potion"},{"floor":28.0,"key":"FearPotion"},{"floor":31.0,"key":"EntropicBrew"},{"floor":38.0,"key":"Regen Potion"},{"floor":42.0,"key":"EssenceOfSteel"},{"floor":48.0,"key":"SmokeBomb"}],"is_trial":false,"path_per_floor":["M","M","$","?","M","R","M","R","T","?","M","M","M","M","R","B",null,"M","?","?","?","M","R","M","R","T","?","M","$","R","M","R","B",null,"M","M","$","M","?","E","M","E","T","?","R","E","R","E","R","B",null,"R","$","E","B"],"character_chosen":"MKU","items_purchased":["Strange Spoon","Toy Ornithopter","PowerPotion","MokouMod:RisingSunBarrier"],"campfire_rested":3,"item_purchase_floors":[29,37,37,53],"current_hp_per_floor":[67,61,61,49,41,41,8,8,8,8,4,10,19,12,12,12,62,59,59,31,31,19,19,16,16,16,16,7,7,18,9,9,9,32,32,26,26,31,31,33,18,15,15,15,26,31,31,34,34,7,30,37,37,37,0,0,0],"gold":69,"neow_bonus":"ONE_RANDOM_RARE_CARD","is_daily":false,"chose_seed":false,"campfire_upgraded":7,"win_rate":0.0,"timestamp":1609075570,"path_taken":["M","M","?","?","M","R","M","R","T","?","M","M","M","M","R","BOSS","M","?","?","?","M","R","M","R","T","?","?","?","R","M","R","BOSS","M","M","$","M","?","E","M","E","T","?","R","E","R","E","R","BOSS","R","$","E","BOSS"],"items_purchased_type":["Relic","Relic","Potion","Card"],"build_version":"2020-12-22","purchased_purges":4,"victory":false,"max_hp_per_floor":[75,75,75,75,78,78,78,78,78,78,78,78,78,78,78,78,78,78,78,78,78,78,78,78,78,78,39,39,39,39,39,39,39,39,39,39,39,39,37,37,37,37,37,37,37,37,37,37,37,37,37,37,37,37,37,37,37],"card_choices":[{"not_picked":["MokouMod:Singe","MokouMod:Overheat"],"picked":"MokouMod:FujiyamaVolcano","floor":1.0},{"not_picked":["MokouMod:InfernalWave","MokouMod:ResoluteFlare","MokouMod:ShiftIgnition"],"picked":"SKIP","floor":2.0},{"not_picked":["MokouMod:AdaptivePyromancy","MokouMod:TemporalFireSeal"],"picked":"MokouMod:PhoenixFeathers","floor":5.0},{"not_picked":["MokouMod:FlickeringFlame","MokouMod:UncontrollableSolarReaction"],"picked":"MokouMod:BurningDraft","floor":7.0},{"not_picked":["MokouMod:FlareStarter","MokouMod:SearingShot"],"picked":"MokouMod:EnchantingBambooForest","floor":11.0},{"not_picked":["MokouMod:BurningDraft","MokouMod:ImperishableFlame","MokouMod:Ember"],"picked":"SKIP","floor":12.0},{"not_picked":["MokouMod:ScorchingColumn","MokouMod:UncontrollableSolarReaction","MokouMod:CrimsonArmoury"],"picked":"SKIP","floor":13.0},{"not_picked":["MokouMod:ShiftIgnition","MokouMod:TemporalFireSeal"],"picked":"MokouMod:Rekindle","floor":14.0},{"not_picked":["MokouMod:EternalBurstReactor","MokouMod:IndiscriminateIgnition"],"picked":"MokouMod:BurningDraft+1","floor":18.0},{"not_picked":["MokouMod:GuidingSmoke","MokouMod:BurningDraft"],"picked":"MokouMod:FujiyamaVolcano","floor":20.0},{"not_picked":["MokouMod:RetainTemperature","MokouMod:BlazingComet","MokouMod:Meltdown"],"picked":"SKIP","floor":22.0},{"not_picked":["MokouMod:Combust+1","MokouMod:ImperishableFlame"],"picked":"MokouMod:PhoenixFeathers","floor":24.0},{"not_picked":["MokouMod:EternalBurstReactor+1","MokouMod:TemporalFireSeal+1","MokouMod:GuidingSmoke"],"picked":"SKIP","floor":28.0},{"not_picked":["MokouMod:UncontrollableSolarReaction","MokouMod:IndiscriminateIgnition"],"picked":"MokouMod:IgnitionBarrier","floor":31.0},{"not_picked":["MokouMod:PhoenixForm","MokouMod:SacredFire"],"picked":"MokouMod:Extinguish","floor":33.0},{"not_picked":["MokouMod:TemporalFireSeal","MokouMod:FlamingFireTalons+1","MokouMod:IgnitionBarrier+1"],"picked":"SKIP","floor":35.0},{"not_picked":["MokouMod:Overheat","MokouMod:Stoke","MokouMod:Wildfire+1"],"picked":"SKIP","floor":36.0},{"not_picked":["MokouMod:ResoluteFlare+1","MokouMod:PhoenixFeathers+1"],"picked":"MokouMod:Firecracker+1","floor":38.0},{"not_picked":["MokouMod:Trailblazer","MokouMod:TemporalFireSeal","MokouMod:EternalBurstReactor+1"],"picked":"SKIP","floor":40.0},{"not_picked":["MokouMod:InfernalWave","MokouMod:Singe","MokouMod:UncontrollableSolarReaction+1"],"picked":"SKIP","floor":41.0},{"not_picked":["MokouMod:Combust","MokouMod:WarmUp+1"],"picked":"MokouMod:ControlledCombustion+1","floor":42.0},{"not_picked":["MokouMod:BlazingComet+1","MokouMod:Fireball","MokouMod:FlamingFireTalons+1"],"picked":"SKIP","floor":46.0},{"not_picked":["MokouMod:Sear","MokouMod:Meltdown","MokouMod:Refresh+1"],"picked":"SKIP","floor":48.0},{"not_picked":["MokouMod:IgnitionBarrier","MokouMod:RoaringFlare","MokouMod:Overheat+1"],"picked":"SKIP","floor":54.0}],"player_experience":550940,"relics_obtained":[{"floor":17.0,"key":"AT_GoldPhoenixTree"},{"floor":17.0,"key":"GodSword6"},{"floor":17.0,"key":"AT_ChloranthyRing"},{"floor":20.0,"key":"Red Mask"},{"floor":26.0,"key":"Nunchaku"},{"floor":40.0,"key":"Bag of Marbles"},{"floor":42.0,"key":"Smiling Mask"},{"floor":43.0,"key":"Dream Catcher"},{"floor":46.0,"key":"MealTicket"},{"floor":48.0,"key":"Du-Vu Doll"},{"floor":48.0,"key":"Calipers"},{"floor":54.0,"key":"Whetstone"}],"event_choices":[{"damage_healed":0.0,"max_hp_gain":0.0,"max_hp_loss":0.0,"gold_gain":0.0,"event_name":"Scrap Ooze","player_choice":"Success","floor":4.0,"gold_loss":0.0,"damage_taken":12.0,"relics_obtained":["Pen Nib"]},{"cards_removed":["MokouMod:Defend"],"damage_healed":0.0,"max_hp_gain":0.0,"max_hp_loss":0.0,"gold_gain":0.0,"event_name":"The Cleric","player_choice":"Card Removal","floor":10.0,"gold_loss":50.0,"damage_taken":0.0},{"damage_healed":0.0,"max_hp_gain":0.0,"max_hp_loss":0.0,"gold_gain":0.0,"event_name":"The Mausoleum","player_choice":"Opened","floor":19.0,"gold_loss":0.0,"damage_taken":0.0,"relics_obtained":["Art of War"],"cards_obtained":["Writhe"]},{"damage_healed":0.0,"max_hp_gain":0.0,"max_hp_loss":0.0,"gold_gain":0.0,"event_name":"Masked Bandits","player_choice":"Fought Bandits","floor":20.0,"gold_loss":0.0,"damage_taken":0.0},{"damage_healed":0.0,"max_hp_gain":0.0,"max_hp_loss":0.0,"gold_gain":99.0,"event_name":"Nest","player_choice":"Stole From Cult","floor":21.0,"gold_loss":0.0,"damage_taken":0.0},{"damage_healed":0.0,"max_hp_gain":0.0,"max_hp_loss":39.0,"gold_gain":0.0,"event_name":"Ghosts","player_choice":"Became a Ghost","floor":27.0,"gold_loss":0.0,"damage_taken":0.0,"cards_obtained":["Ghostly","Ghostly","Ghostly","Ghostly","Ghostly"]},{"damage_healed":0.0,"max_hp_gain":0.0,"max_hp_loss":2.0,"gold_gain":0.0,"event_name":"Winding Halls","player_choice":"Max HP","floor":39.0,"gold_loss":0.0,"damage_taken":0.0},{"cards_removed":["MokouMod:Strike"],"damage_healed":0.0,"max_hp_gain":0.0,"max_hp_loss":0.0,"gold_gain":0.0,"event_name":"Falling","player_choice":"Removed Attack","floor":44.0,"gold_loss":0.0,"damage_taken":0.0}],"is_beta":false,"boss_relics":[{"not_picked":["EasyGame_NEW","Fusion Hammer"],"picked":"Calling Bell"},{"not_picked":["Cursed Key","Black Star"],"picked":"Philosopher\u0027s Stone"}],"items_purged_floors":[3,29,37,53],"is_endless":false,"potions_floor_spawned":[2,5,11,16,20,24,28,31,38,42,48],"killed_by":"The Heart","ascension_level":9}}