{"host":"c59zqhrgluvxuu0k","time":1609057270,"event":{"mods":["BaseMod","Better Altar","Better Third Choice","BetterRewards","Colored Map","Colored Powertips","Curses Come First","Downfall","Duelist Mod","Friendly Minions","Hermit","Hubris","Minty Spire (QoL Compilation)","Replay The Spire","Shop Mod","Spicy Shops","StSLib","The Administrix","The Blackbeard","The Cursed","The Death Knight","The Dragon Tamer","The Druid","The Jungle","The Marked","The Runesmith","The Wild Card"],"gold_per_floor":[109,121,121,25,25,25,50,83,106,126,29,59,75,92,92,197,197,212,212,212,224,238,265,265,265,265,281,316,316,147,157,157,254,254,274,291,341,356,368,696,696,95,95,120,136,136,136],"floor_reached":46,"playtime":5283,"items_purged":["Normality"],"score":755,"play_id":"a07513ed-6909-41b8-9fc1-cbb82a96ad94","local_time":"20201227012110","is_ascension_mode":false,"campfire_choices":[{"data":"theMarked:BanishingStrike","floor":6,"key":"SMITH"},{"data":"theMarked:GodGivenPower","floor":15,"key":"SMITH"},{"data":"theMarked:Challenge","floor":24,"key":"SMITH"},{"data":"theMarked:HeritageOfTheMarked","floor":29,"key":"SMITH"},{"floor":32,"key":"RECALL"}],"circlet_count":0,"master_deck":["theMarked:Strike+1","theMarked:Strike+1","theMarked:Strike+1","theMarked:Strike+1","theMarked:Defend+1","theMarked:Defend+1","theMarked:Defend+1","theMarked:Defend+1","theMarked:SoldierOfQuellstein","theMarked:ReduceFriction","theMarked:Aftermath+1","theMarked:BanishingStrike+1","Pot Of Greed","theMarked:StartUp","theMarked:BanishingWave","ReplayTheSpireMod:Splinters","theMarked:GodGivenPower+1","theMarked:Seal","theMarked:TwofoldDefense","theMarked:FavorableWinds","theMarked:Challenge+1","theMarked:ParalyzingBlade+1","theMarked:HeritageOfTheMarked+1","theMarked:BanishingStrike","theMarked:Overcharge","Pot Of Greed","Decay","theMarked:Levitate","expansioncontent:DashGenerateEvil","theMarked:TwofoldDefense+1","theMarked:BindingBlade","theMarked:WardOff+1","theMarked:HeritageOfTheMarked","theMarked:Generate+1","theMarked:ComboAttacks","theMarked:Challenge","theMarked:EnhancedHearing","Pot Of Greed","theMarked:DeterminationOfTheMarked"],"relics":["theMarked:ArtifactOfAir","NeowsBlessing","ReplayTheSpireMod:TigerMarble","Grinning Jar","ReplayTheSpireMod:CursedCoin","hexamod:BolsterEngine","hubris:CrystalStatue","Coffee Dripper","Pen Nib","Replay:Bottled Steam","Dream Catcher","SlaversCollar","hubris:MedicalManual","Old Coin","Pear","BargainBundle","Simple Rune","theMarked:VonisonLock","Blue Candle","Peace Pipe"],"acts_visited":["Exordium","TheCity","TheBeyond"],"potions_floor_usage":[16,16,16,16,16,23,27,28,31,31,31,33,33,36,38,39,40,44],"damage_taken":[{"damage":0,"enemies":"Jaw Worm","floor":1,"turns":1},{"damage":0,"enemies":"Cultist","floor":2,"turns":1},{"damage":0,"enemies":"Replay:BlueRogue","floor":8,"turns":1},{"damage":2,"enemies":"2 Louse","floor":10,"turns":3},{"damage":0,"enemies":"Gremlin Nob","floor":12,"turns":2},{"damage":0,"enemies":"Looter","floor":13,"turns":3},{"damage":0,"enemies":"Blue Slaver","floor":14,"turns":2},{"damage":0,"enemies":"Fading Forest","floor":16,"turns":11},{"damage":0,"enemies":"3 Byrds","floor":18,"turns":4},{"damage":0,"enemies":"Spheric Guardian","floor":21,"turns":3},{"damage":0,"enemies":"3 Cultists","floor":22,"turns":2},{"damage":0,"enemies":"theDuelist:KaibaA2","floor":23,"turns":2},{"damage":7,"enemies":"Centurion and Healer","floor":27,"turns":3},{"damage":0,"enemies":"Book of Stabbing","floor":28,"turns":2},{"damage":5,"enemies":"Sentry and Sphere","floor":31,"turns":4},{"damage":13,"enemies":"hubris:MusketHawk","floor":33,"turns":6},{"damage":9,"enemies":"3 Shapes","floor":35,"turns":4},{"damage":0,"enemies":"3 Darklings","floor":36,"turns":5},{"damage":0,"enemies":"Mind Bloom Boss Battle","floor":37,"turns":6},{"damage":4,"enemies":"Writhing Mass","floor":38,"turns":4},{"damage":26,"enemies":"Jaw Worm Horde","floor":39,"turns":4},{"damage":18,"enemies":"Nemesis","floor":40,"turns":7},{"damage":2,"enemies":"Reptomancer","floor":44,"turns":4},{"damage":1,"enemies":"4 Shapes","floor":45,"turns":6},{"damage":27,"enemies":"Sphere and 2 Shapes","floor":46,"turns":5}],"seed_played":"-5294498872510199613","potions_obtained":[{"floor":1,"key":"SteroidPotion"},{"floor":13,"key":"EntropicBrew"},{"floor":14,"key":"EntropicBrew"},{"floor":16,"key":"AttackPotion"},{"floor":22,"key":"DeathKnight:RimePotion"},{"floor":23,"key":"Milkshake"},{"floor":27,"key":"EntropicBrew"},{"floor":28,"key":"Reflective Coating"},{"floor":36,"key":"PowerPotion"},{"floor":37,"key":"hexamod:EctoCoolerPotion"},{"floor":39,"key":"Flashbang"},{"floor":40,"key":"DuplicationPotion"}],"is_trial":false,"path_per_floor":["M","M","?","$","?","R","T","E","T","M","$","E","M","M","R","B",null,"M","?","?","M","M","E","R","?","T","M","E","R","$","M","R","B",null,"M","M","?","M","M","E","?","$","T","E","M","M"],"character_chosen":"THE_DEFAULT","items_purchased":["theMarked:BanishingStrike","ReplayTheSpireMod:CursedCoin","theMarked:GodGivenPower","hexamod:BolsterEngine","expansioncontent:DashGenerateEvil","BargainBundle","theMarked:ComboAttacks","theMarked:Challenge","Simple Rune","theMarked:VonisonLock"],"campfire_rested":0,"item_purchase_floors":[4,11,11,11,30,42,42,42,42,42],"current_hp_per_floor":[70,70,70,70,70,70,70,70,70,68,68,68,68,68,68,68,70,70,70,70,70,70,70,70,70,70,63,63,63,63,58,58,45,70,61,61,61,57,31,13,23,23,23,21,20,0,0],"gold":136,"neow_bonus":"THREE_ENEMY_KILL","is_daily":false,"chose_seed":false,"campfire_upgraded":4,"win_rate":0.0,"timestamp":1609057270,"path_taken":["M","M","?","?","?","R","?","E","T","?","$","E","M","M","R","BOSS","M","?","?","?","M","E","R","?","T","?","E","R","$","M","R","BOSS","M","M","?","M","M","E","?","$","T","E","M","M"],"items_purchased_type":["Card","Relic","Card","Relic","Card","Relic","Card","Card","Relic","Relic"],"build_version":"2020-12-22","purchased_purges":1,"victory":false,"max_hp_per_floor":[70,70,70,70,70,70,70,70,70,70,70,70,70,70,70,70,70,70,70,70,70,70,70,70,70,70,70,70,70,70,70,70,70,70,70,70,70,70,70,70,80,80,80,80,80,80,80],"card_choices":[{"not_picked":["theMarked:Convert","theMarked:Parkour"],"picked":"theMarked:ReduceFriction","floor":1},{"not_picked":["theMarked:HeightenedSenses","theMarked:RepellingDischarge"],"picked":"theMarked:Aftermath","floor":2},{"not_picked":["theMarked:Snap","theMarked:Improvise"],"picked":"theMarked:StartUp","floor":8},{"not_picked":["theMarked:ResourceFulStrike","theMarked:Parkour"],"picked":"theMarked:BanishingWave","floor":10},{"not_picked":["theMarked:Convert","theMarked:SwordAndMagic"],"picked":"theMarked:Seal","floor":12},{"not_picked":["theMarked:WastefulAttack","theMarked:Static"],"picked":"theMarked:TwofoldDefense","floor":13},{"not_picked":["theMarked:WastefulAttack","theMarked:RepellingDischarge"],"picked":"theMarked:FavorableWinds","floor":14},{"not_picked":["theMarked:SuspiciousRaven","theMarked:UnarmedFury"],"picked":"theMarked:Challenge","floor":16},{"not_picked":["theMarked:Reabsorb","theMarked:Panic"],"picked":"theMarked:ParalyzingBlade+1","floor":18},{"not_picked":["theMarked:CreepingChasm+1","theMarked:LightningStrikesTwice"],"picked":"theMarked:HeritageOfTheMarked","floor":21},{"not_picked":["theMarked:Improvise","theMarked:ContemptForTheProud"],"picked":"theMarked:BanishingStrike","floor":22},{"not_picked":["theMarked:EmpowerWeapon","theMarked:TwofoldDefense"],"picked":"theMarked:Overcharge","floor":23},{"not_picked":["theMarked:EmpowerWeapon+1","theMarked:Improvise+1","theMarked:WastefulAttack"],"picked":"SKIP","floor":27},{"not_picked":["theMarked:ElectricStrings","theMarked:ChainLightning"],"picked":"theMarked:Levitate","floor":28},{"not_picked":["theMarked:SwordAndMagic","theMarked:Static"],"picked":"theMarked:TwofoldDefense+1","floor":31},{"not_picked":["theMarked:SummonStrength","theMarked:Challenge"],"picked":"theMarked:BindingBlade","floor":33},{"not_picked":["theMarked:Improvise+1","theMarked:HeightenedSenses","theMarked:HeritageOfTheMarked"],"picked":"SKIP","floor":35},{"not_picked":["theMarked:ElectricStrings+1","theMarked:EmpowerWeapon+1","theMarked:WastefulAttack"],"picked":"SKIP","floor":36},{"not_picked":["theMarked:StartUp","theMarked:TunnelVision"],"picked":"theMarked:WardOff+1","floor":37},{"not_picked":["theMarked:PowerFlow","theMarked:Aftermath"],"picked":"theMarked:HeritageOfTheMarked","floor":38},{"not_picked":["theMarked:RogueSparks","theMarked:RepellingDischarge+1"],"picked":"theMarked:Generate+1","floor":39},{"not_picked":["theMarked:Improvise","theMarked:HeightenedSenses","theMarked:DispelDoubt"],"picked":"SKIP","floor":40},{"not_picked":["theMarked:Electrocute+1","theMarked:EnhanceMovement+1"],"picked":"theMarked:EnhancedHearing","floor":44},{"not_picked":["theMarked:ElectricStrings","theMarked:Static"],"picked":"theMarked:DeterminationOfTheMarked","floor":45}],"player_experience":2186135,"relics_obtained":[{"floor":7,"key":"ReplayTheSpireMod:TigerMarble"},{"floor":8,"key":"Grinning Jar"},{"floor":12,"key":"hubris:CrystalStatue"},{"floor":23,"key":"Pen Nib"},{"floor":26,"key":"Replay:Bottled Steam"},{"floor":28,"key":"Dream Catcher"},{"floor":37,"key":"hubris:MedicalManual"},{"floor":40,"key":"Old Coin"},{"floor":43,"key":"Blue Candle"},{"floor":44,"key":"Peace Pipe"}],"event_choices":[{"damage_healed":0,"gold_gain":0,"player_choice":"Forge","damage_taken":0,"max_hp_gain":0,"max_hp_loss":0,"event_name":"Accursed Blacksmith","floor":3,"gold_loss":0,"cards_upgraded":["theMarked:Aftermath"]},{"damage_healed":0,"gold_gain":0,"player_choice":"Simplicity","damage_taken":0,"max_hp_gain":0,"max_hp_loss":8,"event_name":"betterThird:BetterWriting","floor":19,"gold_loss":0},{"damage_healed":0,"gold_gain":0,"player_choice":"Bought 0 Potions","damage_taken":0,"max_hp_gain":0,"max_hp_loss":0,"event_name":"The Woman in Blue","floor":20,"gold_loss":0},{"damage_healed":0,"gold_gain":0,"player_choice":"Cursed","damage_taken":0,"max_hp_gain":0,"max_hp_loss":0,"event_name":"Wheel of Change","floor":25,"gold_loss":0,"cards_obtained":["Decay"]},{"damage_healed":0,"gold_gain":0,"player_choice":"Fight","damage_taken":0,"max_hp_gain":0,"max_hp_loss":0,"event_name":"MindBloom","floor":37,"gold_loss":0},{"cards_removed":["Pot Of Greed"],"damage_healed":0,"gold_gain":0,"player_choice":"Gave Card","damage_taken":0,"relics_obtained":["Pear"],"max_hp_gain":0,"max_hp_loss":0,"event_name":"WeMeetAgain","floor":41,"gold_loss":0}],"is_beta":false,"boss_relics":[{"not_picked":["Tiny House","Pandora\u0027s Box"],"picked":"Coffee Dripper"},{"not_picked":["Ring of Chaos","Busted Crown"],"picked":"SlaversCollar"}],"items_purged_floors":[42],"is_endless":false,"potions_floor_spawned":[1,13,14,16,22,23,27,28,36,37,39,40],"killed_by":"Sphere and 2 Shapes","ascension_level":0}}