{"host":"z9811rt50ti81n54","time":1609051316,"event":{"mods":["BaseMod","Minty Spire (QoL Compilation)"],"gold_per_floor":[113,16,28,28,28,28,61,61,61,71,105,119,138,157,157,261,311,329,419,435,435,445,445,462,462,462],"floor_reached":25,"playtime":714,"items_purged":["Writhe"],"score":330,"play_id":"a955ee38-e9c9-4cc1-82a4-c51e9a0a7188","local_time":"20201227154156","is_ascension_mode":true,"campfire_choices":[{"data":"Defragment","floor":6,"key":"SMITH"},{"data":"Defragment","floor":8,"key":"SMITH"},{"data":"Chaos","floor":15,"key":"SMITH"},{"data":"Fission","floor":23,"key":"SMITH"}],"circlet_count":0,"master_deck":["Defend_B","Defend_B","Defend_B","Defend_B","Zap","Dualcast","Seek","Doom and Gloom","Defragment+1","Steam","Sweeping Beam+1","Defragment+1","Cold Snap","Ball Lightning","Electrodynamics","Compile Driver","Lockon","Chaos+1","Fission+1","Hologram","Chaos+1","Coolheaded+1","Self Repair","Loop"],"relics":["Cracked Core","Ornamental Fan","Pear","Akabeko","Tiny House","Dream Catcher"],"acts_visited":["Exordium","TheCity"],"potions_floor_usage":[7,14,25,25],"damage_taken":[{"damage":12,"enemies":"Jaw Worm","floor":1,"turns":3},{"damage":0,"enemies":"2 Louse","floor":3,"turns":2},{"damage":24,"enemies":"3 Sentries","floor":7,"turns":4},{"damage":0,"enemies":"Cultist","floor":10,"turns":3},{"damage":14,"enemies":"Lagavulin","floor":11,"turns":5},{"damage":20,"enemies":"Exordium Wildlife","floor":12,"turns":2},{"damage":0,"enemies":"Gremlin Gang","floor":13,"turns":1},{"damage":2,"enemies":"Blue Slaver","floor":14,"turns":3},{"damage":0,"enemies":"Slime Boss","floor":16,"turns":3},{"damage":4,"enemies":"Spheric Guardian","floor":18,"turns":4},{"damage":8,"enemies":"Chosen","floor":20,"turns":3},{"damage":22,"enemies":"Snake Plant","floor":22,"turns":4},{"damage":9,"enemies":"Shelled Parasite and Fungi","floor":24,"turns":4},{"damage":52,"enemies":"Slavers","floor":25,"turns":2}],"seed_played":"-4248963306135332397","potions_obtained":[{"floor":3,"key":"EntropicBrew"},{"floor":10,"key":"LiquidMemories"},{"floor":14,"key":"Fruit Juice"},{"floor":16,"key":"PotionOfCapacity"},{"floor":20,"key":"Regen Potion"}],"is_trial":false,"path_per_floor":["M","$","M","?","?","R","E","R","T","M","E","M","M","M","R","B",null,"M","?","M","?","M","R","M","E"],"character_chosen":"DEFECT","items_purchased":["Steam"],"campfire_rested":0,"item_purchase_floors":[2],"current_hp_per_floor":[63,63,63,56,56,56,32,32,42,42,28,8,8,11,11,11,95,91,79,71,71,49,49,47,0,0],"gold":462,"neow_bonus":"TRANSFORM_TWO_CARDS","is_daily":false,"chose_seed":false,"campfire_upgraded":4,"win_rate":0.0,"timestamp":1609051316,"path_taken":["M","$","M","?","?","R","E","R","T","M","E","?","?","M","R","BOSS","M","?","?","?","M","R","M","E"],"items_purchased_type":["Card"],"build_version":"2020-12-22","purchased_purges":1,"victory":false,"max_hp_per_floor":[75,75,75,75,75,75,75,75,85,85,85,85,85,90,90,90,95,95,95,95,95,95,95,95,95,95],"card_choices":[{"not_picked":["Stack","Sweeping Beam"],"picked":"Defragment","floor":1},{"not_picked":["Static Discharge","Gash"],"picked":"Sweeping Beam","floor":3},{"not_picked":["Turbo","Barrage"],"picked":"Cold Snap","floor":7},{"not_picked":["Streamline","Stack"],"picked":"Ball Lightning","floor":10},{"not_picked":["Cold Snap","Compile Driver"],"picked":"Electrodynamics","floor":11},{"not_picked":["Conserve Battery","Barrage"],"picked":"Compile Driver","floor":12},{"not_picked":["Redo","Cold Snap"],"picked":"Lockon","floor":13},{"not_picked":["Conserve Battery","Beam Cell"],"picked":"Chaos","floor":14},{"not_picked":["Meteor Strike","Multi-Cast"],"picked":"Fission","floor":16},{"not_picked":["Auto Shields","Rebound"],"picked":"Hologram","floor":17},{"not_picked":["Coolheaded","Gash"],"picked":"Chaos+1","floor":18},{"not_picked":["Barrage","Ball Lightning"],"picked":"Coolheaded+1","floor":20},{"not_picked":["Beam Cell","Ball Lightning+1"],"picked":"Self Repair","floor":22},{"not_picked":["Barrage","Hologram"],"picked":"Loop","floor":24}],"player_experience":241242,"relics_obtained":[{"floor":7,"key":"Ornamental Fan"},{"floor":9,"key":"Pear"},{"floor":11,"key":"Akabeko"}],"event_choices":[{"cards_removed":["Strike_B"],"damage_healed":0,"gold_gain":0,"player_choice":"Card Removal","damage_taken":7,"max_hp_gain":0,"max_hp_loss":0,"event_name":"Golden Wing","floor":4,"gold_loss":0},{"damage_healed":0,"gold_gain":0,"cards_transformed":["Strike_B"],"player_choice":"Change","damage_taken":0,"max_hp_gain":0,"max_hp_loss":0,"event_name":"Living Wall","floor":5,"gold_loss":0,"cards_obtained":["Defragment"]},{"damage_healed":0,"gold_gain":90,"player_choice":"GOLD ","damage_taken":12,"max_hp_gain":0,"max_hp_loss":0,"event_name":"Knowing Skull","floor":19,"potions_obtained":[],"gold_loss":0,"cards_obtained":[]},{"damage_healed":0,"gold_gain":0,"player_choice":"Opened","damage_taken":0,"relics_obtained":["Dream Catcher"],"max_hp_gain":0,"max_hp_loss":0,"event_name":"The Mausoleum","floor":21,"gold_loss":0}],"is_beta":false,"boss_relics":[{"not_picked":["Cursed Key","FrozenCore"],"picked":"Tiny House"}],"items_purged_floors":[2],"is_endless":false,"potions_floor_spawned":[3,10,13,14,16,18,20],"killed_by":"Slavers","ascension_level":3}}