{"host":"zig6x0mxqzam82fb","time":1609102996,"event":{"mods":["BaseMod","Block Reminder","Colored Map","Colored Powertips","Minty Spire (QoL Compilation)","Relic Stats","StSLib","The Marked"],"gold_per_floor":[113,38,113,113,125,125,144,178,178,190,222,409,421,446,458,567,579,604,647,674,24,24,24,51,51,51,85,103,103,117,117,117,215,215,225,239,239,239],"floor_reached":37,"playtime":2705,"items_purged":["Clumsy"],"score":427,"play_id":"569a33b9-0c2b-466f-811b-56a8149da83d","local_time":"20201227160316","is_ascension_mode":true,"campfire_choices":[{"floor":6,"key":"DIG"},{"floor":10,"key":"DIG"},{"floor":13,"key":"REST"},{"floor":15,"key":"REST"},{"floor":23,"key":"REST"},{"floor":25,"key":"DIG"},{"floor":29,"key":"REST"},{"floor":32,"key":"REST"}],"circlet_count":0,"master_deck":["theMarked:Strike","theMarked:Strike","theMarked:Strike","theMarked:Strike","theMarked:Strike+1","theMarked:Defend","theMarked:Defend","theMarked:Defend","theMarked:Defend+1","theMarked:SoldierOfQuellstein","theMarked:WastefulAttack","theMarked:BanishingWave","theMarked:StartUp","theMarked:Overthink","theMarked:EmpowerWeapon","theMarked:ParalyzingBlade","theMarked:ChannelForce","theMarked:WardOff+1","theMarked:HeightenedSenses","theMarked:HeightenedSenses","theMarked:Panic","theMarked:SoldierOfQuellstein","theMarked:HeightenedSenses+1","theMarked:Challenge","theMarked:Improvise","theMarked:PowerFlow","theMarked:ChannelForce","theMarked:HeritageOfTheMarked"],"relics":["theMarked:ArtifactOfAir","Shovel","The Courier","Omamori","MawBank","Juzu Bracelet","Velvet Choker","Red Mask","Torii","Strawberry","Sundial","Ancient Tea Set","Lizard Tail","White Beast Statue","theMarked:Gun","theMarked:Eyepatch"],"acts_visited":["Exordium","TheCity","TheBeyond"],"potions_floor_usage":[8,14,16,20,24,24,30,31,31,37],"damage_taken":[{"damage":0,"enemies":"Small Slimes","floor":1,"turns":4},{"damage":0,"enemies":"2 Louse","floor":5,"turns":1},{"damage":0,"enemies":"Jaw Worm","floor":7,"turns":2},{"damage":23,"enemies":"Gremlin Nob","floor":8,"turns":4},{"damage":8,"enemies":"Red Slaver","floor":11,"turns":3},{"damage":0,"enemies":"2 Fungi Beasts","floor":14,"turns":2},{"damage":44,"enemies":"Slime Boss","floor":16,"turns":13},{"damage":2,"enemies":"Chosen","floor":18,"turns":4},{"damage":45,"enemies":"Masked Bandits","floor":19,"turns":5},{"damage":9,"enemies":"2 Thieves","floor":20,"turns":4},{"damage":11,"enemies":"Gremlin Leader","floor":24,"turns":6},{"damage":11,"enemies":"Slavers","floor":27,"turns":7},{"damage":7,"enemies":"Snake Plant","floor":28,"turns":5},{"damage":9,"enemies":"Chosen and Byrds","floor":30,"turns":6},{"damage":9,"enemies":"Colosseum Slavers","floor":31,"turns":4},{"damage":76,"enemies":"Automaton","floor":33,"turns":14},{"damage":9,"enemies":"3 Shapes","floor":35,"turns":8},{"damage":17,"enemies":"3 Darklings","floor":36,"turns":6},{"damage":59,"enemies":"2 Orb Walkers","floor":37,"turns":3}],"seed_played":"2147036565625412495","potions_obtained":[{"floor":5,"key":"DistilledChaos"},{"floor":11,"key":"Fire Potion"},{"floor":14,"key":"DuplicationPotion"},{"floor":18,"key":"Dexterity Potion"},{"floor":20,"key":"Dexterity Potion"},{"floor":27,"key":"Explosive Potion"},{"floor":28,"key":"DuplicationPotion"},{"floor":30,"key":"SteroidPotion"},{"floor":33,"key":"GamblersBrew"},{"floor":35,"key":"CultistPotion"},{"floor":36,"key":"Dexterity Potion"}],"is_trial":false,"path_per_floor":["M","$","?","?","M","R","M","E","T","R","M","?","R","M","R","B",null,"M","?","M","$","?","R","E","R","T","E","M","R","M","?","R","B",null,"M","M","?"],"character_chosen":"THE_DEFAULT","items_purchased":["Torii","Strawberry","theMarked:Panic","Sundial","PowerPotion"],"campfire_rested":5,"item_purchase_floors":[21,21,21,21,21],"current_hp_per_floor":[70,70,59,45,45,45,45,22,22,22,14,14,35,35,56,12,70,68,23,14,21,21,44,33,33,33,22,15,38,29,20,43,9,77,68,51,0,0],"gold":239,"neow_bonus":"ONE_RARE_RELIC","is_daily":false,"chose_seed":false,"campfire_upgraded":0,"win_rate":0.0,"timestamp":1609102996,"path_taken":["M","$","?","?","M","R","M","E","T","R","M","?","R","M","R","BOSS","M","?","M","$","?","R","E","R","T","E","M","R","M","?","R","BOSS","M","M","?"],"items_purchased_type":["Relic","Relic","Card","Relic","Potion"],"build_version":"2020-12-22","purchased_purges":1,"victory":false,"max_hp_per_floor":[70,70,70,70,70,70,70,70,70,70,70,70,70,70,70,70,70,70,70,70,77,77,77,77,77,77,77,77,77,77,77,77,77,77,77,77,77,77],"relic_stats":{"Lizard Tail":38,"Shovel":3,"Torii":28,"counters":[19,101],"Sundial":[6],"Juzu Bracelet":1,"MawBank":144,"obtain_stats":[{"theMarked:Gun":27,"Torii":21,"Velvet Choker":17,"The Courier":6,"Omamori":8,"Juzu Bracelet":10,"MawBank":9,"Ancient Tea Set":24,"White Beast Statue":26,"theMarked:ArtifactOfAir":0,"Lizard Tail":25,"Shovel":0,"Sundial":21,"Strawberry":21,"Red Mask":19,"theMarked:Eyepatch":34},{"theMarked:Gun":12,"Torii":10,"Velvet Choker":7,"The Courier":2,"Omamori":4,"Juzu Bracelet":4,"MawBank":4,"Ancient Tea Set":11,"White Beast Statue":11,"theMarked:ArtifactOfAir":0,"Lizard Tail":11,"Shovel":0,"Sundial":10,"Strawberry":10,"Red Mask":9,"theMarked:Eyepatch":16},{"theMarked:Gun":55,"Torii":42,"Velvet Choker":29,"The Courier":5,"Omamori":11,"Juzu Bracelet":11,"MawBank":11,"Ancient Tea Set":48,"White Beast Statue":48,"theMarked:ArtifactOfAir":0,"Lizard Tail":48,"Shovel":0,"Sundial":42,"Strawberry":42,"Red Mask":38,"theMarked:Eyepatch":84}]},"card_choices":[{"not_picked":["theMarked:Generate","theMarked:Frustration"],"picked":"theMarked:WastefulAttack","floor":1},{"not_picked":["theMarked:Electrocute","theMarked:Generate"],"picked":"theMarked:BanishingWave","floor":5},{"not_picked":["theMarked:Overthink","theMarked:WastefulAttack"],"picked":"theMarked:StartUp","floor":7},{"not_picked":["theMarked:Improvise","theMarked:EnhancedHearing"],"picked":"theMarked:Overthink","floor":8},{"not_picked":["theMarked:ChainLightning","theMarked:Parkour"],"picked":"theMarked:EmpowerWeapon","floor":11},{"not_picked":["theMarked:TwofoldDefense","theMarked:WastefulAttack"],"picked":"theMarked:ParalyzingBlade","floor":14},{"not_picked":["theMarked:SoldierForm","theMarked:MuscleMemory"],"picked":"theMarked:ChannelForce","floor":16},{"not_picked":["theMarked:ElectricStrings+1","theMarked:MagicAdept"],"picked":"theMarked:WardOff+1","floor":18},{"not_picked":["theMarked:ParalyzingBlade+1","theMarked:Frustration"],"picked":"theMarked:HeightenedSenses","floor":19},{"not_picked":["theMarked:Improvise","theMarked:Static"],"picked":"theMarked:HeightenedSenses","floor":20},{"not_picked":["theMarked:DeterminationOfTheMarked","theMarked:TunnelVision+1"],"picked":"theMarked:HeightenedSenses+1","floor":24},{"not_picked":["theMarked:Opportunist","theMarked:ParalyzingBlade+1"],"picked":"theMarked:Challenge","floor":27},{"not_picked":["theMarked:ElectricStrings","theMarked:WastefulDefense+1"],"picked":"theMarked:Improvise","floor":28},{"not_picked":["theMarked:MaelstromOfLightning","theMarked:Aftermath"],"picked":"theMarked:PowerFlow","floor":30},{"not_picked":["theMarked:Snap","theMarked:UnarmedFury"],"picked":"theMarked:ChannelForce","floor":33},{"not_picked":["theMarked:SwordAndMagic","theMarked:Static+1"],"picked":"theMarked:HeritageOfTheMarked","floor":35},{"not_picked":["theMarked:ContemptForTheProud+1","theMarked:WastefulAttack","theMarked:PowerFlow+1"],"picked":"SKIP","floor":36}],"player_experience":355728,"relics_obtained":[{"floor":6,"key":"The Courier"},{"floor":8,"key":"Omamori"},{"floor":9,"key":"MawBank"},{"floor":10,"key":"Juzu Bracelet"},{"floor":19,"key":"Red Mask"},{"floor":24,"key":"Ancient Tea Set"},{"floor":25,"key":"Lizard Tail"},{"floor":26,"key":"White Beast Statue"},{"floor":27,"key":"theMarked:Gun"}],"event_choices":[{"damage_healed":0,"gold_gain":75,"player_choice":"Gather Gold","damage_taken":11,"max_hp_gain":0,"max_hp_loss":0,"event_name":"World of Goop","floor":3,"gold_loss":0},{"damage_healed":0,"gold_gain":0,"player_choice":"Entered Light","damage_taken":14,"max_hp_gain":0,"max_hp_loss":0,"event_name":"Shining Light","floor":4,"gold_loss":0,"cards_upgraded":["theMarked:Defend","theMarked:Strike"]},{"damage_healed":0,"gold_gain":175,"player_choice":"AGREE","damage_taken":0,"max_hp_gain":0,"max_hp_loss":0,"event_name":"Liars Game","floor":12,"gold_loss":0,"cards_obtained":["Doubt"]},{"damage_healed":0,"gold_gain":0,"player_choice":"Fought Bandits","damage_taken":0,"max_hp_gain":0,"max_hp_loss":0,"event_name":"Masked Bandits","floor":19,"gold_loss":0},{"damage_healed":0,"gold_gain":0,"player_choice":"1 cards matched","damage_taken":0,"max_hp_gain":0,"max_hp_loss":0,"event_name":"Match and Keep!","floor":22,"gold_loss":0,"cards_obtained":["theMarked:SoldierOfQuellstein"]},{"damage_healed":0,"gold_gain":0,"player_choice":"Fight","damage_taken":0,"max_hp_gain":0,"max_hp_loss":0,"event_name":"Colosseum","floor":31,"gold_loss":0},{"damage_healed":0,"gold_gain":0,"player_choice":"Fled From Nobs","damage_taken":0,"max_hp_gain":0,"max_hp_loss":0,"event_name":"Colosseum","floor":31,"gold_loss":0},{"damage_healed":0,"gold_gain":0,"player_choice":"Fight","damage_taken":0,"max_hp_gain":0,"max_hp_loss":0,"event_name":"Mysterious Sphere","floor":37,"gold_loss":0}],"is_beta":false,"boss_relics":[{"not_picked":["theMarked:SpiritSword","theMarked:BronzeBlade"],"picked":"Velvet Choker"},{"not_picked":["Runic Dome","Tiny House"],"picked":"theMarked:Eyepatch"}],"items_purged_floors":[2],"is_endless":false,"potions_floor_spawned":[5,11,14,18,20,27,28,30,31,33,35,36],"killed_by":"2 Orb Walkers","ascension_level":1}}