{"host":"i9o21tdcc8l3o4rw","time":1609104527,"event":{"mods":["2.2 Compatiblity","Act Like it!","BaseMod","BetterRewards","Colored Map","Colored Powertips","Hubris","Infinite Spire","Jorbs\u0027s Wanderer Trilogy","Marisa????????","Menagerie","Minty Spire (QoL Compilation)","Replay The Spire","Shop Mod","StSLib","The Bladedancer","The Exalted","The Servant 0.9.4","??????REMEMod"],"gold_per_floor":[110,130,142,63,79,79,107,107,131,131,131,196,210,230,230,230,230],"floor_reached":16,"playtime":1024,"items_purged":[],"score":102,"play_id":"564afa82-7a32-4476-ab38-079e0f4ccb61","local_time":"20201227222847","is_ascension_mode":false,"campfire_choices":[{"data":"All Out Attack","floor":6,"key":"SMITH"},{"floor":8,"key":"REST"},{"floor":15,"key":"REST"}],"circlet_count":0,"master_deck":["Strike_G","Strike_G","Strike_G","Strike_G","Strike_G","Defend_G","Defend_G","Defend_G","Defend_G","Defend_G","Survivor","Neutralize","REME_SpectralBlade","All Out Attack+1","Cloak And Dagger","Dodge and Roll","Slice+1","Bane","Outmaneuver","Finisher","Sucker Punch","ReplayTheSpireMod:The Works"],"relics":["Ring of the Snake","REME_ComplimentaryCards","Boot","Pen Nib"],"acts_visited":["Exordium"],"potions_floor_usage":[14,16],"damage_taken":[{"damage":0,"enemies":"Cultist","floor":1,"turns":4},{"damage":0,"enemies":"2 Louse","floor":2,"turns":3},{"damage":11,"enemies":"Jaw Worm","floor":3,"turns":3},{"damage":1,"enemies":"Looter","floor":5,"turns":3},{"damage":54,"enemies":"Lagavulin","floor":7,"turns":9},{"damage":21,"enemies":"Exordium Wildlife","floor":13,"turns":3},{"damage":1,"enemies":"Blue Slaver","floor":14,"turns":2},{"damage":0,"enemies":"The Guardian","floor":16,"turns":2}],"seed_played":"-61752930452474141","potions_obtained":[{"floor":1,"key":"FearPotion"},{"floor":2,"key":"Elixir"},{"floor":7,"key":"EssenceOfSteel"}],"is_trial":false,"path_per_floor":["M","M","M","$","M","R","E","R","T","?","?","?","M","M","R","B"],"character_chosen":"THE_SILENT","items_purchased":["Slice","Bane"],"campfire_rested":2,"item_purchase_floors":[4,4],"current_hp_per_floor":[70,70,59,59,58,58,4,25,25,25,25,25,4,3,24,24,24],"gold":230,"neow_bonus":"ONE_RANDOM_RARE_CARD","is_daily":false,"chose_seed":false,"campfire_upgraded":1,"win_rate":0.0,"timestamp":1609104527,"path_taken":["M","M","M","$","?","R","E","R","T","?","?","?","?","M","R","BOSS"],"items_purchased_type":["Card","Card"],"build_version":"2020-11-29","purchased_purges":0,"victory":false,"max_hp_per_floor":[70,70,70,70,70,70,70,70,70,70,70,70,70,70,70,70,70],"card_choices":[{"not_picked":["Draining Mist","Eviscerate"],"picked":"All Out Attack","floor":1},{"not_picked":["ReplayTheSpireMod:Tripwire","Calculated Gamble"],"picked":"Cloak And Dagger","floor":2},{"not_picked":["Outmaneuver","Skewer"],"picked":"Dodge and Roll","floor":3},{"not_picked":["Flechettes","Sneak Up"],"picked":"Outmaneuver","floor":5},{"not_picked":["Deflect","Dodge and Roll"],"picked":"Finisher","floor":7},{"not_picked":["ReplayTheSpireMod:Shiv Toss","Deflect"],"picked":"Sucker Punch","floor":13},{"not_picked":["Prepared","Reflex"],"picked":"ReplayTheSpireMod:The Works","floor":14}],"player_experience":114143,"relics_obtained":[{"floor":7,"key":"Boot"},{"floor":9,"key":"Pen Nib"}],"event_choices":[{"damage_healed":0,"gold_gain":0,"player_choice":"Ignored","damage_taken":0,"max_hp_gain":0,"max_hp_loss":0,"event_name":"Golden Idol","floor":10,"gold_loss":0},{"damage_healed":0,"gold_gain":0,"player_choice":"Grow","damage_taken":0,"max_hp_gain":0,"max_hp_loss":0,"event_name":"Living Wall","floor":11,"gold_loss":0,"cards_upgraded":["Slice"]},{"damage_healed":0,"gold_gain":65,"player_choice":"Gained Gold","damage_taken":0,"max_hp_gain":0,"max_hp_loss":0,"event_name":"Golden Wing","floor":12,"gold_loss":0}],"is_beta":false,"boss_relics":[],"items_purged_floors":[],"is_endless":false,"potions_floor_spawned":[1,2,7],"killed_by":"The Guardian","ascension_level":0}}