{"host":"6h0diz2ap0m56grs","time":1609105015,"event":{"mods":["2.2 Compatiblity","BaseMod","Colored Map","Marisa????????","Minty Spire (QoL Compilation)","Quick Restart","Replay The Spire","Shop Mod","StSLib","The Servant 0.9.4"],"gold_per_floor":[112,125,50,50,67,101,129,129,129,158,185,185,216,226,226,325,325,345,345,397,312,180,215,249,249,302,332,49,75,75,100,100,195,195,195],"floor_reached":34,"playtime":925,"items_purged":["SilverBlades"],"score":819,"play_id":"4a5bf8d2-3af5-4643-bebf-80e055bdb4e2","local_time":"20201227153655","daily_mods":["SealedDeck","Heirloom","Time Dilation","Flight"],"is_ascension_mode":true,"campfire_choices":[{"data":"SilverBlades","floor":8,"key":"SMITH"},{"data":"SilverBlades","floor":12,"key":"SMITH"},{"data":"TheWorld","floor":15,"key":"SMITH"},{"data":"TheWorld","floor":25,"key":"SMITH"},{"data":"Barrier","floor":30,"key":"SMITH"},{"data":"DancingSilver","floor":32,"key":"SMITH"}],"circlet_count":0,"master_deck":["FastForward","FastForward","Starlight","GearUp","SilverBlades+1","Ricochet","Ricochet","GearUp","SilverBlades+1","Orbit","Orbit","Barrier+1","DancingSilver+1","InstantArmor","TheWorld+1","TheWorld+1","AbeCurse","InstantArmor","Dilation+1","MurderousAura+1"],"relics":["Uniform","replay:Trail_Library","Ice Cream","Onion Ring","Replay:Baseball","Abe\u0027s Treasure","MerchantsRug","OrangePellets","Akabeko","InkBottle","HornCleat","Thread and Needle","Golden Egg","Oddly Smooth Stone","Replay:Grab Bag","Replay:Bronze Core","Runic Dome","SlaversCollar","Runic Pyramid"],"acts_visited":["Exordium","TheCity","TheBeyond"],"potions_floor_usage":[],"damage_taken":[{"damage":0,"enemies":"Cultist","floor":1,"turns":3},{"damage":5,"enemies":"Jaw Worm","floor":2,"turns":3},{"damage":0,"enemies":"2 Louse","floor":5,"turns":1},{"damage":16,"enemies":"3 Sentries","floor":6,"turns":4},{"damage":4,"enemies":"Gremlin Nob","floor":7,"turns":4},{"damage":0,"enemies":"3 Sentries","floor":10,"turns":5},{"damage":0,"enemies":"Gremlin Nob","floor":11,"turns":2},{"damage":0,"enemies":"3 Sentries","floor":13,"turns":3},{"damage":0,"enemies":"Looter","floor":14,"turns":2},{"damage":0,"enemies":"The Guardian","floor":16,"turns":4},{"damage":0,"enemies":"Shell Parasite","floor":18,"turns":2},{"damage":0,"enemies":"Slavers","floor":23,"turns":2},{"damage":0,"enemies":"Gremlin Leader","floor":24,"turns":2},{"damage":0,"enemies":"Slavers","floor":27,"turns":1},{"damage":0,"enemies":"Gremlin Leader","floor":29,"turns":2},{"damage":0,"enemies":"Replay:Snechameleon","floor":31,"turns":3},{"damage":0,"enemies":"Automaton","floor":33,"turns":3}],"seed_played":"-7663772176373233640","potions_obtained":[{"floor":1,"key":"AttackPotion"},{"floor":7,"key":"Strength Potion"},{"floor":10,"key":"SkillPotion"},{"floor":14,"key":"EssenceOfSteel"},{"floor":24,"key":"SpeedPotion"}],"is_trial":true,"path_per_floor":["M","M","$","?","M","E","E","R","T","E","E","R","E","M","R","B",null,"M","?","$","?","$","E","E","R","T","E","$","E","R","E","R","B",null],"character_chosen":"THE_SERVANT","items_purchased":["Barrier","MerchantsRug","OrangePellets","Thread and Needle"],"campfire_rested":0,"item_purchase_floors":[3,20,22,28],"current_hp_per_floor":[65,60,60,65,65,49,45,45,45,45,45,45,45,45,45,45,70,70,70,70,70,70,70,70,70,77,77,77,77,77,77,77,77,77,77],"gold":195,"neow_bonus":"","is_daily":false,"chose_seed":false,"campfire_upgraded":6,"win_rate":0.0,"timestamp":1609105015,"path_taken":["M","M","?","?","M","E","E","R","T","E","E","R","E","M","R","BOSS","M","?","$","?","$","E","E","R","T","E","?","E","R","E","R","BOSS"],"items_purchased_type":["Card","Relic","Relic","Relic"],"build_version":"2020-12-22","purchased_purges":1,"victory":false,"max_hp_per_floor":[65,65,65,70,70,70,70,70,70,70,70,70,70,70,70,70,70,70,70,70,70,70,70,70,70,77,77,77,77,77,77,77,77,77,77],"card_choices":[{"not_picked":["Replace","ShatteredReality"],"picked":"Orbit","floor":1},{"not_picked":["Gouge","RealityMarble"],"picked":"Orbit","floor":2},{"not_picked":["FastForward","SurpressingFire"],"picked":"DancingSilver","floor":5},{"not_picked":["Defy","KillingDoll","Spin"],"picked":"SKIP","floor":6},{"not_picked":["Barrier","Replace","Spin"],"picked":"SKIP","floor":7},{"not_picked":["Snipe","Unruled","Collapse"],"picked":"SKIP","floor":10},{"not_picked":["Hightail","TimeWarp","Replace"],"picked":"SKIP","floor":11},{"not_picked":["Starlight","Alleviate"],"picked":"TheWorld","floor":13},{"not_picked":["Gouge","Unruled","Hightail"],"picked":"SKIP","floor":14},{"not_picked":["KillingDoll","LightFlow"],"picked":"TheWorld","floor":16},{"not_picked":["FastForward","Potential"],"picked":"InstantArmor","floor":18},{"not_picked":["Starlight","Potential+1","Rearm"],"picked":"SKIP","floor":23},{"not_picked":["Unruled","Rewind","BottledTime"],"picked":"SKIP","floor":24},{"not_picked":["SpecialFormula+1","Starlight","Rearm+1"],"picked":"SKIP","floor":27},{"not_picked":["MoonPhase","DoubleEdge+1","Revamp+1"],"picked":"SKIP","floor":29},{"not_picked":["Collapse","Sabotage"],"picked":"Dilation","floor":31},{"not_picked":["PendulumOfEternity","Deny"],"picked":"MurderousAura","floor":33}],"player_experience":135781,"relics_obtained":[{"floor":6,"key":"Toy Ornithopter"},{"floor":7,"key":"Onion Ring"},{"floor":9,"key":"Dream Catcher"},{"floor":10,"key":"Replay:WaspNest"},{"floor":11,"key":"Replay:Baseball"},{"floor":13,"key":"StrikeDummy"},{"floor":23,"key":"Akabeko"},{"floor":24,"key":"InkBottle"},{"floor":26,"key":"Strawberry"},{"floor":27,"key":"HornCleat"},{"floor":29,"key":"Golden Egg"},{"floor":31,"key":"Oddly Smooth Stone"}],"event_choices":[{"damage_healed":0,"gold_gain":0,"player_choice":"Donut","damage_taken":0,"max_hp_gain":5,"max_hp_loss":0,"event_name":"Big Fish","floor":4,"gold_loss":0},{"cards_removed":["Ricochet"],"damage_healed":0,"gold_gain":0,"player_choice":"Elegance","damage_taken":0,"max_hp_gain":0,"max_hp_loss":0,"event_name":"Back to Basics","floor":19,"gold_loss":0},{"damage_healed":0,"gold_gain":0,"player_choice":"Obtained Relic","damage_taken":0,"relics_obtained":["Blue Candle"],"max_hp_gain":0,"max_hp_loss":0,"event_name":"Addict","floor":21,"gold_loss":85}],"is_beta":false,"boss_relics":[{"not_picked":["Astrolabe","Replay:Wanted Poster"],"picked":"Abe\u0027s Treasure"},{"not_picked":["Kintsugi","Fusion Hammer"],"picked":"Replay:Grab Bag"},{"not_picked":["ChewingGum","ReplayTheSpireMod:Onyx Gauntlets"],"picked":"Replay:Bronze Core"},{"not_picked":["Philosopher\u0027s Stone","Cursed Key"],"picked":"Runic Dome"},{"not_picked":["Calling Bell","SplendidAttire"],"picked":"SlaversCollar"},{"not_picked":["Black Star","StoneMask"],"picked":"Runic Pyramid"}],"items_purged_floors":[28],"is_endless":false,"potions_floor_spawned":[1,7,10,14,24,29],"ascension_level":1}}