{"host":"h5acbxt0wmjo1kpm","time":1609054111,"event":{"mods":["2.2 Compatiblity","Act Like it!","AlwaysNeverKeys","Aspiration","Bartender","BaseMod","Better Third Choice","Colored Map","Elementarium","Gensokyo","GifTheSpireLib","Hallownest","Marisa????????","Minty Spire (QoL Compilation)","Permanent Neow","Potionbrewer","Relic Filter","Replay The Spire","Robot Space Explorer","RumiaBox-????????","Shade Mod","Spicy Shops","StSLib","Strawberry Spire","The Blackbeard","The Dragon Tamer","The Forsaken","The Gatherer","The Problem Sleuth","The Servant 0.9.4","Wandering Minibosses","vexMod"],"gold_per_floor":[114,133,152,152,2,35,35,69,117,135,168,178,178,213,213,318,318,337,347,347,362,362,393,393,393],"floor_reached":24,"playtime":1507,"items_purged":[],"score":462,"play_id":"03ebfb61-672e-4b7b-afd0-c73bf6f568d8","local_time":"20201226232831","is_ascension_mode":true,"campfire_choices":[{"data":"Replay:Vibes","floor":13,"key":"SMITH"},{"floor":15,"key":"REST"}],"circlet_count":0,"master_deck":["AscendersBane","Strike_P","Strike_P","Strike_P","Strike_P","Defend_P","Defend_P","Defend_P+1","Defend_P","Eruption","Vigilance","Scrawl","FollowUp","Prostrate+1","Ragnarok+1","Replay:Hum","BowlingBash","Replay:Vibes+1","Protect","Worship+1","Brilliance","WheelKick+1","Replay:BluntJabs+1","WheelKick+1","ReplayTheSpireMod:Restless Dread"],"relics":["PureWater","vexMod:PaidLearning","Dead Branch","Regal Pillow","strawberrySpire:Treaders","aspiration:SeaSaltIceCream","Toxic Egg 2","Cursed Key","wanderingMiniBosses:ThiefScarf","aspiration:DSix","Bird Faced Urn","strawberrySpire:JuiceKeg","Strange Spoon"],"acts_visited":["Exordium","Gensokyo:Gensokyoer"],"potions_floor_usage":[11,12,16,21,21],"damage_taken":[{"damage":0,"enemies":"Small Slimes","floor":1,"turns":4},{"damage":0,"enemies":"2 Louse","floor":2,"turns":4},{"damage":0,"enemies":"Jaw Worm","floor":3,"turns":3},{"damage":22,"enemies":"Lagavulin","floor":6,"turns":6},{"damage":0,"enemies":"Replay:BlueRogue","floor":8,"turns":2},{"damage":8,"enemies":"Blue Slaver","floor":10,"turns":4},{"damage":6,"enemies":"strawberrySpire:EnergyPylons","floor":11,"turns":2},{"damage":0,"enemies":"Gremlin Gang","floor":12,"turns":2},{"damage":21,"enemies":"3 Sentries","floor":14,"turns":6},{"damage":12,"enemies":"Hexaghost","floor":16,"turns":8},{"damage":12,"enemies":"Gensokyo:Chomper","floor":18,"turns":3},{"damage":8,"enemies":"Gensokyo:CosmicMonolith","floor":19,"turns":4},{"damage":16,"enemies":"Gensokyo:Wraith","floor":21,"turns":6},{"damage":31,"enemies":"Gensokyo:Tenshi","floor":23,"turns":2},{"damage":17,"enemies":"Gensokyo:Slime_Group","floor":24,"turns":2}],"seed_played":"3321235193645808007","potions_obtained":[{"floor":6,"key":"Ambrosia"},{"floor":8,"key":"SteroidPotion"},{"floor":11,"key":"Toxic Potion"},{"floor":14,"key":"ColorlessPotion"},{"floor":19,"key":"BlessingOfTheForge"},{"floor":23,"key":"potionbrewer:InfectionPotion"}],"is_trial":false,"path_per_floor":["M","M","M","?","$","E","?","E","T","M","E","M","R","E","R","B",null,"M","M","?","M","T","E","M"],"character_chosen":"WATCHER","items_purchased":["vexMod:PaidLearning"],"campfire_rested":1,"item_purchase_floors":[5],"current_hp_per_floor":[65,65,65,65,65,43,43,43,43,35,29,29,29,8,44,32,62,50,42,49,33,33,2,0,0],"gold":393,"neow_bonus":"ONE_RANDOM_RARE_CARD","is_daily":false,"chose_seed":false,"campfire_upgraded":1,"win_rate":0.0,"timestamp":1609054111,"path_taken":["M","M","M","?","$","E","?","E","T","M","E","?","R","E","R","BOSS","M","M","?","?","?","E","M"],"items_purchased_type":["Relic"],"build_version":"2020-12-22","purchased_purges":0,"victory":false,"max_hp_per_floor":[72,72,72,72,72,72,72,72,72,72,72,72,72,72,72,72,72,72,72,72,72,72,72,72,72],"card_choices":[{"not_picked":["Replay:BluntJabs","Prostrate"],"picked":"FollowUp","floor":1},{"not_picked":["Worship","Collect"],"picked":"Prostrate","floor":2},{"not_picked":["PathToVictory","CrushJoints"],"picked":"Ragnarok","floor":3},{"not_picked":["WindmillStrike","Consecrate"],"picked":"Replay:Hum","floor":6},{"not_picked":["BowlingBash","ThirdEye","Wallop"],"picked":"SKIP","floor":8},{"not_picked":["ThirdEye","Wallop"],"picked":"BowlingBash","floor":8},{"not_picked":["Vengeance","Evaluate"],"picked":"Replay:Vibes","floor":10},{"not_picked":["Adaptation","Consecrate","Nirvana"],"picked":"SKIP","floor":11},{"not_picked":["Evaluate","SashWhip"],"picked":"Protect","floor":12},{"not_picked":["EmptyBody+1","Vengeance+1"],"picked":"Worship+1","floor":14},{"not_picked":["Establishment","DeusExMachina+1"],"picked":"Brilliance","floor":16},{"not_picked":["SashWhip","LikeWater"],"picked":"WheelKick+1","floor":18},{"not_picked":["Replay:AtTheReady+1","FlurryOfBlows+1"],"picked":"Replay:BluntJabs+1","floor":19},{"not_picked":["FlurryOfBlows","Replay:ManipulateFuture+1"],"picked":"WheelKick+1","floor":21},{"not_picked":["EmptyFist","Replay:BluntJabs","ReachHeaven"],"picked":"SKIP","floor":23}],"player_experience":1953372,"relics_obtained":[{"floor":6,"key":"Dead Branch"},{"floor":8,"key":"Regal Pillow"},{"floor":9,"key":"strawberrySpire:Treaders"},{"floor":11,"key":"aspiration:SeaSaltIceCream"},{"floor":14,"key":"Toxic Egg 2"},{"floor":21,"key":"wanderingMiniBosses:ThiefScarf"},{"floor":21,"key":"aspiration:DSix"},{"floor":23,"key":"Bird Faced Urn"}],"event_choices":[],"is_beta":false,"boss_relics":[{"not_picked":["Replay:Bronze Core","aspiration:IroncladSkillbook"],"picked":"Cursed Key"}],"items_purged_floors":[],"is_endless":false,"potions_floor_spawned":[6,8,11,14,19,23],"killed_by":"Gensokyo:Slime_Group","ascension_level":12}}