{"host":"9inlmzyzdhcrisrs","time":1609055889,"event":{"mods":["AchievementEnabler","BaseMod","BetterRewards","Colored Map","Colored Powertips","Conspire","Dota2Spire","Downfall","GungeonMod","Highlight Path","Infinite Spire","Luminous","Marisa£®ÏF”Í°°ƒß¿Ì…≥£©","Mimic Mod","Minty Spire (QoL Compilation)","MostiFishMod","Permanent Neow","Quick Restart","Rare Cards Sparkle","Remove Card Discount Mod","Replay The Spire","Shop Mod","Spicy Shops","StSLib","SuperFastMode","The Cursed","The Dragon Tamer","The Jungle","The Servant 0.9.4","Transform Curses","Unceasing Turn Reminder"],"gold_per_floor":[113,113,133,152,162,162,197,197,230,264,274,285,300,300,300,396,396,416,416,428,35,35,35,35,54,81,81,81,107,107,119,119,223,273,284,297,315,332,381,393,431,462,500,525,566,603,630,661,673,685,685],"floor_reached":50,"playtime":4379,"items_purged":["Luminous:Dark_Abyssal_Drop","Luminous:Dark_Abyssal_Drop","Luminous:Dark_Raid","Luminous:Switch_Luminous+1"],"score":913,"play_id":"3576bfa0-2621-4db7-9337-e00f01182ddf","local_time":"20201227155809","is_ascension_mode":false,"campfire_choices":[{"data":"Luminous:Freud_Wisdom1_Luminous","floor":6,"key":"SMITH"},{"data":"Luminous:Switch_Luminous","floor":8,"key":"SMITH"},{"data":"Luminous:Phantom_Treasure_Luminous","floor":15,"key":"SMITH"},{"data":"Luminous:Accumulation_Luminous","floor":23,"key":"SMITH"},{"data":"Luminous:Light_Spectral_Light","floor":28,"key":"SMITH"},{"data":"Luminous:Arcane_Rage_Luminous","floor":32,"key":"SMITH"},{"data":"ReplayTheSpireMod:Haul","floor":40,"key":"SMITH"},{"data":"Luminous:Balance_Death_Scythe","floor":49,"key":"SMITH"}],"circlet_count":0,"master_deck":["Luminous:Light_Flash_Shower","Luminous:Light_Flash_Shower","Luminous:Light_Flash_Shower","Luminous:Defend_Luminous","Luminous:Defend_Luminous","Luminous:Defend_Luminous+1","Luminous:Defend_Luminous","Luminous:Light_Sylvan_Lance","Luminous:Light_Glare+1","Luminous:Freud_Wisdom1_Luminous+1","Luminous:Light_Disperse+1","Luminous:Light_Disperse","Luminous:Light_Spectral_Light+1","Luminous:Balance_Death_Scythe+1","Luminous:Accumulation_Luminous+1","Luminous:Phantom_Treasure_Luminous+1","Luminous:Arcane_Rage_Luminous+1","Luminous:Light_Track+1","Luminous:Light_Glare+1","Decay","Luminous:Light_Disperse","Luminous:Light_Glare","ReplayTheSpireMod:Haul+1","Luminous:Mana_Well_Luminous","ReplayTheSpireMod:Chaos Vortex","Luminous:Balance_Death_Scythe","Luminous:Lania_Blessing_Luminous","Luminous:Magic_Boost_Luminous","Luminous:Light_Disperse","Luminous:Fast_Spell_Luminous+1","Luminous:Light_Disperse","Luminous:Lunar_Tide_Luminous","Luminous:Equalize_Luminous","Luminous:Magic_Guard_Luminous","Luminous:Light_Ray_of_Redemption+1","Luminous:Mana_Well_Luminous","Luminous:Light_Disperse+1","Luminous:Mana_Well_Luminous+1","Luminous:Light_Spectral_Light+1","Luminous:Darkness_Mastery_Luminous+1"],"relics":["Luminous:MirrorRelic","DaveBox","Dream Catcher","RhineFirstAidKit","SynthV:TestCard","Shuriken","DianDianMeat","GreenFoldingFan","DemoMod:ChaffGrenade","Vajra","Dota2Spire:LotusOrb","Nilry\u0027s Codex","Toy Ornithopter","Blood Vial","Tiny House","MawBank","Replay:Mystery Machine","Whetstone","Ancient Tea Set","ReplayTheSpireMod:TigerMarble"],"acts_visited":["Exordium","TheCity","TheBeyond"],"potions_floor_usage":[7,16,29,29,35,38],"damage_taken":[{"damage":0,"enemies":"2 Louse","floor":1,"turns":2},{"damage":0,"enemies":"Cultist","floor":3,"turns":3},{"damage":5,"enemies":"Jaw Worm","floor":4,"turns":3},{"damage":14,"enemies":"Looter","floor":5,"turns":3},{"damage":24,"enemies":"Lagavulin","floor":7,"turns":6},{"damage":1,"enemies":"Large Slime","floor":9,"turns":8},{"damage":18,"enemies":"Replay:BlueRogue","floor":10,"turns":6},{"damage":19,"enemies":"Large Slime","floor":11,"turns":5},{"damage":23,"enemies":"conspire:2 RoseBushes","floor":12,"turns":3},{"damage":2,"enemies":"Lots of Slimes","floor":13,"turns":2},{"damage":37,"enemies":"Fading Forest","floor":16,"turns":11},{"damage":6,"enemies":"3 Byrds","floor":18,"turns":3},{"damage":8,"enemies":"conspire:FuzzyDice","floor":20,"turns":4},{"damage":28,"enemies":"Centurion and Healer","floor":25,"turns":3},{"damage":32,"enemies":"Nightmare","floor":29,"turns":9},{"damage":36,"enemies":"conspire:HollyBat","floor":31,"turns":10},{"damage":18,"enemies":"Pondfish","floor":33,"turns":9},{"damage":40,"enemies":"3 Shapes","floor":35,"turns":3},{"damage":55,"enemies":"3 Darklings","floor":36,"turns":3},{"damage":20,"enemies":"Jaw Worm Horde","floor":37,"turns":2},{"damage":12,"enemies":"Maw","floor":38,"turns":6},{"damage":44,"enemies":"Giant Head","floor":41,"turns":9},{"damage":53,"enemies":"Transient","floor":42,"turns":5},{"damage":22,"enemies":"Sphere and 2 Shapes","floor":44,"turns":2},{"damage":43,"enemies":"R_Hoarder","floor":45,"turns":9},{"damage":26,"enemies":"conspire:MimicChest","floor":46,"turns":3},{"damage":8,"enemies":"Spire Growth","floor":47,"turns":4},{"damage":51,"enemies":"Writhing Mass","floor":48,"turns":6},{"damage":510,"enemies":"LordOfAnnihilation","floor":50,"turns":20}],"seed_played":"-8948936325404801007","potions_obtained":[{"floor":1,"key":"DuplicationPotion"},{"floor":4,"key":"Guardian:BlockOnCardUsePotion"},{"floor":5,"key":"Reflective Coating"},{"floor":12,"key":"DemoMod:LeadSkinPotion"},{"floor":20,"key":"Dota2Spire:Clarity"},{"floor":31,"key":"BlessingOfTheForge"},{"floor":33,"key":"SneckoOil"},{"floor":34,"key":"Slimebound:ThreeZeroPotion"},{"floor":37,"key":"BlessingOfTheForge"},{"floor":39,"key":"Slimebound:ThreeZeroPotion"},{"floor":45,"key":"Toxic Potion"}],"is_trial":false,"path_per_floor":["M","$","M","M","M","R","E","R","MIM","E","M","M","M","?","R","B",null,"M","?","M","$","?","R","$","M","T","$","R","NM","AVR","M","R","B",null,"M","M","M","M","?","R","E","M","T","M","E","?","M","M","R","B"],"character_chosen":"LuminousClass","items_purchased":["DemoMod:ChaffGrenade","Vajra","Dota2Spire:LotusOrb","Luminous:Light_Glare"],"campfire_rested":0,"item_purchase_floors":[21,21,21,27],"current_hp_per_floor":[75,75,75,70,56,56,75,75,74,61,44,81,83,83,83,51,90,96,96,103,111,95,95,95,86,86,96,96,107,120,110,110,119,216,205,180,191,216,121,121,333,317,317,331,345,357,393,392,392,0,0],"gold":685,"neow_bonus":"RANDOM_COMMON_RELIC","is_daily":false,"chose_seed":false,"campfire_upgraded":8,"win_rate":0.0,"timestamp":1609055889,"path_taken":["M","$","M","M","M","R","E","R","MIM","E","M","M","?","?","R","BOSS","M","?","M","$","?","R","?","M","T","$","R","NM","AVR","M","R","BOSS","M","M","?","M","?","R","E","M","T","M","E","?","?","M","R","BOSS"],"items_purchased_type":["Relic","Relic","Relic","Card"],"build_version":"2020-12-22","purchased_purges":4,"victory":false,"max_hp_per_floor":[75,75,75,75,75,75,75,75,75,76,78,81,85,85,85,90,90,96,96,103,111,111,111,111,120,120,130,130,153,166,180,180,195,216,233,251,270,290,311,311,333,356,356,380,405,431,458,486,486,486,486],"card_choices":[{"not_picked":["Luminous:Dark_Pressure_Void","Luminous:Sympathy_Luminous"],"picked":"Luminous:Dark_Raid","floor":1},{"not_picked":["Luminous:Chase_Spell_Luminous","Luminous:Sympathy_Luminous","Luminous:Flash_Blink_Luminous","Luminous:Concentrate_Luminous"],"picked":"Luminous:Light_Sylvan_Lance","floor":3},{"not_picked":["Luminous:Light_Ray_of_Redemption","Luminous:Light_Disperse","Luminous:Dark_Moonlight_Spear","Luminous:Light_Sylvan_Lance"],"picked":"Luminous:Light_Glare","floor":4},{"not_picked":["Luminous:Mana_Well_Luminous","Luminous:Light_Sylvan_Lance","Luminous:Accumulation_Luminous","Luminous:Light_Gather"],"picked":"Luminous:Freud_Wisdom1_Luminous","floor":5},{"not_picked":["Luminous:Hero_Will_Luminous","Luminous:Dark_Raid","Luminous:Concentrate_Luminous","Luminous:Reverse_Spell_Luminous"],"picked":"Luminous:Light_Disperse","floor":7},{"not_picked":["Luminous:Light_Track","Luminous:Concentrate_Luminous","Luminous:Light_Sylvan_Lance","Luminous:Light_Glare"],"picked":"Luminous:Light_Disperse","floor":9},{"not_picked":["Luminous:Magic_Accelerate_Luminous","Luminous:Dark_Morning_Star","Luminous:Light_Wash_Luminous","Luminous:Light_Glare"],"picked":"Luminous:Light_Spectral_Light","floor":10},{"not_picked":["Luminous:Dark_Dim_Erosion","Luminous:Tune_Luminous","Luminous:Light_Wash_Luminous","Luminous:Dark_Pressure_Void"],"picked":"Luminous:Balance_Death_Scythe","floor":11},{"not_picked":["Luminous:Abyss_Heart_Luminous","Luminous:Hero_Will_Luminous","Luminous:Light_Sylvan_Lance","Luminous:Light_Gather"],"picked":"Luminous:Accumulation_Luminous","floor":12},{"not_picked":["Luminous:Light_Reflection","Luminous:Light_Gather","Luminous:Dark_Pressure_Void","Luminous:Dark_Apocalypse"],"picked":"Luminous:Phantom_Treasure_Luminous","floor":13},{"not_picked":["Luminous:Erosion_Luminous","Luminous:Freud_Wisdom1_Luminous","Luminous:Ethereal_Form_Luminous","Luminous:Dark_Crescendo_Luminous"],"picked":"Luminous:Arcane_Rage_Luminous","floor":16},{"not_picked":["Luminous:Light_Wash_Luminous","Luminous:Light_Gather","Luminous:Light_Glare","Luminous:Chaos_Field_Luminous"],"picked":"Luminous:Light_Track+1","floor":18},{"not_picked":["Luminous:Blinding_Pillar_Luminous","Luminous:Dark_Dim_Erosion","Luminous:Light_Track","Luminous:Magic_Guard_Luminous"],"picked":"Luminous:Light_Glare+1","floor":20},{"not_picked":["Luminous:Concentrate_Luminous","Luminous:Light_Sylvan_Lance+1","Luminous:Dark_Raid","Luminous:Magic_Boost_Luminous"],"picked":"Luminous:Light_Disperse","floor":25},{"not_picked":["infinitespire:NeuralNetwork","ReplayTheSpireMod:Echoes of Time"],"picked":"ReplayTheSpireMod:Haul","floor":29},{"not_picked":["Luminous:Lania_Blessing_Luminous","Luminous:Dark_Pressure_Void+1","Luminous:Light_Glare","Luminous:Magic_Guard_Luminous+1"],"picked":"Luminous:Mana_Well_Luminous","floor":29},{"not_picked":["Luminous:Accumulation_Luminous+1","Luminous:Light_Sylvan_Lance","Luminous:Phantom_Treasure_Luminous","Luminous:Magic_Accelerate_Luminous"],"picked":"Luminous:Balance_Death_Scythe","floor":31},{"not_picked":["Luminous:Erosion_Luminous","Luminous:Freud_Wisdom1_Luminous","Luminous:Ethereal_Form_Luminous","Luminous:Date_of_Light_Luminous"],"picked":"Luminous:Lania_Blessing_Luminous","floor":33},{"not_picked":["Luminous:Accumulation_Luminous","Luminous:Dark_Moonlight_Spear","Luminous:Concentrate_Luminous+1","Luminous:Dark_Pressure_Void"],"picked":"Luminous:Magic_Boost_Luminous","floor":34},{"not_picked":["Luminous:Dark_Raid+1","Luminous:Light_Ray_of_Redemption","Luminous:Shadow_Shell_Luminous+1","Luminous:Light_Gather+1"],"picked":"Luminous:Light_Disperse","floor":35},{"not_picked":["Luminous:Sympathy_Luminous+1","Luminous:Light_Gather+1","Luminous:Accumulation_Luminous+1","Luminous:Dark_Pressure_Void"],"picked":"Luminous:Fast_Spell_Luminous+1","floor":36},{"not_picked":["Luminous:Concentrate_Luminous","Luminous:Dark_Arcane_Pitch+1","Luminous:Light_Wash_Luminous","Luminous:Dark_Pressure_Void+1"],"picked":"Luminous:Light_Disperse","floor":37},{"not_picked":["Luminous:Light_Sylvan_Lance","Luminous:Dark_Moonlight_Spear+1","Luminous:Dark_Pressure_Void+1","Luminous:Dark_Extract+1"],"picked":"Luminous:Lunar_Tide_Luminous","floor":38},{"not_picked":["Luminous:Light_Track","Luminous:Light_Sylvan_Lance","Luminous:Dark_Pressure_Void+1","Luminous:Light_Wash_Luminous"],"picked":"Luminous:Equalize_Luminous","floor":39},{"not_picked":["Luminous:Light_Disperse+1","Luminous:Light_Track+1","Luminous:Phantom_Treasure_Luminous","Luminous:Blinding_Pillar_Luminous+1"],"picked":"Luminous:Magic_Guard_Luminous","floor":41},{"not_picked":["Luminous:Light_Wash_Luminous","Luminous:Ethereal_Form_Luminous","Luminous:Dark_Pressure_Void+1","Luminous:Concentrate_Luminous+1"],"picked":"Luminous:Light_Ray_of_Redemption+1","floor":42},{"not_picked":["Luminous:Light_Spectral_Light","Luminous:Balance_Ender+1","Luminous:Dark_Moonlight_Spear+1","Luminous:Light_Wash_Luminous+1"],"picked":"Luminous:Mana_Well_Luminous","floor":44},{"not_picked":["Luminous:Blinding_Pillar_Luminous+1","Luminous:Light_Glare","Luminous:Light_Gather+1","Luminous:Dark_Raid+1"],"picked":"Luminous:Light_Disperse+1","floor":45},{"not_picked":["Luminous:Light_Glare","Luminous:Light_Gather+1","Luminous:Light_Sylvan_Lance","Luminous:Light_Spectral_Light+1"],"picked":"Luminous:Mana_Well_Luminous+1","floor":46},{"not_picked":["Luminous:Fast_Spell_Luminous","Luminous:Blinding_Pillar_Luminous","Luminous:Light_Disperse+1","Luminous:Light_Glare"],"picked":"Luminous:Light_Spectral_Light+1","floor":47},{"not_picked":["Luminous:Photic_Meditation_Luminous+1","Luminous:Blinding_Pillar_Luminous+1","Luminous:Concentrate_Luminous+1","Luminous:Magic_Guard_Luminous+1"],"picked":"Luminous:Darkness_Mastery_Luminous+1","floor":48}],"player_experience":5098,"relics_obtained":[{"floor":1,"key":"SynthV:TestCard"},{"floor":7,"key":"Shuriken"},{"floor":10,"key":"DianDianMeat"},{"floor":22,"key":"Nilry\u0027s Codex"},{"floor":26,"key":"Toy Ornithopter"},{"floor":29,"key":"Blood Vial"},{"floor":39,"key":"MawBank"},{"floor":41,"key":"Replay:Mystery Machine"},{"floor":43,"key":"Whetstone"},{"floor":45,"key":"Ancient Tea Set"},{"floor":46,"key":"ReplayTheSpireMod:TigerMarble"}],"event_choices":[{"cards_removed":["Luminous:Dark_Abyssal_Drop"],"damage_healed":0,"gold_gain":0,"player_choice":"Forget","damage_taken":0,"max_hp_gain":0,"max_hp_loss":0,"event_name":"Living Wall","floor":14,"gold_loss":0},{"damage_healed":0,"gold_gain":0,"player_choice":"Obtained Book","damage_taken":16,"max_hp_gain":0,"max_hp_loss":0,"event_name":"Cursed Tome","floor":22,"gold_loss":0}],"is_beta":false,"boss_relics":[{"not_picked":["conspire:SpecialSausage","ChewingGum"],"picked":"GreenFoldingFan"},{"not_picked":["EE1DDrone","DiscerningMonocle"],"picked":"Tiny House"}],"items_purged_floors":[21,21,21,21],"is_endless":false,"potions_floor_spawned":[1,4,5,12,20,31,33,37,42,45,46,48],"killed_by":"LordOfAnnihilation","ascension_level":0}}