{"host":"9inlmzyzdhcrisrs","time":1609037297,"event":{"mods":["AchievementEnabler","BaseMod","BetterRewards","Colored Map","Colored Powertips","Conspire","Dota2Spire","Downfall","Highlight Path","Infinite Spire","Marisa£®ÏF”Í°°ƒß¿Ì…≥£©","Mimic Mod","Minty Spire (QoL Compilation)","Permanent Neow","Quick Restart","Rare Cards Sparkle","Remove Card Discount Mod","Replay The Spire","Shop Mod","StSLib","SuperFastMode","The Jungle","The Servant 0.9.4","Transform Curses","Unceasing Turn Reminder"],"gold_per_floor":[116,18,18,37,37,78,78,98,143,156,169,169,188,212,212,332,332,352,368,368,368,391,391,434,434,513,533,533,567,38,38,38],"floor_reached":31,"playtime":1903,"items_purged":[],"score":277,"play_id":"a351f2ba-93aa-4755-8a4e-96263adefe72","local_time":"20201227104817","is_ascension_mode":false,"campfire_choices":[{"floor":7,"key":"REST"},{"floor":12,"key":"REST"},{"floor":15,"key":"REST"},{"floor":23,"key":"REST"},{"floor":25,"key":"REST"},{"floor":28,"key":"REST"}],"circlet_count":0,"master_deck":["Strike_S","Strike_S","Strike_S","Strike_S","Defend_S","Defend_S","Defend_S","Defend_S","KidneyShot","Exchange","Survivor","Defend_G+1","Ricochet","SurpressingFire+1","Unruled","Ricochet","DoubleEdge","Gouge","Snipe","Gouge","SilverBlades","FanOfKnives","Ricochet","Dilation","Luminosity","Revamp","Read","DoubleEdge","InstantArmor+1","Spin","Panacea","FanOfKnives","Dilation"],"relics":["Uniform","CaptainsWheel","Golden Idol","Dota2Spire:ShadowBlade","Honey Jar","Ice Cream","Divine Protection","conspire:BottledYoYo","MerchantsRug"],"acts_visited":["Exordium","Exordium"],"potions_floor_usage":[13,24,24,24,29,29,31],"damage_taken":[{"damage":0,"enemies":"Cultist","floor":1,"turns":4},{"damage":3,"enemies":"Jaw Worm","floor":4,"turns":4},{"damage":17,"enemies":"3 Sentries","floor":6,"turns":7},{"damage":2,"enemies":"2 Louse","floor":8,"turns":2},{"damage":3,"enemies":"2 Fungi Beasts","floor":9,"turns":5},{"damage":9,"enemies":"2 Fungi Beasts","floor":10,"turns":4},{"damage":19,"enemies":"Blue Slaver","floor":11,"turns":3},{"damage":19,"enemies":"Exordium Thugs","floor":13,"turns":3},{"damage":6,"enemies":"3 Louse","floor":14,"turns":3},{"damage":36,"enemies":"Hexaghost","floor":16,"turns":10},{"damage":15,"enemies":"theJungle:MUSHROOMGANG","floor":18,"turns":5},{"damage":13,"enemies":"Shell Parasite","floor":19,"turns":6},{"damage":25,"enemies":"theJungle:Lyon","floor":22,"turns":5},{"damage":16,"enemies":"theJungle:MamaSnecko","floor":24,"turns":5},{"damage":40,"enemies":"theJungle:2_Flameangoes","floor":27,"turns":8},{"damage":32,"enemies":"Nightmare","floor":29,"turns":11},{"damage":23,"enemies":"JungleHuntersEvent","floor":31,"turns":5}],"seed_played":"-1842096105747757269","potions_obtained":[{"floor":1,"key":"Adrenaline Potion"},{"floor":6,"key":"Weak Potion"},{"floor":10,"key":"SneckoOil"},{"floor":13,"key":"LiquidMemories"},{"floor":14,"key":"Fire Potion"},{"floor":18,"key":"Regen Potion"},{"floor":22,"key":"SteroidPotion"},{"floor":27,"key":"champ:CounterPotion"},{"floor":29,"key":"GamblersBrew"}],"is_trial":false,"path_per_floor":["M","$","?","M","?","E","R","M","MIM","M","M","R","M","M","R","B",null,"M","M","?","?","M","R","E","R","T","M","R","NM","$","?"],"character_chosen":"THE_SERVANT","items_purchased":["SurpressingFire+1","Unruled","Panacea","FanOfKnives","MerchantsRug","Dilation","Dota2Spire:HealingSalve"],"campfire_rested":6,"item_purchase_floors":[2,2,30,30,30,30,30],"current_hp_per_floor":[65,65,65,62,62,45,64,62,59,50,31,50,31,25,44,8,65,50,37,46,46,21,40,24,43,43,3,22,5,5,0,0],"gold":38,"neow_bonus":"ONE_RARE_RELIC","is_daily":false,"chose_seed":false,"campfire_upgraded":0,"win_rate":0.0,"timestamp":1609037297,"path_taken":["M","?","?","M","?","E","R","M","MIM","M","M","R","?","M","R","BOSS","M","M","?","?","M","R","E","R","T","?","R","NM","?","?"],"items_purchased_type":["Card","Card","Card","Card","Relic","Card","Potion"],"build_version":"2020-12-22","purchased_purges":0,"victory":false,"max_hp_per_floor":[65,65,65,65,65,65,65,65,65,65,65,65,65,65,65,65,65,65,65,65,65,65,65,65,65,65,65,65,65,65,65,65],"card_choices":[{"not_picked":["MoonPhase","Unruled"],"picked":"Ricochet","floor":1},{"not_picked":["DoubleEdge","Unruled"],"picked":"Ricochet","floor":4},{"not_picked":["TimeWarp","Rearm"],"picked":"DoubleEdge","floor":6},{"not_picked":["DualDimension","Reset"],"picked":"Gouge","floor":8},{"not_picked":["SoulSculpture","Unruled"],"picked":"Snipe","floor":9},{"not_picked":["Rewind","Shuttle"],"picked":"Gouge","floor":10},{"not_picked":["ShiftingGears","Unruled"],"picked":"SilverBlades","floor":11},{"not_picked":["Starlight","Foresight"],"picked":"FanOfKnives","floor":13},{"not_picked":["SpecialFormula","Potential"],"picked":"Ricochet","floor":14},{"not_picked":["TheWorld","LightFlow"],"picked":"Dilation","floor":16},{"not_picked":["Hightail+1","TimeWarp","FastForward"],"picked":"Luminosity","floor":18},{"not_picked":["Hightail","Replace","Potential"],"picked":"Revamp","floor":19},{"not_picked":["Rearm","WasteNot","Unruled"],"picked":"Read","floor":22},{"not_picked":["TimeWarp","Replace","Alleviate+1"],"picked":"DoubleEdge","floor":24},{"not_picked":["Potential","SurpressingFire","Rearm"],"picked":"InstantArmor+1","floor":27},{"not_picked":["TimeWarp","WasteNot+1","DoubleEdge"],"picked":"Spin","floor":29}],"player_experience":2183,"relics_obtained":[{"floor":6,"key":"Dota2Spire:ShadowBlade"},{"floor":24,"key":"Ice Cream"},{"floor":26,"key":"Divine Protection"},{"floor":29,"key":"conspire:BottledYoYo"}],"event_choices":[{"damage_healed":0,"gold_gain":0,"player_choice":"Take Wound","damage_taken":0,"relics_obtained":["Golden Idol"],"max_hp_gain":0,"max_hp_loss":0,"event_name":"Golden Idol","floor":5,"gold_loss":0,"cards_obtained":["Injury"]},{"cards_removed":["Injury"],"damage_healed":0,"gold_gain":0,"player_choice":"Removed Curses","damage_taken":0,"max_hp_gain":0,"max_hp_loss":0,"event_name":"Fountain of Cleansing","floor":21,"gold_loss":0}],"is_beta":false,"boss_relics":[{"not_picked":["MysterySword","Dota2Spire:RefresherOrb"],"picked":"Honey Jar"}],"items_purged_floors":[],"is_endless":false,"potions_floor_spawned":[1,6,10,11,13,14,18,22,27,29],"killed_by":"JungleHuntersEvent","ascension_level":0}}