{"host":"cxvb37eaaiijvrl4","time":1609103846,"event":{"mods":["ATMod(阿瑾Mod)","BaseMod","Better Third Choice","Minty Spire (QoL Compilation)","MostiFishMod","Quick Restart","Rare Cards Sparkle","Shop Mod","Spicy Shops","StSLib","TestMod","Uncapped","残留之物"],"gold_per_floor":[114,129,129,229,54,107,107,167,167,228,403,575,615,16,16,243,243,292,371,125,125,40,228,32,32,103,103,412,706,906,1191,1191,1557,1557,1891,2066,1060,1078,1339,1339,185,503,549,877,877,1218,406,406,406,406,621,621,621,16,51,51],"floor_reached":57,"playtime":2011,"items_purged":["Strike_P","Strike_P","Defend_P","Brilliance+1","Defend_P","AT_IrregularMenstruation+1","Eruption+1","Defend_P+1"],"score":4247,"play_id":"4f6a3bc6-6e86-4d72-bf90-1e4ff3b0d5d7","local_time":"20201227131726","is_ascension_mode":true,"campfire_choices":[{"data":"Wish","floor":7.0,"key":"SMITH"},{"data":"AT_DivineConfetti","floor":15.0,"key":"SMITH"},{"data":"Defend_P","floor":27.0,"key":"SMITH"},{"floor":32.0,"key":"RECALL"},{"data":"AT_ChampionKick","floor":40,"key":"SMITH"},{"floor":45,"key":"REST"},{"floor":49,"key":"REST"},{"floor":53,"key":"REST"}],"circlet_count":0,"master_deck":["AscendersBane","AT_WindFlip+1","Wish+1","AT_DivineConfetti+1","MostiFishMod:CyberBuddha+1","Scrawl+1","Omniscience+1","TalkToTheHand+1","MostiFishMod:StarWish+1","Finesse+1","Prostrate+1","Omniscience+1","AT_ChampionKick+1","Madness+1","Madness+1","Sanctity+1"],"relics":["PureWater","testmod-TestBox","AT_ATBox","Civilization","testmod-Maize","NeowsBlessing","SynthV:TestCard","Pantograph","The Courier","Toxic Egg 2","Medical Kit","AT_BellDemon","Omamori","White Beast Statue","Anchor","testmod-IntensifyImprint","MerchantsRug","PlaceholderMod:FlatBlood","DaveBox","Ying","Lantern","Happy Flower","AT_EbonyIvory","SynthV:C4","CeramicFish","Du-Vu Doll","testmod-NegativeEmotionEnhancer","Calipers","Strawberry","TeardropLocket","AT_BellowingDragoncrestRing","Ice Cream","ClockworkSouvenir","Eternal Feather","BirthdayGift-Tetrahedron","Frozen Egg 2","Vajra","War Paint","Juzu Bracelet","PlaceholderMod:DaolothFragment","testmod-IndustrialRevolution","BirthdayGift-Icosahedron","Kunai","TungstenRod","StrikeDummy","AT_ArchangelStaff"],"acts_visited":["Exordium","TheCity","TheBeyond","TheEnding"],"potions_floor_usage":[42,56,56],"damage_taken":[{"damage":0.0,"enemies":"Cultist","floor":1.0,"turns":1.0},{"damage":0.0,"enemies":"2 Louse","floor":2.0,"turns":1.0},{"damage":0.0,"enemies":"3 Sentries","floor":6.0,"turns":1.0},{"damage":24.0,"enemies":"Gremlin Nob","floor":8.0,"turns":4.0},{"damage":0.0,"enemies":"3 Sentries","floor":10.0,"turns":3.0},{"damage":20.0,"enemies":"Small Slimes","floor":11.0,"turns":4.0},{"damage":39.0,"enemies":"Exordium Thugs","floor":12.0,"turns":7.0},{"damage":0.0,"enemies":"Exordium Wildlife","floor":13.0,"turns":12.0},{"damage":62.0,"enemies":"Hexaghost","floor":16.0,"turns":7.0},{"damage":24.0,"enemies":"3 Byrds","floor":18.0,"turns":2.0},{"damage":0.0,"enemies":"Shell Parasite","floor":19.0,"turns":2.0},{"damage":42.0,"enemies":"Slavers","floor":23.0,"turns":2.0},{"damage":38.0,"enemies":"Book of Stabbing","floor":28.0,"turns":2.0},{"damage":0.0,"enemies":"3 Cultists","floor":29.0,"turns":1.0},{"damage":0.0,"enemies":"Sentry and Sphere","floor":30.0,"turns":3.0},{"damage":22.0,"enemies":"Slavers","floor":31.0,"turns":2.0},{"damage":25.0,"enemies":"Champ","floor":33.0,"turns":5.0},{"damage":27,"enemies":"3 Shapes","floor":35,"turns":5},{"damage":32,"enemies":"Orb Walker","floor":36,"turns":5},{"damage":0,"enemies":"3 Darklings","floor":39,"turns":1},{"damage":2,"enemies":"Reptomancer","floor":42,"turns":2},{"damage":2,"enemies":"Maw","floor":44,"turns":2},{"damage":5,"enemies":"Giant Head","floor":46,"turns":3},{"damage":0,"enemies":"Time Eater","floor":50,"turns":1},{"damage":0,"enemies":"Awakened One","floor":51,"turns":2},{"damage":0,"enemies":"Shield and Spear","floor":55,"turns":1},{"damage":0,"enemies":"The Heart","floor":56,"turns":2}],"seed_played":"-4424868752652180881","potions_obtained":[{"floor":8.0,"key":"Fire Potion"},{"floor":13.0,"key":"Dexterity Potion"},{"floor":16.0,"key":"DuplicationPotion"},{"floor":19.0,"key":"DistilledChaos"},{"floor":23.0,"key":"BottledMiracle"},{"floor":29.0,"key":"BottledMiracle"},{"floor":42,"key":"testmod-SpacePotion"},{"floor":55,"key":"Swift Potion"}],"is_trial":false,"path_per_floor":["M","M","?","?","$","E","R","E","T","E","M","M","M","$","R","B",null,"M","M","$","?","?","E","$","?","T","R","E","M","M","E","R","B",null,"M","M","$","?","M","R","$","E","T","M","R","E","$","?","R","B","B",null,"R","$","E","B",null],"character_chosen":"WATCHER","items_purchased":["Technique","Medical Kit","AT_BellDemon","Omamori","MostiFishMod:StarWish+1","MerchantsRug","Finesse+1","PlaceholderMod:FlatBlood","TeardropLocket","AT_BellowingDragoncrestRing","Ice Cream","ClockworkSouvenir","BirthdayGift-Tetrahedron","BirthdayGift-Icosahedron","Kunai","TungstenRod","GamblersBrew","Swift Potion"],"campfire_rested":3,"item_purchase_floors":[14,14,14,14,20,24,24,24,37,37,37,37,41,47,47,54,54,54],"current_hp_per_floor":[62,65,58,58,58,64,64,47,47,57,49,24,40,40,40,20,121,117,138,138,138,138,120,120,120,120,120,107,135,165,176,176,210,329,343,358,358,276,327,336,336,389,389,439,599,647,647,647,651,704,762,762,762,762,822,883],"gold":51,"neow_bonus":"THREE_ENEMY_KILL","is_daily":false,"chose_seed":false,"campfire_upgraded":4,"win_rate":0.0,"timestamp":1609103846,"path_taken":["M","M","?","?","$","E","R","E","T","E","?","M","M","$","R","BOSS","M","M","$","?","?","E","$","?","T","R","E","M","M","E","R","BOSS","M","M","$","?","M","R","$","E","T","M","R","E","$","?","R","BOSS","BOSS","R","$","E","BOSS"],"items_purchased_type":["Relic","Relic","Relic","Relic","Card","Relic","Card","Relic","Relic","Relic","Relic","Relic","Relic","Relic","Relic","Relic","Potion","Potion"],"build_version":"2020-12-22","purchased_purges":8,"victory":true,"max_hp_per_floor":[69,72,72,72,72,78,78,85,85,95,107,121,137,137,137,154,154,174,195,195,195,195,219,219,219,219,219,244,272,302,335,335,369,369,407,453,453,453,498,498,498,548,548,599,599,651,651,651,651,704,762,762,762,762,822,883],"card_choices":[{"not_picked":["Protect","Perseverance","FollowUp"],"picked":"SKIP","floor":1.0},{"not_picked":["Halt","ThirdEye","CrushJoints","Consecrate","Wish"],"picked":"SKIP","floor":2.0},{"not_picked":["Halt","ThirdEye","CrushJoints","Consecrate"],"picked":"Wish","floor":2.0},{"not_picked":["Crescendo","BowlingBash","MostiFishMod:Nomercy","EmptyFist","CutThroughFate"],"picked":"SKIP","floor":6.0},{"not_picked":["FollowUp","Crescendo","Wireheading","MentalFortress"],"picked":"AT_DivineConfetti","floor":8.0},{"not_picked":["CutThroughFate","FlurryOfBlows","BattleHymn","LessonLearned"],"picked":"MostiFishMod:CyberBuddha+1","floor":10.0},{"not_picked":["PathToVictory+1","Meditate+1","Crescendo+1","SignatureMove","FollowUp"],"picked":"SKIP","floor":11.0},{"not_picked":["Fasting2","Consecrate","InnerPeace+1","CrushJoints","MostiFishMod:Nomercy"],"picked":"SKIP","floor":12.0},{"not_picked":["CutThroughFate","SashWhip","JustLucky","EmptyMind+1","EmptyBody+1"],"picked":"SKIP","floor":13.0},{"not_picked":["MostiFishMod:Disappear","Omniscience+1","AT_MachinaRedman+1","LessonLearned"],"picked":"Scrawl+1","floor":16.0},{"not_picked":["FollowUp","CarveReality","AT_SoftenMuscles+1","Wallop","Sanctity+1"],"picked":"SKIP","floor":18.0},{"not_picked":["Halt+1","BowlingBash","Consecrate","Swivel+1","FearNoEvil"],"picked":"SKIP","floor":19.0},{"not_picked":["FlyingSleeves","Adaptation","Evaluate+1","Wallop+1","Consecrate"],"picked":"SKIP","floor":23.0},{"not_picked":["Wallop","FlurryOfBlows","ThirdEye+1","JustLucky"],"picked":"AT_IrregularMenstruation+1","floor":28.0},{"not_picked":["MentalFortress","FollowUp","InnerPeace+1","ThirdEye+1"],"picked":"Prostrate+1","floor":29.0},{"not_picked":["SashWhip","Halt+1","Prostrate+1","FlurryOfBlows","SandsOfTime+1"],"picked":"SKIP","floor":30.0},{"not_picked":["Prostrate+1","MentalFortress","JustLucky+1","BowlingBash+1","Worship+1"],"picked":"SKIP","floor":31.0},{"not_picked":["MostiFishMod:Disappear","MostiFishMod:Adaptation","MostiFishMod:Pointsdynamics","MostiFishMod:OutWit"],"picked":"Omniscience+1","floor":33.0},{"not_picked":["BowlingBash","Halt+1","FlurryOfBlows","CutThroughFate"],"picked":"AT_ChampionKick","floor":35},{"not_picked":["MostiFishMod:Speedup","Evaluate+1","MostiFishMod:LegendTransform","EmptyFist","WreathOfFlame+1"],"picked":"SKIP","floor":36},{"not_picked":["EmptyFist","Wallop","AT_ChampionStep","JustLucky","FollowUp"],"picked":"SKIP","floor":39},{"not_picked":["Wireheading+1","CrushJoints","ClearTheMind+1","MostiFishMod:Minus+1"],"picked":"Sanctity+1","floor":42},{"not_picked":["SignatureMove+1","InnerPeace+1","EmptyFist+1","BowlingBash","JustLucky"],"picked":"SKIP","floor":44},{"not_picked":["Worship+1","ThirdEye+1","Nirvana+1","AT_OneInchPunch","BattleHymn+1"],"picked":"SKIP","floor":46},{"not_picked":["FlyingSleeves","Halt+1","BattleHymn+1","FlurryOfBlows","FollowUp"],"picked":"SKIP","floor":55}],"player_experience":666111,"relics_obtained":[{"floor":1.0,"key":"SynthV:TestCard"},{"floor":6.0,"key":"Pantograph"},{"floor":8.0,"key":"The Courier"},{"floor":9.0,"key":"Toxic Egg 2"},{"floor":10.0,"key":"Bronze Scales"},{"floor":16.0,"key":"testmod-Justice"},{"floor":18.0,"key":"Darkstone Periapt"},{"floor":19.0,"key":"White Beast Statue"},{"floor":23.0,"key":"Anchor"},{"floor":23.0,"key":"testmod-IntensifyImprint"},{"floor":28.0,"key":"Lantern"},{"floor":28.0,"key":"Happy Flower"},{"floor":29.0,"key":"AT_EbonyIvory"},{"floor":30.0,"key":"Akabeko"},{"floor":31.0,"key":"SynthV:C4"},{"floor":31.0,"key":"CeramicFish"},{"floor":33.0,"key":"Du-Vu Doll"},{"floor":35,"key":"Calipers"},{"floor":36,"key":"Strawberry"},{"floor":39,"key":"Eternal Feather"},{"floor":42,"key":"Frozen Egg 2"},{"floor":42,"key":"Vajra"},{"floor":43,"key":"War Paint"},{"floor":44,"key":"Juzu Bracelet"},{"floor":46,"key":"PlaceholderMod:DaolothFragment"},{"floor":46,"key":"testmod-IndustrialRevolution"},{"floor":55,"key":"StrikeDummy"},{"floor":55,"key":"AT_ArchangelStaff"}],"event_choices":[{"cards_removed":["Strike_P"],"damage_healed":0.0,"max_hp_gain":0.0,"max_hp_loss":0.0,"gold_gain":0.0,"event_name":"Golden Wing","player_choice":"Card Removal","floor":3.0,"gold_loss":0.0,"damage_taken":7.0},{"damage_healed":0.0,"max_hp_gain":0.0,"max_hp_loss":0.0,"gold_gain":100.0,"event_name":"Wheel of Change","player_choice":"Gold","floor":4.0,"gold_loss":0.0,"damage_taken":0.0},{"damage_healed":0.0,"max_hp_gain":0.0,"max_hp_loss":0.0,"gold_gain":0.0,"event_name":"Vampires","player_choice":"Ignored","floor":21.0,"gold_loss":0.0,"damage_taken":0.0},{"damage_healed":0.0,"max_hp_gain":0.0,"max_hp_loss":0.0,"gold_gain":0.0,"event_name":"Addict","player_choice":"Obtained Relic","floor":22.0,"gold_loss":85.0,"damage_taken":0.0,"relics_obtained":["AT_GuinsooRageblade"]},{"damage_healed":0.0,"max_hp_gain":0.0,"max_hp_loss":0.0,"gold_gain":0.0,"event_name":"给自己的盒子","player_choice":"Swap Relic","floor":25.0,"relics_lost":["DaveBox"],"gold_loss":0.0,"damage_taken":0.0,"relics_obtained":["DaveBox"]},{"damage_healed":0,"gold_gain":0,"player_choice":"Embrace Madness","damage_taken":82,"max_hp_gain":0,"max_hp_loss":0,"event_name":"Winding Halls","floor":38,"gold_loss":0,"cards_obtained":["Madness","Madness"]},{"damage_healed":0,"gold_gain":0,"player_choice":"Memory 1","damage_taken":0,"max_hp_gain":0,"max_hp_loss":0,"event_name":"SensoryStone","floor":48,"gold_loss":0}],"is_beta":false,"boss_relics":[{"not_picked":["Jackal-EndForJourney","testmod-Fanaticism"],"picked":"Astrolabe"},{"not_picked":["xbg","VioletLotus"],"picked":"testmod-NegativeEmotionEnhancer"}],"items_purged_floors":[5,5,14,20,24,37,41,54],"is_endless":false,"potions_floor_spawned":[8,12,13,16,19,23,28,29,30,31,33,35,36,39,42,44,46,55],"ascension_level":20}}