{"host":"qj91dvco5uhu9oti","time":1609074698,"event":{"mods":["BaseMod","Colored Map","Keyboard Shortcuts","Minty Spire (QoL Compilation)","Permanent Neow","Relic Stats","StSLib","SuperFastMode","everything is the same but u backflip on backflip"],"gold_per_floor":[18,34,51,70,70,70,100,100,123,136,33,33,33],"floor_reached":12,"playtime":373,"items_purged":[],"score":160,"play_id":"f817e160-fe89-4320-961d-6b0c6bebaa58","local_time":"20201227221138","is_ascension_mode":true,"campfire_choices":[{"data":"True Grit","floor":6.0,"key":"SMITH"},{"data":"Rage","floor":8.0,"key":"SMITH"}],"circlet_count":0,"master_deck":["AscendersBane","Strike_R","Strike_R","Strike_R","Strike_R","Strike_R","Defend_R","Defend_R","Defend_R","Defend_R","Bash","True Grit+1","Reaper","Metallicize","Shrug It Off","Rage+1","Armaments","Deep Breath"],"relics":["Burning Blood","Turnip","Bronze Scales","Art of War"],"acts_visited":["Exordium"],"potions_floor_usage":[],"damage_taken":[{"damage":2.0,"enemies":"Jaw Worm","floor":1.0,"turns":5.0},{"damage":1.0,"enemies":"Cultist","floor":2.0,"turns":4.0},{"damage":8.0,"enemies":"2 Louse","floor":3.0,"turns":3.0},{"damage":48.0,"enemies":"Exordium Thugs","floor":4.0,"turns":11.0},{"damage":33.0,"enemies":"3 Sentries","floor":7.0,"turns":14.0},{"damage":16.0,"enemies":"3 Louse","floor":10.0,"turns":4.0},{"damage":39,"enemies":"Lagavulin","floor":12,"turns":11}],"seed_played":"-4848559917762171219","potions_obtained":[{"floor":2.0,"key":"SteroidPotion"},{"floor":4.0,"key":"Energy Potion"},{"floor":5.0,"key":"Strength Potion"},{"floor":10.0,"key":"HeartOfIron"}],"is_trial":false,"path_per_floor":["M","M","M","M","?","R","E","R","T","M","$","E"],"character_chosen":"IRONCLAD","items_purchased":["Deep Breath"],"campfire_rested":0,"item_purchase_floors":[11],"current_hp_per_floor":[72,75,73,43,43,43,33,33,33,35,35,0,0],"gold":33,"neow_bonus":"ONE_RARE_RELIC","is_daily":false,"chose_seed":false,"campfire_upgraded":2,"win_rate":0.0,"timestamp":1609074698,"path_taken":["M","M","M","M","?","R","E","R","T","M","$","E"],"items_purchased_type":["Card"],"build_version":"2020-12-22","purchased_purges":0,"victory":false,"max_hp_per_floor":[75,75,75,75,75,75,75,75,75,75,75,75,75],"relic_stats":{"counters":[7,52],"Bronze Scales":[30],"Turnip":[0],"Art of War":[0],"obtain_stats":[{"Bronze Scales":7,"Turnip":0,"Art of War":9,"Burning Blood":0},{"Bronze Scales":5,"Turnip":0,"Art of War":5,"Burning Blood":0},{"Bronze Scales":37,"Turnip":0,"Art of War":37,"Burning Blood":0}],"Burning Blood":34},"card_choices":[{"not_picked":["Havoc","Iron Wave"],"picked":"True Grit","floor":1.0},{"not_picked":["Twin Strike","Clothesline"],"picked":"Reaper","floor":2.0},{"not_picked":["Wild Strike","Havoc"],"picked":"Metallicize","floor":3.0},{"not_picked":["Dark Embrace","Barricade"],"picked":"Shrug It Off","floor":4.0},{"not_picked":["Anger","Clash"],"picked":"Rage","floor":7.0},{"not_picked":["Dual Wield","Dark Embrace"],"picked":"Armaments","floor":10.0}],"player_experience":293921,"relics_obtained":[{"floor":7.0,"key":"Bronze Scales"},{"floor":9.0,"key":"Art of War"}],"event_choices":[{"damage_healed":0.0,"max_hp_gain":0.0,"max_hp_loss":0.0,"gold_gain":0.0,"event_name":"Lab","player_choice":"Got Potions","floor":5.0,"gold_loss":0.0,"damage_taken":0.0}],"is_beta":false,"boss_relics":[],"items_purged_floors":[],"is_endless":false,"potions_floor_spawned":[2,4,10],"killed_by":"Lagavulin","ascension_level":20}}