{"host":"sav7uxregyirlf69","time":1609050432,"event":{"mods":["AchievementEnabler","BaseMod","Colored Map","DeckTracker","Keyboard Shortcuts","Minty Spire (QoL Compilation)","READ ME - Guardian Mod","StSLib","SuperFastMode"],"gold_per_floor":[111,36,86,96,96,96,129,152,152,187,187,206,285,285,285,379,379,393,418,418,438,244,244,269,269,269,319,343,343,356,389,389,483,483,503,534,24,24,38,81,81,116,140,163,163,163,163,197,197,197,197,197,197,33,71,71,71],"floor_reached":56,"playtime":1679,"items_purged":["Strike_G","Bane+1","Strike_G+1"],"score":2022,"play_id":"132dd140-361b-4649-a68e-0d1754cec2c3","local_time":"20201227152712","is_ascension_mode":true,"campfire_choices":[{"data":"Corpse Explosion","floor":6,"key":"SMITH"},{"data":"Neutralize","floor":11,"key":"SMITH"},{"data":"Poisoned Stab","floor":15,"key":"SMITH"},{"floor":23,"key":"REST"},{"data":"Malaise","floor":25,"key":"SMITH"},{"data":"Finesse","floor":29,"key":"SMITH"},{"data":"Prepared","floor":32,"key":"SMITH"},{"data":"Acrobatics","floor":41,"key":"SMITH"},{"floor":45,"key":"DIG"},{"floor":47,"key":"DIG"},{"floor":49,"key":"RECALL"},{"data":"Footwork","floor":53,"key":"SMITH"}],"circlet_count":0,"master_deck":["AscendersBane","Strike_G+1","Defend_G+1","Defend_G+1","Defend_G+1","Defend_G+1","Survivor","Neutralize+1","Poisoned Stab+1","Corpse Explosion+1","Prepared+1","PiercingWail","After Image","Catalyst+1","After Image+1","Underhanded Strike+1","Calculated Gamble+1","Malaise+1","Finesse+1","Leg Sweep+1","Crippling Poison+1","Footwork+1","Acrobatics+1","Backflip"],"relics":["Ring of the Snake","NeowsBlessing","Golden Idol","Letter Opener","Eternal Feather","The Specimen","Astrolabe","Ornamental Fan","Incense Burner","Busted Crown","Shovel","Tough Bandages","Ginger","Happy Flower","Pen Nib","Centennial Puzzle","Bottled Lightning","FossilizedHelix","Darkstone Periapt","Orrery","CaptainsWheel"],"acts_visited":["Exordium","TheCity","TheBeyond","TheEnding"],"potions_floor_usage":[10,16,33,42,50,51,56],"damage_taken":[{"damage":0,"enemies":"Small Slimes","floor":1,"turns":1},{"damage":0,"enemies":"Cultist","floor":4,"turns":1},{"damage":0,"enemies":"Gremlin Nob","floor":7,"turns":1},{"damage":0,"enemies":"2 Louse","floor":8,"turns":2},{"damage":37,"enemies":"Lagavulin","floor":10,"turns":7},{"damage":1,"enemies":"Exordium Wildlife","floor":12,"turns":3},{"damage":17,"enemies":"Hexaghost","floor":16,"turns":7},{"damage":11,"enemies":"Shell Parasite","floor":18,"turns":4},{"damage":27,"enemies":"3 Byrds","floor":19,"turns":3},{"damage":10,"enemies":"Snecko","floor":21,"turns":5},{"damage":0,"enemies":"Centurion and Healer","floor":24,"turns":6},{"damage":7,"enemies":"Snake Plant","floor":28,"turns":4},{"damage":7,"enemies":"Snecko","floor":30,"turns":8},{"damage":26,"enemies":"Gremlin Leader","floor":31,"turns":6},{"damage":18,"enemies":"Automaton","floor":33,"turns":9},{"damage":7,"enemies":"Orb Walker","floor":35,"turns":5},{"damage":2,"enemies":"Mind Bloom Boss Battle","floor":36,"turns":9},{"damage":0,"enemies":"3 Shapes","floor":39,"turns":3},{"damage":1,"enemies":"Giant Head","floor":40,"turns":8},{"damage":14,"enemies":"Nemesis","floor":42,"turns":11},{"damage":10,"enemies":"Spire Growth","floor":44,"turns":6},{"damage":0,"enemies":"Reptomancer","floor":48,"turns":5},{"damage":8,"enemies":"Awakened One","floor":50,"turns":15},{"damage":29,"enemies":"Time Eater","floor":51,"turns":18},{"damage":33,"enemies":"Shield and Spear","floor":55,"turns":7},{"damage":28,"enemies":"The Heart","floor":56,"turns":9}],"seed_played":"-4623908569315503304","potions_obtained":[{"floor":4,"key":"SpeedPotion"},{"floor":7,"key":"PowerPotion"},{"floor":8,"key":"Strength Potion"},{"floor":10,"key":"LiquidBronze"},{"floor":19,"key":"PowerPotion"},{"floor":28,"key":"GhostInAJar"},{"floor":33,"key":"Weak Potion"},{"floor":39,"key":"EntropicBrew"},{"floor":44,"key":"AttackPotion"},{"floor":48,"key":"PowerPotion"}],"is_trial":false,"path_per_floor":["M","$","?","M","?","R","E","M","T","E","R","M","T","?","R","B",null,"M","M","?","M","$","R","M","R","T","?","M","R","M","E","R","B",null,"M","?","$","?","M","E","R","E","T","M","R","?","R","E","R","B","B",null,"R","$","E","B"],"character_chosen":"THE_SILENT","items_purchased":["Finesse","Footwork","Tough Bandages","Orrery"],"campfire_rested":1,"item_purchase_floors":[22,37,37,54],"current_hp_per_floor":[59,59,59,59,59,59,59,59,59,22,31,30,30,30,39,22,51,40,13,13,3,3,33,33,45,45,45,38,50,43,17,29,11,48,41,39,39,39,39,38,50,36,36,26,38,38,50,50,60,52,23,51,60,60,27,0,0],"gold":71,"neow_bonus":"THREE_ENEMY_KILL","is_daily":false,"chose_seed":false,"campfire_upgraded":8,"win_rate":0.0,"timestamp":1609050432,"path_taken":["M","$","?","?","?","R","E","M","T","E","R","M","?","?","R","BOSS","M","?","?","M","$","R","M","R","T","?","M","R","?","E","R","BOSS","M","?","$","?","?","E","R","E","T","M","R","?","R","E","R","BOSS","BOSS","R","$","E","BOSS"],"items_purchased_type":["Card","Card","Relic","Relic"],"build_version":"2020-12-22","purchased_purges":3,"victory":false,"max_hp_per_floor":[66,66,66,66,60,60,60,60,60,60,60,60,60,60,60,60,60,60,60,60,60,60,60,60,60,60,60,60,60,60,60,60,60,60,60,60,60,60,60,60,60,60,60,60,60,60,60,60,60,60,60,60,60,60,60,60,60],"card_choices":[{"not_picked":["Deflect","Infinite Blades"],"picked":"Poisoned Stab","floor":1},{"not_picked":["Reflex","Prepared"],"picked":"Corpse Explosion","floor":4},{"not_picked":["Quick Slash","Eviscerate"],"picked":"Prepared","floor":7},{"not_picked":["Sucker Punch","Flechettes"],"picked":"PiercingWail","floor":8},{"not_picked":["Eviscerate","Caltrops"],"picked":"After Image","floor":10},{"not_picked":["Escape Plan","Underhanded Strike"],"picked":"Catalyst","floor":12},{"not_picked":["Cloak And Dagger+1","Deflect"],"picked":"Calculated Gamble+1","floor":18},{"not_picked":["Endless Agony+1","Underhanded Strike","Deadly Poison"],"picked":"SKIP","floor":19},{"not_picked":["Dagger Spray","Crippling Poison"],"picked":"Malaise","floor":21},{"not_picked":["Riddle With Holes","Poisoned Stab","Cloak And Dagger"],"picked":"SKIP","floor":24},{"not_picked":["Dagger Spray","Sucker Punch"],"picked":"Leg Sweep+1","floor":28},{"not_picked":["Catalyst+1","Bane"],"picked":"Crippling Poison+1","floor":30},{"not_picked":["PiercingWail","Glass Knife","Bane+1"],"picked":"SKIP","floor":31},{"not_picked":["Bane+1"],"picked":"SKIP","floor":35},{"not_picked":[],"picked":"Acrobatics","floor":39},{"not_picked":["Setup"],"picked":"SKIP","floor":40},{"not_picked":[],"picked":"Backflip","floor":42},{"not_picked":["Leg Sweep"],"picked":"SKIP","floor":44},{"not_picked":["Slice"],"picked":"SKIP","floor":48},{"not_picked":["Dash+1"],"picked":"SKIP","floor":55}],"player_experience":1017637,"relics_obtained":[{"floor":7,"key":"Letter Opener"},{"floor":9,"key":"Eternal Feather"},{"floor":10,"key":"The Specimen"},{"floor":26,"key":"Ornamental Fan"},{"floor":31,"key":"Incense Burner"},{"floor":36,"key":"Shovel"},{"floor":40,"key":"Happy Flower"},{"floor":42,"key":"Pen Nib"},{"floor":43,"key":"Centennial Puzzle"},{"floor":45,"key":"Bottled Lightning"},{"floor":47,"key":"FossilizedHelix"},{"floor":48,"key":"Darkstone Periapt"},{"floor":55,"key":"CaptainsWheel"}],"event_choices":[{"damage_healed":0,"gold_gain":50,"player_choice":"Pray","damage_taken":0,"max_hp_gain":0,"max_hp_loss":0,"event_name":"Golden Shrine","floor":3,"gold_loss":0},{"damage_healed":0,"gold_gain":0,"player_choice":"Lose Max HP","damage_taken":0,"relics_obtained":["Golden Idol"],"max_hp_gain":0,"max_hp_loss":6,"event_name":"Golden Idol","floor":5,"gold_loss":0},{"damage_healed":0,"gold_gain":0,"player_choice":"Upgraded","damage_taken":0,"max_hp_gain":0,"max_hp_loss":0,"event_name":"Upgrade Shrine","floor":14,"gold_loss":0,"cards_upgraded":["Catalyst"]},{"damage_healed":0,"gold_gain":0,"player_choice":"Simplicity","damage_taken":0,"max_hp_gain":0,"max_hp_loss":0,"event_name":"Back to Basics","floor":20,"gold_loss":0,"cards_upgraded":["Strike_G","Strike_G","Defend_G","Defend_G","Defend_G","Defend_G"]},{"damage_healed":0,"gold_gain":50,"player_choice":"Pray","damage_taken":0,"max_hp_gain":0,"max_hp_loss":0,"event_name":"Golden Shrine","floor":27,"gold_loss":0},{"damage_healed":0,"gold_gain":0,"player_choice":"Fight","damage_taken":0,"max_hp_gain":0,"max_hp_loss":0,"event_name":"MindBloom","floor":36,"gold_loss":0},{"damage_healed":0,"gold_gain":0,"player_choice":"Gave Potion","damage_taken":0,"relics_obtained":["Ginger"],"max_hp_gain":0,"max_hp_loss":0,"event_name":"WeMeetAgain","floor":38,"gold_loss":0},{"damage_healed":0,"gold_gain":0,"player_choice":"Ignored","damage_taken":0,"max_hp_gain":0,"max_hp_loss":0,"event_name":"Mysterious Sphere","floor":46,"gold_loss":0}],"is_beta":false,"boss_relics":[{"not_picked":["WristBlade","Ring of the Serpent"],"picked":"Astrolabe"},{"not_picked":["Snecko Eye","Empty Cage"],"picked":"Busted Crown"}],"items_purged_floors":[2,22,37],"is_endless":false,"potions_floor_spawned":[4,7,8,10,19,28,30,33,35,39,44,48],"killed_by":"The Heart","ascension_level":20}}