{"host":"6r3ioyv75hs1gp74","time":1609075923,"event":{"mods":["AchievementEnabler","BaseMod","Colored Map","Colored Powertips","Minty Spire (QoL Compilation)"],"gold_per_floor":[115,17,17,17,17,17,28,28,28,5,5,25,40,66,66,166,166,193,219,141,167,191,203,12,31,31,31,31],"floor_reached":27,"playtime":1767,"items_purged":[],"score":213,"play_id":"7b2e6cc9-9925-4a34-9ef7-05990e56dc2d","local_time":"20201227133203","is_ascension_mode":false,"campfire_choices":[{"data":"Sadistic Nature","floor":6,"key":"SMITH"},{"floor":8,"key":"REST"},{"data":"Bane","floor":11,"key":"SMITH"},{"floor":15,"key":"REST"},{"floor":23,"key":"REST"}],"circlet_count":0,"master_deck":["Strike_G","Strike_G","Strike_G","Strike_G","Strike_G","Defend_G+1","Defend_G","Defend_G+1","Defend_G","Defend_G","Survivor+1","Neutralize","Sadistic Nature+1","Bane+1","Poisoned Stab","Flying Knee","Poisoned Stab","Poisoned Stab","Bane","Corpse Explosion","Well Laid Plans+1","Malaise","CurseOfTheBell","Deflect","Deadly Poison","Envenom+1","Dodge and Roll","Bandage Up"],"relics":["Ring of the Snake","War Paint","Frozen Egg 2","Pantograph","Darkstone Periapt","Calling Bell","MawBank","Mercury Hourglass","Peace Pipe","Molten Egg 2"],"acts_visited":["Exordium","TheCity"],"potions_floor_usage":[14],"damage_taken":[{"damage":2,"enemies":"Jaw Worm","floor":1,"turns":5},{"damage":0,"enemies":"2 Louse","floor":7,"turns":1},{"damage":0,"enemies":"Cultist","floor":12,"turns":1},{"damage":3,"enemies":"Lots of Slimes","floor":13,"turns":3},{"damage":19,"enemies":"Lagavulin","floor":14,"turns":5},{"damage":37,"enemies":"The Guardian","floor":16,"turns":9},{"damage":24,"enemies":"Spheric Guardian","floor":18,"turns":5},{"damage":29,"enemies":"Chosen","floor":19,"turns":5},{"damage":0,"enemies":"3 Cultists","floor":21,"turns":2},{"damage":13,"enemies":"Snake Plant","floor":22,"turns":4},{"damage":8,"enemies":"Centurion and Healer","floor":25,"turns":6},{"damage":33,"enemies":"Sentry and Sphere","floor":27,"turns":7}],"seed_played":"-3637424695208382885","potions_obtained":[{"floor":12,"key":"Strength Potion"},{"floor":13,"key":"Swift Potion"},{"floor":19,"key":"SpeedPotion"}],"is_trial":false,"path_per_floor":["M","$","?","?","?","R","M","R","T","$","R","M","M","E","R","B",null,"M","M","?","M","M","R","$","M","T","M"],"character_chosen":"THE_SILENT","items_purchased":["Poisoned Stab","Flying Knee","Poisoned Stab","Envenom+1","Dodge and Roll","Bandage Up"],"campfire_rested":3,"item_purchase_floors":[2,2,10,24,24,24],"current_hp_per_floor":[68,68,61,61,49,49,49,70,70,70,70,70,67,48,69,33,76,52,23,23,23,10,32,32,28,28,0,0],"gold":31,"neow_bonus":"RANDOM_COLORLESS_2","is_daily":false,"chose_seed":false,"campfire_upgraded":2,"win_rate":0.0,"timestamp":1609075923,"path_taken":["M","$","?","?","?","R","M","R","T","?","R","?","?","E","R","BOSS","M","M","?","?","M","R","$","M","T","M"],"items_purchased_type":["Card","Card","Card","Card","Card","Card"],"build_version":"2020-12-22","purchased_purges":0,"victory":false,"max_hp_per_floor":[70,70,70,70,70,70,70,70,70,70,70,70,70,70,70,70,76,76,76,76,76,76,76,76,76,76,76,76],"card_choices":[{"not_picked":["Panache","Chrysalis"],"picked":"Sadistic Nature","floor":0},{"not_picked":["Deflect","Dodge and Roll"],"picked":"Bane","floor":1},{"not_picked":["Dagger Throw","Dodge and Roll"],"picked":"Poisoned Stab","floor":7},{"not_picked":["Quick Slash","Dodge and Roll"],"picked":"Bane","floor":12},{"not_picked":["Expertise","Flying Knee"],"picked":"Corpse Explosion","floor":13},{"not_picked":["Eviscerate","Slice"],"picked":"Well Laid Plans+1","floor":14},{"not_picked":["Night Terror","Wraith Form v2+1"],"picked":"Malaise","floor":16},{"not_picked":["Bouncing Flask","Leg Sweep","Blade Dance"],"picked":"SKIP","floor":18},{"not_picked":["Quick Slash+1","Crippling Poison+1"],"picked":"Deflect","floor":19},{"not_picked":["Prepared","Bouncing Flask"],"picked":"Deadly Poison","floor":21},{"not_picked":["Slice","Heel Hook","Blade Dance"],"picked":"SKIP","floor":22},{"not_picked":["Dagger Spray+1","Expertise","Flying Knee"],"picked":"SKIP","floor":25}],"player_experience":15319,"relics_obtained":[{"floor":9,"key":"Pantograph"},{"floor":14,"key":"Darkstone Periapt"},{"floor":17,"key":"MawBank"},{"floor":17,"key":"Mercury Hourglass"},{"floor":17,"key":"Peace Pipe"},{"floor":26,"key":"Molten Egg 2"}],"event_choices":[{"cards_removed":["Normality"],"damage_healed":0,"gold_gain":0,"player_choice":"Card Removal","damage_taken":7,"max_hp_gain":0,"max_hp_loss":0,"event_name":"Golden Wing","floor":3,"gold_loss":0},{"damage_healed":0,"gold_gain":0,"player_choice":"Box","damage_taken":0,"relics_obtained":["War Paint"],"max_hp_gain":0,"max_hp_loss":0,"event_name":"Big Fish","floor":4,"gold_loss":0,"cards_obtained":["Regret"]},{"damage_healed":0,"gold_gain":0,"player_choice":"Success","damage_taken":12,"relics_obtained":["Frozen Egg 2"],"max_hp_gain":0,"max_hp_loss":0,"event_name":"Scrap Ooze","floor":5,"gold_loss":0},{"cards_removed":["Regret"],"damage_healed":0,"gold_gain":0,"player_choice":"Upgrade and Remove","damage_taken":0,"max_hp_gain":0,"max_hp_loss":0,"event_name":"Designer","floor":20,"gold_loss":90,"cards_upgraded":["Survivor"]}],"is_beta":false,"boss_relics":[{"not_picked":["Tiny House","Runic Dome"],"picked":"Calling Bell"}],"items_purged_floors":[],"is_endless":false,"potions_floor_spawned":[12,13,19],"killed_by":"Sentry and Sphere","ascension_level":0}}