{"host":"vdf1n25tgqc7msgq","time":1609036238,"event":{"mods":["ATMod(阿瑾Mod)","AchievementEnabler","BaseMod","BetterRewards","Colored Powertips","KinomotoSakuraMod(木之本樱)","Marisa（F雨　魔理沙）","Minty Spire (QoL Compilation)","Quick Restart","Remilia（蕾米莉亚）","Replay The Spire","StSLib","The Servant 0.9.4","UnlockEverythingMod","Yakumo Yukari mod","Youmu（魂魄妖梦）","Yuyuko","[功能]商店购物价格优惠80%","simple"],"gold_per_floor":[2065,298,298,643,958,958,1223,1223,1343,1343,1898,886,1191,1191,1191,2181,2181,2366,2366,317,317,101,601,1101,1731,1851,2101,2101,2396,2396,3646,3646,4381,4381,5126,3272,3897,4022,4022,4022,1930,2395,2475,2475],"floor_reached":43,"playtime":1716,"items_purged":[],"score":2293,"play_id":"a038cb74-26c9-43d8-be67-4f3f5ddaf4d8","local_time":"20201226213038","is_ascension_mode":true,"campfire_choices":[{"data":"Defend_G","floor":6,"key":"SMITH"},{"floor":6,"key":"RECALL"},{"floor":6,"key":"RECALL"},{"data":"Defend_G+1","floor":8,"key":"PURGE"},{"data":"Strike_G+1","floor":8,"key":"PURGE"},{"data":"Bouncing Flask+1","floor":8,"key":"PURGE"},{"floor":8,"key":"REST"},{"floor":8,"key":"REST"},{"floor":10,"key":"REST"},{"floor":15,"key":"REST"},{"data":"ReplayTheSpireMod:Necrogeddon","floor":28,"key":"PURGE"},{"data":"AT_ArcaneSupremacy+1","floor":28,"key":"PURGE"},{"data":"ReplayTheSpireMod:Necrogeddon","floor":28,"key":"SMITH"},{"data":"ReplayTheSpireMod:Necrogeddon+1","floor":28,"key":"PURGE"},{"floor":28,"key":"REST"},{"data":"Flying Knee","floor":30,"key":"SMITH"},{"floor":30,"key":"REST"},{"floor":32,"key":"REST"},{"floor":40,"key":"REST"}],"circlet_count":0,"master_deck":["Die Die Die+1","Die Die Die+1","Die Die Die+1","Die Die Die+1","Die Die Die+1","Atom Bomb+1","Phantasmal Killer+1","Flying Knee+1","Outmaneuver+1"],"relics":["Ring of the Snake","Peace Pipe","Ginger","Turnip","Unceasing Top","Omamori","Ice Cream","The Specimen","The Courier","AT_ATBox","NeowsBlessing","Mango","Mummified Hand","TheAbacus","Sundial","Gremlin Food","Shuriken","Incense Burner","AT_MibuBalloonWealth","Letter Opener","Potion Belt","Toxic Egg 2","Bronze Scales","Akabeko","Strawberry","Replay:Rubber Ducky","Guide Book","Boot","Vampiric Spirits","Vajra","PreservedInsect","Replay:Baseball","Lizard Tail","ScarletDevilRocket","Frozen Egg 2","AT_TrinityForce","GreatHeart","Lantern","CeramicFish","AT_EbonyIvory","Tough Bandages","Calipers","Blue Doll","Ancient Tea Set","Eternal Feather","AT_BladeRuinedKing","Bag of Marbles","ReplayTheSpireMod:Lightbulb","Juzu Bracelet","StrikeDummy","Nunchaku","Orichalcum","SsserpentHead","Chemical X","Bag of Preparation","AT_LudenTempest","Pen Nib","Tiny Chest","Durian","Kunai","Byrd Skull","Snake Skull","War Paint","Oddly Smooth Stone","HornCleat","AT_GoldPhoenixTree","AT_ChloranthyRing","Replay:PocketPolymizer","StoneCalendar","Bird Faced Urn","BranchBurnRelic","Replay:WaspNest","AT_ArchangelStaff","Regal Pillow","Blood Vial","Replay:Wax Seal","AT_BellDemon","AT_ImmortalShieldbow","Replay:Bandana","Replay:Accelerometer","ReplayTheSpireMod:Ninjato","AT_ForceNature","Gremlin Horn","Anchor","Happy Flower","Replay:Mystery Machine","AT_SunfireAegis","Ornamental Fan","Art of War"],"acts_visited":["Exordium","TheCity","TheBeyond","TheEnding"],"potions_floor_usage":[],"damage_taken":[{"damage":0,"enemies":"Cultist","floor":1,"turns":1},{"damage":0,"enemies":"Small Slimes","floor":4,"turns":1},{"damage":0,"enemies":"2 Louse","floor":5,"turns":1},{"damage":0,"enemies":"Gremlin Nob","floor":7,"turns":2},{"damage":0,"enemies":"Gremlin Gang","floor":11,"turns":1},{"damage":0,"enemies":"Exordium Thugs","floor":13,"turns":1},{"damage":130,"enemies":"Fading Forest","floor":16,"turns":13},{"damage":0,"enemies":"Spheric Guardian","floor":18,"turns":2},{"damage":0,"enemies":"Slavers","floor":23,"turns":1},{"damage":0,"enemies":"Colosseum Slavers","floor":31,"turns":1},{"damage":0,"enemies":"Colosseum Nobs","floor":31,"turns":1},{"damage":0,"enemies":"Automaton","floor":33,"turns":2},{"damage":0,"enemies":"3 Darklings","floor":35,"turns":1},{"damage":0,"enemies":"Awakened One","floor":37,"turns":2},{"damage":0,"enemies":"Time Eater","floor":38,"turns":1},{"damage":0,"enemies":"Shield and Spear","floor":42,"turns":1},{"damage":94,"enemies":"The Heart","floor":43,"turns":2}],"seed_played":"237136869923280398","potions_obtained":[{"floor":4,"key":"FairyPotion"},{"floor":16,"key":"Swift Potion"},{"floor":16,"key":"Explosive Potion"},{"floor":18,"key":"SteroidPotion"},{"floor":31,"key":"Languid Potion"}],"is_trial":false,"path_per_floor":["M","$","?","M","M","R","E","R","T","R","M","$","M","?","R","B",null,"M","?","$","?","$","E","?","T","T","?","R","?","R","?","R","B",null,"M","$","B","B",null,"R","$","E","B"],"character_chosen":"THE_SILENT","items_purchased":["Mango","Mummified Hand","TheAbacus","Sundial","Gremlin Food","Shuriken","Incense Burner","AT_MibuBalloonWealth","Letter Opener","Potion Belt","Toxic Egg 2","Bronze Scales","Akabeko","Guide Book","Boot","Vampiric Spirits","Vajra","PreservedInsect","Replay:Baseball","Lizard Tail","ScarletDevilRocket","Frozen Egg 2","Lantern","CeramicFish","AT_EbonyIvory","Tough Bandages","Calipers","Blue Doll","Ancient Tea Set","Eternal Feather","AT_BladeRuinedKing","Bag of Marbles","ReplayTheSpireMod:Lightbulb","Juzu Bracelet","StrikeDummy","Nunchaku","Orichalcum","Chemical X","Bag of Preparation","AT_LudenTempest","ReplayTheSpireMod:Necrogeddon","Byrd Skull","Snake Skull","War Paint","Oddly Smooth Stone","HornCleat","AT_GoldPhoenixTree","AT_ChloranthyRing","Replay:PocketPolymizer","StoneCalendar","Dead Branch","Bird Faced Urn","Replay:WaspNest","AT_ArchangelStaff","Regal Pillow","Blood Vial","Replay:Wax Seal","AT_BellDemon","AT_ImmortalShieldbow","Replay:Bandana","Replay:Accelerometer","ReplayTheSpireMod:Ninjato","AT_ForceNature","Gremlin Horn","Anchor","Happy Flower","Replay:Mystery Machine","AT_SunfireAegis"],"campfire_rested":8,"item_purchase_floors":[2,2,2,2,2,2,2,2,2,2,2,2,2,12,12,12,12,12,12,12,12,12,20,20,20,20,20,20,20,20,20,20,20,20,20,20,20,22,22,22,22,36,36,36,36,36,36,36,36,36,36,36,41,41,41,41,41,41,41,41,41,41,41,41,41,41,41,41],"current_hp_per_floor":[59,73,73,73,73,73,80,87,87,87,87,87,87,87,87,87,87,87,87,87,87,87,87,87,87,87,87,87,87,87,92,92,92,92,92,92,92,92,92,92,92,92,0,0],"gold":2475,"neow_bonus":"THREE_ENEMY_KILL","is_daily":false,"chose_seed":false,"campfire_upgraded":3,"win_rate":0.0,"timestamp":1609036238,"path_taken":["M","$","?","M","M","R","E","R","T","R","M","$","?","?","R","BOSS","M","?","$","?","$","E","?","?","T","?","R","?","R","?","R","BOSS","M","$","BOSS","BOSS","R","$","E","BOSS"],"items_purchased_type":["Relic","Relic","Relic","Relic","Relic","Relic","Relic","Relic","Relic","Relic","Relic","Relic","Relic","Relic","Relic","Relic","Relic","Relic","Relic","Relic","Relic","Relic","Relic","Relic","Relic","Relic","Relic","Relic","Relic","Relic","Relic","Relic","Relic","Relic","Relic","Relic","Relic","Relic","Relic","Relic","Card","Relic","Relic","Relic","Relic","Relic","Relic","Relic","Relic","Relic","Relic","Relic","Relic","Relic","Relic","Relic","Relic","Relic","Relic","Relic","Relic","Relic","Relic","Relic","Relic","Relic","Relic","Relic"],"build_version":"2020-12-22","purchased_purges":0,"victory":false,"max_hp_per_floor":[66,80,80,80,80,80,87,87,87,87,87,87,87,87,87,87,87,87,87,87,87,87,87,87,87,87,87,87,87,87,92,92,92,92,92,92,92,92,92,92,92,92,92,92],"card_choices":[{"not_picked":["Skewer","Prepared","Outmaneuver"],"picked":"SKIP","floor":1},{"not_picked":["AT_WindFlip","Flying Knee","Infinite Blades"],"picked":"SKIP","floor":4},{"not_picked":["Poisoned Stab","Cloak And Dagger+1","Blade Dance+1"],"picked":"SKIP","floor":5},{"not_picked":["Dash","Cloak And Dagger+1"],"picked":"Bouncing Flask+1","floor":7},{"not_picked":["Acrobatics+1","Noxious Fumes","Well Laid Plans"],"picked":"SKIP","floor":11},{"not_picked":["Unload","Deflect+1"],"picked":"AT_ArcaneSupremacy+1","floor":13},{"not_picked":["Storm of Steel+1","Malaise+1"],"picked":"Phantasmal Killer+1","floor":16},{"not_picked":["Dodge and Roll+1","Slice+1","PiercingWail+1"],"picked":"SKIP","floor":18},{"not_picked":["Tools of the Trade+1","Setup+1","Cloak And Dagger+1"],"picked":"SKIP","floor":23},{"not_picked":["Dash","Replay:Poison Smokescreen+1"],"picked":"Outmaneuver+1","floor":35},{"not_picked":["Cloak And Dagger+1","Underhanded Strike+1","Distraction+1"],"picked":"SKIP","floor":42}],"player_experience":18978,"relics_obtained":[{"floor":7,"key":"Strawberry"},{"floor":9,"key":"Replay:Rubber Ducky"},{"floor":23,"key":"Pen Nib"},{"floor":26,"key":"Tiny Chest"},{"floor":31,"key":"Durian"},{"floor":31,"key":"Kunai"},{"floor":42,"key":"Ornamental Fan"},{"floor":42,"key":"Art of War"}],"event_choices":[{"damage_healed":0,"gold_gain":0,"player_choice":"Upgraded","damage_taken":0,"max_hp_gain":0,"max_hp_loss":0,"event_name":"Upgrade Shrine","floor":3,"gold_loss":0,"cards_upgraded":["Strike_G"]},{"damage_healed":0,"gold_gain":0,"player_choice":"Ignored","damage_taken":0,"max_hp_gain":0,"max_hp_loss":0,"event_name":"Shining Light","floor":14,"gold_loss":0},{"damage_healed":0,"gold_gain":0,"player_choice":"Trade","damage_taken":0,"relics_obtained":["SsserpentHead"],"max_hp_gain":0,"max_hp_loss":0,"event_name":"FaceTrader","floor":21,"gold_loss":0},{"damage_healed":0,"gold_gain":50,"player_choice":"Pray","damage_taken":0,"max_hp_gain":0,"max_hp_loss":0,"event_name":"Golden Shrine","floor":24,"gold_loss":0},{"damage_healed":0,"gold_gain":0,"player_choice":"Simplicity","damage_taken":0,"max_hp_gain":0,"max_hp_loss":0,"event_name":"Back to Basics","floor":27,"gold_loss":0,"cards_upgraded":[]},{"damage_healed":0,"gold_gain":0,"cards_transformed":["A Thousand Cuts"],"player_choice":"Transformed","damage_taken":0,"max_hp_gain":0,"max_hp_loss":0,"event_name":"Transmorgrifier","floor":29,"gold_loss":0,"cards_obtained":["Flying Knee"]},{"damage_healed":0,"gold_gain":0,"player_choice":"Fight","damage_taken":0,"max_hp_gain":0,"max_hp_loss":0,"event_name":"Colosseum","floor":31,"gold_loss":0},{"damage_healed":0,"gold_gain":0,"player_choice":"Fought Nobs","damage_taken":0,"max_hp_gain":0,"max_hp_loss":0,"event_name":"Colosseum","floor":31,"gold_loss":0}],"is_beta":false,"boss_relics":[{"not_picked":["Philosopher\u0027s Stone","Painkiller Herb"],"picked":"AT_TrinityForce"},{"not_picked":["ChewingGum","Cursed Key","ReplayTheSpireMod:DimensionalGlitch"]}],"items_purged_floors":[],"is_endless":false,"potions_floor_spawned":[1,4,5,7,11,16,16,18,18,31,31,35,42],"killed_by":"The Heart","ascension_level":20}}