{"host":"qlj7f7zro8kbedlv","time":1609054727,"event":{"mods":["2.2 Compatiblity","Astrologer","Bard","BaseMod","Better Note","BetterRewards","Colored Map","Colored Powertips","Conspire","Downfall","Energized Spire","Friendly Minions","Hermit","Highlight Path","Hubris","Infinite Spire","Jorbs\u0027s Wanderer Trilogy","Mimic Mod","Minty Spire (QoL Compilation)","Rare Cards Sparkle","Replay The Spire","StSLib","The Bladedancer","The Cursed","The Elementalist","The Runesmith"],"gold_per_floor":[99,99,99,99,46,46,118,146,163,178,178,191,191,204,215,215,215,215],"floor_reached":16,"playtime":659,"items_purged":[],"score":100,"play_id":"cadda4d9-af24-421f-9e41-8216f080893a","local_time":"20201227013847","is_ascension_mode":false,"campfire_choices":[{"data":"champ:Execute","floor":1,"key":"SMITH"},{"data":"champ:Taunt","floor":6,"key":"SMITH"},{"floor":11,"key":"REST"},{"data":"champ:TornadoPunch","floor":13,"key":"SMITH"}],"circlet_count":0,"master_deck":["champ:Strike","champ:Strike","champ:Strike","champ:Defend","champ:Defend","champ:Defend","champ:Defend","champ:Execute+1","champ:Taunt+1","champ:SkillfulDodge","champ:GladiatorsShout","champ:StanceDance","champ:DefensiveShout","champ:EnGarde","champ:ViciousMockery","champ:HeartStrike","champ:TornadoPunch+1","champ:Backstep","champ:BringItOn"],"relics":["champ:ChampionCrown","downfall:HeartsMalice","hubris:Metronome","Ancient Tea Set"],"acts_visited":["Exordium"],"potions_floor_usage":[16],"damage_taken":[{"damage":0,"enemies":"2 Louse","floor":2,"turns":1},{"damage":0,"enemies":"conspire:RoseBush","floor":3,"turns":1},{"damage":0,"enemies":"downfall:FleeingMerchant","floor":5,"turns":1},{"damage":45,"enemies":"Lagavulin","floor":8,"turns":10},{"damage":11,"enemies":"Jaw Worm","floor":9,"turns":3},{"damage":21,"enemies":"3 Louse","floor":10,"turns":4},{"damage":13,"enemies":"Red Slaver","floor":12,"turns":3},{"damage":36,"enemies":"2 Fungi Beasts","floor":14,"turns":5},{"damage":4,"enemies":"Gremlin Gang","floor":15,"turns":3},{"damage":16,"enemies":"downfall:Defect","floor":16,"turns":4}],"seed_played":"8012629483330146643","potions_obtained":[{"floor":8,"key":"champ:OpenerPotion"},{"floor":9,"key":"sneckomod:MuddlingPotion"},{"floor":10,"key":"AttackPotion"},{"floor":12,"key":"Energy Potion"}],"is_trial":false,"path_per_floor":["R","M","M","?","$","R","T","E","M","M","R","M","R","M","M","B"],"character_chosen":"THE_CHAMP","items_purchased":["champ:DefensiveShout"],"campfire_rested":1,"item_purchase_floors":[5],"current_hp_per_floor":[90,90,90,90,90,90,90,55,44,28,55,47,47,16,12,0,0,0],"gold":215,"neow_bonus":"THREE_ENEMY_KILL","is_daily":false,"chose_seed":false,"campfire_upgraded":3,"win_rate":0.0,"timestamp":1609054727,"path_taken":["R","M","M","?","$","R","T","E","M","M","R","M","R","M","M","BOSS"],"items_purchased_type":["Card"],"build_version":"2020-12-22","purchased_purges":0,"victory":false,"max_hp_per_floor":[90,90,90,90,90,90,90,90,90,90,90,90,90,90,90,90,90,90],"card_choices":[{"not_picked":["champ:Circumvent","champ:DeathBlow"],"picked":"champ:SkillfulDodge","floor":2},{"not_picked":["champ:ArenaPreparation","champ:StanceDance"],"picked":"champ:GladiatorsShout","floor":3},{"not_picked":["champ:ShieldThrow","champ:MurderStrike"],"picked":"champ:StanceDance","floor":5},{"not_picked":["champ:Lariat","champ:BringItOn"],"picked":"champ:EnGarde","floor":8},{"not_picked":["champ:Riposte","champ:FocusedBerserking"],"picked":"champ:ViciousMockery","floor":9},{"not_picked":["champ:EnragedBash","champ:StanceDance"],"picked":"champ:HeartStrike","floor":10},{"not_picked":["champ:HeartStrike","champ:DefensiveShout"],"picked":"champ:TornadoPunch","floor":12},{"not_picked":["champ:DefensiveShout","champ:RecklessLeap"],"picked":"champ:Backstep","floor":14},{"not_picked":["champ:BerserkersShout","champ:CrownThrow"],"picked":"champ:BringItOn","floor":15}],"player_experience":100608,"relics_obtained":[{"floor":7,"key":"hubris:Metronome"},{"floor":8,"key":"Ancient Tea Set"}],"event_choices":[],"is_beta":false,"boss_relics":[],"items_purged_floors":[],"is_endless":false,"potions_floor_spawned":[8,9,10,12],"killed_by":"downfall:Defect","ascension_level":0}}