{"host":"7nu0fnckee4tlfez","time":1609095616,"event":{"mods":["2.2 Compatiblity","AchievementEnabler","Astrologer","BaseMod","CapriCore","Colored Map","Downfall","Lobotomy","Marisa£¨Ùöéë¡¡Øª×âÞÞ£©","Minty Spire (QoL Compilation)","StSLib","SuperFastMode","The Immortal"],"gold_per_floor":[109,125,141,91,104,138,148,148,148],"floor_reached":8,"playtime":391,"items_purged":[],"score":60,"play_id":"68945ff6-d59b-4b54-a4eb-ac11e1b116aa","local_time":"20201228040016","is_ascension_mode":false,"campfire_choices":[],"circlet_count":0,"master_deck":["Strike_P","Strike_P","Strike_P","Defend_P","Defend_P","Defend_P","Eruption","Vigilance","EmptyFist","Collect","Brilliance","ClearTheMind","InnerPeace","DeceiveReality"],"relics":["PureWater","Darkstone Periapt"],"acts_visited":["Exordium"],"potions_floor_usage":[8,8],"damage_taken":[{"damage":1,"enemies":"Jaw Worm","floor":1,"turns":3},{"damage":0,"enemies":"Small Slimes","floor":2,"turns":3},{"damage":2,"enemies":"2 Louse","floor":3,"turns":4},{"damage":17,"enemies":"Exordium Thugs","floor":5,"turns":5},{"damage":13,"enemies":"Lagavulin","floor":6,"turns":5},{"damage":16,"enemies":"Lots of Slimes","floor":7,"turns":3},{"damage":49,"enemies":"Gremlin Nob","floor":8,"turns":4}],"seed_played":"7270685904380501386","potions_obtained":[{"floor":2,"key":"Ancient Potion"},{"floor":5,"key":"Regen Potion"},{"floor":7,"key":"BottledMiracle"}],"is_trial":false,"path_per_floor":["M","M","M","?","M","E","M","E"],"character_chosen":"WATCHER","items_purchased":[],"campfire_rested":0,"item_purchase_floors":[],"current_hp_per_floor":[71,71,69,69,52,39,23,0,0],"gold":148,"neow_bonus":"REMOVE_CARD","is_daily":false,"chose_seed":false,"campfire_upgraded":0,"win_rate":0.0,"timestamp":1609095616,"path_taken":["M","M","M","?","M","E","M","E"],"items_purchased_type":[],"build_version":"2020-12-22","purchased_purges":0,"victory":false,"max_hp_per_floor":[72,72,72,72,72,72,72,72,72],"card_choices":[{"not_picked":["ThirdEye","PathToVictory"],"picked":"EmptyFist","floor":1},{"not_picked":["Protect","WaveOfTheHand"],"picked":"Collect","floor":2},{"not_picked":["Protect","Halt"],"picked":"Brilliance","floor":3},{"not_picked":["ThirdEye","WreathOfFlame"],"picked":"ClearTheMind","floor":5},{"not_picked":["Fasting2","WaveOfTheHand"],"picked":"InnerPeace","floor":6},{"not_picked":["CarveReality","EmptyFist"],"picked":"DeceiveReality","floor":7}],"player_experience":65013,"relics_obtained":[{"floor":6,"key":"Darkstone Periapt"}],"event_choices":[{"cards_removed":["Strike_P"],"damage_healed":0,"gold_gain":0,"player_choice":"Card Removal","damage_taken":0,"max_hp_gain":0,"max_hp_loss":0,"event_name":"The Cleric","floor":4,"gold_loss":50}],"is_beta":false,"boss_relics":[],"items_purged_floors":[],"is_endless":false,"potions_floor_spawned":[2,5,7],"killed_by":"Gremlin Nob","ascension_level":0}}