{"host":"uikxj58mzlixykyi","time":1609105296,"event":{"mods":["AchievementEnabler","BaseMod","BetterRewards","Colored Map","Colored Powertips","Downfall","Friendly Minions","Highlight Path","Minty Spire (QoL Compilation)","Shop Mod","StSLib"],"gold_per_floor":[99,99,99,99,11,25,50,50,66,66,66,66,66,51,64,169,169,169,187,207,207,217,217,217,227,227,227,247,267,267,279,289,289,289,289],"floor_reached":33,"playtime":1334,"items_purged":[],"score":261,"play_id":"ac584c20-243f-452f-8fe6-82d66e24805f","local_time":"20201227234136","is_ascension_mode":true,"campfire_choices":[{"data":"Slimebound:CorrosiveSpit","floor":1.0,"key":"SMITH"},{"data":"Slimebound:FirmFortitude","floor":8.0,"key":"SMITH"},{"data":"Slimebound:BestDefense","floor":13.0,"key":"SMITH"},{"data":"Slimebound:PrepareCrush","floor":18.0,"key":"PURGE"},{"floor":26.0,"key":"REST"},{"floor":30.0,"key":"REST"}],"circlet_count":0,"master_deck":["Slimebound:Strike_Slimebound","Slimebound:Strike_Slimebound","Slimebound:Strike_Slimebound","Slimebound:Tackle","Slimebound:Defend_Slimebound","Slimebound:Defend_Slimebound","Slimebound:Defend_Slimebound","Slimebound:Split","Slimebound:CorrosiveSpit+1","Slimebound:Prepare","Slimebound:ViciousTackle","Slimebound:BestDefense+1","Slimebound:FirmFortitude+1","Slimebound:GoopTackle","Slimebound:Replication","Slimebound:RollThrough+1"],"relics":["Slimebound:AbsorbEndCombat","downfall:HeartsMalice","Slimebound:ScrapOozeRelic","Fusion Hammer","Mummified Hand"],"acts_visited":["Exordium","TheCity"],"potions_floor_usage":[33],"damage_taken":[{"damage":0.0,"enemies":"Cultist","floor":2.0,"turns":1.0},{"damage":0.0,"enemies":"Small Slimes","floor":3.0,"turns":1.0},{"damage":0.0,"enemies":"Jaw Worm","floor":4.0,"turns":1.0},{"damage":7.0,"enemies":"downfall:FleeingMerchant","floor":5.0,"turns":4.0},{"damage":13.0,"enemies":"Blue Slaver","floor":6.0,"turns":4.0},{"damage":21.0,"enemies":"Large Slime","floor":9.0,"turns":5.0},{"damage":8.0,"enemies":"downfall:FleeingMerchant","floor":14.0,"turns":4.0},{"damage":12.0,"enemies":"Gremlin Gang","floor":15.0,"turns":3.0},{"damage":38.0,"enemies":"downfall:Watcher","floor":16.0,"turns":5.0},{"damage":10.0,"enemies":"Chosen","floor":19.0,"turns":4.0},{"damage":12.0,"enemies":"Spheric Guardian","floor":20.0,"turns":3.0},{"damage":36.0,"enemies":"Snecko","floor":22.0,"turns":4.0},{"damage":13.0,"enemies":"Cultist and Chosen","floor":25.0,"turns":5.0},{"damage":12.0,"enemies":"Snake Plant","floor":28.0,"turns":2.0},{"damage":7.0,"enemies":"3 Cultists","floor":29.0,"turns":3.0},{"damage":19.0,"enemies":"Shelled Parasite and Fungi","floor":31.0,"turns":3.0},{"damage":0,"enemies":"Snecko","floor":32,"turns":3},{"damage":61,"enemies":"downfall:Silent","floor":33,"turns":4}],"seed_played":"50417450865932326","potions_obtained":[{"floor":6.0,"key":"Fire Potion"},{"floor":16.0,"key":"FairyPotion"},{"floor":19.0,"key":"Weak Potion"},{"floor":20.0,"key":"Strength Potion"},{"floor":31.0,"key":"GamblersBrew"},{"floor":32,"key":"ColorlessPotion"}],"is_trial":false,"path_per_floor":["R","M","M","M","$","M","T","R","M","?","?","?","R","$","M","B",null,"R","M","M","?","M","?","T","M","R","?","M","M","R","M","M","B"],"character_chosen":"SLIMEBOUND","items_purchased":["Slimebound:BestDefense"],"campfire_rested":2,"item_purchase_floors":[5],"current_hp_per_floor":[60,60,60,60,59,52,52,52,43,58,57,57,57,57,51,23,57,57,53,41,41,17,17,17,16,33,33,27,28,45,34,36,0,0,0],"gold":289,"neow_bonus":"THREE_ENEMY_KILL","is_daily":false,"chose_seed":false,"campfire_upgraded":3,"win_rate":0.0,"timestamp":1609105296,"path_taken":["R","M","M","M","$","?","T","R","M","?","?","?","R","?","M","BOSS","R","M","M","?","?","?","T","M","R","?","M","M","R","?","M","BOSS"],"items_purchased_type":["Card"],"build_version":"2020-12-22","purchased_purges":0,"victory":false,"max_hp_per_floor":[60,60,60,60,60,60,60,60,60,60,57,57,57,57,57,57,57,57,57,57,57,57,57,57,57,57,57,57,57,57,57,57,57,57,57],"card_choices":[{"not_picked":["Slimebound:TongueLash","Slimebound:GrowthPunch"],"picked":"Slimebound:Prepare","floor":2.0},{"not_picked":["Slimebound:FinishingTackle","Slimebound:SplitBruiser"],"picked":"Slimebound:ViciousTackle","floor":3.0},{"not_picked":["Slimebound:SelfFormingGoo","Slimebound:PressTheAttack","Slimebound:SplitSpecialist"],"picked":"SKIP","floor":4.0},{"not_picked":["Slimebound:FinishingTackle","Slimebound:ProtectTheBoss","Slimebound:GrowthPunch"],"picked":"SKIP","floor":5.0},{"not_picked":["Slimebound:SplitMire","Slimebound:Gluttony"],"picked":"Slimebound:FirmFortitude","floor":6.0},{"not_picked":["Slimebound:DivideAndConquer","Slimebound:LeechingTouch"],"picked":"Slimebound:GoopTackle","floor":9.0},{"not_picked":["Slimebound:LeechEnergy","Slimebound:ComboTackle","Slimebound:SplitLeeching"],"picked":"SKIP","floor":14.0},{"not_picked":["Slimebound:SlimeBarrage","Slimebound:ComboTackle","Slimebound:ProtectTheBoss"],"picked":"SKIP","floor":15.0},{"not_picked":["Slimebound:SlimeSlap","Slimebound:Teamwork"],"picked":"Slimebound:PrepareCrush","floor":16.0},{"not_picked":["Slimebound:SlimeSpikes","Slimebound:Equalize"],"picked":"Slimebound:Replication","floor":19.0},{"not_picked":["Slimebound:GoopSpray","Slimebound:Repurpose+1","Slimebound:RejuvenatingLick"],"picked":"SKIP","floor":20.0},{"not_picked":["Slimebound:LevelUp","Slimebound:ViciousTackle","Slimebound:ProtectTheBoss"],"picked":"SKIP","floor":22.0},{"not_picked":["Slimebound:SpikyOuterGoop","Slimebound:HauntingLick","Slimebound:GoopSpray"],"picked":"SKIP","floor":25.0},{"not_picked":["Slimebound:Schlurp","Slimebound:PressTheAttack+1","Slimebound:SplitBruiser+1"],"picked":"SKIP","floor":28.0},{"not_picked":["Slimebound:SlimeBrawl","Slimebound:OneTwoCombo","Slimebound:ServeAndProtect"],"picked":"SKIP","floor":29.0},{"not_picked":["Slimebound:Prepare","Slimebound:Recollect+1"],"picked":"Slimebound:RollThrough+1","floor":31.0},{"not_picked":["Slimebound:ServeAndProtect","Slimebound:ViciousTackle","Slimebound:GoopSpray"],"picked":"SKIP","floor":32}],"player_experience":41896,"relics_obtained":[{"floor":7.0,"key":"Juzu Bracelet"},{"floor":24.0,"key":"Mummified Hand"}],"event_choices":[{"damage_healed":15.0,"max_hp_gain":0.0,"max_hp_loss":0.0,"gold_gain":0.0,"event_name":"Mushrooms","player_choice":"Healed and dodged fight","floor":10.0,"gold_loss":0.0,"damage_taken":0.0,"cards_obtained":["Parasite"]},{"cards_removed":["Parasite"],"damage_healed":0.0,"max_hp_gain":0.0,"max_hp_loss":0.0,"gold_gain":0.0,"event_name":"The Cleric","player_choice":"Card Removal","floor":11.0,"gold_loss":0.0,"damage_taken":0.0},{"cards_removed":["Slimebound:Defend_Slimebound"],"damage_healed":0.0,"max_hp_gain":0.0,"max_hp_loss":0.0,"gold_gain":0.0,"event_name":"Purifier","player_choice":"Purged","floor":27.0,"gold_loss":0.0,"damage_taken":0.0}],"is_beta":false,"boss_relics":[{"not_picked":["Runic Dome","Sozu"],"picked":"Fusion Hammer"}],"items_purged_floors":[],"is_endless":false,"potions_floor_spawned":[6,16,19,20,31,32],"killed_by":"downfall:Silent","ascension_level":2}}