{"host":"cfluht5kr2kfk9p9","time":1609069477,"event":{"mods":["ATMod(阿瑾Mod)","Act Like it!","Arknights The Spire","BaseMod","Gensokyo","GungeonMod","Hallownest","Highlight Path","Minty Spire (QoL Compilation)","Quick Restart","Rare Cards Sparkle","Relic Stats","RumiaBox-露米娅的神秘盒子","Spicy Shops","StSLib","TestMod","The Alterego","【功能Mod】混沌之环修复补丁"],"gold_per_floor":[109,126,126,139,157,157,2,37,37,65,90,106,126,152,152,254,254,273,273,13,34,62,91,91,6,30,70,70,98,119,162,162,275,275,290,314,314,339,356,394,97,154,154,210,262,316,316,157,157,194,194,194,32,86,119],"floor_reached":56,"playtime":3227,"items_purged":["ats:Strike V","ats:Strike G","ats:Armor Crushing Shot","ats:Defend"],"score":1486,"play_id":"a33c67d5-c264-48e9-9739-610a4c67422c","local_time":"20201227194437","is_ascension_mode":true,"campfire_choices":[{"data":"AT_EmpoweredMortalDraw","floor":6.0,"key":"SMITH"},{"data":"ats:Healing Strengthening","floor":15.0,"key":"SMITH"},{"data":"ats:Closed Bolt Burst Fire","floor":24,"key":"PURGE"},{"data":"ats:Dogmatic Field","floor":28,"key":"SMITH"},{"data":"ats:Thorns","floor":32,"key":"SMITH"},{"floor":47,"key":"RECALL"},{"data":"ats:Healing Strengthening","floor":49,"key":"SMITH"},{"data":"ats:Healing Drone","floor":52,"key":"SMITH"}],"circlet_count":0,"master_deck":["ats:Defend","ats:Defend","ats:Defend","ats:Emotion Absorption","AT_EmpoweredMortalDraw+1","ats:Hammer On","ats:Shell Defense","ats:Healing Strengthening+1","ats:Apocalypse","ats:Hook Shot","ats:Composite Medical Shells","ats:Dogmatic Field+1","ats:Healing Strengthening+1","ats:Thorns+1","ats:Disruption Kick","ats:Healing Drone+1","ats:Revitalization+1","ats:Roar Of Ursus","ats:Healing Drone+1","Gensokyo:BlemishedSteel","ats:Dogmatic Field"],"relics":["testmod-TestBox","AT_ATBox","testmod-CrystalShield","testmod-HarvestTotem","Membership Card","ats:Originium","DemoMod:MonsterBlood","DemoMod:Relodestone","ats:Originium","Tiny Chest","Odd Mushroom","ats:Originium","ats:Lavender","testmod-DeterminationOfClimber","Medical Kit","Peace Pipe","ats:Originium","Prayer Wheel","testmod-ThousandKnives","Unceasing Top","AT_Kusabimaru","testmod-TimeTraveler","AT_RabadonDeathcap","testmod-Acrobat","Boot","OrangePellets","MagicDraw3","DemoMod:Metronome","Eternal Feather","testmod-TurbochargingSystem","ats:Rhine Circuitry","ats:Assault","testmod-BouquetWithThorns"],"acts_visited":["Exordium","TheCity","TheCity","TheEnding"],"potions_floor_usage":[38,55,55,55,55,55],"damage_taken":[{"damage":5.0,"enemies":"Small Slimes","floor":1.0,"turns":2.0},{"damage":0.0,"enemies":"Cultist","floor":2.0,"turns":2.0},{"damage":0.0,"enemies":"2 Louse","floor":4.0,"turns":2.0},{"damage":4.0,"enemies":"Lots of Slimes","floor":5.0,"turns":2.0},{"damage":52.0,"enemies":"Lagavulin","floor":8.0,"turns":9.0},{"damage":21.0,"enemies":"3 Sentries","floor":10.0,"turns":4.0},{"damage":0.0,"enemies":"The Mushroom Lair","floor":11.0,"turns":1.0},{"damage":0.0,"enemies":"3 Louse","floor":12.0,"turns":3.0},{"damage":18.0,"enemies":"Exordium Thugs","floor":13.0,"turns":4.0},{"damage":56.0,"enemies":"Lagavulin","floor":14.0,"turns":11.0},{"damage":80.0,"enemies":"Slime Boss","floor":16.0,"turns":13.0},{"damage":28.0,"enemies":"Chosen","floor":18.0,"turns":5.0},{"damage":0.0,"enemies":"Spheric Guardian","floor":21.0,"turns":2.0},{"damage":11,"enemies":"Snecko","floor":22,"turns":3},{"damage":34,"enemies":"Slavers","floor":23,"turns":3},{"damage":35,"enemies":"Gremlin Leader","floor":27,"turns":6},{"damage":27,"enemies":"Slavers","floor":29,"turns":2},{"damage":31,"enemies":"Centurion and Healer","floor":30,"turns":4},{"damage":54,"enemies":"Book of Stabbing","floor":31,"turns":5},{"damage":72,"enemies":"Collector","floor":33,"turns":10},{"damage":0,"enemies":"Gensokyo:3_Boulders","floor":35,"turns":2},{"damage":0,"enemies":"Gensokyo:AncientGuardian","floor":36,"turns":4},{"damage":21,"enemies":"Gensokyo:AtlasGolem","floor":38,"turns":5},{"damage":53,"enemies":"Gensokyo:4_Bats","floor":39,"turns":4},{"damage":18,"enemies":"Gensokyo:Marisa","floor":40,"turns":6},{"damage":25,"enemies":"Gensokyo:Doremy","floor":42,"turns":6},{"damage":36,"enemies":"Gensokyo:Kasen","floor":44,"turns":5},{"damage":73,"enemies":"Gensokyo:Rafflesia","floor":45,"turns":6},{"damage":59,"enemies":"Gensokyo:Marisa","floor":46,"turns":5},{"damage":92,"enemies":"Gensokyo:Scarlet_Devils","floor":50,"turns":11},{"damage":99,"enemies":"Shield and Spear","floor":54,"turns":4},{"damage":152,"enemies":"The Heart","floor":55,"turns":7}],"seed_played":"2976142325589263992","potions_obtained":[{"floor":4.0,"key":"Swift Potion"},{"floor":5.0,"key":"BlessingOfTheForge"},{"floor":12.0,"key":"SkillPotion"},{"floor":13.0,"key":"ats:Emergency Sanity Potion"},{"floor":36,"key":"Dexterity Potion"},{"floor":38,"key":"testmod-SpacePotion"},{"floor":46,"key":"Ancient Potion"}],"is_trial":false,"path_per_floor":["M","M","?","M","M","R","$","E","T","E","?","M","M","E","R","B",null,"M","?","$","M","M","E","R","$","T","E","R","E","M","E","R","B",null,"M","M","T","M","M","E","$","E","T","E","M","E","R","COS","R","B",null,"R","$","E","B",null],"character_chosen":"DOCTOR_CLASS","items_purchased":["Membership Card","Medical Kit","Peace Pipe","ats:Healing Drone","Boot","OrangePellets","MagicDraw3","ats:Assault","Energy Potion"],"campfire_rested":0,"item_purchase_floors":[7,20,20,25,41,41,41,53,53],"current_hp_per_floor":[139,139,139,139,135,135,135,128,128,115,115,115,114,110,110,126,158,146,146,146,158,158,132,132,132,132,158,158,145,158,158,158,158,158,158,158,158,158,158,158,158,158,158,158,158,158,158,158,158,158,158,158,158,158,158],"gold":119,"neow_bonus":"BOSS_RELIC","is_daily":false,"chose_seed":false,"campfire_upgraded":6,"win_rate":0.0,"timestamp":1609069477,"path_taken":["M","M","?","M","M","R","?","E","T","E","?","M","M","E","R","BOSS","M","?","$","M","M","E","R","$","T","E","R","E","M","E","R","BOSS","M","?","?","M","M","E","?","E","T","E","M","E","R","COS","R","BOSS","R","$","E","BOSS"],"items_purchased_type":["Relic","Relic","Relic","Card","Relic","Relic","Relic","Relic","Potion"],"build_version":"2020-12-22","purchased_purges":4,"victory":true,"max_hp_per_floor":[144,144,144,144,144,144,144,158,158,158,158,158,158,158,158,158,158,158,158,158,158,158,158,158,158,158,158,158,158,158,158,158,158,158,158,158,158,158,158,158,158,158,158,158,158,158,158,158,158,158,158,158,158,158,158],"relic_stats":{"Peace Pipe":1,"OrangePellets":[8],"counters":[32,158],"Tiny Chest":1,"Prayer Wheel":6,"Eternal Feather":0,"Medical Kit":[13],"Boot":[7],"obtain_stats":[{"AT_ATBox":0,"DemoMod:GlassGuonStoneRelic":1,"Boot":41,"MagicDraw3":41,"testmod-BouquetWithThorns":54,"testmod-CrystalShield":0,"AT_Kusabimaru":31,"DemoMod:MonsterBlood":8,"DemoMod:Metronome":42,"testmod-ThousandKnives":27,"Tiny Chest":10,"Prayer Wheel":23,"testmod-DeterminationOfClimber":17,"ats:Sanity":0,"ats:Rhine Circuitry":46,"AT_RabadonDeathcap":37,"testmod-TestBox":0,"testmod-TimeTraveler":34,"ats:Lavender":14,"ats:Assault":53,"Eternal Feather":43,"testmod-HarvestTotem":0,"testmod-TurbochargingSystem":44,"Odd Mushroom":11,"Medical Kit":20,"Peace Pipe":20,"OrangePellets":41,"ats:Originium":8,"testmod-Acrobat":40,"DemoMod:Relodestone":9,"Membership Card":7,"Unceasing Top":29},{"AT_ATBox":0,"DemoMod:GlassGuonStoneRelic":1,"Boot":25,"MagicDraw3":25,"testmod-BouquetWithThorns":31,"testmod-CrystalShield":0,"AT_Kusabimaru":19,"DemoMod:MonsterBlood":5,"DemoMod:Metronome":26,"testmod-ThousandKnives":16,"Tiny Chest":6,"Prayer Wheel":15,"testmod-DeterminationOfClimber":11,"ats:Sanity":0,"ats:Rhine Circuitry":29,"AT_RabadonDeathcap":22,"testmod-TestBox":0,"testmod-TimeTraveler":20,"ats:Lavender":10,"ats:Assault":30,"Eternal Feather":26,"testmod-HarvestTotem":0,"testmod-TurbochargingSystem":27,"Odd Mushroom":7,"Medical Kit":12,"Peace Pipe":12,"OrangePellets":25,"ats:Originium":5,"testmod-Acrobat":25,"DemoMod:Relodestone":5,"Membership Card":4,"Unceasing Top":17},{"AT_ATBox":0,"DemoMod:GlassGuonStoneRelic":2,"Boot":114,"MagicDraw3":114,"testmod-BouquetWithThorns":151,"testmod-CrystalShield":0,"AT_Kusabimaru":83,"DemoMod:MonsterBlood":17,"DemoMod:Metronome":120,"testmod-ThousandKnives":72,"Tiny Chest":21,"Prayer Wheel":66,"testmod-DeterminationOfClimber":53,"ats:Sanity":0,"ats:Rhine Circuitry":136,"AT_RabadonDeathcap":99,"testmod-TestBox":0,"testmod-TimeTraveler":93,"ats:Lavender":40,"ats:Assault":147,"Eternal Feather":120,"testmod-HarvestTotem":0,"testmod-TurbochargingSystem":125,"Odd Mushroom":22,"Medical Kit":58,"Peace Pipe":58,"OrangePellets":114,"ats:Originium":17,"testmod-Acrobat":114,"DemoMod:Relodestone":17,"Membership Card":8,"Unceasing Top":74}],"Unceasing Top":[25]},"card_choices":[{"not_picked":["ats:Childhood Dance","ats:Steam Pump"],"picked":"ats:Hammer On","floor":1.0},{"not_picked":["ats:Composite Medical Shells","ats:Rapid Magazine","ats:Powerful Strike"],"picked":"SKIP","floor":2.0},{"not_picked":["ats:Apocalypse","ats:Collapsing Strike"],"picked":"ats:Shell Defense","floor":4.0},{"not_picked":["ats:Ignite","ats:Explosion Area Strengthen","ats:Healing Strengthening"],"picked":"SKIP","floor":5.0},{"not_picked":["ats:Ignite","ats:Explosion Area Strengthen"],"picked":"ats:Healing Strengthening","floor":5.0},{"not_picked":["ats:Beaten Up","ats:Burning Ground"],"picked":"ats:Apocalypse","floor":8.0},{"not_picked":["ats:Flexible Camouflage","ats:Flame Of Heaven"],"picked":"ats:Hook Shot","floor":10.0},{"not_picked":["ats:Ignite","ats:Cat Scratch"],"picked":"ats:Composite Medical Shells","floor":11.0},{"not_picked":["ats:Automatic Cover","ats:Poison Spread","ats:Magnetic Hammer"],"picked":"SKIP","floor":12.0},{"not_picked":["ats:Poison Spread","ats:Leaping Hammer"],"picked":"ats:Closed Bolt Burst Fire","floor":13.0},{"not_picked":["ats:Rapid Magazine","ats:Curse Doll","ats:Thermite Blade"],"picked":"SKIP","floor":14.0},{"not_picked":["ats:True Silver Slash","ats:Shadow Assault"],"picked":"ats:Dogmatic Field","floor":16.0},{"not_picked":["ats:Shell Defense","ats:Poison Spread+1"],"picked":"ats:Healing Strengthening","floor":18.0},{"not_picked":["ats:Curse Doll","ats:Leaping Hammer"],"picked":"ats:Thorns","floor":21.0},{"not_picked":["ats:Explosion Area Strengthen+1","ats:Shell Defense","ats:Defend Order"],"picked":"SKIP","floor":22},{"not_picked":["ats:Flexible Camouflage","ats:Consecutive Shot Auto"],"picked":"ats:Disruption Kick","floor":23},{"not_picked":["ats:Defend Order","ats:Ignite","ats:Shell Defense+1"],"picked":"SKIP","floor":27},{"not_picked":["ats:Rapid Magazine","ats:Neurotoxin"],"picked":"ats:Assault Order","floor":29},{"not_picked":["ats:Thermite Blade","ats:Healing Strengthening","ats:Assault Order"],"picked":"SKIP","floor":30},{"not_picked":["ats:Powerful Strike","ats:Explosion Area Strengthen","ats:Apocalypse"],"picked":"SKIP","floor":30},{"not_picked":["ats:Powerful Strike","ats:Consecutive Shot Auto","ats:Curse Doll+1"],"picked":"SKIP","floor":31},{"not_picked":["ats:Childhood Dance+1","ats:Burning Ground+1"],"picked":"ats:Revitalization+1","floor":35},{"not_picked":["ats:Assault Order+1","ats:Fractured Body","ats:Consecutive Shot Auto"],"picked":"SKIP","floor":35},{"not_picked":["ats:Consecutive Shot Auto","ats:Flexible Camouflage+1","ats:Explosion Area Strengthen+1"],"picked":"SKIP","floor":36},{"not_picked":["ats:Assault Order","ats:Chain Hook+1","ats:Ignite+1"],"picked":"SKIP","floor":36},{"not_picked":["ats:Very Hot Blade+1","ats:Song Of Battle+1","ats:Hammer On"],"picked":"SKIP","floor":38},{"not_picked":["ats:Flexible Camouflage","ats:Healing Strengthening+1","ats:Magnetic Hammer"],"picked":"SKIP","floor":38},{"not_picked":["ats:Closed Bolt Burst Fire+1","ats:Soul Absorption"],"picked":"ats:Roar Of Ursus","floor":39},{"not_picked":["ats:Chain Hook+1","ats:Leaping Hammer+1","ats:Thorns"],"picked":"SKIP","floor":39},{"not_picked":["ats:Chain Hook","ats:Leaping Hammer+1","ats:Ignite+1"],"picked":"SKIP","floor":40},{"not_picked":["ats:Explosion Area Strengthen","ats:Ignite+1","ats:Demon Strength+1"],"picked":"SKIP","floor":42},{"not_picked":["ats:Ignite+1","ats:Explosion Area Strengthen","ats:Poison Spread+1"],"picked":"SKIP","floor":44},{"not_picked":["ats:Blood Oath+1","ats:Beaten Up"],"picked":"ats:Healing Drone+1","floor":45},{"not_picked":["ats:Consecutive Shot Auto","ats:Childhood Dance","ats:Ignite+1"],"picked":"SKIP","floor":45},{"not_picked":["ats:Consecutive Shot Auto","ats:Childhood Dance","ats:Ignite+1"],"picked":"SKIP","floor":45},{"not_picked":["ats:Blood Oath+1","ats:Healing Drone","ats:Collapsing Strike"],"picked":"SKIP","floor":46},{"not_picked":["ats:Soul Rend","ats:True Silver Slash"],"picked":"ats:Dogmatic Field","floor":54},{"not_picked":["ats:Poison Spread+1","ats:Powerful Strike+1","ats:Mental Burst+1"],"picked":"SKIP","floor":54}],"player_experience":45727,"relics_obtained":[{"floor":8.0,"key":"ats:Originium"},{"floor":8.0,"key":"DemoMod:MonsterBlood"},{"floor":9.0,"key":"DemoMod:Relodestone"},{"floor":10.0,"key":"ats:Originium"},{"floor":10.0,"key":"Tiny Chest"},{"floor":11.0,"key":"Odd Mushroom"},{"floor":14.0,"key":"ats:Originium"},{"floor":14.0,"key":"ats:Lavender"},{"floor":23,"key":"ats:Originium"},{"floor":23,"key":"Prayer Wheel"},{"floor":27,"key":"testmod-ThousandKnives"},{"floor":29,"key":"Unceasing Top"},{"floor":31,"key":"AT_Kusabimaru"},{"floor":37,"key":"AT_RabadonDeathcap"},{"floor":40,"key":"testmod-Acrobat"},{"floor":42,"key":"DemoMod:Metronome"},{"floor":43,"key":"Eternal Feather"},{"floor":44,"key":"testmod-TurbochargingSystem"},{"floor":46,"key":"ats:Rhine Circuitry"},{"floor":54,"key":"testmod-BouquetWithThorns"}],"event_choices":[{"cards_removed":["ats:Strike C"],"damage_healed":0.0,"max_hp_gain":0.0,"max_hp_loss":0.0,"gold_gain":0.0,"event_name":"Purifier","player_choice":"Purged","floor":3.0,"gold_loss":0.0,"damage_taken":0.0},{"damage_healed":0.0,"max_hp_gain":0.0,"max_hp_loss":0.0,"gold_gain":0.0,"event_name":"Mushrooms","player_choice":"Fought Mushrooms","floor":11.0,"gold_loss":0.0,"damage_taken":0.0},{"cards_removed":["ats:Strike S"],"damage_healed":0.0,"max_hp_gain":0.0,"max_hp_loss":0.0,"gold_gain":0.0,"event_name":"Purifier","player_choice":"Purged","floor":19.0,"gold_loss":0.0,"damage_taken":0.0}],"is_beta":false,"boss_relics":[{"not_picked":["testmod-Prudence","Runic Dome"],"picked":"testmod-DeterminationOfClimber"},{"not_picked":["Velvet Choker","testmod-BatchProcessingSystem"],"picked":"testmod-TimeTraveler"}],"items_purged_floors":[20,25,41,53],"is_endless":false,"potions_floor_spawned":[4,5,12,13,16,22,23,31,33,36,38,39,46],"ascension_level":1}}