{"host":"6vv0uythevi5qk1w","time":1609052841,"event":{"mods":["Act Like it!","BaseMod","Downfall","Gensokyo","Minty Spire (QoL Compilation)","Remilia£®¿Ÿ√◊¿Ú—«£©","Replay The Spire","StSLib"],"gold_per_floor":[15,15,32,32,32,32,42,76,76,4,4,31,31,111,111,459,459,477,477,164,164,181,206,206,237,237,250,273,273,273,72,72,177,177,187,187,187,347,347,374,393,473,473,143,170,170,170,170,240,449,449,449,449,528,19,69,69],"floor_reached":58,"playtime":5708,"items_purged":["Defend_G","Strike_G"],"score":2129,"play_id":"918d98a5-b90a-4a82-8819-8ddb8c3a4691","local_time":"20201227150721","is_ascension_mode":true,"campfire_choices":[{"data":"Well Laid Plans","floor":6.0,"key":"SMITH"},{"data":"ReplayTheSpireMod:Tripwire","floor":11.0,"key":"SMITH"},{"data":"Clumsy","floor":15.0,"key":"PURGE"},{"data":"Replay:SS_forest_6","floor":24.0,"key":"SMITH"},{"data":"Poison Darts","floor":29.0,"key":"SMITH"},{"data":"Replay:Poison Smokescreen","floor":32.0,"key":"SMITH"},{"floor":46.0,"key":"RECALL"},{"data":"Footwork","floor":51.0,"key":"SMITH"}],"circlet_count":0,"master_deck":["Defend_G","Defend_G","Defend_G","Defend_G","Survivor","Neutralize","Well Laid Plans+1","Gensokyo:CrescentMoonSlash","Replay:Poison Smokescreen+1","Backflip","ReplayTheSpireMod:Tripwire+1","Poison Darts+1","Choke+1","Replay:SS_forest_6+1","Setup+1","ReplayTheSpireMod:Speed Training+1","Night Terror","Footwork+1","Replay:Bag of Tricks","Bullet Time","Doppelganger","Backflip+1","Sneak Up","Sneak Up","Concentrate+1"],"relics":["Ring of the Snake","Gensokyo:NagashiBinaDoll","Gensokyo:CelestialsFlawlessClothing","Ice Cream","Pocketwatch","FossilizedHelix","Blue Candle","Runic Pyramid","MealTicket","ReplayTheSpireMod:Ring of Exchange","ReplayTheSpireMod:Ring of Challenge","Snake Skull","Gensokyo:RedStar","Tiny Chest","Replay:Towering Pillar of Hats","Vajra","Gensokyo:MosesMiracle","SlaversCollar","Nunchaku","Toy Ornithopter","Replay:Kaleidoscope","WingedGreaves","CaptainsWheel","Bottled Tornado","AntiCross","Replay:Wanted Poster","Ancient Tea Set","Divine Protection","Replay:Multitool","Lizard Tail","Happy Flower","Blood Vial"],"acts_visited":["Exordium","Gensokyo:Gensokyo","Gensokyo:Gensokyoer","TheEnding"],"potions_floor_usage":[56,57,57,57],"damage_taken":[{"damage":0.0,"enemies":"Gensokyo:Gryphon","floor":1.0,"turns":5.0},{"damage":0.0,"enemies":"Gensokyo:2_Kodama","floor":3.0,"turns":1.0},{"damage":0.0,"enemies":"Gensokyo:Python","floor":7.0,"turns":4.0},{"damage":25.0,"enemies":"Gensokyo:Aya","floor":8.0,"turns":6.0},{"damage":0.0,"enemies":"Gensokyo:Cirno","floor":12.0,"turns":6.0},{"damage":0.0,"enemies":"Gensokyo:Reimu","floor":16.0,"turns":8.0},{"damage":6.0,"enemies":"Gensokyo:AngelMirror","floor":18.0,"turns":6.0},{"damage":0.0,"enemies":"Gensokyo:CosmicMonolith","floor":22.0,"turns":5.0},{"damage":0.0,"enemies":"Gensokyo:Koishi","floor":23.0,"turns":7.0},{"damage":12.0,"enemies":"Gensokyo:Tenshi","floor":25.0,"turns":6.0},{"damage":0.0,"enemies":"Gensokyo:Slime_Group","floor":27.0,"turns":6.0},{"damage":27.0,"enemies":"Gensokyo:Eternal_Rivals","floor":33.0,"turns":11.0},{"damage":17.0,"enemies":"Gensokyo:3_Bats","floor":35.0,"turns":6.0},{"damage":0.0,"enemies":"Gensokyo:AncientGuardian","floor":38.0,"turns":7.0},{"damage":0.0,"enemies":"Gensokyo:Kasen","floor":40.0,"turns":7.0},{"damage":0.0,"enemies":"Gensokyo:Dusk_and_Dawn","floor":41.0,"turns":8.0},{"damage":0.0,"enemies":"Gensokyo:Doremy","floor":42.0,"turns":7.0},{"damage":4.0,"enemies":"Gensokyo:Kasen","floor":45.0,"turns":6.0},{"damage":0.0,"enemies":"Gensokyo:Marisa","floor":49.0,"turns":6.0},{"damage":5.0,"enemies":"Gensokyo:4_Bats","floor":50.0,"turns":5.0},{"damage":0,"enemies":"Gensokyo:Yuyuko","floor":52,"turns":6},{"damage":0,"enemies":"Shield and Spear","floor":56,"turns":6},{"damage":0,"enemies":"The Heart","floor":57,"turns":9}],"seed_played":"-6844808478023462655","potions_obtained":[{"floor":1.0,"key":"Elixir"},{"floor":3.0,"key":"LiquidBronze"},{"floor":8.0,"key":"CunningPotion"},{"floor":16.0,"key":"Weak Potion"},{"floor":18.0,"key":"ColorlessPotion"},{"floor":27.0,"key":"LifebloodPotion"},{"floor":33.0,"key":"Ancient Potion"},{"floor":40.0,"key":"Poison Potion"},{"floor":45.0,"key":"Death Potion"},{"floor":56,"key":"LiquidMemories"}],"is_trial":false,"path_per_floor":["M","?","M","?","?","R","M","E","T","COS","R","E","?","T","R","B",null,"M","?","$","?","M","E","R","E","T","M","T","R","?","COS","R","B",null,"M","?","T","M","?","E","M","E","T","COS","E","R","PTL","PTL","E","M","R","B",null,"R","$","E","B",null],"character_chosen":"THE_SILENT","items_purchased":["Snake Skull","Replay:SS_forest_6","Lizard Tail","Sneak Up","SkillPotion"],"campfire_rested":0,"item_purchase_floors":[20,20,55,55,55],"current_hp_per_floor":[63,53,53,53,36,36,36,11,11,11,11,11,11,11,11,11,55,49,49,64,64,64,64,64,52,52,64,64,64,64,64,64,43,63,46,46,46,46,46,51,68,70,70,70,66,66,66,66,66,65,65,65,69,69,70,70,70],"gold":69,"neow_bonus":"REMOVE_TWO","is_daily":false,"chose_seed":false,"campfire_upgraded":6,"win_rate":0.0,"timestamp":1609052841,"path_taken":["M","?","?","?","?","R","M","E","T","COS","R","E","?","?","R","BOSS","M","?","$","?","M","E","R","E","T","M","?","R","?","COS","R","BOSS","M","?","?","M","?","E","M","E","T","COS","E","R","PTL","PTL","E","M","R","BOSS","R","$","E","BOSS"],"items_purchased_type":["Relic","Card","Relic","Card","Potion"],"build_version":"2020-12-22","purchased_purges":2,"victory":true,"max_hp_per_floor":[70,70,70,70,70,70,70,70,70,70,70,70,70,70,70,70,70,70,70,70,70,70,70,70,70,70,70,70,70,70,70,70,70,70,70,70,70,70,70,70,70,70,70,70,70,70,70,70,70,70,70,70,70,70,70,70,70],"card_choices":[{"not_picked":["Slice","Dodge and Roll"],"picked":"Well Laid Plans","floor":1.0},{"not_picked":["Leg Sweep","Deflect"],"picked":"Replay:Poison Smokescreen","floor":3.0},{"not_picked":["Heel Hook","All Out Attack"],"picked":"Backflip","floor":7.0},{"not_picked":["Bane","Dash"],"picked":"ReplayTheSpireMod:Tripwire","floor":8.0},{"not_picked":["Prepared","Dagger Spray","Flechettes"],"picked":"SKIP","floor":12.0},{"not_picked":["Burst","Unload"],"picked":"Poison Darts","floor":16.0},{"not_picked":["Bane","Eviscerate+1"],"picked":"Choke+1","floor":18.0},{"not_picked":["Slice","Riddle With Holes"],"picked":"Setup+1","floor":22.0},{"not_picked":["Poisoned Stab","Slice","Draining Mist"],"picked":"SKIP","floor":23.0},{"not_picked":["Underhanded Strike","ReplayTheSpireMod:Tripwire"],"picked":"ReplayTheSpireMod:Speed Training+1","floor":25.0},{"not_picked":["Riddle With Holes","ReplayTheSpireMod:Shiv Toss","Sucker Punch+1"],"picked":"SKIP","floor":27.0},{"not_picked":["Venomology","Replay:Bag of Tricks"],"picked":"Night Terror","floor":33.0},{"not_picked":["Slice+1","PiercingWail"],"picked":"Calculated Gamble+1","floor":35.0},{"not_picked":["Quick Slash+1","Backflip"],"picked":"Footwork","floor":38.0},{"not_picked":["Deadly Poison","Prepared","Flying Knee"],"picked":"SKIP","floor":40.0},{"not_picked":["Hidden Blade+1","Leg Sweep+1"],"picked":"Replay:Bag of Tricks","floor":41.0},{"not_picked":["Heel Hook","Blade Dance+1"],"picked":"Bullet Time","floor":42.0},{"not_picked":["Prepared","Backstab+1"],"picked":"Doppelganger","floor":45.0},{"not_picked":["Choke+1","Die Die Die","Bane"],"picked":"SKIP","floor":49.0},{"not_picked":["Bane+1","Deadly Poison"],"picked":"Backflip+1","floor":50.0},{"not_picked":["Acrobatics","Dodge and Roll"],"picked":"Concentrate+1","floor":56}],"player_experience":420616,"relics_obtained":[{"floor":8.0,"key":"Ice Cream"},{"floor":9.0,"key":"Pocketwatch"},{"floor":12.0,"key":"FossilizedHelix"},{"floor":14.0,"key":"Blue Candle"},{"floor":19.0,"key":"ReplayTheSpireMod:Ring of Exchange"},{"floor":19.0,"key":"ReplayTheSpireMod:Ring of Challenge"},{"floor":23.0,"key":"Tiny Chest"},{"floor":25.0,"key":"Replay:Towering Pillar of Hats"},{"floor":28.0,"key":"Vajra"},{"floor":37.0,"key":"Toy Ornithopter"},{"floor":38.0,"key":"Gensokyo:MosesMiracle"},{"floor":40.0,"key":"CaptainsWheel"},{"floor":42.0,"key":"Bottled Tornado"},{"floor":43.0,"key":"AntiCross"},{"floor":45.0,"key":"Ancient Tea Set"},{"floor":49.0,"key":"Divine Protection"},{"floor":56,"key":"Happy Flower"},{"floor":56,"key":"Blood Vial"}],"event_choices":[],"is_beta":false,"boss_relics":[{"not_picked":["Velvet Choker","Philosopher\u0027s Stone"],"picked":"Runic Pyramid"},{"not_picked":["Snecko Heart","DollysMirror"],"picked":"SlaversCollar"}],"items_purged_floors":[20,55],"is_endless":false,"potions_floor_spawned":[1,3,8,16,18,22,27,33,35,40,45,56],"ascension_level":8}}