{"host":"gttgmv2wah99hzdm","time":1609034643,"event":{"mods":["AchievementEnabler","BaseMod","Bestiary","Block Reminder","Filter the Spire","Highlight Path","Minty Spire (QoL Compilation)","Permanent Neow","Random Character Button","Relic Stats","StSLib"],"gold_per_floor":[117,127,127,146,161,161,186,186,211,47,47,47,86,112,112,195,195,216,231,231,231],"floor_reached":20,"playtime":687,"items_purged":[],"score":359,"play_id":"63422135-b8d3-4051-b0a9-b42bdc615546","local_time":"20201226200403","is_ascension_mode":true,"campfire_choices":[{"data":"Barrage","floor":6.0,"key":"SMITH"},{"data":"Doom and Gloom","floor":8,"key":"SMITH"},{"data":"Ball Lightning","floor":12,"key":"SMITH"},{"data":"Biased Cognition","floor":15,"key":"SMITH"}],"circlet_count":0,"master_deck":["AscendersBane","Strike_B","Strike_B","Strike_B","Strike_B","Defend_B","Defend_B","Defend_B","Defend_B","Zap","Dualcast","Ball Lightning+1","BootSequence","Barrage+1","Cold Snap","Doom and Gloom+1","Compile Driver","Biased Cognition+1","Echo Form","Ball Lightning"],"relics":["SlaversCollar","Smiling Mask","CeramicFish","Runic Capacitor","Juzu Bracelet","Velvet Choker"],"acts_visited":["Exordium","TheCity"],"potions_floor_usage":[7,13,20],"damage_taken":[{"damage":2.0,"enemies":"2 Louse","floor":1.0,"turns":3.0},{"damage":1.0,"enemies":"Cultist","floor":2.0,"turns":3.0},{"damage":4.0,"enemies":"Small Slimes","floor":4.0,"turns":4.0},{"damage":10.0,"enemies":"Looter","floor":5.0,"turns":4.0},{"damage":8,"enemies":"Lagavulin","floor":7,"turns":7},{"damage":7,"enemies":"Gremlin Nob","floor":13,"turns":3},{"damage":0,"enemies":"Large Slime","floor":14,"turns":4},{"damage":23,"enemies":"Hexaghost","floor":16,"turns":9},{"damage":29,"enemies":"Spheric Guardian","floor":18,"turns":4},{"damage":23,"enemies":"Shell Parasite","floor":19,"turns":4},{"damage":26,"enemies":"Masked Bandits","floor":20,"turns":2}],"seed_played":"-21699751941992705","potions_obtained":[{"floor":2.0,"key":"SteroidPotion"},{"floor":3.0,"key":"GamblersBrew"},{"floor":3.0,"key":"DistilledChaos"},{"floor":16,"key":"Regen Potion"}],"is_trial":false,"path_per_floor":["M","M","?","M","M","R","E","R","T","$","?","R","E","M","R","B",null,"M","M","?"],"character_chosen":"DEFECT","items_purchased":["Runic Capacitor"],"campfire_rested":0,"item_purchase_floors":[10],"current_hp_per_floor":[62,61,61,57,47,47,39,39,39,39,44,44,37,37,37,14,61,32,9,0,0],"gold":231,"neow_bonus":"BOSS_RELIC","is_daily":false,"chose_seed":false,"campfire_upgraded":4,"win_rate":0.0,"timestamp":1609034643,"path_taken":["M","M","?","M","?","R","E","R","T","$","?","R","E","M","R","BOSS","M","M","?"],"items_purchased_type":["Relic"],"build_version":"2020-12-22","purchased_purges":0,"victory":false,"max_hp_per_floor":[71,71,71,71,71,71,71,71,71,71,76,76,76,76,76,76,76,76,76,76,76],"relic_stats":{"counters":[11,47],"CeramicFish":36,"Juzu Bracelet":0,"Smiling Mask":0,"obtain_stats":[{"SlaversCollar":0,"CeramicFish":9,"Velvet Choker":17,"Runic Capacitor":10,"Juzu Bracelet":13,"Cracked Core":0,"Smiling Mask":7},{"SlaversCollar":0,"CeramicFish":5,"Velvet Choker":8,"Runic Capacitor":5,"Juzu Bracelet":6,"Cracked Core":0,"Smiling Mask":5},{"SlaversCollar":0,"CeramicFish":21,"Velvet Choker":37,"Runic Capacitor":21,"Juzu Bracelet":24,"Cracked Core":0,"Smiling Mask":21}]},"card_choices":[{"not_picked":["Steam","Skim"],"picked":"Ball Lightning","floor":1.0},{"not_picked":["Leap","Beam Cell"],"picked":"BootSequence","floor":2.0},{"not_picked":["Rebound","Aggregate"],"picked":"Barrage","floor":4.0},{"not_picked":["Redo","Genetic Algorithm"],"picked":"Cold Snap","floor":5.0},{"not_picked":["Cold Snap","Auto Shields"],"picked":"Doom and Gloom","floor":7},{"not_picked":["Rebound","Turbo"],"picked":"Compile Driver","floor":13},{"not_picked":["Go for the Eyes","Coolheaded"],"picked":"Biased Cognition","floor":14},{"not_picked":["Seek","Biased Cognition"],"picked":"Echo Form","floor":16},{"not_picked":["Gash","Streamline+1"],"picked":"Ball Lightning","floor":18},{"not_picked":["Redo","Ball Lightning","Hologram"],"picked":"SKIP","floor":19}],"player_experience":976665,"relics_obtained":[{"floor":7,"key":"Smiling Mask"},{"floor":9,"key":"CeramicFish"},{"floor":13,"key":"Juzu Bracelet"}],"event_choices":[{"damage_healed":0.0,"max_hp_gain":0.0,"max_hp_loss":0.0,"gold_gain":0.0,"event_name":"Lab","player_choice":"Got Potions","floor":3.0,"gold_loss":0.0,"damage_taken":0.0},{"damage_healed":0,"gold_gain":0,"player_choice":"Donut","damage_taken":0,"max_hp_gain":5,"max_hp_loss":0,"event_name":"Big Fish","floor":11,"gold_loss":0},{"damage_healed":0,"gold_gain":0,"player_choice":"Fought Bandits","damage_taken":0,"max_hp_gain":0,"max_hp_loss":0,"event_name":"Masked Bandits","floor":20,"gold_loss":0}],"is_beta":false,"boss_relics":[{"not_picked":["Runic Dome","Ectoplasm"],"picked":"Velvet Choker"}],"items_purged_floors":[],"is_endless":false,"potions_floor_spawned":[2,4,5,16],"killed_by":"Masked Bandits","ascension_level":19}}