{"host":"ku7h2vk4czvj6teb","time":1609108749,"event":{"mods":["2.2 Compatiblity","AchievementEnabler","BaseMod","Better Altar","Better Match","Better Note","Better Sensory Stone","Better Skull","Better Third Choice","Better Vampires","BetterRewards","Block Reminder","Colored Map","Colored Powertips","Curses Come First","Filter the Spire","Friendly Minions","Highlight Path","Ironclad Rager","Minty Spire (QoL Compilation)","Permanent Neow","Quick Restart","Rare Cards Sparkle","Relic Stats","Replay The Spire","Say the Spire","Shop Mod","Spicy Shops","StSLib","SuperFastMode","Swap Starting Deck Mod","Thieving Mod","Transform Curses","UnlockEverythingMod"],"gold_per_floor":[109,122,122,133,153,179,255,19,42,42,57,57,75,95,95,193,193,213,213,292,319,41,41,73,84,84,99,99,119,119,27,27,123,123,133,151,151,151,161,161,176,191,191,191,191,211,211,76,76,76,76],"floor_reached":50,"playtime":2813,"items_purged":["Pride","Clumsy"],"score":539,"play_id":"d7875285-9fe6-424c-a692-ee7fe1516cb1","local_time":"20201227223909","is_ascension_mode":false,"campfire_choices":[{"floor":15,"key":"REST"},{"floor":23,"key":"REST"},{"floor":28,"key":"RECALL"},{"data":"Armaments","floor":32,"key":"SMITH"},{"floor":40,"key":"REST"},{"floor":44,"key":"REST"},{"floor":49,"key":"DIG"}],"circlet_count":0,"master_deck":["Strike_R+1","Strike_R","Strike_R","Strike_R","Strike_R+1","Defend_R","Defend_R","Defend_R","Defend_R","Bash","Fire Breathing+1","Battle Trance","Carnage","Armaments+1","A Thousand Cuts+1","Flex","Cleave","Thunderclap+1","Shockwave","Bandage Up","Sword Boomerang+1","Run Through","Blood for Blood","Flame Barrier+1","Reaper","Sentinel","Disarm+1","Spot Weakness","Heavy Blade","Sword Boomerang","Armaments","Whirlwind+1","Berserk","Discovery","Juggernaut","Shockwave+1","Clothesline","Decay","Rampage","Anger+1","Blood for Blood","Twin Strike+1","Rupture","Shame"],"relics":["Burning Blood","Strawberry","Lee\u0027s Waffle","Meat on the Bone","Gremlin Food","ReplayTheSpireMod:CursedCoin","Tiny Chest","Nunchaku","Paper Frog","Sozu","Red Mask","Happy Flower","Replay:Rubber Ducky","Quantum Egg","Busted Crown","Pantograph","Pear","Ring of Hypnosis","ReplayTheSpireMod:Ring of Challenge","The Courier","Simple Rune","Counterbalance"],"acts_visited":["Exordium","TheCity","TheBeyond"],"potions_floor_usage":[16,16,21],"damage_taken":[{"damage":1,"enemies":"Cultist","floor":1,"turns":4},{"damage":5,"enemies":"Small Slimes","floor":2,"turns":4},{"damage":0,"enemies":"2 Louse","floor":4,"turns":3},{"damage":9,"enemies":"Blue Slaver","floor":5,"turns":3},{"damage":21,"enemies":"3 Sentries","floor":6,"turns":4},{"damage":16,"enemies":"Exordium Thugs","floor":11,"turns":4},{"damage":6,"enemies":"Lots of Slimes","floor":13,"turns":2},{"damage":10,"enemies":"2 Fungi Beasts","floor":14,"turns":3},{"damage":40,"enemies":"Fading Forest","floor":16,"turns":11},{"damage":25,"enemies":"Spheric Guardian","floor":18,"turns":4},{"damage":43,"enemies":"Masked Bandits","floor":21,"turns":4},{"damage":65,"enemies":"Gremlin Leader","floor":24,"turns":6},{"damage":8,"enemies":"3 Byrds","floor":25,"turns":4},{"damage":3,"enemies":"Snake Plant","floor":27,"turns":6},{"damage":0,"enemies":"Chosen and Byrds","floor":29,"turns":4},{"damage":77,"enemies":"Champ","floor":33,"turns":14},{"damage":11,"enemies":"Orb Walker","floor":35,"turns":3},{"damage":19,"enemies":"3 Darklings","floor":36,"turns":2},{"damage":16,"enemies":"Transient","floor":39,"turns":5},{"damage":18,"enemies":"Sphere and 2 Shapes","floor":41,"turns":4},{"damage":38,"enemies":"Jaw Worm Horde","floor":42,"turns":5},{"damage":3,"enemies":"3 Darklings","floor":46,"turns":3},{"damage":127,"enemies":"Awakened One","floor":50,"turns":11}],"seed_played":"3576157780894291865","potions_obtained":[{"floor":2,"key":"ElixirPotion"},{"floor":4,"key":"Fire Potion"},{"floor":13,"key":"SkillPotion"}],"is_trial":false,"path_per_floor":["M","M","?","M","M","E","?","$","T","?","M","T","M","M","R_BF","B",null,"M","?","T","?","$","R","E","M","T","M","R","M","?","$","R_BF","B",null,"M","M","T","?","M","R","M","M","T","R","?","M","T","$","R_BF","B"],"character_chosen":"IRONCLAD","items_purchased":["Strawberry","Lee\u0027s Waffle","Fire Breathing","Battle Trance","Meat on the Bone","Carnage","ReplayTheSpireMod:CursedCoin","Tiny Chest","Shockwave","Bandage Up","Happy Flower","Spot Weakness","Heavy Blade","Discovery","Rupture","Simple Rune"],"campfire_rested":4,"item_purchase_floors":[0,0,0,0,0,0,8,8,8,8,22,22,22,31,48,48],"current_hp_per_floor":[94,94,94,94,91,76,76,76,76,76,66,66,66,62,90,72,94,75,75,75,56,56,84,57,74,74,87,87,93,93,93,93,55,94,89,76,76,76,66,94,82,56,66,97,97,104,104,104,104,0,0],"gold":76,"neow_bonus":"","is_daily":false,"chose_seed":false,"campfire_upgraded":1,"win_rate":0.0,"timestamp":1609108749,"path_taken":["M","M","?","?","M","E","?","$","T","?","M","?","M","M","R_BF","BOSS","M","?","?","?","?","R","E","M","T","M","R","M","?","$","R_BF","BOSS","M","M","?","?","M","R","?","M","T","R","?","M","?","?","R_BF","BOSS"],"items_purchased_type":["Relic","Relic","Card","Card","Relic","Card","Relic","Relic","Card","Card","Relic","Card","Card","Card","Card","Relic"],"build_version":"2020-12-22","purchased_purges":2,"victory":false,"max_hp_per_floor":[94,94,94,94,94,94,94,94,94,94,94,94,94,94,94,94,94,94,94,94,94,94,94,94,94,94,94,94,94,94,94,94,94,94,94,94,94,94,94,94,94,94,104,104,104,104,104,104,104,104,104],"relic_stats":{"Sozu":8,"Lee\u0027s Waffle":15,"Nunchaku":[16],"Busted Crown":14,"Happy Flower":[22],"counters":[86,459],"Pantograph":0,"Tiny Chest":3,"obtain_stats":[{"Ice Cream":30,"Golden Egg":8,"Replay:Accelerometer":13,"Divine Protection":24,"Vajra":20,"Whetstone":56,"Sling":0,"Boot":50,"Blood Vial":0,"Sozu":17,"Replay:Ringing Soul":0,"Lizard Tail":0,"Strawberry":0,"Fusion Hammer":17,"HandDrill":15,"Pear":43,"Happy Flower":22,"Ring of Hypnosis":45,"ReplayTheSpireMod:CursedCoin":55,"Replay:Grab Bag":34,"Astrolabe":34,"Counterbalance":49,"Velvet Choker":18,"Eternal Feather":31,"Pen Nib":50,"Akabeko":26,"SlaversCollar":17,"ReplayTheSpireMod:Spearhead":2,"Simple Rune":48,"Mark of Pain":34,"ReplayTheSpireMod:TigerMarble":0,"Meat on the Bone":0,"Regal Pillow":9,"Lantern":26,"King of Hearts":0,"Juzu Bracelet":28,"Replay:Mystery Machine":8,"PrismaticShard":0,"Cursed Key":34,"Burning Blood":0,"Replay:Rubber Ducky":24,"Frozen Eye":0,"Nunchaku":9,"Matryoshka":19,"Pantograph":0,"Toolbox":0,"Tiny Chest":8,"Red Mask":36,"Red Skull":7,"Runic Pyramid":34,"Paper Frog":12,"Potion Belt":28,"Gremlin Food":6,"Lee\u0027s Waffle":0,"Golden Idol":5,"Quantum Egg":26,"Replay:WaspNest":29,"The Courier":47,"Medical Kit":0,"CaptainsWheel":9,"Busted Crown":34,"Membership Card":19,"Champion Belt":0,"ReplayTheSpireMod:Ring of Challenge":45,"ReplayTheSpireMod:Lightbulb":7,"FossilizedHelix":50,"ReplayTheSpireMod:ShopPack":31},{"Ice Cream":47,"Golden Egg":28,"Replay:Accelerometer":41,"Divine Protection":46,"Vajra":45,"Whetstone":56,"Sling":15,"Boot":54,"Blood Vial":0,"Sozu":72,"Replay:Ringing Soul":57,"Lizard Tail":24,"Strawberry":63,"Fusion Hammer":8,"HandDrill":22,"Pear":84,"Happy Flower":74,"Ring of Hypnosis":84,"ReplayTheSpireMod:CursedCoin":55,"Replay:Grab Bag":48,"Astrolabe":48,"Counterbalance":85,"Velvet Choker":31,"Eternal Feather":13,"Pen Nib":54,"Akabeko":11,"SlaversCollar":43,"ReplayTheSpireMod:Spearhead":58,"Simple Rune":85,"Mark of Pain":48,"ReplayTheSpireMod:TigerMarble":35,"Meat on the Bone":63,"Regal Pillow":4,"Lantern":46,"King of Hearts":35,"Juzu Bracelet":12,"Replay:Mystery Machine":19,"PrismaticShard":24,"Cursed Key":48,"Burning Blood":0,"Replay:Rubber Ducky":75,"Frozen Eye":15,"Nunchaku":68,"Matryoshka":9,"Pantograph":57,"Toolbox":35,"Tiny Chest":68,"Red Mask":49,"Red Skull":37,"Runic Pyramid":48,"Paper Frog":69,"Potion Belt":12,"Gremlin Food":68,"Lee\u0027s Waffle":63,"Golden Idol":17,"Quantum Egg":76,"Replay:WaspNest":47,"The Courier":85,"Medical Kit":57,"CaptainsWheel":38,"Busted Crown":79,"Membership Card":9,"Champion Belt":24,"ReplayTheSpireMod:Ring of Challenge":84,"ReplayTheSpireMod:Lightbulb":61,"FossilizedHelix":54,"ReplayTheSpireMod:ShopPack":13},{"Ice Cream":231,"Golden Egg":126,"Replay:Accelerometer":191,"Divine Protection":225,"Vajra":219,"Whetstone":288,"Sling":78,"Boot":273,"Blood Vial":0,"Sozu":384,"Replay:Ringing Soul":296,"Lizard Tail":110,"Strawberry":346,"Fusion Hammer":39,"HandDrill":99,"Pear":445,"Happy Flower":392,"Ring of Hypnosis":445,"ReplayTheSpireMod:CursedCoin":283,"Replay:Grab Bag":243,"Astrolabe":243,"Counterbalance":448,"Velvet Choker":142,"Eternal Feather":67,"Pen Nib":273,"Akabeko":54,"SlaversCollar":207,"ReplayTheSpireMod:Spearhead":300,"Simple Rune":448,"Mark of Pain":243,"ReplayTheSpireMod:TigerMarble":165,"Meat on the Bone":346,"Regal Pillow":17,"Lantern":225,"King of Hearts":165,"Juzu Bracelet":61,"Replay:Mystery Machine":88,"PrismaticShard":110,"Cursed Key":243,"Burning Blood":0,"Replay:Rubber Ducky":398,"Frozen Eye":78,"Nunchaku":364,"Matryoshka":44,"Pantograph":296,"Toolbox":165,"Tiny Chest":364,"Red Mask":246,"Red Skull":170,"Runic Pyramid":243,"Paper Frog":368,"Potion Belt":61,"Gremlin Food":364,"Lee\u0027s Waffle":346,"Golden Idol":81,"Quantum Egg":402,"Replay:WaspNest":231,"The Courier":448,"Medical Kit":296,"CaptainsWheel":175,"Busted Crown":426,"Membership Card":44,"Champion Belt":110,"ReplayTheSpireMod:Ring of Challenge":445,"ReplayTheSpireMod:Lightbulb":326,"FossilizedHelix":273,"ReplayTheSpireMod:ShopPack":67}],"Burning Blood":452,"Meat on the Bone":36},"card_choices":[{"not_picked":["Disarm","Pommel Strike"],"picked":"Armaments","floor":1},{"not_picked":["Shrug It Off","ReplayTheSpireMod:Corrosion Curse"],"picked":"Disarm","floor":2},{"not_picked":["True Grit","Wild Strike"],"picked":"Flex","floor":4},{"not_picked":["Dropkick","Warcry"],"picked":"Cleave","floor":5},{"not_picked":["Clash","Flex"],"picked":"Thunderclap","floor":6},{"not_picked":["Entrench","Exhume"],"picked":"Run Through","floor":11},{"not_picked":["ReplayTheSpireMod:Strike From Hell","Whirlwind"],"picked":"Blood for Blood","floor":13},{"not_picked":["Flex","Headbutt"],"picked":"Flame Barrier","floor":14},{"not_picked":["Replay:Many Hands","Impervious"],"picked":"Reaper","floor":16},{"not_picked":["Havoc","Wild Strike"],"picked":"Sentinel","floor":18},{"not_picked":["Power Through+1","Thunderclap"],"picked":"Disarm","floor":21},{"not_picked":["Anger","Warcry"],"picked":"Sword Boomerang","floor":24},{"not_picked":["Sentinel","Hemokinesis+1"],"picked":"Armaments","floor":25},{"not_picked":["Twin Strike+1","Carnage"],"picked":"Whirlwind+1","floor":27},{"not_picked":["Reckless Charge","Havoc+1","Wild Strike"],"picked":"SKIP","floor":29},{"not_picked":["Exhume","Reaper"],"picked":"Juggernaut","floor":33},{"not_picked":[],"picked":"Shockwave+1","floor":35},{"not_picked":[],"picked":"Clothesline","floor":36},{"not_picked":[],"picked":"Rampage","floor":39},{"not_picked":[],"picked":"Anger+1","floor":41},{"not_picked":[],"picked":"Blood for Blood","floor":42},{"not_picked":[],"picked":"Twin Strike+1","floor":46}],"player_experience":258084,"relics_obtained":[{"floor":6,"key":"Gremlin Food"},{"floor":9,"key":"Nunchaku"},{"floor":12,"key":"Paper Frog"},{"floor":21,"key":"Red Mask"},{"floor":24,"key":"Replay:Rubber Ducky"},{"floor":26,"key":"Quantum Egg"},{"floor":37,"key":"Pantograph"},{"floor":43,"key":"Pear"},{"floor":45,"key":"Ring of Hypnosis"},{"floor":45,"key":"ReplayTheSpireMod:Ring of Challenge"},{"floor":47,"key":"The Courier"},{"floor":49,"key":"Counterbalance"}],"event_choices":[{"damage_healed":0,"gold_gain":1,"player_choice":"4","damage_taken":0,"max_hp_gain":0,"max_hp_loss":0,"event_name":"betterStone:BetterStone","floor":3,"gold_loss":0,"cards_obtained":["A Thousand Cuts"]},{"damage_healed":0,"gold_gain":76,"player_choice":"Gained Gold","damage_taken":0,"max_hp_gain":0,"max_hp_loss":0,"event_name":"Golden Wing","floor":7,"gold_loss":0},{"cards_removed":["A Thousand Cuts"],"damage_healed":0,"gold_gain":0,"player_choice":"Give","damage_taken":0,"max_hp_gain":0,"max_hp_loss":0,"event_name":"betterNote:BetterNote","floor":19,"gold_loss":0,"cards_obtained":["None"]},{"damage_healed":0,"gold_gain":0,"player_choice":"Fought Bandits","damage_taken":0,"max_hp_gain":0,"max_hp_loss":0,"event_name":"Masked Bandits","floor":21,"gold_loss":0},{"damage_healed":0,"gold_gain":0,"player_choice":"Read","damage_taken":0,"max_hp_gain":0,"max_hp_loss":0,"event_name":"The Library","floor":30,"gold_loss":0,"cards_obtained":["Berserk"]},{"damage_healed":0,"gold_gain":0,"player_choice":"Cursed","damage_taken":0,"max_hp_gain":0,"max_hp_loss":0,"event_name":"Wheel of Change","floor":38,"gold_loss":0,"cards_obtained":["Decay"]}],"is_beta":false,"boss_relics":[{"not_picked":["Black Star","Coffee Dripper"],"picked":"Sozu"},{"not_picked":["Calling Bell","Painkiller Herb"],"picked":"Busted Crown"}],"items_purged_floors":[0,8],"is_endless":false,"potions_floor_spawned":[2,4,13,24,25,29,33,36,39,42,46],"killed_by":"Awakened One","ascension_level":0}}