{"host":"g907ck67u7c3hrs6","time":1609046290,"event":{"mods":["BaseMod","Colored Map","DeckTracker","Highlight Path","Keyboard Shortcuts","Minty Spire (QoL Compilation)","Permanent Neow","Say the Spire","SuperFastMode"],"gold_per_floor":[112,30,105,105,124,124,135,135,159,187,204,204,216,233,233,335,335,354,354,380,120,35,35,46,46,70,80,112,112,125,144,144,243,243,257,237,101,114,34,34,64,80,80,80,80,80,30,30,59,59,59,59,59,9,44,44,44],"floor_reached":56,"playtime":1535,"items_purged":["Strike_G","Normality"],"score":870,"play_id":"9844fc10-2bb7-424d-886f-742e70efc677","local_time":"20201227141810","is_ascension_mode":true,"campfire_choices":[{"data":"A Thousand Cuts","floor":6.0,"key":"SMITH"},{"data":"Blade Dance","floor":8.0,"key":"SMITH"},{"data":"Blade Dance","floor":15.0,"key":"SMITH"},{"data":"After Image","floor":23.0,"key":"SMITH"},{"data":"Blade Dance","floor":25.0,"key":"SMITH"},{"data":"Accuracy","floor":32.0,"key":"SMITH"},{"data":"Wraith Form v2","floor":40.0,"key":"SMITH"},{"data":"After Image","floor":48,"key":"SMITH"},{"floor":50,"key":"RECALL"},{"data":"Malaise","floor":53,"key":"SMITH"}],"circlet_count":0,"master_deck":["Strike_G","Strike_G","Strike_G","Strike_G","Defend_G","Defend_G","Defend_G","Defend_G","Defend_G+1","Survivor","Neutralize+1","A Thousand Cuts+1","Dagger Spray","Footwork","Blade Dance+1","PiercingWail","Blade Dance+1","Riddle With Holes","Malaise+1","After Image+1","Blade Dance+1","Accuracy+1","Dodge and Roll+1","Blade Dance","Wraith Form v2+1","After Image+1","Footwork","Infinite Blades","Footwork","Blur+1","Footwork","Blade Dance"],"relics":["Ring of the Snake","Akabeko","White Beast Statue","Cursed Key","Red Mask","Boot","Centennial Puzzle","Juzu Bracelet","Coffee Dripper","Kunai","Happy Flower"],"acts_visited":["Exordium","TheCity","TheBeyond","TheEnding"],"potions_floor_usage":[51,56,56,56,56,56,56],"damage_taken":[{"damage":1.0,"enemies":"Cultist","floor":1.0,"turns":5.0},{"damage":0.0,"enemies":"Small Slimes","floor":5.0,"turns":3.0},{"damage":1.0,"enemies":"Jaw Worm","floor":7.0,"turns":4.0},{"damage":9.0,"enemies":"3 Sentries","floor":10.0,"turns":4.0},{"damage":6.0,"enemies":"Lots of Slimes","floor":11.0,"turns":3.0},{"damage":0.0,"enemies":"2 Fungi Beasts","floor":13.0,"turns":1.0},{"damage":0.0,"enemies":"Blue Slaver","floor":14.0,"turns":1.0},{"damage":27.0,"enemies":"Slime Boss","floor":16.0,"turns":8.0},{"damage":4.0,"enemies":"Spheric Guardian","floor":18.0,"turns":3.0},{"damage":24.0,"enemies":"Masked Bandits","floor":20.0,"turns":4.0},{"damage":1.0,"enemies":"2 Thieves","floor":24.0,"turns":2.0},{"damage":11.0,"enemies":"Snecko","floor":27.0,"turns":4.0},{"damage":17.0,"enemies":"Slavers","floor":28.0,"turns":6.0},{"damage":0.0,"enemies":"3 Cultists","floor":30.0,"turns":5.0},{"damage":0.0,"enemies":"Centurion and Healer","floor":31.0,"turns":4.0},{"damage":32.0,"enemies":"Champ","floor":33.0,"turns":13.0},{"damage":3.0,"enemies":"3 Shapes","floor":35.0,"turns":8.0},{"damage":7.0,"enemies":"Orb Walker","floor":38.0,"turns":2.0},{"damage":3.0,"enemies":"Reptomancer","floor":41.0,"turns":7.0},{"damage":3.0,"enemies":"Jaw Worm Horde","floor":42.0,"turns":4.0},{"damage":0,"enemies":"Giant Head","floor":49,"turns":8},{"damage":64,"enemies":"Time Eater","floor":51,"turns":15},{"damage":13,"enemies":"Shield and Spear","floor":55,"turns":8},{"damage":60,"enemies":"The Heart","floor":56,"turns":6}],"seed_played":"5570707573651891277","potions_obtained":[{"floor":5.0,"key":"DistilledChaos"},{"floor":10.0,"key":"SpeedPotion"},{"floor":11.0,"key":"BlessingOfTheForge"},{"floor":13.0,"key":"GhostInAJar"},{"floor":28.0,"key":"SkillPotion"},{"floor":30.0,"key":"EntropicBrew"},{"floor":49,"key":"FairyPotion"},{"floor":55,"key":"LiquidMemories"}],"is_trial":false,"path_per_floor":["M","$","?","?","M","R","M","R","T","E","M","?","M","M","R","B",null,"M","?","?","$","?","R","M","R","T","M","E","?","M","M","R","B",null,"M","?","$","M","$","R","E","M","M","T","?","T","$","R","E","R","B",null,"R","$","E","B"],"character_chosen":"THE_SILENT","items_purchased":["Footwork","After Image","Blade Dance","Infinite Blades","Footwork","Blade Dance","PowerPotion"],"campfire_rested":0,"item_purchase_floors":[2,21,21,37,39,47,54],"current_hp_per_floor":[69,69,58,44,44,44,43,43,43,34,28,28,28,28,28,1,70,66,66,42,42,42,42,41,41,41,30,13,36,36,36,36,4,70,67,67,67,60,60,60,57,54,54,54,54,54,54,54,54,54,11,70,70,70,57,0,0],"gold":44,"neow_bonus":"ONE_RANDOM_RARE_CARD","is_daily":false,"chose_seed":false,"campfire_upgraded":9,"win_rate":0.0,"timestamp":1609046290,"path_taken":["M","$","?","?","M","R","M","R","T","E","M","?","M","?","R","BOSS","M","?","?","?","?","R","?","R","T","M","E","?","M","M","R","BOSS","M","?","?","M","$","R","E","M","M","T","?","?","?","R","E","R","BOSS","R","$","E","BOSS"],"items_purchased_type":["Card","Card","Card","Card","Card","Card","Potion"],"build_version":"2020-12-22","purchased_purges":2,"victory":false,"max_hp_per_floor":[70,70,70,70,70,70,70,70,70,70,70,70,70,70,70,70,70,70,70,70,70,70,70,70,70,70,70,70,70,70,70,70,70,70,70,70,70,70,70,70,70,70,70,70,70,70,70,70,70,70,70,70,70,70,70,70,70],"card_choices":[{"not_picked":["Prepared","Underhanded Strike"],"picked":"Dagger Spray","floor":1.0},{"not_picked":["Deflect","Dash"],"picked":"Blade Dance","floor":5.0},{"not_picked":["Calculated Gamble","Dodge and Roll"],"picked":"PiercingWail","floor":7.0},{"not_picked":["Bane","Die Die Die"],"picked":"Blade Dance","floor":10.0},{"not_picked":["Dagger Spray","Concentrate","Deflect"],"picked":"SKIP","floor":11.0},{"not_picked":["Flying Knee","Predator"],"picked":"Riddle With Holes","floor":13.0},{"not_picked":["Underhanded Strike","Flechettes","Quick Slash"],"picked":"SKIP","floor":14.0},{"not_picked":["Burst","A Thousand Cuts"],"picked":"Malaise","floor":16.0},{"not_picked":["Sucker Punch","Endless Agony","PiercingWail"],"picked":"SKIP","floor":18.0},{"not_picked":["Bouncing Flask","Flying Knee","Deflect"],"picked":"SKIP","floor":24.0},{"not_picked":["Expertise","Reflex"],"picked":"Accuracy","floor":27.0},{"not_picked":["Doppelganger","Sucker Punch"],"picked":"Dodge and Roll+1","floor":28.0},{"not_picked":["Deflect+1","Deadly Poison+1"],"picked":"Blade Dance","floor":30.0},{"not_picked":["Slice","Skewer"],"picked":"Wraith Form v2","floor":31.0},{"not_picked":["Grand Finale","Storm of Steel"],"picked":"After Image","floor":33.0},{"not_picked":["Dagger Throw","Skewer+1"],"picked":"Footwork","floor":35.0},{"not_picked":["Quick Slash","Deflect","Riddle With Holes"],"picked":"SKIP","floor":38.0},{"not_picked":["Slice+1","Heel Hook"],"picked":"Blur+1","floor":41.0},{"not_picked":["Eviscerate+1","Slice"],"picked":"Footwork","floor":42.0},{"not_picked":["Deflect","Prepared+1","Sucker Punch"],"picked":"SKIP","floor":49},{"not_picked":["Endless Agony","Backstab","Bane+1"],"picked":"SKIP","floor":55}],"player_experience":189264,"relics_obtained":[{"floor":9.0,"key":"Akabeko"},{"floor":10.0,"key":"White Beast Statue"},{"floor":20.0,"key":"Red Mask"},{"floor":26.0,"key":"Centennial Puzzle"},{"floor":28.0,"key":"Juzu Bracelet"},{"floor":49,"key":"Kunai"},{"floor":55,"key":"Happy Flower"}],"event_choices":[{"damage_healed":0.0,"max_hp_gain":0.0,"max_hp_loss":0.0,"gold_gain":75.0,"event_name":"World of Goop","player_choice":"Gather Gold","floor":3.0,"gold_loss":0.0,"damage_taken":11.0},{"damage_healed":0.0,"max_hp_gain":0.0,"max_hp_loss":0.0,"gold_gain":0.0,"event_name":"Shining Light","player_choice":"Entered Light","floor":4.0,"gold_loss":0.0,"damage_taken":14.0,"cards_upgraded":["Defend_G","Neutralize"]},{"damage_healed":0.0,"max_hp_gain":0.0,"max_hp_loss":0.0,"gold_gain":0.0,"event_name":"Match and Keep!","player_choice":"0 cards matched","floor":12.0,"gold_loss":0.0,"damage_taken":0.0,"cards_obtained":[]},{"damage_healed":0.0,"max_hp_gain":0.0,"max_hp_loss":0.0,"gold_gain":0.0,"event_name":"Vampires","player_choice":"Ignored","floor":19.0,"gold_loss":0.0,"damage_taken":0.0},{"damage_healed":0.0,"max_hp_gain":0.0,"max_hp_loss":0.0,"gold_gain":0.0,"event_name":"Masked Bandits","player_choice":"Fought Bandits","floor":20.0,"gold_loss":0.0,"damage_taken":0.0},{"damage_healed":0.0,"max_hp_gain":0.0,"max_hp_loss":0.0,"gold_gain":0.0,"event_name":"Addict","player_choice":"Obtained Relic","floor":22.0,"gold_loss":85.0,"damage_taken":0.0,"relics_obtained":["Boot"]},{"damage_healed":23.0,"max_hp_gain":0.0,"max_hp_loss":0.0,"gold_gain":0.0,"event_name":"The Library","player_choice":"Heal","floor":29.0,"gold_loss":0.0,"damage_taken":0.0},{"damage_healed":0.0,"max_hp_gain":0.0,"max_hp_loss":0.0,"gold_gain":0.0,"event_name":"The Woman in Blue","player_choice":"Bought 1 Potion","floor":36.0,"gold_loss":0.0,"damage_taken":0.0},{"cards_removed":["Writhe"],"damage_healed":0.0,"max_hp_gain":0.0,"max_hp_loss":0.0,"gold_gain":0.0,"event_name":"Fountain of Cleansing","player_choice":"Removed Curses","floor":45.0,"gold_loss":0.0,"damage_taken":0.0}],"is_beta":false,"boss_relics":[{"not_picked":["Ring of the Serpent","Sozu"],"picked":"Cursed Key"},{"not_picked":["HoveringKite","Snecko Eye"],"picked":"Coffee Dripper"}],"items_purged_floors":[21,37],"is_endless":false,"potions_floor_spawned":[5,10,11,13,14,16,18,20,24,27,28,30,31,33,35,38,41,42,49,55],"killed_by":"The Heart","ascension_level":2}}