{"host":"baymyijz6sxaqj5s","time":1609065328,"event":{"mods":["AchievementEnabler","BaseMod","Colored Map","Colored Powertips","DeckTracker","KOR Keyword Fix","Keyboard Shortcuts","Minty Spire (QoL Compilation)","Quick Restart","StSLib","SuperFastMode"],"gold_per_floor":[113,188,188,188,203,203,222,222,247,263,275,306,323,336,336,336,336],"floor_reached":16,"playtime":394,"items_purged":[],"score":114,"play_id":"34a629f7-3f22-4b92-b2cb-ede22866ca8d","local_time":"20201227193528","is_ascension_mode":true,"campfire_choices":[{"data":"Bash","floor":6,"key":"SMITH"},{"data":"Heavy Blade","floor":8,"key":"SMITH"},{"data":"Armaments","floor":15,"key":"SMITH"}],"circlet_count":0,"master_deck":["Strike_R","Strike_R","Strike_R","Strike_R","Strike_R","Defend_R","Defend_R","Defend_R","Defend_R","Bash+1","Power Through+1","Heavy Blade+1","Cleave","Armaments+1","Entrench","Sword Boomerang"],"relics":["Burning Blood","Oddly Smooth Stone","Matryoshka"],"acts_visited":["Exordium"],"potions_floor_usage":[11,12,16,16,16],"damage_taken":[{"damage":1,"enemies":"Cultist","floor":1,"turns":4},{"damage":0,"enemies":"Small Slimes","floor":5,"turns":3},{"damage":6,"enemies":"Jaw Worm","floor":7,"turns":4},{"damage":4,"enemies":"Blue Slaver","floor":10,"turns":5},{"damage":0,"enemies":"Looter","floor":11,"turns":2},{"damage":19,"enemies":"Lagavulin","floor":12,"turns":9},{"damage":0,"enemies":"3 Louse","floor":13,"turns":3},{"damage":20,"enemies":"Large Slime","floor":14,"turns":9},{"damage":77,"enemies":"Slime Boss","floor":16,"turns":12}],"seed_played":"-2283756138201741072","potions_obtained":[{"floor":1,"key":"Ancient Potion"},{"floor":5,"key":"DistilledChaos"},{"floor":11,"key":"Regen Potion"},{"floor":13,"key":"Weak Potion"},{"floor":14,"key":"FearPotion"}],"is_trial":false,"path_per_floor":["M","?","?","?","M","R","M","R","T","M","M","E","M","M","R","B"],"character_chosen":"IRONCLAD","items_purchased":[],"campfire_rested":0,"item_purchase_floors":[],"current_hp_per_floor":[88,77,77,77,83,83,83,83,83,85,88,87,88,74,74,0,0],"gold":336,"neow_bonus":"TEN_PERCENT_HP_BONUS","is_daily":false,"chose_seed":false,"campfire_upgraded":3,"win_rate":0.0,"timestamp":1609065328,"path_taken":["M","?","?","?","M","R","M","R","T","M","M","E","?","M","R","BOSS"],"items_purchased_type":[],"build_version":"2020-12-22","purchased_purges":0,"victory":false,"max_hp_per_floor":[88,88,88,88,88,88,88,88,88,88,88,88,88,88,88,88,88],"card_choices":[{"not_picked":["True Grit","Metallicize"],"picked":"Power Through","floor":1},{"not_picked":["Sentinel","True Grit","Flex"],"picked":"SKIP","floor":5},{"not_picked":["Fiend Fire","Sword Boomerang"],"picked":"Heavy Blade","floor":7},{"not_picked":["Infernal Blade","Burning Pact"],"picked":"Cleave","floor":10},{"not_picked":["Combust","Uppercut","Wild Strike"],"picked":"SKIP","floor":11},{"not_picked":["Cleave","Rampage"],"picked":"Armaments","floor":12},{"not_picked":["Second Wind","Armaments"],"picked":"Entrench","floor":13},{"not_picked":["Blood for Blood","Uppercut"],"picked":"Sword Boomerang","floor":14}],"player_experience":262735,"relics_obtained":[{"floor":9,"key":"Oddly Smooth Stone"},{"floor":12,"key":"Matryoshka"}],"event_choices":[{"damage_healed":0,"gold_gain":75,"player_choice":"Gather Gold","damage_taken":11,"max_hp_gain":0,"max_hp_loss":0,"event_name":"World of Goop","floor":2,"gold_loss":0},{"damage_healed":0,"gold_gain":0,"player_choice":"Ignored","damage_taken":0,"max_hp_gain":0,"max_hp_loss":0,"event_name":"Golden Idol","floor":3,"gold_loss":0},{"damage_healed":0,"gold_gain":0,"player_choice":"Upgraded","damage_taken":0,"max_hp_gain":0,"max_hp_loss":0,"event_name":"Upgrade Shrine","floor":4,"gold_loss":0,"cards_upgraded":["Power Through"]}],"is_beta":false,"boss_relics":[],"items_purged_floors":[],"is_endless":false,"potions_floor_spawned":[1,5,11,13,14],"killed_by":"Slime Boss","ascension_level":2}}