{"host":"vd5put2n5b3t1prw","time":1609040251,"event":{"mods":["2.2 Compatiblity","AchievementEnabler","Alarm Clock","BaseMod","Better Altar","Better Match","Better Note","Better Sensory Stone","Better Silent Start","Better Skull","Better Third Choice","Better Vampires","Better-Laid Plans","BetterRewards","Block Reminder","Card Forge","Colored Map","Curses Come First","Custom Start","Downfall","Emptier Cage","Marked Mod","Minty Spire (QoL Compilation)","Quick Restart","Random Character Button","Relic Filter","Relic Stats","Reorder Act Four","Spicy Shops","StSLib","Transform Curses","Waifu the Spire"],"gold_per_floor":[114,129,129,129,144,583,583,613,628,643,658,568,598,613,613,713,713,728,743,758,773,436,521,521,521,560,584,509,509,564,417,342,491,491,586,690,161,296,71,71,96,215,310,414,339,339,564,202,202,202,202,272,272,10,10],"floor_reached":56,"playtime":6149,"items_purged":["Jack Of All Trades+1"],"score":1511,"play_id":"71ce4b60-29dc-4531-b785-21181907bc7b","local_time":"20201226213731","daily_mods":["Insanity","Colorless Cards","Binary"],"is_ascension_mode":false,"campfire_choices":[{"data":"Slimebound:MassFeed","floor":15,"key":"SMITH"},{"data":"Slimebound:RejuvenatingLick","floor":25,"key":"SMITH"},{"floor":28,"key":"RECALL"},{"data":"Mayhem","floor":32,"key":"SMITH"},{"data":"Sadistic Nature","floor":45,"key":"SMITH"},{"data":"Sadistic Nature","floor":49,"key":"SMITH"},{"floor":53,"key":"REST"}],"circlet_count":0,"master_deck":["Slimebound:SlimeSpikes+1","Slimebound:SlimeSpikes+1","expansioncontent:SuperHexaguard+1","Slimebound:SlimeSpikes+1","Slimebound:Recycling+1","Slimebound:RejuvenatingLick+1","Slimebound:Schlurp+1","Slimebound:MegaLick+1","Slimebound:MassFeed+1","Slimebound:Gluttony+1","Slimebound:TongueLash+1","Slimebound:ItLooksTasty+1","Slimebound:SlimeSpikes+1","Slimebound:Split+1","Slimebound:Recycling+1","hexamod:SixthSeal","Slimebound:ItLooksTasty+1","Slimebound:TongueLash+1","Slimebound:SlimeSpikes+1","expansioncontent:Corrupt+1","Slimebound:SplitMire+1","Bandage Up+1","Slimebound:HungryTackle+1","Slimebound:ItLooksTasty+1","Slimebound:Recollect+1","Slimebound:RejuvenatingLick+1","Master of Strategy+1","Slimebound:Schlurp+1","Slimebound:MegaLick+1","Violence+1","Mayhem+1","Sadistic Nature+1","Bandage Up+1","hexamod:SixthSeal","Madness+1","Mind Blast+1","Sadistic Nature+1"],"relics":["Slimebound:AbsorbEndCombat","Hammer of Thor","Seething Fire","Anvil of the Gods","Question Card","Membership Card","PreservedInsect","Omamori","Orichalcum","Kunai","hexamod:BolsterEngine","Guardian:BottledAnomaly","Pen Nib","expansioncontent:StudyCardRelic","champ:Barbells","Bag of Marbles","CeramicFish","Turnip","Toy Ornithopter","downfall:HeartBlessingGreen","downfall:KnowingSkull","Vajra","Slimebound:AggressiveSlimeRelic","Bag of Preparation","downfall:HeartBlessingRed","Slimebound:TarBlob","DollysMirror","OrangePellets","Prayer Wheel","Molten Egg 2","Happy Flower","Bottled Lightning","Juzu Bracelet","downfall:HeartBlessingBlue","downfall:GremlinSack","Bronze Scales","Mercury Hourglass","Art of War","HornCleat","Centennial Puzzle","Mummified Hand","InkBottle","Letter Opener"],"acts_visited":["Exordium","TheCity","TheBeyond","TheEnding"],"potions_floor_usage":[33,33,33,33,44,55],"damage_taken":[{"damage":0,"enemies":"2 Louse","floor":1,"turns":4},{"damage":4,"enemies":"Small Slimes","floor":2,"turns":4},{"damage":14,"enemies":"Cultist","floor":5,"turns":4},{"damage":8,"enemies":"downfall:FleeingMerchant","floor":6,"turns":4},{"damage":4,"enemies":"Lagavulin","floor":8,"turns":4},{"damage":15,"enemies":"Blue Slaver","floor":9,"turns":7},{"damage":15,"enemies":"Red Slaver","floor":10,"turns":7},{"damage":21,"enemies":"Exordium Wildlife","floor":11,"turns":6},{"damage":33,"enemies":"downfall:FleeingMerchant","floor":12,"turns":4},{"damage":13,"enemies":"Gremlin Nob","floor":13,"turns":3},{"damage":12,"enemies":"Lots of Slimes","floor":14,"turns":3},{"damage":42,"enemies":"downfall:Defect","floor":16,"turns":6},{"damage":11,"enemies":"Shell Parasite","floor":18,"turns":3},{"damage":21,"enemies":"Shelled Parasite and Fungi","floor":19,"turns":6},{"damage":4,"enemies":"3 Cultists","floor":20,"turns":3},{"damage":38,"enemies":"Snake Plant","floor":21,"turns":5},{"damage":35,"enemies":"downfall:FleeingMerchant","floor":22,"turns":4},{"damage":69,"enemies":"Book of Stabbing","floor":26,"turns":4},{"damage":12,"enemies":"Cultist and Chosen","floor":27,"turns":5},{"damage":20,"enemies":"Snecko","floor":30,"turns":3},{"damage":1,"enemies":"downfall:FleeingMerchant","floor":31,"turns":1},{"damage":33,"enemies":"downfall:Silent","floor":33,"turns":5},{"damage":18,"enemies":"3 Shapes","floor":35,"turns":3},{"damage":33,"enemies":"Orb Walker","floor":36,"turns":3},{"damage":47,"enemies":"Transient","floor":38,"turns":5},{"damage":46,"enemies":"Giant Head","floor":42,"turns":4},{"damage":33,"enemies":"Maw","floor":43,"turns":4},{"damage":16,"enemies":"Sphere and 2 Shapes","floor":44,"turns":3},{"damage":42,"enemies":"Sphere and 2 Shapes","floor":47,"turns":2},{"damage":12,"enemies":"downfall:Ironclad","floor":50,"turns":4},{"damage":21,"enemies":"downfall:CharBossMerchant","floor":52,"turns":3},{"damage":33,"enemies":"downfall:NeowBoss","floor":55,"turns":10}],"seed_played":"4726349093531193793","potions_obtained":[{"floor":4,"key":"EssenceOfSteel"},{"floor":4,"key":"Slimebound:SlimyTonguePotion"},{"floor":4,"key":"FairyPotion"},{"floor":5,"key":"EntropicBrew"},{"floor":33,"key":"Weak Potion"},{"floor":36,"key":"Energy Potion"},{"floor":47,"key":"Energy Potion"}],"is_trial":false,"path_per_floor":["M","M","?","?","M","$","T","E","M","M","M","$","E","M","R","B",null,"M","M","M","M","$","?","T","R","E","M","R","?","M","$","R","B",null,"M","M","$","M","$","?","T","E","M","M","R","?","?","$","R","B",null,"E","R","$","B",null],"character_chosen":"SLIMEBOUND","items_purchased":["Membership Card","PreservedInsect","Omamori","Orichalcum","expansioncontent:StudyTheSpire","Guardian:BottledAnomaly","champ:Barbells","Master of Strategy","Bag of Marbles","CeramicFish","Mayhem","Vajra","Slimebound:AggressiveSlimeRelic","Bag of Preparation","DollysMirror","OrangePellets","Prayer Wheel","Molten Egg 2","Happy Flower","Bottled Lightning","Slimebound:ThreeZeroPotion","Bronze Scales","Mercury Hourglass","Art of War","HornCleat","Mummified Hand","InkBottle","Letter Opener"],"campfire_rested":1,"item_purchase_floors":[6,6,6,6,6,12,22,22,22,22,31,31,31,31,37,37,37,37,37,39,39,48,48,48,48,54,54,54],"current_hp_per_floor":[63,66,66,66,66,66,66,66,68,72,78,78,81,92,92,70,96,100,102,116,104,107,95,95,95,70,94,94,88,88,89,89,112,124,136,125,125,136,136,136,136,136,136,148,158,158,157,157,157,158,158,162,162,162,162],"gold":10,"neow_bonus":"","is_daily":true,"chose_seed":false,"campfire_upgraded":5,"win_rate":0.0,"timestamp":1609040251,"path_taken":["M","M","?","?","M","$","T","E","M","M","M","$","E","M","R","BOSS","M","M","M","M","?","?","T","R","E","M","R","?","M","$","R","BOSS","M","M","$","M","$","?","T","E","M","M","R","?","?","$","R","BOSS","E","R","$","BOSS"],"items_purchased_type":["Relic","Relic","Relic","Relic","Card","Relic","Relic","Card","Relic","Relic","Card","Relic","Relic","Relic","Relic","Relic","Relic","Relic","Relic","Relic","Potion","Relic","Relic","Relic","Relic","Relic","Relic","Relic"],"build_version":"2020-12-22","purchased_purges":1,"victory":true,"max_hp_per_floor":[63,66,66,66,66,66,66,66,69,72,78,78,81,96,96,96,96,100,104,116,116,116,116,116,116,116,120,120,120,124,124,124,124,124,136,136,136,136,136,136,136,136,136,148,158,158,158,158,158,158,158,162,162,162,162],"relic_stats":{"Happy Flower":[12],"counters":[32,134],"CeramicFish":126,"PreservedInsect":348,"Pen Nib":[10],"Bag of Preparation":[22],"Juzu Bracelet":1,"Letter Opener":[125],"Orichalcum":[102],"Question Card":31,"Mercury Hourglass":[32],"OrangePellets":[27],"Centennial Puzzle":[1],"Mummified Hand":[10],"Bronze Scales":[18],"Prayer Wheel":3,"Turnip":[10],"Art of War":[2],"Kunai":[12],"obtain_stats":[{"CeramicFish":22,"Vajra":31,"downfall:HeartBlessingGreen":28,"Hammer of Thor":0,"expansioncontent:StudyCardRelic":17,"Bag of Preparation":31,"Juzu Bracelet":42,"Centennial Puzzle":52,"HornCleat":48,"DollysMirror":37,"downfall:HeartBlessingBlue":45,"Mummified Hand":54,"downfall:KnowingSkull":29,"Prayer Wheel":37,"Kunai":7,"Guardian:BottledAnomaly":12,"InkBottle":54,"champ:Barbells":22,"Slimebound:AggressiveSlimeRelic":31,"downfall:HeartBlessingRed":32,"Happy Flower":37,"PreservedInsect":6,"Pen Nib":13,"Omamori":6,"Seething Fire":0,"Letter Opener":54,"Orichalcum":6,"Question Card":3,"Slimebound:TarBlob":34,"Mercury Hourglass":48,"OrangePellets":37,"downfall:GremlinSack":47,"Anvil of the Gods":0,"Bronze Scales":48,"Molten Egg 2":37,"Turnip":24,"Slimebound:AbsorbEndCombat":0,"Bag of Marbles":22,"Art of War":48,"Membership Card":6,"Bottled Lightning":39,"hexamod:BolsterEngine":8,"Toy Ornithopter":26},{"CeramicFish":17,"Vajra":21,"downfall:HeartBlessingGreen":19,"Hammer of Thor":0,"expansioncontent:StudyCardRelic":12,"Bag of Preparation":21,"Juzu Bracelet":26,"Centennial Puzzle":31,"HornCleat":29,"DollysMirror":24,"downfall:HeartBlessingBlue":28,"Mummified Hand":31,"downfall:KnowingSkull":19,"Prayer Wheel":24,"Kunai":4,"Guardian:BottledAnomaly":9,"InkBottle":31,"champ:Barbells":17,"Slimebound:AggressiveSlimeRelic":21,"downfall:HeartBlessingRed":21,"Happy Flower":24,"PreservedInsect":4,"Pen Nib":10,"Omamori":4,"Seething Fire":0,"Letter Opener":31,"Orichalcum":4,"Question Card":2,"Slimebound:TarBlob":22,"Mercury Hourglass":29,"OrangePellets":24,"downfall:GremlinSack":29,"Anvil of the Gods":0,"Bronze Scales":29,"Molten Egg 2":24,"Turnip":17,"Slimebound:AbsorbEndCombat":0,"Bag of Marbles":17,"Art of War":29,"Membership Card":4,"Bottled Lightning":25,"hexamod:BolsterEngine":5,"Toy Ornithopter":18},{"CeramicFish":76,"Vajra":88,"downfall:HeartBlessingGreen":84,"Hammer of Thor":0,"expansioncontent:StudyCardRelic":56,"Bag of Preparation":88,"Juzu Bracelet":108,"Centennial Puzzle":124,"HornCleat":117,"DollysMirror":99,"downfall:HeartBlessingBlue":115,"Mummified Hand":124,"downfall:KnowingSkull":84,"Prayer Wheel":99,"Kunai":16,"Guardian:BottledAnomaly":44,"InkBottle":124,"champ:Barbells":76,"Slimebound:AggressiveSlimeRelic":88,"downfall:HeartBlessingRed":88,"Happy Flower":99,"PreservedInsect":16,"Pen Nib":47,"Omamori":16,"Seething Fire":0,"Letter Opener":124,"Orichalcum":16,"Question Card":8,"Slimebound:TarBlob":93,"Mercury Hourglass":117,"OrangePellets":99,"downfall:GremlinSack":117,"Anvil of the Gods":0,"Bronze Scales":117,"Molten Egg 2":99,"Turnip":76,"Slimebound:AbsorbEndCombat":0,"Bag of Marbles":76,"Art of War":117,"Membership Card":16,"Bottled Lightning":104,"hexamod:BolsterEngine":20,"Toy Ornithopter":80}],"Toy Ornithopter":21,"InkBottle":[12]},"card_choices":[{"not_picked":["Slimebound:ComboTackle"],"picked":"Slimebound:SlimeSpikes","floor":1},{"not_picked":["Slimebound:DivideAndConquer","Slimebound:SplitAcid"],"picked":"SKIP","floor":2},{"not_picked":["Slimebound:Prepare","Slimebound:FinishingTackle"],"picked":"expansioncontent:Corrupt","floor":5},{"not_picked":["Finesse","expansioncontent:TimeRipple"],"picked":"Slimebound:SplitMire","floor":6},{"not_picked":["Slimebound:PressTheAttack","Slimebound:DivideAndConquer"],"picked":"Bandage Up","floor":8},{"not_picked":["expansioncontent:DecasProtection","Enlightenment"],"picked":"Slimebound:HungryTackle","floor":9},{"not_picked":["Slimebound:SlimeSpikes","Slimebound:ServeAndProtect","Slimebound:Gluttony"],"picked":"SKIP","floor":10},{"not_picked":["Flash of Steel","Dark Shackles","Slimebound:FinishingTackle"],"picked":"SKIP","floor":11},{"not_picked":["Slimebound:SplitMire","Slimebound:RollThrough"],"picked":"Slimebound:ItLooksTasty","floor":12},{"not_picked":["Slimebound:FirmFortitude","Slimebound:Grow","Slimebound:GoopSpray"],"picked":"SKIP","floor":13},{"not_picked":["expansioncontent:PrepareCrush","Slimebound:LivingWall","Slimebound:ComboTackle"],"picked":"SKIP","floor":14},{"not_picked":["Slimebound:ViciousTackle+1","Slimebound:SplitAcid"],"picked":"Slimebound:Recollect","floor":18},{"not_picked":["Enlightenment+1","Flash of Steel","Slimebound:DivideAndConquer"],"picked":"SKIP","floor":19},{"not_picked":["expansioncontent:ChargeUp+1","Slimebound:DivideAndConquer","Slimebound:PressTheAttack"],"picked":"SKIP","floor":20},{"not_picked":["Slimebound:SplitBruiser","Slimebound:SlimeTap"],"picked":"Slimebound:RejuvenatingLick+1","floor":21},{"not_picked":["Slimebound:LevelUp","Slimebound:ComboTackle"],"picked":"Jack Of All Trades+1","floor":22},{"not_picked":["expansioncontent:Chronoboost","Slimebound:ViciousTackle"],"picked":"Slimebound:Schlurp","floor":26},{"not_picked":["Slimebound:LeechEnergy","Slimebound:RollThrough"],"picked":"Slimebound:MegaLick","floor":27},{"not_picked":["Slimebound:ServeAndProtect","Slimebound:SplitLeeching","Slimebound:Chomp+1"],"picked":"SKIP","floor":30},{"not_picked":["Slimebound:FinishingTackle","Slimebound:RejuvenatingLick"],"picked":"Violence","floor":31},{"not_picked":["Slimebound:MinionMaster","Secret Technique"],"picked":"Sadistic Nature","floor":33},{"not_picked":["Slimebound:SplitLeeching","Slimebound:FinishingTackle+1","Slimebound:LeechingTouch+1"],"picked":"SKIP","floor":35},{"not_picked":["Slimebound:SplitBruiser","Slimebound:SplitLeeching"],"picked":"Bandage Up+1","floor":36},{"not_picked":["Slimebound:SamplingLick","Finesse+1","Slimebound:SpikyOuterGoop+1"],"picked":"SKIP","floor":38},{"not_picked":["Slimebound:GrowthPunch+1","Slimebound:GoopSpray+1","Slimebound:Prepare+1"],"picked":"SKIP","floor":38},{"not_picked":["Slimebound:DivideAndConquer","Slimebound:ViciousTackle+1"],"picked":"Madness+1","floor":42},{"not_picked":["Slimebound:SlimeBrawl","expansioncontent:DonusPower+1","Slimebound:SplitAcid"],"picked":"SKIP","floor":43},{"not_picked":["Slimebound:SplitAcid","expansioncontent:LastStand+1","expansioncontent:FaceSlap+1"],"picked":"SKIP","floor":43},{"not_picked":["Slimebound:MassFeed+1","Slimebound:GoopSpray"],"picked":"Mind Blast+1","floor":44},{"not_picked":["Slimebound:Gluttony","Slimebound:Prepare","Slimebound:SplitAcid+1"],"picked":"SKIP","floor":44},{"not_picked":["Slimebound:FinishingTackle+1","Slimebound:LeechingTouch+1","Slimebound:PressTheAttack+1"],"picked":"SKIP","floor":52}],"player_experience":340356,"relics_obtained":[{"floor":7,"key":"Kunai"},{"floor":8,"key":"hexamod:BolsterEngine"},{"floor":13,"key":"Pen Nib"},{"floor":24,"key":"Turnip"},{"floor":26,"key":"Toy Ornithopter"},{"floor":42,"key":"Juzu Bracelet"},{"floor":47,"key":"downfall:GremlinSack"},{"floor":52,"key":"Centennial Puzzle"}],"event_choices":[{"damage_healed":0,"gold_gain":0,"player_choice":"Box","damage_taken":0,"relics_obtained":["Question Card"],"max_hp_gain":0,"max_hp_loss":0,"event_name":"Big Fish","floor":3,"gold_loss":0,"cards_obtained":["Regret"]},{"damage_healed":0,"gold_gain":0,"player_choice":"Got Potions","damage_taken":0,"max_hp_gain":0,"max_hp_loss":0,"event_name":"Lab","floor":4,"gold_loss":0},{"cards_removed":["expansioncontent:StudyTheSpire"],"damage_healed":0,"gold_gain":0,"player_choice":"Purged","damage_taken":0,"max_hp_gain":0,"max_hp_loss":0,"event_name":"Purifier","floor":46,"gold_loss":0}],"is_beta":false,"boss_relics":[{"not_picked":["Philosopher\u0027s Stone","SlaversCollar"],"picked":"expansioncontent:StudyCardRelic"},{"not_picked":["Snecko Eye","Astrolabe"],"picked":"Slimebound:TarBlob"}],"items_purged_floors":[37],"is_endless":false,"potions_floor_spawned":[5,8,9,10,13,16,20,21,27,30,33,36,38,47,52],"ascension_level":0}}