{"host":"9ndbo4kgsfoemf7y","time":1609078013,"event":{"mods":["AchievementEnabler","BaseMod","Colored Map","DeckTracker","Keyboard Shortcuts","Minty Spire (QoL Compilation)","Permanent Neow","Quick Restart","Relic Stats","StSLib","SuperFastMode"],"gold_per_floor":[112,131,62,75,88,88,116,116,192,210,210,239,239,271,271,375,375,388,405,415,13,27,56,56,84,135,135,135,170,170,182,182,283,283,303,146,146,157,173,173,205,205,205,216,244,244,257,292,292,292],"floor_reached":51,"playtime":1964,"items_purged":["Strike_B"],"score":1016,"play_id":"d937dfa9-b212-45ab-bcb6-7264d4678377","local_time":"20201227230653","is_ascension_mode":true,"campfire_choices":[{"data":"Genetic Algorithm","floor":6.0,"key":"SMITH"},{"data":"Consume","floor":8.0,"key":"SMITH"},{"data":"BootSequence","floor":11.0,"key":"SMITH"},{"floor":13.0,"key":"REST"},{"data":"FTL","floor":15.0,"key":"SMITH"},{"floor":24.0,"key":"REST"},{"data":"All For One","floor":28.0,"key":"SMITH"},{"data":"Zap","floor":30.0,"key":"SMITH"},{"data":"Scrape","floor":32.0,"key":"SMITH"},{"data":"Double Energy","floor":40.0,"key":"SMITH"},{"floor":42.0,"key":"REST"},{"data":"Redo","floor":46.0,"key":"SMITH"},{"data":"Buffer","floor":49.0,"key":"SMITH"}],"circlet_count":0,"master_deck":["Strike_B","Strike_B","Strike_B","Defend_B","Defend_B","Defend_B","Defend_B","Zap+1","Dualcast","Multi-Cast","BootSequence+1","FTL+1","Coolheaded","Cold Snap+1","Consume+1","Genetic Algorithm+1","Hologram","Sweeping Beam","All For One+1","Gash","Redo+1","Flash of Steel+1","Gash","Streamline+1","Scrape+1","Buffer+1","Double Energy+1","All For One+1","Conserve Battery","FTL+1","Gash","Double Energy+1","FTL"],"relics":["Cracked Core","Thread and Needle","Kunai","Boot","Lantern","Nuclear Battery","Cables","Gremlin Horn","Turnip","DataDisk","Dream Catcher","Cursed Key","TheAbacus","Strawberry","Symbiotic Virus","Whetstone"],"acts_visited":["Exordium","TheCity","TheBeyond"],"potions_floor_usage":[50],"damage_taken":[{"damage":1.0,"enemies":"Cultist","floor":1.0,"turns":4.0},{"damage":0.0,"enemies":"2 Louse","floor":2.0,"turns":2.0},{"damage":0.0,"enemies":"Jaw Worm","floor":4.0,"turns":3.0},{"damage":16.0,"enemies":"Exordium Thugs","floor":5.0,"turns":5.0},{"damage":16.0,"enemies":"3 Sentries","floor":7.0,"turns":10.0},{"damage":7.0,"enemies":"Looter","floor":10.0,"turns":3.0},{"damage":13.0,"enemies":"Gremlin Nob","floor":12.0,"turns":5.0},{"damage":7.0,"enemies":"Lagavulin","floor":14.0,"turns":6.0},{"damage":24.0,"enemies":"Hexaghost","floor":16.0,"turns":16.0},{"damage":0.0,"enemies":"2 Thieves","floor":18.0,"turns":4.0},{"damage":0.0,"enemies":"3 Byrds","floor":19.0,"turns":2.0},{"damage":11.0,"enemies":"Snake Plant","floor":20.0,"turns":5.0},{"damage":28.0,"enemies":"Shelled Parasite and Fungi","floor":22.0,"turns":6.0},{"damage":28.0,"enemies":"Slavers","floor":23.0,"turns":7.0},{"damage":40.0,"enemies":"Book of Stabbing","floor":25.0,"turns":4.0},{"damage":7.0,"enemies":"Slavers","floor":29.0,"turns":5.0},{"damage":0.0,"enemies":"Sentry and Sphere","floor":31.0,"turns":3.0},{"damage":21.0,"enemies":"Champ","floor":33.0,"turns":9.0},{"damage":39.0,"enemies":"3 Darklings","floor":35.0,"turns":3.0},{"damage":0.0,"enemies":"Orb Walker","floor":38.0,"turns":3.0},{"damage":2.0,"enemies":"Jaw Worm Horde","floor":39.0,"turns":4.0},{"damage":13.0,"enemies":"Giant Head","floor":41.0,"turns":8.0},{"damage":0.0,"enemies":"Maw","floor":44.0,"turns":6.0},{"damage":0.0,"enemies":"Reptomancer","floor":45.0,"turns":5.0},{"damage":0.0,"enemies":"Spire Growth","floor":47.0,"turns":4.0},{"damage":0.0,"enemies":"Nemesis","floor":48.0,"turns":4.0},{"damage":13,"enemies":"Time Eater","floor":50,"turns":3}],"seed_played":"-8620046481837000443","potions_obtained":[{"floor":7.0,"key":"ColorlessPotion"},{"floor":10.0,"key":"LiquidBronze"},{"floor":12.0,"key":"Explosive Potion"},{"floor":14.0,"key":"Strength Potion"},{"floor":18.0,"key":"PowerPotion"},{"floor":19.0,"key":"LiquidBronze"},{"floor":22.0,"key":"DuplicationPotion"},{"floor":23.0,"key":"FairyPotion"},{"floor":33.0,"key":"DistilledChaos"},{"floor":35.0,"key":"Weak Potion"},{"floor":44.0,"key":"EssenceOfSteel"}],"is_trial":false,"path_per_floor":["M","M","$","M","M","R","E","R","T","M","R","E","R","E","R","B",null,"M","M","M","$","M","E","R","E","T","?","R","E","R","M","R","B",null,"M","$","?","M","M","R","E","R","T","M","E","R","M","E","R","B",null],"character_chosen":"DEFECT","items_purchased":["Coolheaded","Cold Snap","Flash of Steel","Cables","TheAbacus"],"campfire_rested":3,"item_purchase_floors":[3,3,21,21,36],"current_hp_per_floor":[74,74,74,74,58,58,42,42,42,35,35,22,44,37,37,13,75,75,75,64,64,36,8,30,22,22,47,47,40,40,40,40,19,75,36,36,36,36,34,34,28,52,52,52,52,52,52,52,52,39],"gold":292,"neow_bonus":"ONE_RANDOM_RARE_CARD","is_daily":false,"chose_seed":false,"campfire_upgraded":10,"win_rate":0.0,"timestamp":1609078013,"path_taken":["M","M","$","M","M","R","E","R","T","?","R","E","R","E","R","BOSS","M","M","M","$","M","E","R","E","T","?","R","E","R","M","R","BOSS","M","$","?","?","M","R","E","R","T","M","E","R","M","E","R","BOSS"],"items_purchased_type":["Card","Card","Card","Relic","Relic"],"build_version":"2020-12-22","purchased_purges":1,"victory":true,"max_hp_per_floor":[75,75,75,75,75,75,75,75,75,75,75,75,75,75,75,75,75,75,75,75,75,75,75,75,75,75,75,75,75,75,75,75,75,75,75,75,75,75,75,75,82,82,82,82,82,82,82,82,82,82],"relic_stats":{"Dream Catcher":1,"TheAbacus":[36],"Gremlin Horn":[11,11],"counters":[27,139],"Turnip":[12],"Kunai":[74],"Whetstone":["Cold Snap","Flash of Steel"],"Boot":[207],"Cursed Key":0,"obtain_stats":[{"Lantern":14,"Gremlin Horn":23,"Thread and Needle":7,"Whetstone":48,"Boot":12,"Cursed Key":34,"Nuclear Battery":17,"Cables":21,"DataDisk":26,"Dream Catcher":29,"TheAbacus":36,"Strawberry":41,"Turnip":25,"Kunai":9,"Cracked Core":0,"Symbiotic Virus":45},{"Lantern":8,"Gremlin Horn":14,"Thread and Needle":5,"Whetstone":26,"Boot":7,"Cursed Key":18,"Nuclear Battery":9,"Cables":12,"DataDisk":15,"Dream Catcher":16,"TheAbacus":19,"Strawberry":22,"Turnip":15,"Kunai":5,"Cracked Core":0,"Symbiotic Virus":24},{"Lantern":38,"Gremlin Horn":78,"Thread and Needle":24,"Whetstone":136,"Boot":32,"Cursed Key":99,"Nuclear Battery":54,"Cables":65,"DataDisk":82,"Dream Catcher":87,"TheAbacus":102,"Strawberry":117,"Turnip":82,"Kunai":24,"Cracked Core":0,"Symbiotic Virus":128}],"Cables":[61,29,21,2,9]},"card_choices":[{"not_picked":["Steam","Hologram"],"picked":"BootSequence","floor":1.0},{"not_picked":["Barrage","Auto Shields"],"picked":"FTL","floor":2.0},{"not_picked":["Turbo","Storm"],"picked":"Consume","floor":4.0},{"not_picked":["Conserve Battery","Chaos"],"picked":"Genetic Algorithm","floor":5.0},{"not_picked":["Aggregate","Compile Driver"],"picked":"Hologram","floor":7.0},{"not_picked":["Storm","Leap","Redo"],"picked":"SKIP","floor":10.0},{"not_picked":["Leap","Force Field","Hologram"],"picked":"SKIP","floor":12.0},{"not_picked":["Coolheaded","Chaos"],"picked":"Sweeping Beam","floor":14.0},{"not_picked":["Biased Cognition","Electrodynamics"],"picked":"All For One","floor":16.0},{"not_picked":["Hello World+1","Hologram","Force Field"],"picked":"SKIP","floor":18.0},{"not_picked":["Ball Lightning","Sweeping Beam+1"],"picked":"Gash","floor":19.0},{"not_picked":["Conserve Battery","Tempest"],"picked":"Redo","floor":20.0},{"not_picked":["Echo Form","Aggregate+1"],"picked":"Gash","floor":22.0},{"not_picked":["Reinforced Body","Hologram+1"],"picked":"Streamline+1","floor":23.0},{"not_picked":["Streamline","White Noise","Sunder"],"picked":"SKIP","floor":25.0},{"not_picked":["Heatsinks","Fusion","Leap+1"],"picked":"SKIP","floor":29.0},{"not_picked":["Static Discharge","Steam Power"],"picked":"Scrape","floor":31.0},{"not_picked":["Biased Cognition","Hyperbeam"],"picked":"Buffer","floor":33.0},{"not_picked":["Melter","Force Field+1"],"picked":"Double Energy","floor":35.0},{"not_picked":["Reprogram","Cold Snap","Leap"],"picked":"SKIP","floor":38.0},{"not_picked":["Steam+1","BootSequence"],"picked":"Conserve Battery","floor":39.0},{"not_picked":["Sunder+1","Tempest","Coolheaded+1"],"picked":"SKIP","floor":41.0},{"not_picked":["Redo","Static Discharge"],"picked":"FTL+1","floor":42.0},{"not_picked":["Redo","Undo","Hologram"],"picked":"SKIP","floor":44.0},{"not_picked":["Scrape","Leap"],"picked":"Gash","floor":45.0},{"not_picked":["Doom and Gloom+1","Redo"],"picked":"Double Energy+1","floor":47.0},{"not_picked":["Thunder Strike","Rebound"],"picked":"FTL","floor":48.0}],"player_experience":755400,"relics_obtained":[{"floor":7.0,"key":"Thread and Needle"},{"floor":9.0,"key":"Kunai"},{"floor":12.0,"key":"Boot"},{"floor":14.0,"key":"Lantern"},{"floor":23.0,"key":"Gremlin Horn"},{"floor":25.0,"key":"Turnip"},{"floor":26.0,"key":"DataDisk"},{"floor":29.0,"key":"Dream Catcher"},{"floor":41.0,"key":"Strawberry"},{"floor":45.0,"key":"Symbiotic Virus"},{"floor":48.0,"key":"Whetstone"}],"event_choices":[{"damage_healed":25.0,"max_hp_gain":0.0,"max_hp_loss":0.0,"gold_gain":0.0,"event_name":"The Library","player_choice":"Heal","floor":27.0,"gold_loss":0.0,"damage_taken":0.0},{"damage_healed":0.0,"max_hp_gain":0.0,"max_hp_loss":0.0,"gold_gain":0.0,"event_name":"Duplicator","player_choice":"Copied","floor":37.0,"gold_loss":0.0,"damage_taken":0.0,"cards_obtained":["All For One"]}],"is_beta":false,"boss_relics":[{"not_picked":["Ectoplasm","Coffee Dripper"],"picked":"Nuclear Battery"},{"not_picked":["Sozu","Philosopher\u0027s Stone"],"picked":"Cursed Key"}],"items_purged_floors":[21],"is_endless":false,"potions_floor_spawned":[7,10,12,14,16,18,19,22,23,33,35,39,44,48],"ascension_level":3}}