{"host":"xx5zt3jtdyh8iun7","time":1609070839,"event":{"mods":["AchievementEnabler","Act Like it!","BaseMod","Bestiary","Downfall","Minty Spire (QoL Compilation)","Replay The Spire","StSLib"],"gold_per_floor":[99,99,99,99,156,182,219,156,153,165,206,218,245,269,296,403,415,352,382,405,417,445,477,514,556,668,713,745,857,869,892,921,1030,1042,979,1007,1069,1066,1088,1100,1112,1138,614,644,744,774,774,791,811,811,811,837,210,210,210],"floor_reached":56,"playtime":7573,"items_purged":["Parasite","hexamod:Sear"],"score":1665,"play_id":"4ece62f3-a45c-45a6-9378-adb31c18cad9","local_time":"20201227130719","is_ascension_mode":true,"campfire_choices":[{"data":"hexamod:Float","floor":1.0,"key":"SMITH"},{"data":"hexamod:SkipABeat","floor":8.0,"key":"SMITH"},{"floor":18.0,"key":"RECALL"},{"data":"hexamod:HexaLevel","floor":35.0,"key":"SMITH"},{"data":"hexamod:EmpoweredFlame","floor":47,"key":"SMITH"},{"data":"hexamod:ApocalypticArmor","floor":54,"key":"SMITH"}],"circlet_count":0,"master_deck":["hexamod:Float+1","hexamod:EmpoweredFlame+1","hexamod:InspiringFlames","hexamod:SkipABeat+1","hexamod:FastForward","hexamod:UnlimitedPower","hexamod:GhostOfSpirePresent","hexamod:RainOfEmbers","hexamod:HauntingEcho","hexamod:RadiantFlame","hexamod:GhostflameBarrier","hexamod:TimeOfNeed","hexamod:Hexaguard","hexamod:EmpoweredFlame+1","RitualDagger","hexamod:ShieldOfDarkness+1","hexamod:SwordOfDarkness","hexamod:ApocalypticArmor+1","hexamod:HeatCrush","hexamod:DynamicBlow+1","Slimebound:Tackle+1","Slimebound:Tackle+1","Slimebound:Tackle+1","hexamod:EtherealExpedition","hexamod:HexaLevel+1","hexamod:HexaLevel","hexamod:Hexaguard+1","Pot Of Greed","Pot Of Greed","Pot Of Greed","Master of Strategy+1","hexamod:RecurringNightmare","hexamod:RadiantFlame","hexamod:ExtraCrispy+1","hexamod:RecurringNightmare","Pot Of Greed","hexamod:InspiringFlames"],"relics":["hexamod:SpiritBrand","downfall:HeartsMalice","Ring of Peace","Ring of Panic","Ornamental Fan","MawBank","downfall:HeartBlessingBlue","Blue Doll","Replay:Drink Me","downfall:HeartBlessingGreen","MealTicket","Art of War","Happy Flower","Replay:PocketPolymizer","ReplayTheSpireMod:Ninjato","hexamod:IceCube","downfall:HeartBlessingRed","Singing Bowl","Vajra","TheAbacus","Grinning Jar","Bird Faced Urn","Potion Belt","White Beast Statue","BranchBurnRelic","ReplayTheSpireMod:Shallot","Mummified Hand","Frozen Eye"],"acts_visited":["Exordium","TheCity","TheBeyond","TheEnding"],"potions_floor_usage":[50,52,52,55,55],"damage_taken":[{"damage":0.0,"enemies":"Small Slimes","floor":2.0,"turns":1.0},{"damage":0.0,"enemies":"Jaw Worm","floor":3.0,"turns":1.0},{"damage":0.0,"enemies":"Gremlin Nob","floor":6.0,"turns":1.0},{"damage":0.0,"enemies":"downfall:FleeingMerchant","floor":9.0,"turns":4.0},{"damage":0.0,"enemies":"Lagavulin","floor":11.0,"turns":5.0},{"damage":0.0,"enemies":"2 Louse","floor":13.0,"turns":3.0},{"damage":0.0,"enemies":"Red Slaver","floor":14.0,"turns":3.0},{"damage":0.0,"enemies":"Large Slime","floor":15.0,"turns":3.0},{"damage":9.0,"enemies":"downfall:Watcher","floor":16.0,"turns":6.0},{"damage":0.0,"enemies":"Chosen","floor":19.0,"turns":3.0},{"damage":0.0,"enemies":"Sentry and Sphere","floor":20.0,"turns":4.0},{"damage":0.0,"enemies":"Centurion and Healer","floor":22.0,"turns":4.0},{"damage":0.0,"enemies":"3 Cultists","floor":23.0,"turns":5.0},{"damage":0.0,"enemies":"Slavers","floor":25.0,"turns":4.0},{"damage":0.0,"enemies":"Book of Stabbing","floor":27.0,"turns":3.0},{"damage":0.0,"enemies":"Snake Plant","floor":28.0,"turns":3.0},{"damage":0.0,"enemies":"Colosseum Nobs","floor":29.0,"turns":3.0},{"damage":3.0,"enemies":"Sentry and Sphere","floor":31.0,"turns":4.0},{"damage":0.0,"enemies":"3 Cultists","floor":32.0,"turns":4.0},{"damage":6.0,"enemies":"downfall:Silent","floor":33.0,"turns":6.0},{"damage":0.0,"enemies":"Orb Walker","floor":36.0,"turns":2.0},{"damage":0.0,"enemies":"Mind Bloom Boss Battle","floor":37.0,"turns":5.0},{"damage":0.0,"enemies":"downfall:FleeingMerchant","floor":38.0,"turns":4.0},{"damage":0,"enemies":"3 Darklings","floor":39,"turns":4},{"damage":0,"enemies":"Writhing Mass","floor":42,"turns":3},{"damage":0,"enemies":"downfall:FleeingMerchant","floor":43,"turns":3},{"damage":0,"enemies":"Reptomancer","floor":44,"turns":4},{"damage":0,"enemies":"downfall:LadyInBlue","floor":45,"turns":5},{"damage":0,"enemies":"R_Hoarder","floor":46,"turns":6},{"damage":0,"enemies":"Sphere and 2 Shapes","floor":48,"turns":3},{"damage":0,"enemies":"Maw","floor":49,"turns":5},{"damage":0,"enemies":"downfall:Defect","floor":50,"turns":5},{"damage":0,"enemies":"downfall:CharBossMerchant","floor":52,"turns":7},{"damage":18,"enemies":"downfall:NeowBoss","floor":55,"turns":22}],"seed_played":"-6772020982228273200","potions_obtained":[{"floor":6.0,"key":"Toxic Potion"},{"floor":11.0,"key":"LiquidBronze"},{"floor":14.0,"key":"Ancient Potion"},{"floor":15.0,"key":"SkillPotion"},{"floor":22.0,"key":"sneckomod:MuddlingPotion"},{"floor":25.0,"key":"DuplicationPotion"},{"floor":27.0,"key":"Energy Potion"},{"floor":29.0,"key":"Strength Potion"},{"floor":32.0,"key":"sneckomod:MuddlingPotion"},{"floor":33.0,"key":"DistilledChaos"},{"floor":40,"key":"Venom Potion"},{"floor":40,"key":"LiquidMemories"},{"floor":40,"key":"Venom Potion"},{"floor":45,"key":"Death Potion"},{"floor":45,"key":"Elixir"},{"floor":52,"key":"SteroidPotion"}],"is_trial":false,"path_per_floor":["R","M","M","?","?","E","T","R","$","?","E","?","M","M","M","B",null,"R","M","M","?","M","M","T","E","?","E","M","?","?","M","M","B",null,"R","M","?","$","M","?","T","M","$","E","?","E","R","M","M","B",null,"E","$","R","B",null],"character_chosen":"THE_SPIRIT","items_purchased":["Vajra","TheAbacus","Grinning Jar","Master of Strategy+1","DistilledChaos","PowerPotion","hexamod:RecurringNightmare","Mummified Hand","Frozen Eye","DuplicationPotion","ColorlessPotion"],"campfire_rested":0,"item_purchase_floors":[43,43,43,43,43,43,43,53,53,53,53],"current_hp_per_floor":[70,70,70,70,42,42,42,52,52,78,78,78,78,78,78,69,60,60,60,60,54,54,54,54,54,54,54,54,54,54,51,51,45,60,60,60,60,60,60,60,60,62,61,63,65,67,67,69,69,69,69,69,69,69,51],"gold":210,"neow_bonus":"THREE_ENEMY_KILL","is_daily":false,"chose_seed":false,"campfire_upgraded":5,"win_rate":0.0,"timestamp":1609070839,"path_taken":["R","M","M","?","?","E","T","R","$","?","E","?","M","?","M","BOSS","R","M","M","?","M","M","T","E","?","E","?","?","?","M","M","BOSS","R","M","?","$","M","?","T","?","$","E","?","E","R","?","M","BOSS","E","$","R","BOSS"],"items_purchased_type":["Relic","Relic","Relic","Card","Potion","Potion","Card","Relic","Relic","Potion","Potion"],"build_version":"2020-12-22","purchased_purges":2,"victory":true,"max_hp_per_floor":[70,70,70,70,70,70,70,80,80,80,80,80,80,80,80,80,60,60,60,60,60,60,60,60,60,60,60,60,60,60,60,60,60,60,60,60,60,60,60,60,60,62,61,63,65,67,67,69,69,69,69,69,69,69,69],"card_choices":[{"not_picked":["hexamod:HauntingEcho","hexamod:SpectersWail"],"picked":"hexamod:EmpoweredFlame","floor":2.0},{"not_picked":["hexamod:GhostLash","hexamod:ThermalTransfer"],"picked":"hexamod:InspiringFlames","floor":3.0},{"not_picked":["hexamod:EmpoweredFlame","hexamod:Hexaguard"],"picked":"hexamod:SkipABeat","floor":5.0},{"not_picked":["hexamod:SkipABeat","hexamod:GhostShield"],"picked":"hexamod:FastForward","floor":5.0},{"not_picked":["hexamod:InspiringFlames","hexamod:FastForward"],"picked":"hexamod:UnlimitedPower","floor":6.0},{"not_picked":["hexamod:ThermalTransfer","hexamod:DynamicBlow"],"picked":"hexamod:GhostOfSpirePresent","floor":9.0},{"not_picked":["hexamod:SwordOfDarkness","hexamod:ThermalTransfer"],"picked":"hexamod:RainOfEmbers","floor":11.0},{"not_picked":["hexamod:RetreatToShadows","hexamod:NightmareGuise"],"picked":"hexamod:HauntingEcho","floor":13.0},{"not_picked":["hexamod:ThermalTransfer","hexamod:Firestarter"],"picked":"hexamod:RadiantFlame","floor":14.0},{"not_picked":["hexamod:HauntingEcho","hexamod:GhostLash"],"picked":"hexamod:GhostflameBarrier","floor":15.0},{"not_picked":["hexamod:CrushingStance","hexamod:UnleashSpirits"],"picked":"hexamod:TimeOfNeed","floor":16.0},{"not_picked":["hexamod:GhostLash","hexamod:SwordOfDarkness"],"picked":"hexamod:Hexaguard","floor":19.0},{"not_picked":["hexamod:BacktrackSmack","hexamod:SpectersWail+1"],"picked":"hexamod:EmpoweredFlame","floor":20.0},{"not_picked":["hexamod:HauntingEcho","hexamod:FastForward"],"picked":"hexamod:ShieldOfDarkness+1","floor":22.0},{"not_picked":["hexamod:Firestarter","hexamod:NightmareGuise"],"picked":"hexamod:SwordOfDarkness","floor":23.0},{"not_picked":["hexamod:GhostShield","hexamod:FirstSeal"],"picked":"hexamod:ApocalypticArmor","floor":25.0},{"not_picked":["hexamod:SwordOfDarkness","hexamod:Haunt+1"],"picked":"hexamod:HeatCrush","floor":27.0},{"not_picked":["hexamod:FastForward","hexamod:BacktrackSmack","hexamod:RainOfEmbers+1"],"picked":"SKIP","floor":28.0},{"not_picked":["hexamod:GhostShield+1","hexamod:GhostLash"],"picked":"hexamod:DynamicBlow+1","floor":29.0},{"not_picked":["hexamod:SkipABeat","hexamod:InspiringFlames"],"picked":"hexamod:EtherealExpedition","floor":31.0},{"not_picked":["hexamod:BacktrackSmack","hexamod:HauntingEcho+1","hexamod:GhostLash"],"picked":"SKIP","floor":32.0},{"not_picked":["hexamod:ParanormalForm","hexamod:GhostflameInferno"],"picked":"hexamod:HexaLevel","floor":33.0},{"not_picked":["hexamod:BurningTouch","hexamod:ShieldOfDarkness+1","hexamod:FirstSeal"],"picked":"SKIP","floor":36.0},{"not_picked":["hexamod:SwordOfDarkness","hexamod:ThermalTransfer"],"picked":"hexamod:Hexaguard+1","floor":38},{"not_picked":["hexamod:SuperheatedStrike","hexamod:NightmareStrike+1","hexamod:GhostLash"],"picked":"SKIP","floor":39},{"not_picked":["hexamod:BacktrackSmack","hexamod:GhostShield+1","hexamod:GhostflameBarrier"],"picked":"Singing Bowl","floor":42},{"not_picked":["hexamod:NightmareStrike","hexamod:CrushingStance","hexamod:SwordOfDarkness"],"picked":"Singing Bowl","floor":43},{"not_picked":["hexamod:SpectralSpark+1","hexamod:NightmareStrike","hexamod:GhostflameBarrier"],"picked":"Singing Bowl","floor":44},{"not_picked":["hexamod:GhostflameBarrier+1","hexamod:SuperheatedStrike+1","hexamod:BacktrackSmack+1"],"picked":"Singing Bowl","floor":45},{"not_picked":["hexamod:SpectersWail","hexamod:FlamesFromBeyond+1","hexamod:AdvancingGuard"],"picked":"Singing Bowl","floor":46},{"not_picked":["hexamod:GhostShield+1","hexamod:PhantomFireball","hexamod:HeatCrush"],"picked":"Singing Bowl","floor":48},{"not_picked":["hexamod:GhostLash+1","hexamod:Again+1"],"picked":"hexamod:ExtraCrispy+1","floor":49},{"not_picked":["hexamod:Rewind+1","hexamod:NecessarySacrifice"],"picked":"hexamod:RecurringNightmare","floor":52}],"player_experience":750342,"relics_obtained":[{"floor":4.0,"key":"Ring of Peace"},{"floor":4.0,"key":"Ring of Panic"},{"floor":5.0,"key":"Ornamental Fan"},{"floor":6.0,"key":"MawBank"},{"floor":11.0,"key":"Blue Doll"},{"floor":24.0,"key":"MealTicket"},{"floor":25.0,"key":"Art of War"},{"floor":27.0,"key":"Happy Flower"},{"floor":29.0,"key":"Replay:PocketPolymizer"},{"floor":29.0,"key":"ReplayTheSpireMod:Ninjato"},{"floor":37.0,"key":"Dead Branch"},{"floor":41,"key":"Singing Bowl"},{"floor":44,"key":"Bird Faced Urn"},{"floor":45,"key":"Potion Belt"},{"floor":46,"key":"White Beast Statue"},{"floor":52,"key":"ReplayTheSpireMod:Shallot"}],"event_choices":[{"damage_healed":26.0,"max_hp_gain":0.0,"max_hp_loss":0.0,"gold_gain":0.0,"event_name":"Big Fish","player_choice":"Banana","floor":10.0,"gold_loss":0.0,"damage_taken":0.0},{"damage_healed":0.0,"max_hp_gain":0.0,"max_hp_loss":0.0,"gold_gain":0.0,"event_name":"Accursed Blacksmith","player_choice":"Forge","floor":12.0,"gold_loss":0.0,"damage_taken":0.0,"cards_upgraded":["hexamod:EmpoweredFlame"]},{"damage_healed":0,"gold_gain":0,"player_choice":"Got Potions","damage_taken":0,"max_hp_gain":0,"max_hp_loss":0,"event_name":"Lab","floor":40,"gold_loss":0}],"is_beta":false,"boss_relics":[{"not_picked":["downfall:Hecktoplasm","ChewingGum"],"picked":"Replay:Drink Me"},{"not_picked":["Coffee Dripper","Tiny House"],"picked":"hexamod:IceCube"}],"items_purged_floors":[43,53],"is_endless":false,"potions_floor_spawned":[6,11,14,15,22,25,27,29,32,33,44,46,48,49,52],"ascension_level":1}}