{"host":"nmyw38vkdf8owddb","time":1609062749,"event":{"mods":["BaseMod","Bestiary","Colored Map","Colored Powertips","DeckTracker","Minty Spire (QoL Compilation)","Shade Mod","StSLib","The Caster","The Marked","Waifu the Spire"],"gold_per_floor":[110,36,36,36,51,51,83,83,133,153,167,167,202,127,127,127,127],"floor_reached":16,"playtime":467,"items_purged":["Strike_R"],"score":223,"play_id":"60756856-9a72-46b6-838a-dae6e8888de4","local_time":"20201227185229","is_ascension_mode":true,"campfire_choices":[{"data":"Bash","floor":6,"key":"SMITH"},{"data":"Sever Soul","floor":8,"key":"SMITH"},{"data":"Dual Wield","floor":15,"key":"SMITH"}],"circlet_count":0,"master_deck":["Strike_R","Strike_R","Strike_R","Strike_R","Defend_R","Defend_R","Defend_R","Defend_R","Bash+1","Anger","Disarm","Sword Boomerang","Sever Soul+1","Dual Wield+1","Iron Wave","Feed"],"relics":["Burning Blood","NeowsBlessing","Matryoshka","Pear","Lantern","Bag of Preparation","Vajra"],"acts_visited":["Exordium"],"potions_floor_usage":[],"damage_taken":[{"damage":0,"enemies":"Jaw Worm","floor":1,"turns":1},{"damage":0,"enemies":"Small Slimes","floor":5,"turns":1},{"damage":0,"enemies":"Lagavulin","floor":7,"turns":2},{"damage":1,"enemies":"Cultist","floor":10,"turns":3},{"damage":15,"enemies":"2 Fungi Beasts","floor":11,"turns":5},{"damage":0,"enemies":"Gremlin Nob","floor":13,"turns":2},{"damage":90,"enemies":"Slime Boss","floor":16,"turns":9}],"seed_played":"5584564081974731968","potions_obtained":[{"floor":1,"key":"BlessingOfTheForge"},{"floor":5,"key":"SpeedPotion"},{"floor":11,"key":"ElixirPotion"}],"is_trial":false,"path_per_floor":["M","$","?","?","M","R","E","R","T","M","M","?","E","$","R","B"],"character_chosen":"IRONCLAD","items_purchased":["Disarm"],"campfire_rested":0,"item_purchase_floors":[2],"current_hp_per_floor":[80,80,85,85,85,85,85,85,95,95,86,83,89,89,89,0,0],"gold":127,"neow_bonus":"THREE_ENEMY_KILL","is_daily":false,"chose_seed":false,"campfire_upgraded":3,"win_rate":0.0,"timestamp":1609062749,"path_taken":["M","$","?","?","M","R","E","R","T","M","M","?","E","?","R","BOSS"],"items_purchased_type":["Card"],"build_version":"2020-12-22","purchased_purges":1,"victory":false,"max_hp_per_floor":[80,80,85,85,85,85,85,85,95,95,95,95,95,95,95,95,95],"card_choices":[{"not_picked":["Dropkick","Rage"],"picked":"Anger","floor":1},{"not_picked":["Armaments","Anger"],"picked":"Sword Boomerang","floor":5},{"not_picked":["Havoc","Clothesline"],"picked":"Sever Soul","floor":7},{"not_picked":["Heavy Blade","Rage"],"picked":"Dual Wield","floor":10},{"not_picked":["Thunderclap","Infernal Blade"],"picked":"Iron Wave","floor":11},{"not_picked":["Bludgeon","Combust"],"picked":"Feed","floor":13}],"player_experience":329527,"relics_obtained":[{"floor":7,"key":"Matryoshka"},{"floor":9,"key":"Pear"},{"floor":9,"key":"Lantern"},{"floor":13,"key":"Vajra"}],"event_choices":[{"damage_healed":0,"gold_gain":0,"player_choice":"Donut","damage_taken":0,"max_hp_gain":5,"max_hp_loss":0,"event_name":"Big Fish","floor":3,"gold_loss":0},{"damage_healed":0,"gold_gain":0,"player_choice":"Leave","damage_taken":0,"max_hp_gain":0,"max_hp_loss":0,"event_name":"The Cleric","floor":4,"gold_loss":0},{"damage_healed":0,"gold_gain":0,"player_choice":"Success","damage_taken":3,"relics_obtained":["Bag of Preparation"],"max_hp_gain":0,"max_hp_loss":0,"event_name":"Scrap Ooze","floor":12,"gold_loss":0}],"is_beta":false,"boss_relics":[],"items_purged_floors":[14],"is_endless":false,"potions_floor_spawned":[1,5,11],"killed_by":"Slime Boss","ascension_level":5}}