{"host":"7t11qw01fzuuw718","time":1609033691,"event":{"mods":["AchievementEnabler","Aspiration","BaseMod","Beaked The Cultist","Better Altar","Better Match","Better Note","Better Sensory Stone","Better Skull","Better Third Choice","BetterRewards","CCEM","Clawfect","Colored Map","Conspire","Downfall","Duelist Mod","GifTheSpireLib","Halation","Highlight Path","Hubris","Infinite Spire","Jedi Mod","Marisa????????","Mimic Mod","Minty Spire (QoL Compilation)","Permanent Neow","Railgun Mod","Replay The Spire","Shade Mod","Shop Mod","Spicy Shops","StSLib","Stuff the Spire","The Administrix","The Bug Knight","The Hierophant","The Jungle","Unceasing Turn Reminder"],"gold_per_floor":[115,115,130,146,146,146,146,161,193,209,53,53,65,95,95,193,193,206,206,206,206,225,259,259,284,284,284,300,311,311,321,321,422,422,435,445,445,455,473,473,505,518,542,542,554,569,589,609,609,609],"floor_reached":51,"playtime":3886,"items_purged":["Writhe"],"score":750,"play_id":"1e15cb94-8c3a-4e85-ad77-6a0d1ee2c378","local_time":"20201226204811","is_ascension_mode":false,"campfire_choices":[{"data":"TheRailgun:Heroinism","floor":6,"key":"SMITH"},{"data":"TheRailgun:Zip","floor":12,"key":"SMITH"},{"data":"TheRailgun:Push","floor":15,"key":"SMITH"},{"floor":24,"key":"REST"},{"floor":27,"key":"REST"},{"data":"TheRailgun:Spark","floor":30,"key":"SMITH"},{"data":"TheRailgun:Level_6","floor":32,"key":"SMITH"},{"data":"TheRailgun:Iron_Dust_Field","floor":40,"key":"SMITH"},{"floor":49,"key":"REST"}],"circlet_count":0,"master_deck":["TheRailgun:Strike","TheRailgun:Strike","TheRailgun:Defend","TheRailgun:Defend","TheRailgun:Defend","TheRailgun:Defend","TheRailgun:Discharge","TheRailgun:Static","TheRailgun:Zip+1","TheRailgun:Level_6+1","TheRailgun:Battery_Pack","TheRailgun:Iron_Dust_Sword","TheRailgun:Heroinism+1","TheRailgun:Sister_Noise","TheRailgun:Thundershock","TheRailgun:Thundershock","TheRailgun:Iron_Dust_Field+1","TheRailgun:Thunder","TheRailgun:Token_Collection","infinitespire:FutureSight","TheRailgun:Zip","TheRailgun:Positive_Field","Pot Of Greed","Pot Of Greed","Pot Of Greed","TheRailgun:Scatter_Railgun","TheRailgun:Teleporter","TheRailgun:Stun_Shock+1","TheRailgun:Spark+1","TheRailgun:Coin_Flip","TheRailgun:Level_6","TheRailgun:Discharge+1","TheRailgun:Heroinism","TheRailgun:Electrical_Fire","Parasite","TheRailgun:Zap+1","TheRailgun:Judgement_Officer","Pot Of Greed","hubris:Fate","TheRailgun:Battery_Pack","TheRailgun:Magnetic_Movement+1"],"relics":["TheRailgun:CoinRelic","halation:EternalFortune","StuffTheSpire:RedRose","CCEMRelics:SpiritsEdge","Medical Kit","hubris:ToyBattleship","Replay:Bronze Core","Grinning Jar","Replay:Bottled Steam","Shuriken","Philosopher\u0027s Stone","StuffTheSpire:CocoNut","Oddly Smooth Stone","aspiration:FaultyCoupler"],"acts_visited":["Exordium","TheCity","TheBeyond"],"potions_floor_usage":[16,22,28,28,33,35,38,42,50,50],"damage_taken":[{"damage":6,"enemies":"2 Louse","floor":1,"turns":3},{"damage":0,"enemies":"Cultist","floor":3,"turns":2},{"damage":0,"enemies":"Jaw Worm","floor":4,"turns":2},{"damage":0,"enemies":"3 Louse","floor":8,"turns":2},{"damage":1,"enemies":"Looter","floor":9,"turns":3},{"damage":11,"enemies":"Looter","floor":10,"turns":2},{"damage":1,"enemies":"Red Slaver","floor":13,"turns":2},{"damage":3,"enemies":"Replay:BlueRogue","floor":14,"turns":3},{"damage":17,"enemies":"Hexaghost","floor":16,"turns":4},{"damage":10,"enemies":"Shell Parasite","floor":18,"turns":4},{"damage":23,"enemies":"Shelled Parasite and Fungi","floor":22,"turns":4},{"damage":0,"enemies":"theDuelist:KaibaA2","floor":23,"turns":3},{"damage":20,"enemies":"HollowMod:Nosk","floor":25,"turns":6},{"damage":2,"enemies":"3 Cultists","floor":28,"turns":4},{"damage":5,"enemies":"Chosen and Byrds","floor":29,"turns":2},{"damage":0,"enemies":"conspire:HollyBat","floor":31,"turns":5},{"damage":21,"enemies":"Collector","floor":33,"turns":5},{"damage":0,"enemies":"Orb Walker","floor":35,"turns":2},{"damage":11,"enemies":"3 Darklings","floor":36,"turns":3},{"damage":8,"enemies":"Sphere and 2 Shapes","floor":38,"turns":2},{"damage":6,"enemies":"Writhing Mass","floor":39,"turns":4},{"damage":3,"enemies":"Giant Head","floor":41,"turns":7},{"damage":0,"enemies":"Spire Growth","floor":42,"turns":2},{"damage":7,"enemies":"Sphere and 2 Shapes","floor":45,"turns":3},{"damage":11,"enemies":"3 Darklings","floor":46,"turns":3},{"damage":18,"enemies":"4 Shapes","floor":47,"turns":3},{"damage":10,"enemies":"Sphere and 2 Shapes","floor":48,"turns":3},{"damage":65,"enemies":"Awakened One","floor":50,"turns":8}],"seed_played":"-1655112609453706451","potions_obtained":[{"floor":8,"key":"BlessingOfTheForge"},{"floor":14,"key":"Strength Potion"},{"floor":16,"key":"SkillPotion"},{"floor":22,"key":"Swift Potion"},{"floor":25,"key":"jedi:StrikingPotion"},{"floor":29,"key":"EssenceOfSteel"},{"floor":31,"key":"SteroidPotion"},{"floor":33,"key":"SkillPotion"},{"floor":36,"key":"PowerPotion"},{"floor":39,"key":"Milkshake"},{"floor":41,"key":"infinitespire:BlackPotion"},{"floor":45,"key":"LiquidMemories"},{"floor":48,"key":"SkillPotion"}],"is_trial":false,"path_per_floor":["M","?","M","M","?","R","?","M","MIM","M","$","R","M","E","R","B",null,"M","?","?","?","M","E","R","E","T","R","M","M","R","M","R","B",null,"M","M","?","M","M","R","E","M","T","AVR","M","M","M","M","R","B",null],"character_chosen":"THE_DEFAULT","items_purchased":["Medical Kit","TheRailgun:Thundershock"],"campfire_rested":3,"item_purchase_floors":[11,11],"current_hp_per_floor":[64,64,64,64,67,67,67,67,66,55,55,55,54,51,51,34,73,63,63,45,45,22,22,43,23,23,44,42,37,37,37,37,30,73,73,62,62,68,67,67,71,71,71,71,64,69,51,44,68,19],"gold":609,"neow_bonus":"ONE_RANDOM_RARE_CARD","is_daily":false,"chose_seed":false,"campfire_upgraded":6,"win_rate":0.0,"timestamp":1609033691,"path_taken":["M","?","?","?","?","R","?","M","MIM","M","$","R","?","E","R","BOSS","M","?","?","?","M","E","R","E","T","R","M","?","R","M","R","BOSS","M","M","?","M","M","R","E","M","T","AVR","M","M","?","M","R","BOSS"],"items_purchased_type":["Relic","Card"],"build_version":"2020-12-22","purchased_purges":1,"victory":true,"max_hp_per_floor":[70,70,70,70,73,73,73,73,73,73,73,73,73,73,73,73,73,73,73,73,73,73,73,73,73,73,73,73,73,73,73,73,73,73,73,73,73,73,73,73,80,80,80,80,80,80,80,83,83,83],"card_choices":[{"not_picked":["TheRailgun:Recharge","TheRailgun:Gekotamania"],"picked":"TheRailgun:Battery_Pack","floor":1},{"not_picked":["TheRailgun:Lightningbolt","TheRailgun:Teleporter"],"picked":"TheRailgun:Iron_Dust_Sword","floor":3},{"not_picked":["TheRailgun:Oneesama","TheRailgun:Aerial_Shot"],"picked":"TheRailgun:Heroinism","floor":4},{"not_picked":["TheRailgun:Electrical_Fire","TheRailgun:Electrical_Storm"],"picked":"TheRailgun:Sister_Noise","floor":8},{"not_picked":["TheRailgun:Coin_Flip","TheRailgun:Electrical_Fire"],"picked":"TheRailgun:Thundershock","floor":9},{"not_picked":["TheRailgun:Supercharge","TheRailgun:Negative_Field","TheRailgun:Static"],"picked":"SKIP","floor":10},{"not_picked":["TheRailgun:Taser","TheRailgun:Circuit_Breaker"],"picked":"TheRailgun:Push","floor":13},{"not_picked":["TheRailgun:Static","TheRailgun:Oneesama"],"picked":"TheRailgun:Iron_Dust_Field","floor":14},{"not_picked":["TheRailgun:Thundervolt","TheRailgun:Railgun"],"picked":"TheRailgun:Thunder","floor":16},{"not_picked":["TheRailgun:Oneesama","TheRailgun:Coin_Flip"],"picked":"TheRailgun:Token_Collection","floor":18},{"not_picked":["ReplayTheSpireMod:Black Plague","infinitespire:TheBestDefense"],"picked":"infinitespire:FutureSight","floor":20},{"not_picked":["TheRailgun:Thunderbolt","TheRailgun:Zip+1"],"picked":"TheRailgun:Positive_Field","floor":22},{"not_picked":["TheRailgun:Judgement_Officer","TheRailgun:Thundershock+1"],"picked":"TheRailgun:Scatter_Railgun","floor":23},{"not_picked":["TheRailgun:Static","TheRailgun:Negative_Field+1"],"picked":"TheRailgun:Teleporter","floor":25},{"not_picked":["TheRailgun:Thunderbolt","TheRailgun:Circuit_Breaker"],"picked":"TheRailgun:Stun_Shock+1","floor":28},{"not_picked":["TheRailgun:Sister_Noise+1","TheRailgun:Electrical_Fire"],"picked":"TheRailgun:Spark","floor":29},{"not_picked":["TheRailgun:Teleporter+1","TheRailgun:Lightningbolt+1"],"picked":"TheRailgun:Coin_Flip","floor":31},{"not_picked":["TheRailgun:Overload","TheRailgun:Supercharge"],"picked":"TheRailgun:Level_6","floor":33},{"not_picked":["TheRailgun:Spark+1","TheRailgun:Heroinism"],"picked":"TheRailgun:Discharge+1","floor":35},{"not_picked":["TheRailgun:Iron_Dust_Vial","TheRailgun:Zip+1","TheRailgun:Push+1"],"picked":"SKIP","floor":36},{"not_picked":["TheRailgun:Coin_Flip","TheRailgun:Recharge"],"picked":"TheRailgun:Electrical_Fire","floor":38},{"not_picked":["TheRailgun:Thunderbolt+1","TheRailgun:Pull"],"picked":"TheRailgun:Zap+1","floor":39},{"not_picked":["TheRailgun:Thunderbolt+1","TheRailgun:Scatter_Railgun+1"],"picked":"TheRailgun:Judgement_Officer","floor":41},{"not_picked":["TheRailgun:Static","TheRailgun:Aerial_Shot","TheRailgun:Spark+1"],"picked":"SKIP","floor":42},{"not_picked":["TheRailgun:Iron_Dust_Sword","TheRailgun:Taser"],"picked":"TheRailgun:Battery_Pack","floor":45},{"not_picked":["TheRailgun:Heroinism","TheRailgun:Recharge"],"picked":"TheRailgun:Magnetic_Movement+1","floor":46},{"not_picked":["TheRailgun:Static","TheRailgun:Negative_Field","TheRailgun:Crack"],"picked":"SKIP","floor":47},{"not_picked":["TheRailgun:Crackle","TheRailgun:Thundervolt","TheRailgun:Pull"],"picked":"SKIP","floor":48}],"player_experience":79176,"relics_obtained":[{"floor":9,"key":"CCEMRelics:SpiritsEdge"},{"floor":14,"key":"hubris:ToyBattleship"},{"floor":23,"key":"Grinning Jar"},{"floor":25,"key":"Replay:Bottled Steam"},{"floor":26,"key":"Shuriken"},{"floor":41,"key":"StuffTheSpire:CocoNut"},{"floor":43,"key":"Oddly Smooth Stone"},{"floor":48,"key":"halation:EternalFortune"}],"event_choices":[{"cards_removed":["TheRailgun:Strike"],"damage_healed":0,"gold_gain":0,"player_choice":"Offered Basic","damage_taken":0,"max_hp_gain":0,"max_hp_loss":0,"event_name":"Bonfire Elementals","floor":2,"gold_loss":0},{"damage_healed":0,"gold_gain":0,"player_choice":"Ignored","damage_taken":0,"max_hp_gain":0,"max_hp_loss":0,"event_name":"betterNote:BetterNote","floor":19,"gold_loss":0,"cards_obtained":["Strike_R"]},{"damage_healed":0,"gold_gain":0,"cards_transformed":["Regret","TheRailgun:Strike"],"player_choice":"Became Test Subject","damage_taken":0,"max_hp_gain":0,"max_hp_loss":0,"event_name":"Drug Dealer","floor":21,"gold_loss":0,"cards_obtained":["Writhe","TheRailgun:Zip"]},{"damage_healed":0,"gold_gain":0,"cards_transformed":["TheRailgun:Push"],"player_choice":"Transformed","damage_taken":0,"max_hp_gain":0,"max_hp_loss":0,"event_name":"Transmorgrifier","floor":37,"gold_loss":0,"cards_obtained":["TheRailgun:Heroinism"]}],"is_beta":false,"boss_relics":[{"not_picked":["Cursed Key","Pandora\u0027s Box"],"picked":"Replay:Bronze Core"},{"not_picked":["jedi:paperlyon","Astrolabe"],"picked":"Philosopher\u0027s Stone"}],"items_purged_floors":[44],"is_endless":false,"potions_floor_spawned":[8,14,16,22,25,29,31,33,36,39,41,45,48],"ascension_level":0}}