{"host":"o7j6aatxjwpw1421","time":1609086375,"event":{"mods":["2.2 Compatiblity","AchievementEnabler","BaseMod","Colored Map","DeckTracker","Highlight Path","Keyboard Shortcuts","Minty Spire (QoL Compilation)","Permanent Neow","Quick Restart","StSLib","SuperFastMode","everything is the same but u backflip on backflip"],"gold_per_floor":[14,27,46,46,57,57,75,106,183,183,195,195,195,209,209,281,281,301,17,34,84,84,84,115,40,40,68,68,68,68,82,82,153,153,170,170,170,170,190,220,55,87,158,158,158,171,182,211,211,211],"floor_reached":51,"playtime":29368,"items_purged":["Defend_G"],"score":1391,"play_id":"db18eef8-704a-4483-a1fc-74468d26cbd5","local_time":"20201228012615","is_ascension_mode":true,"campfire_choices":[{"data":"Deadly Poison","floor":6.0,"key":"SMITH"},{"data":"Venomology","floor":10.0,"key":"SMITH"},{"data":"Catalyst","floor":15.0,"key":"SMITH"},{"data":"Apotheosis","floor":23.0,"key":"SMITH"},{"floor":28.0,"key":"REST"},{"data":"Well Laid Plans","floor":30.0,"key":"SMITH"},{"floor":32.0,"key":"REST"},{"floor":44,"key":"REST"},{"floor":49,"key":"REST"}],"circlet_count":0,"master_deck":["AscendersBane","Defend_G","Survivor","Neutralize","Crippling Poison","Prepared","Deadly Poison+1","PiercingWail","Venomology+1","Backflip","Dash","Well Laid Plans+1","Acrobatics","Catalyst+1","Grand Finale","Calculated Gamble+1","Apotheosis+1","Noxious Fumes","Glass Knife","Grand Finale","Bouncing Flask","Venomology","Heel Hook","Eviscerate","Reflex","Calculated Gamble","Catalyst"],"relics":["Ring of the Snake","Juzu Bracelet","Kunai","SacredBark","Torii","Ancient Tea Set","Potion Belt","Fusion Hammer","Omamori","Ninja Scroll","Mummified Hand","Letter Opener","Pen Nib"],"acts_visited":["Exordium","TheCity","TheBeyond"],"potions_floor_usage":[42,46,46,47,47,48,50,50,50,50,50],"damage_taken":[{"damage":0.0,"enemies":"Cultist","floor":1.0,"turns":5.0},{"damage":0.0,"enemies":"Jaw Worm","floor":2.0,"turns":5.0},{"damage":2.0,"enemies":"Small Slimes","floor":3.0,"turns":4.0},{"damage":3.0,"enemies":"Red Slaver","floor":5.0,"turns":6.0},{"damage":5.0,"enemies":"Blue Slaver","floor":7.0,"turns":5.0},{"damage":14.0,"enemies":"3 Sentries","floor":8.0,"turns":12.0},{"damage":1.0,"enemies":"3 Louse","floor":11.0,"turns":3.0},{"damage":0.0,"enemies":"Large Slime","floor":14.0,"turns":7.0},{"damage":2.0,"enemies":"Hexaghost","floor":16.0,"turns":7.0},{"damage":9.0,"enemies":"Spheric Guardian","floor":18.0,"turns":4.0},{"damage":20.0,"enemies":"Shell Parasite","floor":20.0,"turns":7.0},{"damage":18.0,"enemies":"Book of Stabbing","floor":24.0,"turns":4.0},{"damage":0.0,"enemies":"Gremlin Leader","floor":27.0,"turns":2.0},{"damage":9.0,"enemies":"Snake Plant","floor":31.0,"turns":4.0},{"damage":10.0,"enemies":"Champ","floor":33.0,"turns":7.0},{"damage":1.0,"enemies":"Orb Walker","floor":35.0,"turns":3.0},{"damage":0.0,"enemies":"3 Shapes","floor":39.0,"turns":4.0},{"damage":13.0,"enemies":"Giant Head","floor":40.0,"turns":8.0},{"damage":11,"enemies":"Nemesis","floor":42,"turns":7},{"damage":0,"enemies":"Maw","floor":46,"turns":4},{"damage":1,"enemies":"4 Shapes","floor":47,"turns":4},{"damage":1,"enemies":"Giant Head","floor":48,"turns":6},{"damage":13,"enemies":"Awakened One","floor":50,"turns":6}],"seed_played":"-1013918851942430142","potions_obtained":[{"floor":3.0,"key":"LiquidMemories"},{"floor":7.0,"key":"DistilledChaos"},{"floor":8.0,"key":"CunningPotion"},{"floor":14.0,"key":"EntropicBrew"},{"floor":16.0,"key":"ColorlessPotion"},{"floor":27.0,"key":"LiquidMemories"},{"floor":31.0,"key":"SkillPotion"},{"floor":33.0,"key":"DistilledChaos"},{"floor":35.0,"key":"CultistPotion"},{"floor":39.0,"key":"AttackPotion"},{"floor":40.0,"key":"SpeedPotion"}],"is_trial":false,"path_per_floor":["M","M","M","?","M","R","M","E","T","R","M","?","?","M","R","B",null,"M","$","M","?","?","R","E","?","T","E","R","?","R","M","R","B",null,"M","?","?","?","M","E","$","E","T","R","T","M","M","E","R","B",null],"character_chosen":"THE_SILENT","items_purchased":["Apotheosis","Noxious Fumes","Reflex"],"campfire_rested":4,"item_purchase_floors":[19,19,41],"current_hp_per_floor":[59,59,57,57,54,54,49,35,35,35,34,34,34,49,49,47,61,52,52,32,32,32,32,14,14,14,14,33,33,33,24,43,33,58,57,57,57,57,57,44,44,33,33,52,52,52,51,50,66,53],"gold":211,"neow_bonus":"TRANSFORM_TWO_CARDS","is_daily":false,"chose_seed":false,"campfire_upgraded":5,"win_rate":0.0,"timestamp":1609086375,"path_taken":["M","M","M","?","M","R","M","E","T","R","M","?","?","M","R","BOSS","M","?","M","?","?","R","E","?","T","E","R","?","R","M","R","BOSS","M","?","?","?","M","E","$","E","T","R","?","M","M","E","R","BOSS"],"items_purchased_type":["Card","Card","Card"],"build_version":"2020-12-22","purchased_purges":1,"victory":true,"max_hp_per_floor":[66,66,66,66,66,66,66,66,66,66,66,66,66,66,66,66,66,66,66,66,66,66,66,66,66,66,66,66,66,66,66,66,66,66,66,66,66,66,66,66,66,66,66,66,66,66,66,66,66,66],"card_choices":[{"not_picked":["Slice","Leg Sweep"],"picked":"Deadly Poison","floor":1.0},{"not_picked":["Deflect","Cloak And Dagger"],"picked":"PiercingWail","floor":2.0},{"not_picked":["Slice","Finisher"],"picked":"Venomology","floor":3.0},{"not_picked":["Dagger Throw","Quick Slash"],"picked":"Backflip","floor":5.0},{"not_picked":["Cloak And Dagger","Outmaneuver"],"picked":"Dash","floor":7.0},{"not_picked":["Escape Plan","Dagger Throw"],"picked":"Well Laid Plans","floor":8.0},{"not_picked":["Backflip","Finisher"],"picked":"Acrobatics","floor":11.0},{"not_picked":["Catalyst","Blur","Noxious Fumes"],"picked":"SKIP","floor":14.0},{"not_picked":["Blur","Noxious Fumes"],"picked":"Catalyst","floor":14.0},{"not_picked":["Glass Knife","Unload"],"picked":"Grand Finale","floor":16.0},{"not_picked":["Dodge and Roll+1","Terror"],"picked":"Calculated Gamble+1","floor":18.0},{"not_picked":["Slice","Crippling Poison","Concentrate"],"picked":"SKIP","floor":20.0},{"not_picked":["Bane","Dagger Throw","Slice"],"picked":"SKIP","floor":24.0},{"not_picked":["Choke","Slice+1"],"picked":"Bouncing Flask","floor":27.0},{"not_picked":["Unload","Leg Sweep","Sucker Punch"],"picked":"SKIP","floor":31.0},{"not_picked":["Unload","Envenom"],"picked":"Venomology","floor":33.0},{"not_picked":["Cloak And Dagger","Endless Agony","Deflect"],"picked":"SKIP","floor":35.0},{"not_picked":["Bane","Dagger Spray","Outmaneuver+1"],"picked":"SKIP","floor":39.0},{"not_picked":["Dash","Blade Dance"],"picked":"Eviscerate","floor":40.0},{"not_picked":["Deadly Poison+1","Deflect"],"picked":"Calculated Gamble","floor":42},{"not_picked":["Deadly Poison+1","Backstab","Concentrate"],"picked":"SKIP","floor":46},{"not_picked":["Underhanded Strike+1","Bane+1"],"picked":"Catalyst","floor":47},{"not_picked":["Flying Knee","Poisoned Stab","Skewer"],"picked":"SKIP","floor":48}],"player_experience":397661,"relics_obtained":[{"floor":8.0,"key":"Juzu Bracelet"},{"floor":9.0,"key":"Kunai"},{"floor":24.0,"key":"Torii"},{"floor":26.0,"key":"Ancient Tea Set"},{"floor":27.0,"key":"Potion Belt"},{"floor":40.0,"key":"Omamori"},{"floor":42,"key":"Ninja Scroll"},{"floor":43,"key":"Mummified Hand"},{"floor":45,"key":"Letter Opener"},{"floor":48,"key":"Pen Nib"}],"event_choices":[{"damage_healed":0.0,"max_hp_gain":0.0,"max_hp_loss":0.0,"gold_gain":0.0,"event_name":"Liars Game","player_choice":"Ignored","floor":4.0,"gold_loss":0.0,"damage_taken":0.0},{"cards_removed":["Strike_G"],"damage_healed":0.0,"max_hp_gain":0.0,"max_hp_loss":0.0,"gold_gain":0.0,"event_name":"Living Wall","player_choice":"Forget","floor":12.0,"gold_loss":0.0,"damage_taken":0.0},{"damage_healed":0.0,"max_hp_gain":0.0,"max_hp_loss":0.0,"gold_gain":0.0,"event_name":"Lab","player_choice":"Got Potions","floor":13.0,"gold_loss":0.0,"damage_taken":0.0},{"damage_healed":0.0,"max_hp_gain":0.0,"max_hp_loss":0.0,"gold_gain":50.0,"event_name":"Nest","player_choice":"Stole From Cult","floor":21.0,"gold_loss":0.0,"damage_taken":0.0},{"damage_healed":0.0,"max_hp_gain":0.0,"max_hp_loss":0.0,"gold_gain":0.0,"cards_transformed":["Strike_G","Strike_G"],"event_name":"Drug Dealer","player_choice":"Became Test Subject","floor":22.0,"gold_loss":0.0,"damage_taken":0.0,"cards_obtained":["Glass Knife","Grand Finale"]},{"cards_removed":["Defend_G"],"damage_healed":0.0,"max_hp_gain":0.0,"max_hp_loss":0.0,"gold_gain":0.0,"event_name":"Beggar","player_choice":"Gave Gold","floor":25.0,"gold_loss":75.0,"damage_taken":0.0},{"damage_healed":0.0,"max_hp_gain":0.0,"max_hp_loss":0.0,"gold_gain":0.0,"event_name":"Ghosts","player_choice":"Ignored","floor":29.0,"gold_loss":0.0,"damage_taken":0.0},{"damage_healed":0.0,"max_hp_gain":0.0,"max_hp_loss":0.0,"gold_gain":0.0,"event_name":"Tomb of Lord Red Mask","player_choice":"Ignored","floor":36.0,"gold_loss":0.0,"damage_taken":0.0},{"damage_healed":0.0,"max_hp_gain":0.0,"max_hp_loss":0.0,"gold_gain":0.0,"cards_transformed":["Defend_G"],"event_name":"Transmorgrifier","player_choice":"Transformed","floor":37.0,"gold_loss":0.0,"damage_taken":0.0,"cards_obtained":["Heel Hook"]},{"cards_removed":["Defend_G"],"damage_healed":0.0,"max_hp_gain":0.0,"max_hp_loss":0.0,"gold_gain":0.0,"event_name":"Wheel of Change","player_choice":"Card Removal","floor":38.0,"gold_loss":0.0,"damage_taken":0.0}],"is_beta":false,"boss_relics":[{"not_picked":["Empty Cage","Velvet Choker"],"picked":"SacredBark"},{"not_picked":["Runic Pyramid","Astrolabe"],"picked":"Fusion Hammer"}],"items_purged_floors":[41],"is_endless":false,"potions_floor_spawned":[3,7,8,14,16,27,31,33,35,39,40],"ascension_level":16}}