{"host":"hvwa7s69zr612rn1","time":1609076162,"event":{"mods":["BaseMod","Colored Map","Colored Powertips","Downfall","Minty Spire (QoL Compilation)","StSLib"],"gold_per_floor":[99,110,110,110,124,124,124,140,152,152,165,265,265,290,300,403,403,403,420,430,430,450,95,143,162,197,197,232,232,260,280,298,393,393,393,411,430,12,25,56,83,83,112,112,123,123,141,155,169,169,169,169],"floor_reached":50,"playtime":3461,"items_purged":["champ:Defend","champ:Defend"],"score":674,"play_id":"00cfcbd8-3a62-47e6-9d98-c70391f28121","local_time":"20201228003602","is_ascension_mode":true,"campfire_choices":[{"data":"champ:SteelEdge","floor":1,"key":"SMITH"},{"data":"champ:Taunt","floor":6,"key":"SMITH"},{"data":"champ:VampiricStrike","floor":10,"key":"SMITH"},{"data":"champ:RisingSlash","floor":13,"key":"SMITH"},{"data":"champ:HoldFirm","floor":18,"key":"SMITH"},{"data":"champ:EnchantCrown","floor":27,"key":"SMITH"},{"data":"champ:FalseCounter","floor":35,"key":"SMITH"},{"data":"champ:IgnorePain","floor":44,"key":"SMITH"}],"circlet_count":0,"master_deck":["champ:Strike","champ:Execute+1","champ:Taunt+1","champ:SteelEdge+1","champ:RisingSlash+1","champ:VampiricStrike+1","champ:ArenaPreparation","champ:DefensiveStyle","champ:HoldFirm+1","champ:Riposte+1","champ:SkillfulDodge+1","champ:SwordSigil+1","champ:RageSigil","champ:EnchantCrown+1","champ:FalseCounter+1","champ:DefensiveStyle","champ:DefensiveStyle","champ:ViciousMockery+1","champ:SkillfulDodge","champ:ShieldSlam+1","champ:SwordSigil","champ:IgnorePain+1","champ:SwordSigil+1","champ:EnchantCrown+1","champ:SwordSigil+1"],"relics":["champ:ChampionCrown","champ:FightingForDummies","Pantograph","downfall:GremlinWheel","CaptainsWheel","Astrolabe","Omamori","Centennial Puzzle","Art of War","Happy Flower","Akabeko","Empty Cage","Whetstone","Question Card","Bag of Preparation","Regal Pillow","White Beast Statue"],"acts_visited":["Exordium","TheCity","TheBeyond"],"potions_floor_usage":[9,9,12,14,26,28,30,31,33,43,43,50,50,50],"damage_taken":[{"damage":11,"enemies":"Small Slimes","floor":2,"turns":5},{"damage":5,"enemies":"Cultist","floor":5,"turns":3},{"damage":5,"enemies":"Jaw Worm","floor":8,"turns":3},{"damage":20,"enemies":"Gremlin Gang","floor":9,"turns":5},{"damage":6,"enemies":"Blue Slaver","floor":11,"turns":3},{"damage":25,"enemies":"Blue Slaver","floor":12,"turns":5},{"damage":35,"enemies":"3 Sentries","floor":14,"turns":6},{"damage":5,"enemies":"2 Fungi Beasts","floor":15,"turns":3},{"damage":24,"enemies":"downfall:Watcher","floor":16,"turns":9},{"damage":10,"enemies":"Shell Parasite","floor":19,"turns":4},{"damage":6,"enemies":"Chosen","floor":20,"turns":4},{"damage":16,"enemies":"Snecko","floor":22,"turns":4},{"damage":35,"enemies":"downfall:FleeingMerchant","floor":23,"turns":4},{"damage":9,"enemies":"Cultist and Chosen","floor":25,"turns":5},{"damage":5,"enemies":"Gremlin Leader","floor":26,"turns":6},{"damage":8,"enemies":"Book of Stabbing","floor":28,"turns":6},{"damage":35,"enemies":"Slavers","floor":30,"turns":4},{"damage":8,"enemies":"Snake Plant","floor":31,"turns":3},{"damage":15,"enemies":"Sentry and Sphere","floor":32,"turns":3},{"damage":51,"enemies":"downfall:Ironclad","floor":33,"turns":7},{"damage":11,"enemies":"3 Shapes","floor":36,"turns":4},{"damage":5,"enemies":"Orb Walker","floor":37,"turns":3},{"damage":13,"enemies":"downfall:FleeingMerchant","floor":38,"turns":4},{"damage":5,"enemies":"Writhing Mass","floor":39,"turns":4},{"damage":22,"enemies":"Nemesis","floor":40,"turns":7},{"damage":37,"enemies":"Reptomancer","floor":43,"turns":8},{"damage":15,"enemies":"Transient","floor":45,"turns":5},{"damage":7,"enemies":"3 Darklings","floor":47,"turns":5},{"damage":21,"enemies":"Spire Growth","floor":48,"turns":2},{"damage":24,"enemies":"Maw","floor":49,"turns":7},{"damage":93,"enemies":"downfall:Silent","floor":50,"turns":5}],"seed_played":"-1481235371736653985","potions_obtained":[{"floor":4,"key":"Ancient Potion"},{"floor":4,"key":"GamblersBrew"},{"floor":4,"key":"PowerPotion"},{"floor":5,"key":"sneckomod:MuddlingPotion"},{"floor":8,"key":"Block Potion"},{"floor":12,"key":"AttackPotion"},{"floor":14,"key":"BlessingOfTheForge"},{"floor":15,"key":"Dexterity Potion"},{"floor":20,"key":"AttackPotion"},{"floor":22,"key":"Dexterity Potion"},{"floor":28,"key":"Fire Potion"},{"floor":29,"key":"CultistPotion"},{"floor":30,"key":"SkillPotion"},{"floor":32,"key":"Energy Potion"},{"floor":37,"key":"SkillPotion"},{"floor":43,"key":"FearPotion"},{"floor":45,"key":"FearPotion"}],"is_trial":false,"path_per_floor":["R","M","?","?","M","R","T","M","M","R","M","?","R","E","M","B",null,"R","M","M","?","M","$","T","M","E","R","E","?","E","M","M","B",null,"R","M","M","$","M","E","T","?","E","R","M","?","M","M","M","B"],"character_chosen":"THE_CHAMP","items_purchased":["champ:EnchantCrown","champ:FalseCounter","champ:DefensiveStyle","champ:ShieldSlam","Whetstone","champ:SwordSigil"],"campfire_rested":0,"item_purchase_floors":[23,23,23,38,38,38],"current_hp_per_floor":[90,82,57,57,57,57,57,57,52,52,56,56,56,48,57,79,90,90,90,90,90,90,90,90,90,90,90,87,87,79,81,90,44,90,90,89,90,90,90,73,73,73,45,45,45,45,71,88,75,0,0,0],"gold":169,"neow_bonus":"ONE_RANDOM_RARE_CARD","is_daily":false,"chose_seed":false,"campfire_upgraded":8,"win_rate":0.0,"timestamp":1609076162,"path_taken":["R","M","?","?","M","R","T","M","?","R","M","?","R","E","M","BOSS","R","M","?","?","M","$","T","M","E","R","E","?","E","M","M","BOSS","R","M","M","$","M","E","T","?","E","R","M","?","M","?","M","BOSS"],"items_purchased_type":["Card","Card","Card","Card","Relic","Card"],"build_version":"2020-12-22","purchased_purges":2,"victory":false,"max_hp_per_floor":[90,90,90,90,90,90,90,90,90,90,90,90,90,90,90,90,90,90,90,90,90,90,90,90,90,90,90,90,90,90,90,90,90,90,90,90,90,90,90,90,90,90,90,90,90,90,90,90,90,90,90,90],"card_choices":[{"not_picked":["champ:FlashCut","champ:Haymaker","champ:CrookedStrike"],"picked":"SKIP","floor":2},{"not_picked":["champ:GutPunch","champ:BerserkerStyle"],"picked":"champ:RisingSlash","floor":5},{"not_picked":["champ:AdrenalArmor","champ:Aggression"],"picked":"champ:VampiricStrike","floor":8},{"not_picked":["champ:GladiatorsShout","champ:ShieldWall","champ:TornadoPunch"],"picked":"SKIP","floor":9},{"not_picked":["champ:FanOfKnives","champ:PerfectedStrike","champ:GladiatorsShout"],"picked":"SKIP","floor":11},{"not_picked":["champ:Duel","champ:Riposte"],"picked":"champ:ArenaPreparation","floor":14},{"not_picked":["champ:FalseCounter","champ:TornadoPunch"],"picked":"champ:DefensiveStyle","floor":15},{"not_picked":["champ:StrikeOfGenius","champ:Devastate"],"picked":"champ:HoldFirm","floor":16},{"not_picked":["champ:RageSigil","champ:FlashCut"],"picked":"champ:SwordSigil+1","floor":19},{"not_picked":["champ:FanOfKnives","champ:PreciseThrust","champ:FightOn"],"picked":"SKIP","floor":20},{"not_picked":["champ:FanOfKnives","champ:SwordThrow","champ:EndlessRage"],"picked":"SKIP","floor":22},{"not_picked":["champ:GladiatorStyle","champ:BringItOn"],"picked":"champ:RageSigil","floor":23},{"not_picked":["champ:FlashCut","champ:GladiatorsShout","champ:CrookedStrike"],"picked":"SKIP","floor":25},{"not_picked":["champ:DefensiveShout+1","champ:RapidStrikes+1"],"picked":"champ:DefensiveStyle","floor":26},{"not_picked":["champ:FanOfKnives+1","champ:GladiatorsShout","champ:DeathBlow+1"],"picked":"SKIP","floor":28},{"not_picked":["champ:PerfectedStrike","champ:FocusedBerserking"],"picked":"champ:ViciousMockery+1","floor":30},{"not_picked":["champ:BladeFlurry","champ:CrookedStrike","champ:Backstep"],"picked":"SKIP","floor":31},{"not_picked":["champ:TornadoPunch","champ:GladiatorsShout"],"picked":"champ:SkillfulDodge","floor":32},{"not_picked":["champ:DeathBlow+1","champ:Balance+1","champ:BladeFlurry+1"],"picked":"SKIP","floor":36},{"not_picked":["champ:FocusedBerserking","champ:PerfectedStrike+1","champ:Haymaker+1"],"picked":"SKIP","floor":37},{"not_picked":["champ:Backstep","champ:CrookedStrike","champ:FanOfKnives+1"],"picked":"SKIP","floor":38},{"not_picked":["champ:ArenaPreparation","champ:FocusedGladiator+1","champ:EndlessRage+1"],"picked":"SKIP","floor":39},{"not_picked":["champ:GutPunch+1","champ:Shatter","champ:ViciousMockery+1"],"picked":"SKIP","floor":40},{"not_picked":["champ:StanceDance","champ:PreciseThrust","champ:AdrenalArmor"],"picked":"champ:IgnorePain","floor":43},{"not_picked":["champ:BerserkersShout","champ:CrookedStrike+1","champ:Duel+1"],"picked":"champ:SwordSigil+1","floor":45},{"not_picked":["champ:AdrenalArmor+1","champ:Lariat+1","champ:BringItOn+1"],"picked":"champ:SwordSigil+1","floor":47},{"not_picked":["champ:AdrenalArmor+1","champ:FlashCut+1","champ:CalledShot+1","champ:BladeFlurry"],"picked":"SKIP","floor":48},{"not_picked":["champ:CrookedStrike+1","champ:RecklessLeap+1","champ:FlashCut+1","champ:ShieldSigil+1"],"picked":"SKIP","floor":49}],"player_experience":410466,"relics_obtained":[{"floor":7,"key":"Pantograph"},{"floor":12,"key":"downfall:GremlinWheel"},{"floor":14,"key":"CaptainsWheel"},{"floor":24,"key":"Centennial Puzzle"},{"floor":26,"key":"Art of War"},{"floor":28,"key":"Happy Flower"},{"floor":30,"key":"Akabeko"},{"floor":40,"key":"Question Card"},{"floor":41,"key":"Bag of Preparation"},{"floor":42,"key":"Regal Pillow"},{"floor":43,"key":"White Beast Statue"}],"event_choices":[{"damage_healed":0,"gold_gain":0,"player_choice":"Success","damage_taken":25,"relics_obtained":["champ:FightingForDummies"],"max_hp_gain":0,"max_hp_loss":0,"event_name":"Scrap Ooze","floor":3,"gold_loss":0},{"damage_healed":0,"gold_gain":0,"player_choice":"Got Potions","damage_taken":0,"max_hp_gain":0,"max_hp_loss":0,"event_name":"Lab","floor":4,"gold_loss":0},{"cards_removed":["champ:Strike"],"damage_healed":0,"gold_gain":0,"player_choice":"Card Removal","damage_taken":0,"max_hp_gain":0,"max_hp_loss":0,"event_name":"Wheel of Change","floor":13,"gold_loss":0},{"damage_healed":0,"gold_gain":0,"player_choice":"Copied","damage_taken":0,"max_hp_gain":0,"max_hp_loss":0,"event_name":"Duplicator","floor":46,"gold_loss":0,"cards_obtained":["champ:EnchantCrown"]}],"is_beta":false,"boss_relics":[{"not_picked":["Runic Pyramid","Velvet Choker"],"picked":"Astrolabe"},{"not_picked":["Pandora\u0027s Box","Fusion Hammer"],"picked":"Empty Cage"}],"items_purged_floors":[23,38],"is_endless":false,"potions_floor_spawned":[5,8,12,14,15,20,22,25,28,30,32,37,40,43,45,47,48,49],"killed_by":"downfall:Silent","ascension_level":1}}