{"host":"5fasz840ryq7obdf","time":1609108474,"event":{"mods":["AchievementEnabler","BaseMod","Bestiary","Better Altar","Better Skull","Better Third Choice","BetterRewards","Block Reminder","Colored Powertips","Curses Come First","Highlight Path","Minty Spire (QoL Compilation)","Quick Restart","Rare Cards Sparkle","Relic Stats","Replay The Spire","Shop Mod","Spicy Shops","StSLib","SuperFastMode"],"gold_per_floor":[46,1,1,0,13,44,94,122,122,134,153,183,193,228,228,299,299,323,342,342,342,361,397,283,283,283,333,361,379,413,430,430,508,608,625,625,625,625,646,681,681,711,757,770,801,824,849,872,872,872,872],"floor_reached":50,"playtime":2875,"items_purged":["Defend_G","Strike_G","Strike_G","Defend_G","Strike_G","Defend_G","Strike_G","Defend_G"],"score":2221,"play_id":"e1687cdc-caa8-440f-8f31-a6ba1f890eeb","local_time":"20201227223434","is_ascension_mode":true,"campfire_choices":[{"floor":15.0,"key":"REST"},{"data":"Catalyst","floor":32.0,"key":"SMITH"},{"data":"Burst","floor":41.0,"key":"SMITH"},{"floor":49,"key":"RECALL"}],"circlet_count":0,"master_deck":["AscendersBane","Survivor","Neutralize","Corpse Explosion+1","Draining Mist","Draining Mist","Blur","ReplayTheSpireMod:Speed Training","ReplayTheSpireMod:Necrosis","ReplayTheSpireMod:Necrosis+1","Leg Sweep","Bouncing Flask","Well Laid Plans","Replay:Poison Smokescreen","Tactician","Backflip","After Image","Blur","Footwork","Replay:Poison Smokescreen","Replay:Poison Smokescreen","ReplayTheSpireMod:Speed Training","Deadly Poison","Well Laid Plans+1","Prepared","Backflip","Sneak Up","Reflex","Catalyst+1","ReplayTheSpireMod:Speed Training","Leg Sweep","Concentrate","Deflect","Replay:Bag of Tricks","Poisoned Stab","Replay:Poison Smokescreen","Malaise","Predator","Noxious Fumes","Noxious Fumes","ReplayTheSpireMod:Private Reserves","Escape Plan","Shame","Noxious Fumes+1","Crippling Poison","Prepared","Noxious Fumes","Burst+1","Madness","Madness","Good Instincts","Pain","Catalyst","Blur","Acrobatics","Crippling Poison","Escape Plan+1","Deflect"],"relics":["Ring of the Snake","Membership Card","TwistedFunnel","Lantern","BargainBundle","Happy Flower","Snake Skull","Ice Cream","Art of War","Orrery","Strange Spoon","Guide Book","Replay:Wax Seal","Incense Burner","ReplayTheSpireMod:Shallot","Replay:Bottled Steam","Replay:Bandana","Coffee Dripper","Garlic","ReplayTheSpireMod:Ring of Exchange","Ring of Fangs","Replay:Kaleidoscope","Replay:Towering Pillar of Hats","Replay:Wanted Poster","Pocketwatch","Mirror","Pondfish Scales","Potion Belt","Vampiric Spirits","The Courier"],"acts_visited":["Exordium","TheCity","TheBeyond"],"potions_floor_usage":[48],"damage_taken":[{"damage":0.0,"enemies":"2 Louse","floor":1.0,"turns":2.0},{"damage":0.0,"enemies":"Small Slimes","floor":5.0,"turns":2.0},{"damage":14.0,"enemies":"Gremlin Nob","floor":6.0,"turns":4.0},{"damage":0.0,"enemies":"3 Sentries","floor":8.0,"turns":3.0},{"damage":0.0,"enemies":"Cultist","floor":10.0,"turns":2.0},{"damage":0.0,"enemies":"Exordium Thugs","floor":11.0,"turns":3.0},{"damage":0.0,"enemies":"Gremlin Nob","floor":12.0,"turns":3.0},{"damage":0.0,"enemies":"Looter","floor":13.0,"turns":2.0},{"damage":2.0,"enemies":"3 Sentries","floor":14.0,"turns":2.0},{"damage":0.0,"enemies":"Hexaghost","floor":16.0,"turns":5.0},{"damage":1.0,"enemies":"Shell Parasite","floor":18.0,"turns":3.0},{"damage":0.0,"enemies":"3 Byrds","floor":19.0,"turns":3.0},{"damage":0.0,"enemies":"Snecko","floor":22.0,"turns":3.0},{"damage":2.0,"enemies":"Book of Stabbing","floor":23.0,"turns":3.0},{"damage":0.0,"enemies":"Slavers","floor":28.0,"turns":4.0},{"damage":0.0,"enemies":"Sentry and Sphere","floor":29.0,"turns":2.0},{"damage":10.0,"enemies":"Gremlin Leader","floor":30.0,"turns":5.0},{"damage":1.0,"enemies":"Snake Plant","floor":31.0,"turns":3.0},{"damage":5.0,"enemies":"Collector","floor":33.0,"turns":4.0},{"damage":0.0,"enemies":"3 Shapes","floor":35.0,"turns":2.0},{"damage":4.0,"enemies":"R_Hoarder","floor":40.0,"turns":4.0},{"damage":19.0,"enemies":"Reptomancer","floor":42.0,"turns":4.0},{"damage":0.0,"enemies":"3 Darklings","floor":44.0,"turns":3.0},{"damage":0.0,"enemies":"R_Hoarder","floor":45.0,"turns":3.0},{"damage":16.0,"enemies":"Maw","floor":46.0,"turns":4.0},{"damage":0.0,"enemies":"Giant Head","floor":47.0,"turns":6.0},{"damage":5,"enemies":"Sphere and 2 Shapes","floor":48,"turns":3},{"damage":8,"enemies":"Time Eater","floor":50,"turns":6}],"seed_played":"-3863897465855187412","potions_obtained":[{"floor":5.0,"key":"Regen Potion"},{"floor":6.0,"key":"BlessingOfTheForge"},{"floor":8.0,"key":"CultistPotion"},{"floor":13.0,"key":"Reflective Coating"},{"floor":14.0,"key":"Dexterity Potion"},{"floor":22.0,"key":"LiquidMemories"},{"floor":29.0,"key":"Energy Potion"},{"floor":40.0,"key":"Poison Potion"},{"floor":45.0,"key":"SpeedPotion"},{"floor":46.0,"key":"SkillPotion"},{"floor":47.0,"key":"Explosive Potion"}],"is_trial":false,"path_per_floor":["M","$","?","?","M","E","?","E","T","M","M","E","M","E","R","B",null,"M","M","?","?","M","E","$","?","T","?","E","M","E","M","R","B",null,"M","?","?","?","?","E","R","E","T","M","E","M","E","M","R","B"],"character_chosen":"THE_SILENT","items_purchased":["Membership Card","TwistedFunnel","Lantern","BargainBundle","Corpse Explosion","Draining Mist","Blur","Happy Flower","ReplayTheSpireMod:Speed Training","Snake Skull","ReplayTheSpireMod:Necrosis","Ice Cream","Art of War","Leg Sweep","Bouncing Flask","Well Laid Plans","Orrery","Strange Spoon","Footwork","Replay:Poison Smokescreen","ReplayTheSpireMod:Speed Training","Guide Book","Deadly Poison","Well Laid Plans","Poisoned Stab","Prepared","Sneak Up","Noxious Fumes","ReplayTheSpireMod:Private Reserves","Escape Plan"],"campfire_rested":1,"item_purchase_floors":[0,0,0,0,0,0,0,0,0,0,0,0,0,0,0,0,0,0,0,0,0,0,0,0,0,0,2,24,24,24],"current_hp_per_floor":[10,10,10,10,10,10,10,10,10,10,10,10,10,8,27,27,56,55,55,55,55,55,53,53,53,53,53,53,53,43,42,42,37,59,59,59,47,47,47,43,43,24,24,24,24,8,8,3,3,0,0],"gold":872,"neow_bonus":"","is_daily":false,"chose_seed":false,"campfire_upgraded":2,"win_rate":0.0,"timestamp":1609108474,"path_taken":["M","$","?","?","M","E","?","E","T","?","M","E","M","E","R","BOSS","M","M","?","?","M","E","$","?","T","?","E","M","E","M","R","BOSS","M","?","?","?","?","E","R","E","T","?","E","M","E","M","R","BOSS"],"items_purchased_type":["Relic","Relic","Relic","Relic","Card","Card","Card","Relic","Card","Relic","Card","Relic","Relic","Card","Card","Card","Relic","Relic","Card","Card","Card","Relic","Card","Card","Card","Card","Card","Card","Card","Card"],"build_version":"2020-12-22","purchased_purges":8,"victory":false,"max_hp_per_floor":[66,66,66,66,66,66,66,66,66,66,66,66,66,66,66,66,66,66,66,66,66,66,66,66,66,66,66,66,66,66,66,66,66,66,66,66,66,66,66,66,66,66,66,66,66,66,66,66,66,66,66],"relic_stats":{"Strange Spoon":[40],"Happy Flower":[31],"counters":[238,951],"Snake Skull":[273],"Art of War":[46],"obtain_stats":[{"TwistedFunnel":19,"Golden Egg":40,"Vampiric Spirits":4,"Spirit Poop":5,"Whetstone":40,"Ginger":0,"Bottled Tornado":0,"Sling":0,"Boot":3,"Blood Vial":48,"Replay:Wanted Poster":36,"Replay:Ringing Soul":40,"Sundial":11,"MealTicket":0,"HandDrill":2,"Kunai":26,"Replay:Wax Seal":0,"Replay:Bottled Steam":12,"Pear":27,"Blue Candle":41,"Counterbalance":39,"Tingsha":0,"Pen Nib":36,"Paper Crane":36,"Akabeko":2,"Bird Faced Urn":6,"ReplayTheSpireMod:Ring of Collecting":47,"Kintsugi":34,"Unceasing Top":0,"Ring of the Serpent":17,"Lantern":23,"Regal Pillow":28,"Singing Bowl":36,"Torii":25,"Blue Doll":0,"Bag of Preparation":6,"Smiling Mask":20,"Cursed Key":34,"Pet Ghost":23,"Replay:Rubber Ducky":21,"Matryoshka":8,"Ring of Fangs":25,"Ninja Scroll":10,"Replay:Bottled Eggs":12,"InkBottle":21,"Ring of the Snake":0,"Potion Belt":9,"Lee\u0027s Waffle":0,"The Specimen":17,"Golden Idol":2,"Basket Of Snakes":5,"PreservedInsect":9,"The Courier":28,"Omamori":0,"Ring of Greed":47,"Frozen Egg 2":17,"MawBank":14,"Replay:Arrowhead":0,"Busted Crown":17,"Ornamental Fan":54,"Orrery":0,"Art of War":40,"Durian":42,"Garlic":23,"Bottled Lightning":26,"Toy Ornithopter":9,"Ice Cream":0,"Tiny House":17,"Calipers":43,"Gremlin Horn":0,"CeramicFish":44,"Vajra":0,"HoveringKite":34,"Centennial Puzzle":22,"Lizard Tail":38,"DollysMirror":25,"Strawberry":46,"Prayer Wheel":17,"Philosopher\u0027s Stone":34,"Toxic Egg 2":7,"Byrd Skull":13,"Happy Flower":0,"ReplayTheSpireMod:CursedCoin":48,"Astrolabe":17,"Oddly Smooth Stone":11,"Letter Opener":40,"Replay:Kaleidoscope":28,"War Paint":0,"Question Card":17,"Du-Vu Doll":13,"Bottled Flame":32,"ReplayTheSpireMod:Shallot":9,"Shuriken":25,"Bronze Scales":26,"Onion Ring":0,"Molten Egg 2":9,"ReplayTheSpireMod:TigerMarble":44,"Grinning Jar":15,"Mirror":40,"Pocketwatch":14,"Meat on the Bone":0,"Darkstone Periapt":9,"ReplayFunnel":15,"ReplayTheSpireMod:Ring of Exchange":25,"Snake Skull":0,"Juzu Bracelet":30,"Incense Burner":0,"Empty Cage":34,"Frozen Eye":10,"Nunchaku":43,"Dream Catcher":26,"Replay:Bandana":14,"Mummified Hand":31,"Pantograph":55,"Tiny Chest":6,"Red Mask":36,"Runic Pyramid":17,"Gremlin Food":26,"BargainBundle":0,"ReplayTheSpireMod:Ninjato":0,"Replay:Towering Pillar of Hats":0,"Guide Book":0,"Orichalcum":55,"White Beast Statue":19,"Mercury Hourglass":8,"Calling Bell":17,"Strange Spoon":0,"Anchor":55,"Pondfish Scales":42,"Bag of Marbles":49,"Snack Pack":0,"Coffee Dripper":17,"Membership Card":8},{"TwistedFunnel":77,"Golden Egg":144,"Vampiric Spirits":153,"Spirit Poop":68,"Whetstone":88,"Ginger":127,"Bottled Tornado":42,"Sling":29,"Boot":43,"Blood Vial":27,"Replay:Wanted Poster":141,"Replay:Ringing Soul":201,"Sundial":37,"MealTicket":32,"HandDrill":97,"Kunai":16,"Replay:Wax Seal":150,"Replay:Bottled Steam":217,"Pear":83,"Blue Candle":88,"Counterbalance":172,"Tingsha":29,"Pen Nib":21,"Paper Crane":21,"Akabeko":33,"Bird Faced Urn":184,"ReplayTheSpireMod:Ring of Collecting":205,"Kintsugi":169,"Unceasing Top":29,"Ring of the Serpent":40,"Lantern":14,"Regal Pillow":17,"Singing Bowl":86,"Torii":110,"Blue Doll":127,"Bag of Preparation":4,"Smiling Mask":51,"Cursed Key":85,"Pet Ghost":138,"Replay:Rubber Ducky":136,"Matryoshka":46,"Ring of Fangs":224,"Ninja Scroll":131,"Replay:Bottled Eggs":132,"InkBottle":51,"Ring of the Snake":0,"Potion Belt":46,"Lee\u0027s Waffle":96,"The Specimen":105,"Golden Idol":1,"Basket Of Snakes":153,"PreservedInsect":70,"The Courier":83,"Omamori":96,"Ring of Greed":205,"Frozen Egg 2":105,"MawBank":39,"Replay:Arrowhead":150,"Busted Crown":187,"Ornamental Fan":125,"Orrery":29,"Art of War":61,"Durian":174,"Garlic":224,"Bottled Lightning":82,"Toy Ornithopter":5,"Ice Cream":96,"Tiny House":9,"Calipers":89,"Gremlin Horn":0,"CeramicFish":25,"Vajra":0,"HoveringKite":20,"Centennial Puzzle":79,"Lizard Tail":117,"DollysMirror":110,"Strawberry":146,"Prayer Wheel":76,"Philosopher\u0027s Stone":115,"Toxic Egg 2":36,"Byrd Skull":158,"Happy Flower":96,"ReplayTheSpireMod:CursedCoin":175,"Astrolabe":134,"Oddly Smooth Stone":7,"Letter Opener":24,"Replay:Kaleidoscope":225,"War Paint":32,"Question Card":76,"Du-Vu Doll":74,"Bottled Flame":140,"ReplayTheSpireMod:Shallot":214,"Shuriken":16,"Bronze Scales":110,"Onion Ring":127,"Molten Egg 2":155,"ReplayTheSpireMod:TigerMarble":145,"Grinning Jar":159,"Mirror":231,"Pocketwatch":8,"Meat on the Bone":66,"Darkstone Periapt":46,"ReplayFunnel":159,"ReplayTheSpireMod:Ring of Exchange":224,"Snake Skull":32,"Juzu Bracelet":18,"Incense Burner":96,"Empty Cage":58,"Frozen Eye":131,"Nunchaku":24,"Dream Catcher":55,"Replay:Bandana":219,"Mummified Hand":114,"Pantograph":126,"Tiny Chest":45,"Red Mask":59,"Runic Pyramid":50,"Gremlin Food":139,"BargainBundle":127,"ReplayTheSpireMod:Ninjato":127,"Replay:Towering Pillar of Hats":150,"Guide Book":179,"Orichalcum":95,"White Beast Statue":77,"Mercury Hourglass":5,"Calling Bell":76,"Strange Spoon":210,"Anchor":178,"Pondfish Scales":232,"Bag of Marbles":147,"Snack Pack":179,"Coffee Dripper":220,"Membership Card":36},{"TwistedFunnel":427,"Golden Egg":660,"Vampiric Spirits":686,"Spirit Poop":395,"Whetstone":467,"Ginger":613,"Bottled Tornado":241,"Sling":179,"Boot":244,"Blood Vial":148,"Replay:Wanted Poster":648,"Replay:Ringing Soul":817,"Sundial":209,"MealTicket":186,"HandDrill":504,"Kunai":93,"Replay:Wax Seal":681,"Replay:Bottled Steam":877,"Pear":450,"Blue Candle":467,"Counterbalance":729,"Tingsha":179,"Pen Nib":120,"Paper Crane":120,"Akabeko":190,"Bird Faced Urn":760,"ReplayTheSpireMod:Ring of Collecting":833,"Kintsugi":726,"Unceasing Top":179,"Ring of the Serpent":230,"Lantern":82,"Regal Pillow":97,"Singing Bowl":460,"Torii":544,"Blue Doll":613,"Bag of Preparation":20,"Smiling Mask":286,"Cursed Key":456,"Pet Ghost":640,"Replay:Rubber Ducky":637,"Matryoshka":260,"Ring of Fangs":898,"Ninja Scroll":622,"Replay:Bottled Eggs":625,"InkBottle":286,"Ring of the Snake":0,"Potion Belt":260,"Lee\u0027s Waffle":501,"The Specimen":525,"Golden Idol":2,"Basket Of Snakes":686,"PreservedInsect":401,"The Courier":450,"Omamori":501,"Ring of Greed":833,"Frozen Egg 2":525,"MawBank":219,"Replay:Arrowhead":681,"Busted Crown":775,"Ornamental Fan":602,"Orrery":179,"Art of War":353,"Durian":733,"Garlic":898,"Bottled Lightning":446,"Toy Ornithopter":24,"Ice Cream":501,"Tiny House":46,"Calipers":472,"Gremlin Horn":0,"CeramicFish":136,"Vajra":0,"HoveringKite":115,"Centennial Puzzle":435,"Lizard Tail":569,"DollysMirror":544,"Strawberry":664,"Prayer Wheel":425,"Philosopher\u0027s Stone":563,"Toxic Egg 2":204,"Byrd Skull":700,"Happy Flower":501,"ReplayTheSpireMod:CursedCoin":734,"Astrolabe":632,"Oddly Smooth Stone":32,"Letter Opener":132,"Replay:Kaleidoscope":902,"War Paint":186,"Question Card":425,"Du-Vu Doll":415,"Bottled Flame":645,"ReplayTheSpireMod:Shallot":869,"Shuriken":93,"Bronze Scales":544,"Onion Ring":613,"Molten Egg 2":694,"ReplayTheSpireMod:TigerMarble":663,"Grinning Jar":701,"Mirror":922,"Pocketwatch":39,"Meat on the Bone":392,"Darkstone Periapt":260,"ReplayFunnel":701,"ReplayTheSpireMod:Ring of Exchange":898,"Snake Skull":186,"Juzu Bracelet":102,"Incense Burner":501,"Empty Cage":333,"Frozen Eye":622,"Nunchaku":132,"Dream Catcher":308,"Replay:Bandana":881,"Mummified Hand":557,"Pantograph":606,"Tiny Chest":254,"Red Mask":338,"Runic Pyramid":281,"Gremlin Food":642,"BargainBundle":613,"ReplayTheSpireMod:Ninjato":613,"Replay:Towering Pillar of Hats":681,"Guide Book":749,"Orichalcum":496,"White Beast Statue":427,"Mercury Hourglass":24,"Calling Bell":425,"Strange Spoon":858,"Anchor":744,"Pondfish Scales":926,"Bag of Marbles":668,"Snack Pack":749,"Coffee Dripper":886,"Membership Card":204}],"Ring of the Snake":[392],"Pocketwatch":[12]},"card_choices":[{"not_picked":["Distraction","PiercingWail"],"picked":"Replay:Poison Smokescreen","floor":0.0},{"not_picked":["Flying Knee","Concentrate"],"picked":"Tactician","floor":0.0},{"not_picked":["ReplayTheSpireMod:Shiv Toss","Slice"],"picked":"Backflip","floor":0.0},{"not_picked":["Deflect","Dodge and Roll"],"picked":"After Image","floor":0.0},{"not_picked":["Prepared","ReplayTheSpireMod:Scrap Shanks"],"picked":"Blur","floor":0.0},{"not_picked":["Poisoned Stab","Tactician"],"picked":"Backflip","floor":1.0},{"not_picked":["Sucker Punch","Hidden Blade","Blade Dance"],"picked":"SKIP","floor":5.0},{"not_picked":["Bane","ReplayTheSpireMod:The Works"],"picked":"Reflex","floor":6.0},{"not_picked":["Phantasmal Killer","Sucker Punch","Heel Hook"],"picked":"SKIP","floor":8.0},{"not_picked":["ReplayTheSpireMod:Tripwire","Sucker Punch"],"picked":"Catalyst","floor":10.0},{"not_picked":["Distraction","Deadly Poison"],"picked":"ReplayTheSpireMod:Speed Training","floor":11.0},{"not_picked":["Fluid Movement","Dagger Spray"],"picked":"Leg Sweep","floor":12.0},{"not_picked":["Quick Slash","Dagger Throw"],"picked":"Concentrate","floor":13.0},{"not_picked":["Dagger Spray","Accuracy"],"picked":"Deflect","floor":14.0},{"not_picked":["Unload","Envenom"],"picked":"Replay:Bag of Tricks","floor":16.0},{"not_picked":["Flying Knee","Choke"],"picked":"Poisoned Stab","floor":18.0},{"not_picked":["Flying Knee","Bane"],"picked":"Replay:Poison Smokescreen","floor":19.0},{"not_picked":["Caltrops","Deflect"],"picked":"Noxious Fumes","floor":22.0},{"not_picked":["Corpse Explosion","Quick Slash","Poisoned Stab"],"picked":"SKIP","floor":23.0},{"not_picked":["ReplayTheSpireMod:Speed Training","After Image"],"picked":"Noxious Fumes+1","floor":28.0},{"not_picked":["Dagger Spray","Escape Plan"],"picked":"Crippling Poison","floor":29.0},{"not_picked":["ReplayTheSpireMod:The Works","Deflect"],"picked":"Prepared","floor":30.0},{"not_picked":["Endless Agony","Caltrops"],"picked":"Noxious Fumes","floor":31.0},{"not_picked":["Phantasmal Killer","Grand Finale"],"picked":"Burst","floor":33.0},{"not_picked":["Hidden Blade","PiercingWail","Underhanded Strike"],"picked":"SKIP","floor":35.0},{"not_picked":["Magnetism","Dramatic Entrance"],"picked":"Good Instincts","floor":38.0},{"not_picked":["Cloak And Dagger+1","Calculated Gamble"],"picked":"Catalyst","floor":39.0},{"not_picked":["Poisoned Stab","Cloak And Dagger"],"picked":"Blur","floor":40.0},{"not_picked":["Riddle With Holes","ReplayTheSpireMod:Scrap Shanks","Quick Slash+1"],"picked":"SKIP","floor":42.0},{"not_picked":["Slice","Hidden Blade+1","Outmaneuver"],"picked":"SKIP","floor":44.0},{"not_picked":["Outmaneuver","Backflip+1"],"picked":"Acrobatics","floor":45.0},{"not_picked":["Concentrate","Bane"],"picked":"Crippling Poison","floor":46.0},{"not_picked":["Noxious Fumes","Backflip"],"picked":"Escape Plan+1","floor":47.0},{"not_picked":["Die Die Die","Hidden Blade"],"picked":"Deflect","floor":48}],"player_experience":1187943,"relics_obtained":[{"floor":6.0,"key":"Replay:Wax Seal"},{"floor":8.0,"key":"Incense Burner"},{"floor":9.0,"key":"ReplayTheSpireMod:Shallot"},{"floor":12.0,"key":"Replay:Bottled Steam"},{"floor":14.0,"key":"Replay:Bandana"},{"floor":23.0,"key":"Garlic"},{"floor":25.0,"key":"ReplayTheSpireMod:Ring of Exchange"},{"floor":25.0,"key":"Ring of Fangs"},{"floor":28.0,"key":"Replay:Kaleidoscope"},{"floor":30.0,"key":"Replay:Towering Pillar of Hats"},{"floor":39.0,"key":"Pocketwatch"},{"floor":40.0,"key":"Mirror"},{"floor":42.0,"key":"Pondfish Scales"},{"floor":43.0,"key":"Potion Belt"},{"floor":45.0,"key":"Vampiric Spirits"},{"floor":47.0,"key":"The Courier"}],"event_choices":[{"damage_healed":0.0,"max_hp_gain":0.0,"max_hp_loss":0.0,"gold_gain":0.0,"event_name":"betterThird:BetterGoop","player_choice":"Left","floor":4.0,"gold_loss":1.0,"damage_taken":0.0},{"damage_healed":0.0,"max_hp_gain":0.0,"max_hp_loss":0.0,"gold_gain":50.0,"event_name":"Golden Shrine","player_choice":"Pray","floor":7.0,"gold_loss":0.0,"damage_taken":0.0},{"damage_healed":0.0,"max_hp_gain":0.0,"max_hp_loss":0.0,"gold_gain":0.0,"event_name":"Cursed Tome","player_choice":"Ignored","floor":20.0,"gold_loss":0.0,"damage_taken":0.0},{"damage_healed":0.0,"max_hp_gain":0.0,"max_hp_loss":0.0,"gold_gain":0.0,"cards_transformed":["Strike_G","Defend_G"],"event_name":"Drug Dealer","player_choice":"Became Test Subject","floor":21.0,"gold_loss":0.0,"damage_taken":0.0,"cards_obtained":["Malaise","Predator"]},{"damage_healed":0.0,"max_hp_gain":0.0,"max_hp_loss":0.0,"gold_gain":50.0,"event_name":"betterThird:BetterNest","player_choice":"Steal","floor":27.0,"gold_loss":0.0,"damage_taken":0.0},{"cards_removed":["Poisoned Stab"],"damage_healed":0.0,"max_hp_gain":0.0,"max_hp_loss":0.0,"gold_gain":0.0,"event_name":"Falling","player_choice":"Removed Attack","floor":36.0,"gold_loss":0.0,"damage_taken":0.0},{"damage_healed":0.0,"max_hp_gain":0.0,"max_hp_loss":0.0,"gold_gain":0.0,"event_name":"Winding Halls","player_choice":"Embrace Madness","floor":37.0,"gold_loss":0.0,"damage_taken":12.0,"cards_obtained":["Madness","Madness"]},{"damage_healed":0.0,"max_hp_gain":0.0,"max_hp_loss":0.0,"gold_gain":0.0,"event_name":"SensoryStone","player_choice":"Memory 1","floor":38.0,"gold_loss":0.0,"damage_taken":0.0}],"is_beta":false,"boss_relics":[{"not_picked":["Runic Dome","SacredBark"],"picked":"Coffee Dripper"},{"not_picked":["Astrolabe","Kintsugi"],"picked":"Replay:Wanted Poster"}],"items_purged_floors":[0,0,0,0,0,0,0,0],"is_endless":false,"potions_floor_spawned":[5,6,8,13,14,22,23,28,29,40,45,46,47],"killed_by":"Time Eater","ascension_level":20}}