{"host":"24b6s3brhctmowir","time":1609072696,"event":{"mods":["BaseMod","Minty Spire (QoL Compilation)"],"gold_per_floor":[218,218,237,312,327,327,656,656,656,656,666,591,605,605,605,605,605],"floor_reached":16,"playtime":1352,"items_purged":["Defend_R"],"score":100,"play_id":"6f8edc37-df4d-4c01-823f-ab874f05d9eb","local_time":"20201227213816","is_ascension_mode":false,"campfire_choices":[{"data":"Bash","floor":6,"key":"SMITH"},{"floor":8,"key":"RECALL"},{"floor":10,"key":"REST"},{"data":"Iron Wave","floor":15,"key":"SMITH"}],"circlet_count":0,"master_deck":["Strike_R","Strike_R","Strike_R","Strike_R","Defend_R","Defend_R","Defend_R","Bash+1","Thunderclap+1","Bloodletting","Iron Wave+1"],"relics":["Burning Blood","Old Coin"],"acts_visited":["Exordium"],"potions_floor_usage":[7,7,7],"damage_taken":[{"damage":0.0,"enemies":"2 Louse","floor":1.0,"turns":2.0},{"damage":3.0,"enemies":"Small Slimes","floor":3.0,"turns":4.0},{"damage":8,"enemies":"Cultist","floor":5,"turns":6},{"damage":36,"enemies":"Lagavulin","floor":7,"turns":5},{"damage":4,"enemies":"Large Slime","floor":11,"turns":6},{"damage":18,"enemies":"Blue Slaver","floor":13,"turns":6},{"damage":67,"enemies":"Slime Boss","floor":16,"turns":7}],"seed_played":"-2216413569153418275","potions_obtained":[{"floor":1.0,"key":"CultistPotion"},{"floor":3.0,"key":"BloodPotion"},{"floor":5,"key":"Energy Potion"}],"is_trial":false,"path_per_floor":["M","?","M","?","M","R","E","R","T","R","M","$","M","?","R","B"],"character_chosen":"IRONCLAD","items_purchased":[],"campfire_rested":1,"item_purchase_floors":[],"current_hp_per_floor":[80,73,76,68,66,66,52,52,52,76,78,78,66,66,66,0,0],"gold":605,"neow_bonus":"HUNDRED_GOLD","is_daily":false,"chose_seed":false,"campfire_upgraded":2,"win_rate":0.0,"timestamp":1609072696,"path_taken":["M","?","M","?","M","R","E","R","T","R","?","$","M","?","R","BOSS"],"items_purchased_type":[],"build_version":"2020-12-22","purchased_purges":1,"victory":false,"max_hp_per_floor":[80,80,80,80,80,80,80,80,80,80,80,80,80,80,80,80,80],"card_choices":[{"not_picked":["Dropkick","Dark Embrace","True Grit"],"picked":"SKIP","floor":1.0},{"not_picked":["Sword Boomerang","Rampage","Combust"],"picked":"SKIP","floor":3.0},{"not_picked":["Headbutt","Entrench","Sword Boomerang"],"picked":"SKIP","floor":5},{"not_picked":["Fire Breathing","Iron Wave"],"picked":"Thunderclap","floor":7},{"not_picked":["Pummel","Sword Boomerang"],"picked":"Bloodletting","floor":11},{"not_picked":["Second Wind","Pommel Strike"],"picked":"Iron Wave","floor":13}],"player_experience":165083,"relics_obtained":[{"floor":7,"key":"Old Coin"}],"event_choices":[{"cards_removed":["Strike_R"],"damage_healed":0.0,"max_hp_gain":0.0,"max_hp_loss":0.0,"gold_gain":0.0,"event_name":"Golden Wing","player_choice":"Card Removal","floor":2.0,"gold_loss":0.0,"damage_taken":7.0},{"damage_healed":0,"gold_gain":75,"player_choice":"Touch","damage_taken":8,"max_hp_gain":0,"max_hp_loss":0,"event_name":"FaceTrader","floor":4,"gold_loss":0},{"damage_healed":0,"gold_gain":0,"player_choice":"Grow","damage_taken":0,"max_hp_gain":0,"max_hp_loss":0,"event_name":"Living Wall","floor":14,"gold_loss":0,"cards_upgraded":["Thunderclap"]}],"is_beta":false,"boss_relics":[],"items_purged_floors":[12],"is_endless":false,"potions_floor_spawned":[1,3,5],"killed_by":"Slime Boss","ascension_level":0}}