{"host":"s0rqbuvjzggdtc2s","time":1609041036,"event":{"mods":["ATMod(°¢èªMod)","BaseMod","Minty Spire (QoL Compilation)","StSLib","The Bug Knight","¡¾ÒÅÎï¿¨ÅÆ¡¿REMEMod"],"gold_per_floor":[213,229,39,53,128,128,128,52,103,103,103,137,149,190,190,290,290,309,319,163,181,181,181,181,214,214,214,136,61,77,77,77,175,175,188,148,2,2,17,17,17,17,17,28,43,67,67,97,97,97],"floor_reached":51,"playtime":1687,"items_purged":["HollowMod:QuickDashStart"],"score":741,"play_id":"d12cca60-272a-4b74-96ac-679bba476fce","local_time":"20201227115036","is_ascension_mode":false,"campfire_choices":[{"data":"REME_BattleFury","floor":6.0,"key":"SMITH"},{"data":"HollowMod:DesolateDive","floor":11.0,"key":"SMITH"},{"floor":15.0,"key":"REST"},{"data":"HollowMod:theNailsmith","floor":23.0,"key":"SMITH"},{"floor":27.0,"key":"REST"},{"data":"HollowMod:SoulSplash","floor":32.0,"key":"SMITH"},{"floor":40.0,"key":"REST"},{"data":"HollowMod:SoulMaster","floor":42.0,"key":"SMITH"},{"floor":47,"key":"REST"},{"floor":49,"key":"REST"}],"circlet_count":0,"master_deck":["HollowMod:NailStrikeStart","HollowMod:NailStrikeStart","HollowMod:NailStrikeStart","HollowMod:NailStrikeStart","HollowMod:QuickDashStart","HollowMod:QuickDashStart","HollowMod:FocusHealStart+1","HollowMod:PogoStrike","HollowMod:Grubsong","REME_BattleFury+1","HollowMod:DesolateDive+1","HollowMod:SoulSplash+1","HollowMod:Weaversong","HollowMod:FastStrike","AT_EmpoweredMortalDraw","HollowMod:ShapeofUnn+1","HollowMod:CloakDash+1","HollowMod:theNailsmith+1","HollowMod:SoulStrike+1","HollowMod:SoulMaster+1","HollowMod:PureVessel+1","HollowMod:PureNailStrike+1","Judgement+1","HollowMod:GrimmsGift+1","HollowMod:CloakDash+1"],"relics":["HollowMod:KingsSoulRelic","AT_ATBox","REME_ComplimentaryCards","AT_RedTearstoneRing","NlothsMask","AT_DeathDance","AT_MortalBlade","Enchiridion","Toy Ornithopter","Strawberry","Pantograph","REME_PuzzleBoxRelic","AT_BellowingDragoncrestRing"],"acts_visited":["Exordium","TheCity","TheBeyond"],"potions_floor_usage":[50,50],"damage_taken":[{"damage":2.0,"enemies":"Small Slimes","floor":1.0,"turns":4.0},{"damage":13.0,"enemies":"Jaw Worm","floor":2.0,"turns":3.0},{"damage":6.0,"enemies":"Cultist","floor":4.0,"turns":3.0},{"damage":8.0,"enemies":"Lagavulin","floor":12.0,"turns":4.0},{"damage":3.0,"enemies":"Looter","floor":13.0,"turns":2.0},{"damage":6.0,"enemies":"3 Louse","floor":14.0,"turns":2.0},{"damage":0.0,"enemies":"Slime Boss","floor":16.0,"turns":4.0},{"damage":0.0,"enemies":"3 Byrds","floor":18.0,"turns":1.0},{"damage":12.0,"enemies":"2 Thieves","floor":19.0,"turns":2.0},{"damage":3.0,"enemies":"Sentry and Sphere","floor":21.0,"turns":3.0},{"damage":9.0,"enemies":"HollowMod:Nosk","floor":25.0,"turns":4.0},{"damage":10.0,"enemies":"Snake Plant","floor":30.0,"turns":3.0},{"damage":21.0,"enemies":"Automaton","floor":33.0,"turns":6.0},{"damage":16.0,"enemies":"3 Shapes","floor":35.0,"turns":4.0},{"damage":3.0,"enemies":"Orb Walker","floor":39.0,"turns":2.0},{"damage":39,"enemies":"Transient","floor":44,"turns":5},{"damage":6,"enemies":"Sphere and 2 Shapes","floor":45,"turns":3},{"damage":37,"enemies":"Giant Head","floor":48,"turns":6},{"damage":60,"enemies":"Awakened One","floor":50,"turns":6}],"seed_played":"2340936923836552581","potions_obtained":[{"floor":1.0,"key":"Swift Potion"},{"floor":4.0,"key":"PowerPotion"},{"floor":12.0,"key":"Explosive Potion"},{"floor":13.0,"key":"REME_GoldPotion"},{"floor":14.0,"key":"Swift Potion"},{"floor":25.0,"key":"Strength Potion"},{"floor":35.0,"key":"Strength Potion"}],"is_trial":false,"path_per_floor":["M","M","$","M","?","R","?","$","T","?","R","E","M","M","R","B",null,"M","M","$","M","?","R","?","E","T","R","$","?","M","?","R","B",null,"M","?","$","?","M","R","$","R","T","M","M","T","R","E","R","B",null],"character_chosen":"THE_BUGKNIGHT","items_purchased":["REME_BattleFury","HollowMod:DesolateDive","HollowMod:theNailsmith","HollowMod:SoulMaster","Strawberry"],"campfire_rested":5,"item_purchase_floors":[3,8,20,28,37],"current_hp_per_floor":[75,62,62,62,51,51,51,51,51,51,51,49,46,40,62,62,75,75,63,63,66,50,50,50,51,51,73,73,78,68,68,68,58,80,64,64,71,71,68,87,87,87,87,54,54,54,80,56,82,37],"gold":97,"neow_bonus":"HUNDRED_GOLD","is_daily":false,"chose_seed":false,"campfire_upgraded":5,"win_rate":0.0,"timestamp":1609041036,"path_taken":["M","M","$","M","?","R","?","?","T","?","R","E","M","?","R","BOSS","M","M","$","M","?","R","?","E","T","R","$","?","M","?","R","BOSS","M","?","?","?","?","R","$","R","T","M","M","?","R","E","R","BOSS"],"items_purchased_type":["Card","Card","Card","Card","Relic"],"build_version":"2020-12-22","purchased_purges":1,"victory":true,"max_hp_per_floor":[75,75,75,75,75,75,75,75,75,75,75,75,75,75,75,75,75,75,75,75,75,75,75,75,75,75,75,75,80,80,80,80,80,80,80,80,87,87,87,87,87,87,87,87,87,87,87,87,87,87],"card_choices":[{"not_picked":["HollowMod:SoulVessel","HollowMod:BaldurShell","HollowMod:MawleksShell"],"picked":"SKIP","floor":1.0},{"not_picked":["HollowMod:SharpenedNail","HollowMod:GrimmsGift"],"picked":"HollowMod:Grubsong","floor":2.0},{"not_picked":["HollowMod:WraithStrike","HollowMod:ShadowDash","HollowMod:InfectionAssault"],"picked":"SKIP","floor":4.0},{"not_picked":["HollowMod:DungDefenderAura","HollowMod:WraithStrike"],"picked":"HollowMod:SoulSplash","floor":12.0},{"not_picked":["HollowMod:SiblingsShadow","HollowMod:BaldurShell"],"picked":"HollowMod:Weaversong","floor":13.0},{"not_picked":["HollowMod:HeavyBlow","HollowMod:WraithStrike"],"picked":"HollowMod:FastStrike","floor":14.0},{"not_picked":["HollowMod:ChannelNail","HollowMod:GrimmsGift"],"picked":"HollowMod:ShapeofUnn+1","floor":18.0},{"not_picked":["HollowMod:TaintedHusks+1","HollowMod:InfectedCysts"],"picked":"HollowMod:CloakDash+1","floor":19.0},{"not_picked":["HollowMod:DescendingDark+1","HollowMod:FallenFury","HollowMod:ShapeofUnn"],"picked":"SKIP","floor":21.0},{"not_picked":["HollowMod:InfectedCysts+1","HollowMod:DescendingDark"],"picked":"HollowMod:SoulStrike+1","floor":25.0},{"not_picked":["HollowMod:NewLittleFool","HollowMod:SoulMaster","HollowMod:TaintedHusks"],"picked":"SKIP","floor":30.0},{"not_picked":["HollowMod:NewInfectedGuardian","HollowMod:ElderbugsWisdom"],"picked":"HollowMod:PureVessel","floor":33.0},{"not_picked":["HollowMod:SharpenedNail","HollowMod:DreamGate"],"picked":"HollowMod:PureNailStrike+1","floor":35.0},{"not_picked":["HollowMod:InfectedCysts","HollowMod:WraithStrike","HollowMod:HeavyBlow+1"],"picked":"SKIP","floor":39.0},{"not_picked":["HollowMod:WraithStrike+1","HollowMod:DescendingDark"],"picked":"HollowMod:GrimmsGift+1","floor":44},{"not_picked":["HollowMod:LuriensSpire+1","HollowMod:InfectedAttack"],"picked":"HollowMod:CloakDash+1","floor":45},{"not_picked":["HollowMod:SharpenedShadows","HollowMod:GrimmsGift+1","HollowMod:MonomonsArchive"],"picked":"SKIP","floor":48}],"player_experience":190001,"relics_obtained":[{"floor":9.0,"key":"AT_RedTearstoneRing"},{"floor":12.0,"key":"AT_DeathDance"},{"floor":22.0,"key":"Enchiridion"},{"floor":25.0,"key":"Toy Ornithopter"},{"floor":43.0,"key":"Pantograph"},{"floor":46,"key":"REME_PuzzleBoxRelic"},{"floor":48,"key":"AT_BellowingDragoncrestRing"}],"event_choices":[{"damage_healed":0.0,"max_hp_gain":0.0,"max_hp_loss":0.0,"gold_gain":75.0,"event_name":"World of Goop","player_choice":"Gather Gold","floor":5.0,"gold_loss":0.0,"damage_taken":11.0},{"damage_healed":0.0,"max_hp_gain":0.0,"max_hp_loss":0.0,"gold_gain":0.0,"event_name":"Living Wall","player_choice":"Grow","floor":7.0,"gold_loss":0.0,"damage_taken":0.0,"cards_upgraded":["HollowMod:FocusHealStart"]},{"damage_healed":0.0,"max_hp_gain":0.0,"max_hp_loss":0.0,"gold_gain":0.0,"event_name":"FaceTrader","player_choice":"Trade","floor":10.0,"gold_loss":0.0,"damage_taken":0.0,"relics_obtained":["NlothsMask"]},{"damage_healed":0.0,"max_hp_gain":0.0,"max_hp_loss":0.0,"gold_gain":0.0,"event_name":"Cursed Tome","player_choice":"Obtained Book","floor":22.0,"gold_loss":0.0,"damage_taken":16.0},{"damage_healed":0.0,"max_hp_gain":0.0,"max_hp_loss":0.0,"gold_gain":0.0,"event_name":"Beggar","player_choice":"Ignored","floor":24.0,"gold_loss":0.0,"damage_taken":0.0},{"damage_healed":0.0,"max_hp_gain":0.0,"max_hp_loss":0.0,"gold_gain":0.0,"event_name":"Ghosts","player_choice":"Ignored","floor":31.0,"gold_loss":0.0,"damage_taken":0.0},{"damage_healed":0.0,"max_hp_gain":0.0,"max_hp_loss":0.0,"gold_gain":0.0,"event_name":"Designer","player_choice":"Upgrade","floor":36.0,"gold_loss":40.0,"damage_taken":0.0,"cards_upgraded":["HollowMod:PureVessel"]},{"cards_removed":["HollowMod:QuickDashStart"],"damage_healed":0.0,"max_hp_gain":0.0,"max_hp_loss":0.0,"gold_gain":0.0,"event_name":"NoteForYourself","player_choice":"Took Card","floor":38.0,"gold_loss":0.0,"damage_taken":0.0,"cards_obtained":["Judgement"]}],"is_beta":false,"boss_relics":[{"not_picked":["Cursed Key","Snecko Eye"],"picked":"AT_MortalBlade"},{"not_picked":["Busted Crown","Velvet Choker"],"picked":"HollowMod:KingsSoulRelic"}],"items_purged_floors":[20],"is_endless":false,"potions_floor_spawned":[1,4,12,13,14,18,19,25,35,39,45],"ascension_level":0}}