{"host":"l84l8xigz5v5foa2","time":1609067508,"event":{"mods":["2.2 Compatiblity","AchievementEnabler","BaseMod","Better Note","Better Vampires","Card Filter","Colored Map","DeckTracker","Downfall","Gremlin Skip","Highlight Path","Keyboard Shortcuts","Minty Spire (QoL Compilation)","Permanent Neow","Quick Restart","Relic Filter","Relic Stats","StSLib","SuperFastMode","Transform Curses","Unknown Chances"],"gold_per_floor":[99,109,109,122,142,142,195,195,195,230,380,380,393,424,434,537,537,537,537,551,551,566,584,584,784,709,738,663,677,444,464,475,574,574,574,593,607,607,618,352,352,378,388,98,153,169,94,104,123,123],"floor_reached":51,"playtime":3487,"items_purged":["champ:Strike","champ:Defend","champ:Defend"],"score":1089,"play_id":"434092bf-460f-447a-9d2b-03a5ba18ec55","local_time":"20201227201148","is_ascension_mode":true,"campfire_choices":[{"data":"champ:Taunt","floor":1.0,"key":"SMITH"},{"data":"champ:GutPunch","floor":6.0,"key":"SMITH"},{"data":"champ:HeavySlash","floor":9.0,"key":"SMITH"},{"data":"champ:Backstep","floor":12.0,"key":"SMITH"},{"data":"champ:HoldFirm","floor":18.0,"key":"SMITH"},{"floor":26.0,"key":"RECALL"},{"data":"champ:Strike","floor":28.0,"key":"PURGE"},{"data":"champ:FanOfKnives","floor":35.0,"key":"SMITH"},{"data":"champ:StanceDance","floor":47.0,"key":"SMITH"}],"circlet_count":0,"master_deck":["champ:Defend","champ:Execute","champ:Taunt+1","champ:HeavySlash+1","champ:GladiatorStyle","champ:GutPunch+1","champ:Backstep+1","champ:FlashCut","champ:HoldFirm+1","champ:GladiatorStyle","champ:HoldFirm+1","champ:FaceSlap","champ:StanceDance+1","champ:AdrenalArmor","champ:FanOfKnives+1","champ:LastStand","champ:RageSigil+1","champ:GladiatorStyle","champ:GladiatorStyle+1","champ:AdrenalArmor+1","champ:RageSigil+1","champ:Aggression+1"],"relics":["champ:ChampionCrown","Ancient Tea Set","Omamori","MealTicket","Philosopher\u0027s Stone","Du-Vu Doll","downfall:HeartBlessingBlue","Peace Pipe","downfall:HeartBlessingRed","Guardian:PocketSentry","Sozu","ClockworkSouvenir","Eternal Feather","Toy Ornithopter","HandDrill","Incense Burner","downfall:HeartBlessingGreen"],"acts_visited":["Exordium","TheCity","TheBeyond"],"potions_floor_usage":[],"damage_taken":[{"damage":5.0,"enemies":"2 Louse","floor":2.0,"turns":4.0},{"damage":11.0,"enemies":"Cultist","floor":4.0,"turns":3.0},{"damage":7.0,"enemies":"Jaw Worm","floor":5.0,"turns":4.0},{"damage":20.0,"enemies":"3 Sentries","floor":10.0,"turns":5.0},{"damage":5.0,"enemies":"2 Fungi Beasts","floor":13.0,"turns":2.0},{"damage":18.0,"enemies":"Lagavulin","floor":14.0,"turns":6.0},{"damage":10.0,"enemies":"Large Slime","floor":15.0,"turns":8.0},{"damage":39.0,"enemies":"downfall:Ironclad","floor":16.0,"turns":15.0},{"damage":3.0,"enemies":"Chosen","floor":20.0,"turns":8.0},{"damage":15.0,"enemies":"3 Byrds","floor":22.0,"turns":8.0},{"damage":21.0,"enemies":"Shelled Parasite and Fungi","floor":23.0,"turns":6.0},{"damage":13.0,"enemies":"Book of Stabbing","floor":27.0,"turns":7.0},{"damage":15.0,"enemies":"Sentry and Sphere","floor":29.0,"turns":4.0},{"damage":10.0,"enemies":"downfall:FleeingMerchant","floor":30.0,"turns":4.0},{"damage":10.0,"enemies":"Snake Plant","floor":31.0,"turns":3.0},{"damage":22.0,"enemies":"Cultist and Chosen","floor":32.0,"turns":6.0},{"damage":43.0,"enemies":"downfall:Defect","floor":33.0,"turns":13.0},{"damage":4.0,"enemies":"3 Darklings","floor":36.0,"turns":5.0},{"damage":38.0,"enemies":"3 Shapes","floor":37.0,"turns":5.0},{"damage":8.0,"enemies":"Spire Growth","floor":39.0,"turns":4.0},{"damage":7.0,"enemies":"downfall:FleeingMerchant","floor":40.0,"turns":4.0},{"damage":21.0,"enemies":"Reptomancer","floor":42.0,"turns":4.0},{"damage":22.0,"enemies":"Sphere and 2 Shapes","floor":43.0,"turns":5.0},{"damage":22.0,"enemies":"downfall:FleeingMerchant","floor":44.0,"turns":4.0},{"damage":29.0,"enemies":"2 Orb Walkers","floor":45.0,"turns":5.0},{"damage":22.0,"enemies":"Maw","floor":46.0,"turns":8.0},{"damage":10,"enemies":"4 Shapes","floor":48,"turns":4},{"damage":5,"enemies":"Spire Growth","floor":49,"turns":3},{"damage":27,"enemies":"downfall:Watcher","floor":50,"turns":6}],"seed_played":"-3059567158319141392","potions_obtained":[{"floor":2.0,"key":"SpeedPotion"},{"floor":5.0,"key":"Explosive Potion"},{"floor":13.0,"key":"ColorlessPotion"},{"floor":16.0,"key":"Energy Potion"},{"floor":20.0,"key":"Explosive Potion"}],"is_trial":false,"path_per_floor":["R","M","?","M","M","R","T","?","R","E","?","R","M","E","M","B",null,"R","?","M","?","M","M","T","?","R","E","R","M","$","M","M","B",null,"R","M","M","?","M","$","T","E","M","$","?","M","R","M","M","B",null],"character_chosen":"THE_CHAMP","items_purchased":["Guardian:PocketSentry","ClockworkSouvenir","HandDrill"],"campfire_rested":0,"item_purchase_floors":[30,40,44],"current_hp_per_floor":[90,85,85,84,82,82,82,82,82,62,62,62,62,59,59,30,75,75,75,75,75,75,75,75,75,85,85,85,85,100,100,100,100,100,100,100,84,84,84,99,99,99,99,100,94,96,100,100,97,98],"gold":123,"neow_bonus":"TRANSFORM_CARD","is_daily":false,"chose_seed":false,"campfire_upgraded":7,"win_rate":0.0,"timestamp":1609067508,"path_taken":["R","M","?","M","?","R","T","?","R","E","?","R","M","E","M","BOSS","R","?","M","?","M","?","T","?","R","E","R","?","$","M","M","BOSS","R","M","M","?","?","$","T","E","M","$","?","M","R","M","M","BOSS"],"items_purchased_type":["Relic","Relic","Relic"],"build_version":"2020-12-22","purchased_purges":3,"victory":true,"max_hp_per_floor":[90,90,90,90,90,90,90,90,90,90,90,90,90,90,90,90,90,90,90,90,90,90,90,90,90,100,100,100,100,100,100,100,100,100,100,100,100,100,100,100,100,100,100,100,100,100,100,100,100,100],"relic_stats":{"Peace Pipe":1,"Sozu":5,"counters":[29,163],"MealTicket":31,"Eternal Feather":4,"HandDrill":[4],"obtain_stats":[{"downfall:HeartBlessingRed":28,"champ:ChampionCrown":0,"Eternal Feather":41,"downfall:HeartBlessingGreen":47,"Omamori":10,"Guardian:PocketSentry":30,"Incense Burner":45,"Ancient Tea Set":8,"ClockworkSouvenir":40,"Du-Vu Doll":24,"Peace Pipe":27,"Sozu":34,"downfall:HeartBlessingBlue":26,"MealTicket":14,"Philosopher\u0027s Stone":17,"HandDrill":44,"Toy Ornithopter":42},{"downfall:HeartBlessingRed":12,"champ:ChampionCrown":0,"Eternal Feather":21,"downfall:HeartBlessingGreen":26,"Omamori":4,"Guardian:PocketSentry":14,"Incense Burner":25,"Ancient Tea Set":3,"ClockworkSouvenir":21,"Du-Vu Doll":11,"Peace Pipe":12,"Sozu":17,"downfall:HeartBlessingBlue":11,"MealTicket":6,"Philosopher\u0027s Stone":8,"HandDrill":24,"Toy Ornithopter":22},{"downfall:HeartBlessingRed":76,"champ:ChampionCrown":0,"Eternal Feather":124,"downfall:HeartBlessingGreen":150,"Omamori":16,"Guardian:PocketSentry":84,"Incense Burner":142,"Ancient Tea Set":11,"ClockworkSouvenir":124,"Du-Vu Doll":69,"Peace Pipe":76,"Sozu":106,"downfall:HeartBlessingBlue":69,"MealTicket":24,"Philosopher\u0027s Stone":47,"HandDrill":137,"Toy Ornithopter":128}],"Toy Ornithopter":0},"card_choices":[{"not_picked":["champ:GladiatorsShout","champ:PerfectedStrike","champ:DefensiveShout"],"picked":"SKIP","floor":2.0},{"not_picked":["champ:Backstep","champ:FanOfKnives"],"picked":"champ:GladiatorStyle","floor":4.0},{"not_picked":["champ:ShieldSigil","champ:Circumvent"],"picked":"champ:GutPunch","floor":5.0},{"not_picked":["champ:RecklessLeap","champ:ShieldWall"],"picked":"champ:Backstep","floor":10.0},{"not_picked":["champ:RageSigil","champ:TornadoPunch"],"picked":"champ:FlashCut","floor":13.0},{"not_picked":["champ:VampiricStrike","champ:BerserkersShout"],"picked":"champ:HoldFirm","floor":14.0},{"not_picked":["champ:BerserkersShout","champ:HeartStrike"],"picked":"champ:GladiatorStyle","floor":15.0},{"not_picked":["champ:MurderStrike","champ:EnchantSword"],"picked":"champ:HoldFirm","floor":16.0},{"not_picked":["champ:FanOfKnives","champ:Haymaker","champ:Circumvent"],"picked":"SKIP","floor":20.0},{"not_picked":["champ:Shatter","champ:CrookedStrike","champ:RageSigil"],"picked":"SKIP","floor":22.0},{"not_picked":["champ:Shatter","champ:CrookedStrike","champ:RageSigil"],"picked":"SKIP","floor":22.0},{"not_picked":["champ:CrookedStrike","champ:PerfectedStrike","champ:BerserkersShout"],"picked":"SKIP","floor":23.0},{"not_picked":["champ:FlashCut","champ:DefensiveShout"],"picked":"champ:FaceSlap","floor":27.0},{"not_picked":["champ:FaceSlap","champ:FlashCut","champ:Encircle"],"picked":"SKIP","floor":29.0},{"not_picked":["champ:FightOn","champ:RageSigil"],"picked":"champ:StanceDance","floor":30.0},{"not_picked":["champ:CrookedStrike","champ:CheapShot"],"picked":"champ:AdrenalArmor","floor":31.0},{"not_picked":["champ:Haymaker","champ:FaceSlap"],"picked":"champ:FanOfKnives","floor":32.0},{"not_picked":["champ:HeavySlash","champ:VampiricStrike"],"picked":"champ:LastStand","floor":33.0},{"not_picked":["champ:CalledShot","champ:StanceDance","champ:GladiatorsShout"],"picked":"SKIP","floor":36.0},{"not_picked":["champ:HeartStrike+1","champ:CalledShot+1"],"picked":"champ:RageSigil+1","floor":37.0},{"not_picked":["champ:RisingSlash+1","champ:Balance+1"],"picked":"champ:GladiatorStyle+1","floor":39.0},{"not_picked":["champ:EnGarde","champ:PerfectedStrike","champ:FlashCut"],"picked":"SKIP","floor":40.0},{"not_picked":["champ:DefensiveStyle+1","champ:GutPunch+1"],"picked":"champ:AdrenalArmor+1","floor":42.0},{"not_picked":["champ:SwordSigil+1","champ:ShieldSigil"],"picked":"champ:RageSigil+1","floor":43.0},{"not_picked":["champ:SwordSigil","champ:BerserkersShout","champ:FocusedBerserking"],"picked":"SKIP","floor":44.0},{"not_picked":["champ:ShieldThrow","champ:FanOfKnives+1","champ:SwordSigil"],"picked":"SKIP","floor":46.0},{"not_picked":["champ:TornadoPunch","champ:FlashCut+1","champ:BerserkersShout"],"picked":"SKIP","floor":48},{"not_picked":["champ:GladiatorsShout","champ:RisingSlash"],"picked":"champ:Aggression+1","floor":49}],"player_experience":2739137,"relics_obtained":[{"floor":10.0,"key":"Omamori"},{"floor":14.0,"key":"MealTicket"},{"floor":24.0,"key":"Du-Vu Doll"},{"floor":27.0,"key":"Peace Pipe"},{"floor":41.0,"key":"Eternal Feather"},{"floor":42.0,"key":"Toy Ornithopter"},{"floor":45.0,"key":"Incense Burner"}],"event_choices":[{"cards_removed":["champ:Defend"],"damage_healed":0.0,"max_hp_gain":0.0,"max_hp_loss":0.0,"gold_gain":0.0,"event_name":"Purifier","player_choice":"Purged","floor":3.0,"gold_loss":0.0,"damage_taken":0.0},{"damage_healed":0.0,"max_hp_gain":0.0,"max_hp_loss":0.0,"gold_gain":0.0,"event_name":"Upgrade Shrine","player_choice":"Upgraded","floor":21.0,"gold_loss":0.0,"damage_taken":0.0,"cards_upgraded":["champ:HoldFirm"]},{"damage_healed":0.0,"max_hp_gain":0.0,"max_hp_loss":0.0,"gold_gain":0.0,"event_name":"Duplicator","player_choice":"Copied","floor":38.0,"gold_loss":0.0,"damage_taken":0.0,"cards_obtained":["champ:GladiatorStyle"]},{"damage_healed":0.0,"max_hp_gain":0.0,"max_hp_loss":0.0,"gold_gain":0.0,"event_name":"Mysterious Sphere","player_choice":"Fight","floor":45.0,"gold_loss":0.0,"damage_taken":0.0}],"is_beta":false,"boss_relics":[{"not_picked":["champ:PowerArmor","Fusion Hammer"],"picked":"Philosopher\u0027s Stone"},{"not_picked":["champ:ChampionCrownUpgraded","Cursed Key"],"picked":"Sozu"}],"items_purged_floors":[30,40,44],"is_endless":false,"potions_floor_spawned":[2,5,13,15,16,20,27,29,32,36,39,43,45,46],"ascension_level":5}}