{"host":"l017gercouzhorma","time":1609040458,"event":{"mods":["AchievementEnabler","Aspiration","BaseMod","Challenge The Spire","Conspire","Downfall","Halation","Hermit","Hubris","Infinite Spire","Jorbs\u0027s Wanderer Trilogy","Mad Scientist","Marisa????????","Mimic Mod","Minty Spire (QoL Compilation)","Random Character Button","Rare Cards Sparkle","Relic Stats","Replay The Spire","Shade Mod","StSLib","The Cursed","The Disciple","The Hierophant","The Jungle","The Runesmith","The Servant 0.9.4"],"gold_per_floor":[118,137,137,150,97,123,123,141,141,173,183,201,212,250,250,381,381,398,121,155,174,206,290,350,364,418,418,418],"floor_reached":27,"playtime":2175,"items_purged":[],"score":303,"play_id":"c50ad9ac-7521-4d57-833f-c3af6555f636","local_time":"20201226204058","is_ascension_mode":false,"campfire_choices":[{"data":"GravityBeat","floor":7,"key":"SMITH"},{"floor":15,"key":"DIG"}],"circlet_count":0,"master_deck":["Strike_MRS","Strike_MRS","Strike_MRS","Defend_MRS","Defend_MRS","Defend_MRS","Defend_MRS","MasterSpark","UpSweep","GravityBeat+1","MagicChant","OortCloud","SporeBomb","GrandCross","GravityBeat","MysteriousBeam","PulseMagic","DoubleSpark","Robbery","SatelliteIllusion","TreasureHunter","Orbital","OpenUniverse","Acceleration","Singularity","6A","ChargeUpSpray","MilkyWay","WitchOfGreed","GrandCross+1","PowerUp","SuperPerseids+1","LuminesStrike","Occultation"],"relics":["MiniHakkero","NeowsBlessing","Iron Hammer","White Beast Statue","Shovel","Runesmith:Nanobots","Painkiller Herb","halation:TwoAmDonut","Shuriken"],"acts_visited":["Exordium","TheCity"],"potions_floor_usage":[6,6,13,13,16,16,16,21,22,22,23,23,24,24,25,26,27],"damage_taken":[{"damage":0,"enemies":"Cultist","floor":1,"turns":1},{"damage":0,"enemies":"2 Louse","floor":2,"turns":1},{"damage":0,"enemies":"Jaw Worm","floor":4,"turns":1},{"damage":13,"enemies":"Gremlin Nob","floor":6,"turns":5},{"damage":0,"enemies":"Red Slaver","floor":8,"turns":1},{"damage":25,"enemies":"3 Sentries","floor":10,"turns":6},{"damage":0,"enemies":"2 Fungi Beasts","floor":11,"turns":1},{"damage":11,"enemies":"Exordium Wildlife","floor":12,"turns":3},{"damage":2,"enemies":"Gremlin Gang","floor":13,"turns":4},{"damage":7,"enemies":"3 Louse","floor":14,"turns":2},{"damage":0,"enemies":"Slime Boss","floor":16,"turns":2},{"damage":18,"enemies":"2 Thieves","floor":18,"turns":3},{"damage":6,"enemies":"Shell Parasite","floor":20,"turns":3},{"damage":10,"enemies":"Shelled Parasite and Fungi","floor":21,"turns":3},{"damage":15,"enemies":"Snake Plant","floor":22,"turns":3},{"damage":14,"enemies":"Book of Stabbing","floor":23,"turns":2},{"damage":18,"enemies":"Centurion and Healer","floor":24,"turns":3},{"damage":10,"enemies":"Chosen and Byrds","floor":25,"turns":4},{"damage":1,"enemies":"3 Cultists","floor":26,"turns":6},{"damage":6,"enemies":"3 Cultists","floor":27,"turns":2}],"seed_played":"2973119582489301378","potions_obtained":[{"floor":1,"key":"Adrenaline Potion"},{"floor":4,"key":"EssenceOfSteel"},{"floor":10,"key":"sneckomod:MuddlingPotion"},{"floor":11,"key":"DuplicationPotion"},{"floor":12,"key":"SkillPotion"},{"floor":13,"key":"Energy Potion"},{"floor":14,"key":"CultistPotion"},{"floor":16,"key":"FairyPotion"},{"floor":18,"key":"Reflective Coating"},{"floor":20,"key":"sneckomod:MuddlingPotion"},{"floor":21,"key":"sneckomod:MuddlingPotion"},{"floor":22,"key":"AttackPotion"},{"floor":22,"key":"Fire Potion"},{"floor":23,"key":"Doom Potion"},{"floor":23,"key":"Explosive Potion"},{"floor":24,"key":"Toxic Potion"},{"floor":25,"key":"SkillPotion"},{"floor":26,"key":"SkillPotion"}],"is_trial":false,"path_per_floor":["M","M","?","M","$","E","R","M","T","E","M","M","M","M","R","B",null,"?","T","?","?","?","E","?","?","MIM","?"],"character_chosen":"MARISA","items_purchased":["SporeBomb","OpenUniverse","Acceleration","Singularity","6A","ChargeUpSpray"],"campfire_rested":0,"item_purchase_floors":[5,19,19,19,19,19],"current_hp_per_floor":[75,75,75,75,75,62,62,62,62,37,37,26,24,17,17,17,75,57,57,51,41,26,12,16,6,5,0,0],"gold":418,"neow_bonus":"THREE_ENEMY_KILL","is_daily":false,"chose_seed":false,"campfire_upgraded":1,"win_rate":0.0,"timestamp":1609040458,"path_taken":["M","?","?","M","$","E","R","M","T","E","M","M","?","M","R","BOSS","?","T","?","?","?","E","?","?","MIM","?"],"items_purchased_type":["Card","Card","Card","Card","Card","Card"],"build_version":"2020-12-22","purchased_purges":0,"victory":false,"max_hp_per_floor":[75,75,75,75,75,75,75,75,75,75,75,75,75,75,75,75,75,75,75,75,75,75,75,75,75,75,75,75],"relic_stats":{"Shovel":1,"counters":[20,56],"Shuriken":[1],"obtain_stats":[{"AmplifyWand":13,"Runesmith:Nanobots":15,"Shovel":10,"NeowsBlessing":0,"Shuriken":26,"Painkiller Herb":17,"Iron Hammer":6,"MiniHakkero":0,"halation:TwoAmDonut":23,"White Beast Statue":9},{"AmplifyWand":9,"Runesmith:Nanobots":10,"Shovel":6,"NeowsBlessing":0,"Shuriken":19,"Painkiller Herb":11,"Iron Hammer":4,"MiniHakkero":0,"halation:TwoAmDonut":16,"White Beast Statue":5},{"AmplifyWand":20,"Runesmith:Nanobots":25,"Shovel":15,"NeowsBlessing":0,"Shuriken":54,"Painkiller Herb":27,"Iron Hammer":8,"MiniHakkero":0,"halation:TwoAmDonut":41,"White Beast Statue":9}]},"card_choices":[{"not_picked":["SprinkleStarSeal","LuminesStrike"],"picked":"GravityBeat","floor":1},{"not_picked":["FairyDestructionRay","EarthLightRay"],"picked":"MagicChant","floor":2},{"not_picked":["MachineGunSpark","UnstableBomb"],"picked":"OortCloud","floor":4},{"not_picked":["ChargingUp","ManaConvection"],"picked":"GrandCross","floor":6},{"not_picked":["GrandCross","GalacticHalo"],"picked":"GravityBeat","floor":8},{"not_picked":["MilkyWay","UnstableBomb"],"picked":"MysteriousBeam","floor":10},{"not_picked":["DoubleSpark","Acceleration"],"picked":"PulseMagic","floor":11},{"not_picked":["GalacticHalo","AsteroidBelt"],"picked":"DoubleSpark","floor":12},{"not_picked":["WitchLeyline","SporeBomb"],"picked":"Robbery","floor":13},{"not_picked":["Acceleration","IllusionStar"],"picked":"SatelliteIllusion","floor":14},{"not_picked":["StarDustReverie","SatelliteIllusion"],"picked":"TreasureHunter","floor":16},{"not_picked":["DoubleSpark","Acceleration"],"picked":"Orbital","floor":18},{"not_picked":["NonDirectionalLaser","ChargingUp"],"picked":"MilkyWay","floor":20},{"not_picked":["MilkyWay","ChargeUpSpray"],"picked":"WitchOfGreed","floor":21},{"not_picked":["WitchOfGreed","MachineGunSpark"],"picked":"GrandCross+1","floor":22},{"not_picked":["6A","SporeBomb"],"picked":"PowerUp","floor":23},{"not_picked":["AlicesGift","WitchOfGreed"],"picked":"SuperPerseids+1","floor":24},{"not_picked":["OneTimeOff","ChargeUpSpray"],"picked":"LuminesStrike","floor":25},{"not_picked":["LuminesStrike","PowerUp+1"],"picked":"Occultation","floor":26}],"player_experience":784350,"relics_obtained":[{"floor":6,"key":"Iron Hammer"},{"floor":9,"key":"White Beast Statue"},{"floor":10,"key":"Shovel"},{"floor":15,"key":"Runesmith:Nanobots"},{"floor":23,"key":"halation:TwoAmDonut"},{"floor":26,"key":"Shuriken"}],"event_choices":[{"cards_removed":["Strike_MRS"],"damage_healed":0,"gold_gain":0,"player_choice":"Offered Basic","damage_taken":0,"max_hp_gain":0,"max_hp_loss":0,"event_name":"Bonfire Elementals","floor":3,"gold_loss":0}],"is_beta":false,"boss_relics":[{"not_picked":["Tiny House","Empty Cage"],"picked":"Painkiller Herb"}],"items_purged_floors":[],"is_endless":false,"potions_floor_spawned":[1,4,10,11,12,13,14,16,18,20,21,22,23,24,25],"killed_by":"3 Cultists","ascension_level":0}}