{"host":"1tkoe3l8wf0xx8if","time":1609086931,"event":{"mods":["AchievementEnabler","BaseMod","Colored Map","Minty Spire (QoL Compilation)","Quick Restart","StSLib","SuperFastMode"],"gold_per_floor":[111,123,134,59,59,71,104,104,129,29,29,45,45,77,77,172,172,186,204,303,303,303],"floor_reached":21,"playtime":706,"items_purged":["Decay","Strike_B"],"score":361,"play_id":"2c2950fd-5dba-4539-9e9e-2893d0512e3f","local_time":"20201228013531","is_ascension_mode":true,"campfire_choices":[{"data":"Dualcast","floor":8.0,"key":"SMITH"},{"data":"Capacitor","floor":11.0,"key":"SMITH"},{"data":"Consume","floor":13.0,"key":"SMITH"},{"data":"Chill","floor":15.0,"key":"SMITH"}],"circlet_count":0,"master_deck":["Strike_B","Strike_B","Defend_B","Defend_B","Defend_B","Zap+1","Dualcast+1","Conserve Battery","Melter","Compile Driver","Skim","Capacitor+1","Consume+1","Chill+1","Echo Form","Hologram"],"relics":["Cracked Core","Regal Pillow","Ancient Tea Set","Dream Catcher","SlaversCollar"],"acts_visited":["Exordium","TheCity"],"potions_floor_usage":[],"damage_taken":[{"damage":3.0,"enemies":"Small Slimes","floor":1.0,"turns":3.0},{"damage":1.0,"enemies":"Cultist","floor":2.0,"turns":3.0},{"damage":0.0,"enemies":"2 Louse","floor":3.0,"turns":2.0},{"damage":15.0,"enemies":"Looter","floor":6.0,"turns":3.0},{"damage":11.0,"enemies":"Gremlin Nob","floor":7.0,"turns":3.0},{"damage":2.0,"enemies":"Exordium Thugs","floor":12.0,"turns":3.0},{"damage":18.0,"enemies":"Lagavulin","floor":14.0,"turns":6.0},{"damage":8.0,"enemies":"Slime Boss","floor":16.0,"turns":9.0},{"damage":23,"enemies":"2 Thieves","floor":18,"turns":5},{"damage":21,"enemies":"3 Byrds","floor":19,"turns":6},{"damage":24,"enemies":"3 Cultists","floor":21,"turns":4}],"seed_played":"-965904100055917214","potions_obtained":[{"floor":3.0,"key":"Fruit Juice"},{"floor":6.0,"key":"Energy Potion"},{"floor":14.0,"key":"Explosive Potion"},{"floor":16.0,"key":"Ancient Potion"}],"is_trial":false,"path_per_floor":["M","M","M","$","?","M","E","R","T","$","R","M","R","E","R","B",null,"M","M","?","M"],"character_chosen":"DEFECT","items_purchased":[],"campfire_rested":0,"item_purchase_floors":[],"current_hp_per_floor":[72,71,76,76,76,61,50,50,50,50,50,48,48,30,30,22,66,43,22,22,0,0],"gold":303,"neow_bonus":"TRANSFORM_TWO_CARDS","is_daily":false,"chose_seed":false,"campfire_upgraded":4,"win_rate":0.0,"timestamp":1609086931,"path_taken":["M","M","M","$","?","M","E","R","T","?","R","M","R","E","R","BOSS","M","M","?","M"],"items_purchased_type":[],"build_version":"2020-12-22","purchased_purges":2,"victory":false,"max_hp_per_floor":[75,75,80,80,80,80,80,80,80,80,80,80,80,80,80,80,80,80,80,80,80,80],"card_choices":[{"not_picked":["Streamline","Hello World"],"picked":"Conserve Battery","floor":1.0},{"not_picked":["Conserve Battery","Leap"],"picked":"Melter","floor":2.0},{"not_picked":["Chill","Double Energy"],"picked":"Compile Driver","floor":3.0},{"not_picked":["Lockon","Leap"],"picked":"Skim","floor":6.0},{"not_picked":["Redo","Streamline"],"picked":"Capacitor","floor":7.0},{"not_picked":["Steam","Sweeping Beam"],"picked":"Consume","floor":12.0},{"not_picked":["Aggregate","Steam"],"picked":"Chill","floor":14.0},{"not_picked":["Fission","Multi-Cast"],"picked":"Echo Form","floor":16.0},{"not_picked":["Steam","Streamline"],"picked":"Hologram","floor":18},{"not_picked":["Streamline+1","Sweeping Beam","Tempest"],"picked":"SKIP","floor":19}],"player_experience":321304,"relics_obtained":[{"floor":7.0,"key":"Regal Pillow"},{"floor":9.0,"key":"Ancient Tea Set"},{"floor":14.0,"key":"Dream Catcher"}],"event_choices":[{"damage_healed":0.0,"max_hp_gain":0.0,"max_hp_loss":0.0,"gold_gain":0.0,"event_name":"Accursed Blacksmith","player_choice":"Forge","floor":5.0,"gold_loss":0.0,"damage_taken":0.0,"cards_upgraded":["Zap"]},{"damage_healed":0,"gold_gain":99,"player_choice":"Stole From Cult","damage_taken":0,"max_hp_gain":0,"max_hp_loss":0,"event_name":"Nest","floor":20,"gold_loss":0}],"is_beta":false,"boss_relics":[{"not_picked":["Runic Dome","Busted Crown"],"picked":"SlaversCollar"}],"items_purged_floors":[4,10],"is_endless":false,"potions_floor_spawned":[3,6,14,16],"killed_by":"3 Cultists","ascension_level":5}}