{"host":"d50bw6kybq14xu1u","time":1609040886,"event":{"mods":["BaseMod","Colored Map","Colored Powertips","Minty Spire (QoL Compilation)","Quick Restart"],"gold_per_floor":[109,126,140,140,140,169,169,182,182,42,74,92,92,92],"floor_reached":13,"playtime":305,"items_purged":[],"score":109,"play_id":"f7580e88-1e0d-458d-8187-274be7feed9a","local_time":"20201227114806","is_ascension_mode":true,"campfire_choices":[{"data":"Doppelganger","floor":7,"key":"SMITH"}],"circlet_count":0,"master_deck":["Strike_G","Strike_G","Strike_G","Strike_G","Strike_G","Defend_G","Defend_G","Defend_G","Defend_G","Survivor","Neutralize","Quick Slash","Quick Slash","Quick Slash","Doppelganger+1","Dagger Throw","Adrenaline","Slice"],"relics":["Ring of the Snake","NeowsBlessing","Bottled Lightning","Ninja Scroll","Matryoshka"],"acts_visited":["Exordium"],"potions_floor_usage":[],"damage_taken":[{"damage":0,"enemies":"Cultist","floor":1,"turns":1},{"damage":0,"enemies":"2 Louse","floor":2,"turns":1},{"damage":0,"enemies":"Small Slimes","floor":3,"turns":1},{"damage":44,"enemies":"3 Sentries","floor":6,"turns":9},{"damage":6,"enemies":"2 Fungi Beasts","floor":8,"turns":2},{"damage":10,"enemies":"Gremlin Nob","floor":11,"turns":3},{"damage":0,"enemies":"Looter","floor":12,"turns":2},{"damage":10,"enemies":"Lagavulin","floor":13,"turns":3}],"seed_played":"-6036004605857931050","potions_obtained":[{"floor":1,"key":"Dexterity Potion"},{"floor":6,"key":"SkillPotion"}],"is_trial":false,"path_per_floor":["M","M","M","$","?","E","R","M","T","$","E","M","E"],"character_chosen":"THE_SILENT","items_purchased":["Adrenaline"],"campfire_rested":0,"item_purchase_floors":[10],"current_hp_per_floor":[70,70,70,70,70,26,26,20,20,20,10,10,0,0],"gold":92,"neow_bonus":"THREE_ENEMY_KILL","is_daily":false,"chose_seed":false,"campfire_upgraded":1,"win_rate":0.0,"timestamp":1609040886,"path_taken":["M","M","?","$","?","E","R","M","T","$","E","M","E"],"items_purchased_type":["Card"],"build_version":"2020-12-22","purchased_purges":0,"victory":false,"max_hp_per_floor":[70,70,70,70,70,70,70,70,70,70,70,70,70,70],"card_choices":[{"not_picked":["Slice","Cloak And Dagger"],"picked":"Quick Slash","floor":1},{"not_picked":["Endless Agony","Sucker Punch"],"picked":"Quick Slash","floor":2},{"not_picked":["Leg Sweep","Deflect"],"picked":"Quick Slash","floor":3},{"not_picked":["Predator","Quick Slash"],"picked":"Dagger Throw","floor":6},{"not_picked":["Eviscerate","Dagger Spray","Prepared"],"picked":"SKIP","floor":8},{"not_picked":["Tools of the Trade","Deflect","Distraction"],"picked":"SKIP","floor":11},{"not_picked":["Sucker Punch","Dagger Spray"],"picked":"Slice","floor":12}],"player_experience":28088,"relics_obtained":[{"floor":6,"key":"Bottled Lightning"},{"floor":9,"key":"Ninja Scroll"},{"floor":11,"key":"Matryoshka"}],"event_choices":[{"damage_healed":0,"gold_gain":0,"cards_transformed":["Defend_G"],"player_choice":"Transformed","damage_taken":0,"max_hp_gain":0,"max_hp_loss":0,"event_name":"Transmorgrifier","floor":5,"gold_loss":0,"cards_obtained":["Doppelganger"]}],"is_beta":false,"boss_relics":[],"items_purged_floors":[],"is_endless":false,"potions_floor_spawned":[1,6],"killed_by":"Lagavulin","ascension_level":3}}