{"host":"ssbj2e5691x5ub3h","time":1609072191,"event":{"mods":["BaseMod","Duelist Mod","Minty Spire (QoL Compilation)","StSLib"],"gold_per_floor":[136,136,136,151,170,170,170],"floor_reached":6,"playtime":362,"items_purged":[],"score":54,"play_id":"7470e9a3-b116-462b-b676-16d37e0789bd","local_time":"20201227102951","is_ascension_mode":true,"campfire_choices":[],"circlet_count":0,"master_deck":["AscendersBane","theDuelist:Biofalcon","theDuelist:CastleWalls","theDuelist:CastleWalls","theDuelist:Deskbot004","theDuelist:Deskbot004","theDuelist:Deskbot005","theDuelist:Deskbot005","theDuelist:GreenGadget","theDuelist:Sparks","theDuelist:Sparks","theDuelist:SwordsConcealing","theDuelist:StimPack","theDuelist:BlastingFuse","theDuelist:Deskbot008"],"relics":["theDuelist:MillenniumPuzzle","theDuelist:CardPoolRelic","theDuelist:CardPoolBasicRelic","theDuelist:BoosterPackPoolRelic","theDuelist:CardPoolAddRelic","theDuelist:CardPoolMinusRelic","theDuelist:CardPoolSaveRelic","theDuelist:CardPoolOptionsRelic"],"acts_visited":["Exordium"],"potions_floor_usage":[],"damage_taken":[{"damage":2,"enemies":"Jaw Worm","floor":1,"turns":4},{"damage":7,"enemies":"2 Louse","floor":4,"turns":2},{"damage":12,"enemies":"Cultist","floor":5,"turns":6},{"damage":18,"enemies":"3 Sentries","floor":6,"turns":5}],"seed_played":"-5150124808759524747","potions_obtained":[{"floor":1,"key":"Dexterity Potion"}],"is_trial":false,"path_per_floor":["M","?","?","M","M","E"],"character_chosen":"THE_DUELIST","items_purchased":[],"campfire_rested":0,"item_purchase_floors":[],"current_hp_per_floor":[70,70,70,63,51,33,33],"gold":170,"neow_bonus":"ONE_RANDOM_RARE_CARD","is_daily":false,"chose_seed":false,"campfire_upgraded":0,"win_rate":0.0,"timestamp":1609072191,"path_taken":["M","?","?","M","M","E"],"items_purchased_type":[],"build_version":"2020-12-22","purchased_purges":0,"victory":false,"max_hp_per_floor":[80,80,80,80,80,80,80],"card_choices":[{"not_picked":["theDuelist:Deskbot004","theDuelist:Deskbot005","theDuelist:GenexAllyBirdman","theDuelist:ChaosAncientGearGiant"],"picked":"theDuelist:StimPack","floor":1},{"not_picked":["theDuelist:ParallelPortArmor","theDuelist:OrbitalBombardment","theDuelist:CyberneticOverflow","theDuelist:ArtifactSanctum"],"picked":"theDuelist:BlastingFuse","floor":4},{"not_picked":["theDuelist:BlindDestruction","theDuelist:Deskbot002","theDuelist:AllySalvo","theDuelist:HeavyFreightTrainDerricane"],"picked":"theDuelist:Deskbot008","floor":5}],"player_experience":250724,"relics_obtained":[],"event_choices":[{"damage_healed":0,"gold_gain":0,"player_choice":"Leave","duelist":true,"damage_taken":0,"max_hp_gain":0,"max_hp_loss":0,"event_name":"Relic Duplicator","floor":2,"gold_loss":0},{"damage_healed":0,"gold_gain":0,"player_choice":"Ignored","damage_taken":0,"max_hp_gain":0,"max_hp_loss":0,"event_name":"Shining Light","floor":3,"gold_loss":0}],"is_beta":false,"boss_relics":[],"items_purged_floors":[],"is_endless":false,"potions_floor_spawned":[1],"killed_by":"3 Sentries","ascension_level":10}}