{"host":"7tkrmasug91pv8cz","time":1609086183,"event":{"mods":["2.2 Compatiblity","AchievementEnabler","Ascension Reborn","BaseMod","CapriCore","DeckTracker","Hermit","Koishi","Marisa£¨Ùöéë¡¡Øª×âÞÞ£©","Minty Spire (QoL Compilation)","Permanent Neow","StSLib","SuperFastMode","The Alterego","The Cursed","The Dragon Tamer","The Gatherer","The Immortal"],"gold_per_floor":[116,132,154,36,49,89,89,112,112,154,154,168,203,219,219,345,345,369,184,201,212,225,249,283,283,283,306,328,341,355,377,377,498,498,521,544,561,617,633,674,687,704,735,758,330,330,343,356,356,356,356,356,64,98,98],"floor_reached":56,"playtime":2558,"items_purged":["Defend_P+1","Defend_P+1","Defend_P+1"],"score":525,"play_id":"9370ca19-1543-488e-a407-1482e58f1667","local_time":"20201228012303","is_ascension_mode":true,"campfire_choices":[{"data":"MentalFortress","floor":7,"key":"SMITH"},{"data":"Consecrate","floor":15,"key":"SMITH"},{"data":"Vault","floor":25,"key":"SMITH"},{"floor":32,"key":"REST"},{"floor":46,"key":"RECALL"},{"data":"TalkToTheHand","floor":49,"key":"SMITH"}],"circlet_count":0,"master_deck":["Strike_P+1","Strike_P+1","Strike_P+1","Strike_P+1","Defend_P+1","Eruption+1","Vigilance+1","EmptyMind+1","Indignation+1","MentalFortress+1","FearNoEvil+1","Wallop+1","Consecrate+1","Vault+1","Study+1","TalkToTheHand+1","Tantrum+1"],"relics":["SlaversCollar","Blood Vial","Frozen Egg 2","Mercury Hourglass","CeramicFish","Ice Cream","Mango","HandDrill","Damaru","Toy Ornithopter","CaptainsWheel","Happy Flower","Incense Burner","Dream Catcher","TungstenRod","Coffee Dripper","Boot","CatCart","Letter Opener","Whetstone","Centennial Puzzle","Pantograph","Gremlin Horn","Orrery","Ornamental Fan","Vajra","StoneCalendar"],"acts_visited":["Exordium","TheCity","TheBeyond","TheEnding"],"potions_floor_usage":[55,55],"damage_taken":[{"damage":0,"enemies":"Small Slimes","floor":1,"turns":1},{"damage":0,"enemies":"Jaw Worm","floor":2,"turns":2},{"damage":0,"enemies":"2 Louse","floor":3,"turns":1},{"damage":0,"enemies":"2 Fungi Beasts","floor":5,"turns":2},{"damage":18,"enemies":"Gremlin Nob","floor":6,"turns":3},{"damage":0,"enemies":"Red Slaver","floor":8,"turns":1},{"damage":0,"enemies":"Lagavulin","floor":10,"turns":2},{"damage":0,"enemies":"Looter","floor":12,"turns":1},{"damage":0,"enemies":"2 Fungi Beasts","floor":13,"turns":2},{"damage":0,"enemies":"Gremlin Gang","floor":14,"turns":2},{"damage":0,"enemies":"Slime Boss","floor":16,"turns":3},{"damage":0,"enemies":"Shell Parasite","floor":18,"turns":3},{"damage":0,"enemies":"Spheric Guardian","floor":20,"turns":2},{"damage":15,"enemies":"Snake Plant","floor":22,"turns":2},{"damage":0,"enemies":"Centurion and Healer","floor":23,"turns":2},{"damage":2,"enemies":"Book of Stabbing","floor":24,"turns":4},{"damage":0,"enemies":"3 Cultists","floor":27,"turns":3},{"damage":0,"enemies":"Snake Plant","floor":28,"turns":2},{"damage":0,"enemies":"Cultist and Chosen","floor":29,"turns":3},{"damage":0,"enemies":"Shelled Parasite and Fungi","floor":30,"turns":2},{"damage":30,"enemies":"Snake Plant","floor":31,"turns":2},{"damage":0,"enemies":"Collector","floor":33,"turns":4},{"damage":0,"enemies":"Orb Walker","floor":35,"turns":2},{"damage":4,"enemies":"3 Shapes","floor":36,"turns":3},{"damage":0,"enemies":"Maw","floor":37,"turns":5},{"damage":0,"enemies":"Orin","floor":38,"turns":4},{"damage":5,"enemies":"4 Shapes","floor":39,"turns":2},{"damage":0,"enemies":"Nemesis","floor":40,"turns":3},{"damage":0,"enemies":"Transient","floor":41,"turns":6},{"damage":0,"enemies":"Spire Growth","floor":42,"turns":3},{"damage":0,"enemies":"Maw","floor":44,"turns":4},{"damage":0,"enemies":"Jaw Worm Horde","floor":47,"turns":2},{"damage":0,"enemies":"Transient","floor":48,"turns":6},{"damage":0,"enemies":"Time Eater","floor":50,"turns":8},{"damage":0,"enemies":"Shield and Spear","floor":54,"turns":3},{"damage":0,"enemies":"The Heart","floor":55,"turns":6}],"seed_played":"-3304480834920481112","potions_obtained":[{"floor":1,"key":"AttackPotion"},{"floor":2,"key":"DistilledChaos"},{"floor":3,"key":"PowerPotion"},{"floor":5,"key":"LiquidMemories"},{"floor":6,"key":"DistilledChaos"},{"floor":14,"key":"CultistPotion"},{"floor":16,"key":"Block Potion"},{"floor":20,"key":"FairyPotion"}],"is_trial":false,"path_per_floor":["M","M","M","$","M","E","R","M","T","E","?","M","M","M","R","B",null,"M","$","M","?","M","M","E","R","T","M","M","M","M","M","R","B",null,"M","M","M","?","M","E","M","M","T","M","$","R","M","M","R","B",null,"R","$","E","B",null],"character_chosen":"WATCHER","items_purchased":["MentalFortress","HandDrill","Gremlin Horn","TalkToTheHand","Orrery","Ornamental Fan","Vajra"],"campfire_rested":1,"item_purchase_floors":[4,19,45,45,45,53,53],"current_hp_per_floor":[76,76,76,76,76,58,58,61,61,64,49,52,55,58,58,87,94,94,94,94,94,79,82,83,83,83,86,89,92,94,64,94,98,98,98,94,97,98,93,96,98,98,98,98,98,98,98,98,98,102,102,102,102,102,106],"gold":98,"neow_bonus":"BOSS_RELIC","is_daily":false,"chose_seed":false,"campfire_upgraded":4,"win_rate":0.0,"timestamp":1609086183,"path_taken":["M","M","M","$","M","E","R","M","T","E","?","M","M","M","R","BOSS","M","$","M","?","M","M","E","R","T","M","M","M","M","M","R","BOSS","M","M","M","?","M","E","M","M","T","M","$","R","M","M","R","BOSS","R","$","E","BOSS"],"items_purchased_type":["Card","Relic","Relic","Card","Relic","Relic","Relic"],"build_version":"2020-12-22","purchased_purges":3,"victory":true,"max_hp_per_floor":[76,76,76,76,76,76,76,76,76,76,76,76,76,76,76,94,94,94,94,94,94,94,94,94,94,94,94,94,94,94,94,94,98,98,98,98,98,98,98,98,98,98,98,98,98,98,98,98,98,102,102,102,102,102,106],"card_choices":[{"not_picked":["Halt","FlyingSleeves","JustLucky+1"],"picked":"SKIP","floor":1},{"not_picked":["Tantrum","JustLucky"],"picked":"EmptyMind+1","floor":2},{"not_picked":["FlyingSleeves","EmptyBody"],"picked":"Indignation+1","floor":3},{"not_picked":["EmptyBody","FlyingSleeves","Crescendo"],"picked":"SKIP","floor":5},{"not_picked":["Evaluate+1","JustLucky"],"picked":"FearNoEvil","floor":6},{"not_picked":["Perseverance+1","Evaluate","ReachHeaven+1"],"picked":"SKIP","floor":6},{"not_picked":["Indignation+1","Wireheading+1","EmptyMind"],"picked":"SKIP","floor":8},{"not_picked":["FearNoEvil+1","WheelKick"],"picked":"Wallop","floor":10},{"not_picked":["Collect","ThirdEye","WindmillStrike"],"picked":"SKIP","floor":10},{"not_picked":["Evaluate+1","SashWhip","Collect"],"picked":"SKIP","floor":12},{"not_picked":["Evaluate","Ragnarok"],"picked":"Consecrate","floor":13},{"not_picked":["ClearTheMind","JustLucky","EmptyBody+1"],"picked":"SKIP","floor":14},{"not_picked":["ConjureBlade","DevaForm+1"],"picked":"Vault","floor":16},{"not_picked":["Halt+1","WreathOfFlame","FlyingSleeves+1"],"picked":"SKIP","floor":18},{"not_picked":["LikeWater+1","ThirdEye+1","Evaluate+1"],"picked":"SKIP","floor":20},{"not_picked":["EmptyFist","PathToVictory","FlyingSleeves"],"picked":"SKIP","floor":22},{"not_picked":["Evaluate+1","Sanctity","CrushJoints"],"picked":"SKIP","floor":23},{"not_picked":["JustLucky+1","Evaluate","Wireheading+1"],"picked":"SKIP","floor":24},{"not_picked":["InnerPeace","EmptyMind+1","BattleHymn+1"],"picked":"SKIP","floor":27},{"not_picked":["WaveOfTheHand+1","Pray+1","ThirdEye+1"],"picked":"SKIP","floor":28},{"not_picked":["Halt","InnerPeace+1","FlyingSleeves"],"picked":"SKIP","floor":29},{"not_picked":["Alpha","Study+1","EmptyBody"],"picked":"SKIP","floor":30},{"not_picked":["SignatureMove","Protect+1","Nirvana+1"],"picked":"SKIP","floor":31},{"not_picked":["JustLucky+1","Crescendo+1","FollowUp+1"],"picked":"SKIP","floor":35},{"not_picked":["JustLucky","Crescendo+1","FlyingSleeves"],"picked":"SKIP","floor":36},{"not_picked":["ThirdEye+1","Protect","Ragnarok"],"picked":"SKIP","floor":37},{"not_picked":["CrushJoints+1","FlyingSleeves+1","FlurryOfBlows+1"],"picked":"SKIP","floor":39},{"not_picked":["CrushJoints+1","Weave+1","Consecrate+1"],"picked":"SKIP","floor":40},{"not_picked":["Wallop+1","Sanctity+1","FlurryOfBlows+1"],"picked":"SKIP","floor":41},{"not_picked":["Prostrate+1","EmptyFist","PathToVictory"],"picked":"SKIP","floor":42},{"not_picked":["LessonLearned","WindmillStrike","Crescendo+1"],"picked":"SKIP","floor":44},{"not_picked":["Weave+1","EmptyFist+1"],"picked":"Tantrum+1","floor":45},{"not_picked":["ClearTheMind","JustLucky+1","SashWhip+1"],"picked":"SKIP","floor":47},{"not_picked":["Indignation+1","Weave","Consecrate+1"],"picked":"SKIP","floor":48},{"not_picked":["DeceiveReality+1","InnerPeace","Omniscience"],"picked":"SKIP","floor":54}],"player_experience":131581,"relics_obtained":[{"floor":6,"key":"Blood Vial"},{"floor":9,"key":"Frozen Egg 2"},{"floor":9,"key":"Mercury Hourglass"},{"floor":10,"key":"CeramicFish"},{"floor":14,"key":"Ice Cream"},{"floor":16,"key":"Mango"},{"floor":23,"key":"Damaru"},{"floor":24,"key":"Toy Ornithopter"},{"floor":26,"key":"CaptainsWheel"},{"floor":26,"key":"Happy Flower"},{"floor":27,"key":"Incense Burner"},{"floor":31,"key":"Dream Catcher"},{"floor":33,"key":"TungstenRod"},{"floor":37,"key":"Boot"},{"floor":38,"key":"CatCart"},{"floor":39,"key":"Letter Opener"},{"floor":40,"key":"Whetstone"},{"floor":41,"key":"Centennial Puzzle"},{"floor":43,"key":"Pantograph"},{"floor":54,"key":"StoneCalendar"}],"event_choices":[{"damage_healed":0,"gold_gain":0,"player_choice":"Entered Light","damage_taken":15,"max_hp_gain":0,"max_hp_loss":0,"event_name":"Shining Light","floor":11,"gold_loss":0,"cards_upgraded":["FearNoEvil","Wallop"]},{"damage_healed":0,"gold_gain":0,"player_choice":"Read","damage_taken":0,"max_hp_gain":0,"max_hp_loss":0,"event_name":"The Library","floor":21,"gold_loss":0,"cards_obtained":["Study"]},{"damage_healed":0,"gold_gain":0,"player_choice":"Fight","damage_taken":0,"max_hp_gain":0,"max_hp_loss":0,"event_name":"OrinTheCat","floor":38,"gold_loss":0}],"is_beta":false,"boss_relics":[{"not_picked":["Ectoplasm","Busted Crown","Snecko Eye"]},{"not_picked":["Sozu","Runic Pyramid"],"picked":"Coffee Dripper"}],"items_purged_floors":[4,19,45],"is_endless":false,"potions_floor_spawned":[3,5,13,14,16,20,24,29,30,33,39,40,44,48],"ascension_level":-20}}