{"host":"ixtszv54kd1m8623","time":1609030061,"event":{"mods":["Act Like it!","Aspiration","Bard","BaseMod","Beaked The Cultist","ChefMod","Colored Map","Colored Powertips","Conspire","Downfall","Gensokyo","Halation","Hermit","Hubris","Infinite Spire","Jorbs\u0027s Wanderer Trilogy","Minty Spire (QoL Compilation)","Replay The Spire","Robot Space Explorer","Shade Mod","Shop Mod","StSLib","The Blackbeard","The Bug Knight","The Cursed","The Dragon Tamer","The Marked","The Runesmith"],"gold_per_floor":[99,112,129,148,164,178,178,193,293,293,308,483,483,483,503,608,608,608,608,608,625,639,639,663,663,663,663,663],"floor_reached":26,"playtime":1342,"items_purged":[],"score":200,"play_id":"dec52c21-a98b-44e5-9d01-022e23e60225","local_time":"20201226164741","is_ascension_mode":false,"campfire_choices":[{"data":"champ:Improvising","floor":1,"key":"SMITH"},{"data":"champ:FanOfKnives","floor":10,"key":"SMITH"},{"data":"champ:Backstep","floor":13,"key":"SMITH"},{"data":"champ:VampiricStrike","floor":18,"key":"SMITH"},{"floor":25,"key":"REST"}],"circlet_count":0,"master_deck":["champ:Strike","champ:Strike","champ:Strike","champ:Strike","champ:Defend","champ:Defend","champ:Defend","champ:Defend","champ:Execute","champ:Taunt","champ:Improvising+1","champ:DeathBlow","champ:FanOfKnives+1","champ:BringItOn","champ:TornadoPunch","champ:Duel","champ:FocusedDefense","champ:Backstep+1","Doubt","stsjorbsmod:Procrastination","Metallicize","champ:VampiricStrike+1","Writhe","champ:Encircle+1","champ:GladiatorStyle"],"relics":["champ:ChampionCrown","Eternal Feather","downfall:GremlinWheel","infinitespire:Bottled Soul","hubris:DisguiseKit","conspire:SlowCooker","aspiration:FetidBarrel","Regal Pillow"],"acts_visited":["Exordium","TheCity"],"potions_floor_usage":[8,9,15,16,16,26],"damage_taken":[{"damage":12,"enemies":"Jaw Worm","floor":2,"turns":7},{"damage":3,"enemies":"conspire:RoseBush","floor":3,"turns":5},{"damage":7,"enemies":"2 Louse","floor":4,"turns":3},{"damage":11,"enemies":"Blue Slaver","floor":5,"turns":5},{"damage":5,"enemies":"3 Louse","floor":6,"turns":3},{"damage":17,"enemies":"Exordium Thugs","floor":8,"turns":5},{"damage":29,"enemies":"Exordium Thugs","floor":9,"turns":5},{"damage":12,"enemies":"Blue Slaver","floor":11,"turns":4},{"damage":0,"enemies":"2 Fungi Beasts","floor":15,"turns":4},{"damage":42,"enemies":"downfall:Silent","floor":16,"turns":8},{"damage":20,"enemies":"3 Byrds","floor":21,"turns":6},{"damage":39,"enemies":"Snake Plant","floor":22,"turns":5},{"damage":104,"enemies":"conspire:SneckoGhost","floor":26,"turns":9}],"seed_played":"1441726040067607232","potions_obtained":[{"floor":3,"key":"FairyPotion"},{"floor":4,"key":"Milkshake"},{"floor":5,"key":"BlessingOfTheForge"},{"floor":8,"key":"FearPotion"},{"floor":11,"key":"BlessingOfTheForge"},{"floor":15,"key":"Reflective Coating"},{"floor":22,"key":"FearPotion"}],"is_trial":false,"path_per_floor":["R","M","M","M","M","M","T","M","?","R","M","?","R","?","M","B",null,"R","?","?","M","M","?","T","R","E"],"character_chosen":"THE_CHAMP","items_purchased":[],"campfire_rested":1,"item_purchase_floors":[],"current_hp_per_floor":[90,89,89,85,79,79,79,72,61,70,63,63,72,72,72,50,90,90,90,23,20,39,39,39,90,0,0,0],"gold":663,"neow_bonus":"ONE_RANDOM_RARE_CARD","is_daily":false,"chose_seed":false,"campfire_upgraded":4,"win_rate":0.0,"timestamp":1609030061,"path_taken":["R","M","M","M","M","M","T","M","?","R","?","?","R","?","M","BOSS","R","?","?","M","?","?","T","R","E"],"items_purchased_type":[],"build_version":"2020-12-22","purchased_purges":0,"victory":false,"max_hp_per_floor":[90,90,90,90,90,90,90,90,90,90,90,90,90,90,90,90,90,90,90,90,90,90,90,90,90,90,90,90],"card_choices":[{"not_picked":["champ:Duel","champ:GutPunch"],"picked":"champ:DeathBlow","floor":2},{"not_picked":["champ:FocusedDefense","champ:Encircle"],"picked":"champ:FanOfKnives","floor":3},{"not_picked":["champ:Circumvent","champ:GladiatorsShout"],"picked":"champ:BringItOn","floor":4},{"not_picked":["champ:Aggression","champ:FanOfKnives"],"picked":"champ:TornadoPunch","floor":5},{"not_picked":["champ:PerfectedStrike","champ:Haymaker"],"picked":"champ:Duel","floor":6},{"not_picked":["champ:AdrenalArmor","champ:BringItOn"],"picked":"champ:FocusedDefense","floor":8},{"not_picked":["champ:FanOfKnives","champ:HeartStrike"],"picked":"champ:Backstep","floor":11},{"not_picked":["champ:Improvising","champ:Haymaker","champ:Backstep"],"picked":"Metallicize","floor":15},{"not_picked":["champ:CrownThrow","champ:HeavySlash","Replay:Many Hands"],"picked":"champ:VampiricStrike","floor":16},{"not_picked":["champ:TornadoPunch","champ:BringItOn+1","Sword Boomerang"],"picked":"champ:Encircle+1","floor":21},{"not_picked":["champ:CalledShot","champ:Riposte","hubris:ReadiedAction"],"picked":"champ:GladiatorStyle","floor":22}],"player_experience":148253,"relics_obtained":[{"floor":7,"key":"Eternal Feather"},{"floor":9,"key":"downfall:GremlinWheel"},{"floor":13,"key":"infinitespire:Bottled Soul"},{"floor":24,"key":"Regal Pillow"}],"event_choices":[{"damage_healed":0,"gold_gain":0,"player_choice":"Relic","damage_taken":0,"max_hp_gain":0,"max_hp_loss":0,"event_name":"Wheel of Change","floor":13,"gold_loss":0},{"damage_healed":0,"gold_gain":0,"player_choice":"Ignored","damage_taken":0,"max_hp_gain":0,"max_hp_loss":0,"event_name":"Vampires","floor":23,"gold_loss":0}],"is_beta":false,"boss_relics":[{"not_picked":["conspire:SeveredTorchhead","Empty Cage"],"picked":"conspire:SlowCooker"}],"items_purged_floors":[],"is_endless":false,"potions_floor_spawned":[3,4,5,8,11,15,22],"killed_by":"conspire:SneckoGhost","ascension_level":0}}