{"host":"7rbm8f2f6g6gk634","time":1609105565,"event":{"mods":["BaseMod","Colored Map","Filter the Spire","Minty Spire (QoL Compilation)","Relic Stats","StSLib"],"gold_per_floor":[117,217,235,247,16,16,34,69,69,69,101,71,2,28,28,131,131,143,157,157,167,266,298,298,330,353,45,71,83,97,97,97,193,193,204,68,78,128,177,177,204,204,230,243,275,275,275,275,275,275,275,275,43,77,77],"floor_reached":56,"playtime":3560,"items_purged":["Strike_B","Strike_B+1"],"score":1530,"play_id":"93d6f436-cef3-460c-80ca-0042eb564179","local_time":"20201227224605","is_ascension_mode":true,"campfire_choices":[{"data":"Streamline","floor":6.0,"key":"SMITH"},{"data":"Hologram","floor":10.0,"key":"SMITH"},{"data":"Defragment","floor":15.0,"key":"SMITH"},{"data":"Doom and Gloom","floor":24.0,"key":"SMITH"},{"data":"Sunder","floor":32.0,"key":"SMITH"},{"data":"Biased Cognition","floor":40.0,"key":"SMITH"},{"floor":46,"key":"RECALL"},{"data":"Coolheaded","floor":49,"key":"SMITH"},{"data":"Capacitor","floor":52,"key":"SMITH"}],"circlet_count":0,"master_deck":["Strike_B+1","Defend_B+1","Defend_B+1","Defend_B+1","Defend_B+1","Zap","Dualcast","Ball Lightning","Hologram+1","Echo Form","Streamline+1","Coolheaded+1","Coolheaded","Doom and Gloom+1","Defragment+1","Multi-Cast","Hologram","Steam","Sunder+1","Fusion+1","Conserve Battery+1","Capacitor+1","Sunder+1","Heatsinks+1","Glacier","Storm","Biased Cognition+1","White Noise+1","Undo","Barrage+1","Turbo+1","Writhe","Static Discharge+1","Reinforced Body+1","Loop","Barrage+1"],"relics":["Snecko Eye","Cables","Pear","InkBottle","Meat on the Bone","Nuclear Battery","Bottled Lightning","Torii","Strawberry","ClockworkSouvenir","Prayer Wheel","Busted Crown","Thread and Needle","FossilizedHelix","Blue Candle","PreservedInsect","Runic Capacitor","Toy Ornithopter"],"acts_visited":["Exordium","TheCity","TheBeyond","TheEnding"],"potions_floor_usage":[55,55,55],"damage_taken":[{"damage":2.0,"enemies":"Jaw Worm","floor":1.0,"turns":4.0},{"damage":1.0,"enemies":"Cultist","floor":3.0,"turns":3.0},{"damage":0.0,"enemies":"Small Slimes","floor":4.0,"turns":2.0},{"damage":6.0,"enemies":"Exordium Thugs","floor":7.0,"turns":3.0},{"damage":16.0,"enemies":"3 Sentries","floor":8.0,"turns":5.0},{"damage":22.0,"enemies":"Gremlin Nob","floor":11.0,"turns":4.0},{"damage":10.0,"enemies":"Lagavulin","floor":14.0,"turns":3.0},{"damage":11.0,"enemies":"Hexaghost","floor":16.0,"turns":5.0},{"damage":0.0,"enemies":"Chosen","floor":18.0,"turns":2.0},{"damage":0.0,"enemies":"3 Byrds","floor":19.0,"turns":4.0},{"damage":2.0,"enemies":"Snecko","floor":21.0,"turns":3.0},{"damage":21.0,"enemies":"Gremlin Leader","floor":23.0,"turns":4.0},{"damage":14.0,"enemies":"Slavers","floor":25.0,"turns":2.0},{"damage":0.0,"enemies":"Gremlin Leader","floor":28.0,"turns":4.0},{"damage":1.0,"enemies":"Centurion and Healer","floor":29.0,"turns":5.0},{"damage":1.0,"enemies":"3 Cultists","floor":30.0,"turns":3.0},{"damage":1.0,"enemies":"Collector","floor":33.0,"turns":5.0},{"damage":1.0,"enemies":"3 Shapes","floor":35.0,"turns":3.0},{"damage":0.0,"enemies":"Orb Walker","floor":37.0,"turns":3.0},{"damage":0.0,"enemies":"Mind Bloom Boss Battle","floor":38.0,"turns":3.0},{"damage":39.0,"enemies":"2 Orb Walkers","floor":39.0,"turns":5.0},{"damage":15.0,"enemies":"Reptomancer","floor":41.0,"turns":3.0},{"damage":0.0,"enemies":"Transient","floor":44.0,"turns":5.0},{"damage":0,"enemies":"Nemesis","floor":45,"turns":5},{"damage":27,"enemies":"Awakened One","floor":50,"turns":9},{"damage":42,"enemies":"Shield and Spear","floor":54,"turns":5},{"damage":34,"enemies":"The Heart","floor":55,"turns":7}],"seed_played":"-6324976845714746897","potions_obtained":[{"floor":7.0,"key":"EssenceOfSteel"},{"floor":11.0,"key":"Weak Potion"},{"floor":12.0,"key":"DistilledChaos"},{"floor":12.0,"key":"DistilledChaos"},{"floor":18.0,"key":"Fire Potion"},{"floor":23.0,"key":"Fruit Juice"},{"floor":25.0,"key":"PotionOfCapacity"},{"floor":29.0,"key":"LiquidBronze"},{"floor":45,"key":"FocusPotion"}],"is_trial":false,"path_per_floor":["M","?","M","M","$","R","M","E","T","R","E","?","$","E","R","B",null,"M","M","?","M","?","E","R","E","T","$","E","M","M","?","R","B",null,"M","$","M","?","?","R","E","?","T","M","E","R","?","?","R","B",null,"R","$","E","B",null],"character_chosen":"DEFECT","items_purchased":["Echo Form","Streamline","Coolheaded","Defragment","ClockworkSouvenir","Capacitor","Undo","Runic Capacitor","Loop"],"campfire_rested":0,"item_purchase_floors":[5,5,5,13,27,27,36,53,53],"current_hp_per_floor":[73,73,72,72,72,72,66,50,60,60,38,38,38,28,28,29,85,85,85,85,83,83,62,62,48,55,55,55,59,58,58,58,57,97,96,96,96,96,57,57,54,78,78,78,78,78,78,78,78,51,97,97,97,55,48],"gold":77,"neow_bonus":"BOSS_RELIC","is_daily":false,"chose_seed":false,"campfire_upgraded":8,"win_rate":0.0,"timestamp":1609105565,"path_taken":["M","?","M","?","$","R","M","E","T","R","E","?","?","E","R","BOSS","M","M","?","?","?","E","R","E","T","$","E","M","M","?","R","BOSS","M","$","M","?","?","R","E","?","T","?","E","R","?","?","R","BOSS","R","$","E","BOSS"],"items_purchased_type":["Card","Card","Card","Card","Relic","Card","Card","Relic","Card"],"build_version":"2020-12-22","purchased_purges":2,"victory":true,"max_hp_per_floor":[75,75,75,75,75,75,75,75,85,85,85,85,85,85,85,85,85,85,85,85,85,85,85,85,85,92,92,92,97,97,97,97,97,97,97,97,97,97,97,97,97,97,97,97,97,97,97,97,97,97,97,97,97,97,97],"relic_stats":{"Busted Crown":22,"Torii":14,"counters":[27,109],"Blue Candle":[4],"Snecko Eye":[209,227,204,221],"Prayer Wheel":5,"PreservedInsect":68,"obtain_stats":[{"Pear":9,"Torii":25,"Blue Candle":41,"Thread and Needle":38,"PreservedInsect":45,"Runic Capacitor":53,"Cables":8,"Nuclear Battery":17,"ClockworkSouvenir":27,"Busted Crown":34,"Strawberry":26,"Snecko Eye":0,"Prayer Wheel":28,"Bottled Lightning":23,"Cracked Core":0,"InkBottle":11,"FossilizedHelix":39,"Toy Ornithopter":54,"Meat on the Bone":14},{"Pear":5,"Torii":13,"Blue Candle":22,"Thread and Needle":20,"PreservedInsect":24,"Runic Capacitor":25,"Cables":5,"Nuclear Battery":8,"ClockworkSouvenir":13,"Busted Crown":17,"Strawberry":13,"Snecko Eye":0,"Prayer Wheel":14,"Bottled Lightning":12,"Cracked Core":0,"InkBottle":6,"FossilizedHelix":21,"Toy Ornithopter":26,"Meat on the Bone":7},{"Pear":17,"Torii":44,"Blue Candle":78,"Thread and Needle":70,"PreservedInsect":88,"Runic Capacitor":97,"Cables":17,"Nuclear Battery":29,"ClockworkSouvenir":44,"Busted Crown":61,"Strawberry":44,"Snecko Eye":0,"Prayer Wheel":48,"Bottled Lightning":42,"Cracked Core":0,"InkBottle":21,"FossilizedHelix":75,"Toy Ornithopter":102,"Meat on the Bone":24}],"InkBottle":[47],"Toy Ornithopter":15,"Cables":[93,16,21,8,48],"Meat on the Bone":36},"card_choices":[{"not_picked":["Gash","Compile Driver"],"picked":"Rebound","floor":1.0},{"not_picked":["Rebound","Chill"],"picked":"Ball Lightning","floor":3.0},{"not_picked":["Go for the Eyes","Static Discharge"],"picked":"Hologram","floor":4.0},{"not_picked":["Chaos","Gash"],"picked":"Coolheaded","floor":7.0},{"not_picked":["Reboot","Coolheaded","Gash"],"picked":"SKIP","floor":8.0},{"not_picked":["Sweeping Beam","Recycle"],"picked":"Doom and Gloom","floor":11.0},{"not_picked":["Barrage","Streamline","Coolheaded"],"picked":"SKIP","floor":14.0},{"not_picked":["Core Surge","Thunder Strike"],"picked":"Multi-Cast","floor":16.0},{"not_picked":["Turbo","Streamline","Genetic Algorithm"],"picked":"SKIP","floor":18.0},{"not_picked":["Darkness","Gash"],"picked":"Hologram","floor":19.0},{"not_picked":["Self Repair","Coolheaded"],"picked":"Sunder+1","floor":21.0},{"not_picked":["Steam","Ball Lightning+1"],"picked":"Fusion+1","floor":23.0},{"not_picked":["Rebound","Ball Lightning+1"],"picked":"Conserve Battery+1","floor":25.0},{"not_picked":["Beam Cell","Compile Driver+1","Sweeping Beam"],"picked":"SKIP","floor":28.0},{"not_picked":["Go for the Eyes+1","Conserve Battery"],"picked":"Sunder","floor":29.0},{"not_picked":["Blizzard","Melter+1"],"picked":"Heatsinks+1","floor":29.0},{"not_picked":["Rip and Tear","Barrage"],"picked":"Glacier","floor":30.0},{"not_picked":["Turbo","Lockon"],"picked":"Storm","floor":30.0},{"not_picked":["Multi-Cast","Creative AI"],"picked":"Biased Cognition","floor":33.0},{"not_picked":[],"picked":"White Noise+1","floor":35.0},{"not_picked":["Leap+1"],"picked":"SKIP","floor":35.0},{"not_picked":["BootSequence+1"],"picked":"SKIP","floor":37.0},{"not_picked":["Beam Cell"],"picked":"SKIP","floor":37.0},{"not_picked":[],"picked":"Barrage+1","floor":39.0},{"not_picked":[],"picked":"Turbo+1","floor":41.0},{"not_picked":[],"picked":"Static Discharge+1","floor":44.0},{"not_picked":["Hello World+1"],"picked":"SKIP","floor":44.0},{"not_picked":[],"picked":"Reinforced Body+1","floor":45},{"not_picked":[],"picked":"Barrage+1","floor":54}],"player_experience":341329,"relics_obtained":[{"floor":8.0,"key":"Cables"},{"floor":9.0,"key":"Pear"},{"floor":11.0,"key":"InkBottle"},{"floor":14.0,"key":"Meat on the Bone"},{"floor":23.0,"key":"Bottled Lightning"},{"floor":25.0,"key":"Torii"},{"floor":26.0,"key":"Strawberry"},{"floor":28.0,"key":"Prayer Wheel"},{"floor":38.0,"key":"Thread and Needle"},{"floor":39.0,"key":"FossilizedHelix"},{"floor":41.0,"key":"Blue Candle"},{"floor":45,"key":"PreservedInsect"},{"floor":54,"key":"Toy Ornithopter"}],"event_choices":[{"damage_healed":0.0,"max_hp_gain":0.0,"max_hp_loss":0.0,"gold_gain":100.0,"event_name":"Golden Shrine","player_choice":"Pray","floor":2.0,"gold_loss":0.0,"damage_taken":0.0},{"damage_healed":0.0,"max_hp_gain":0.0,"max_hp_loss":0.0,"gold_gain":0.0,"event_name":"The Woman in Blue","player_choice":"Bought 2 Potions","floor":12.0,"gold_loss":0.0,"damage_taken":0.0},{"damage_healed":0.0,"max_hp_gain":0.0,"max_hp_loss":0.0,"gold_gain":0.0,"cards_transformed":["Strike_B"],"event_name":"Transmorgrifier","player_choice":"Transformed","floor":20.0,"gold_loss":0.0,"damage_taken":0.0,"cards_obtained":["Steam"]},{"damage_healed":0.0,"max_hp_gain":0.0,"max_hp_loss":0.0,"gold_gain":99.0,"event_name":"Nest","player_choice":"Stole From Cult","floor":22.0,"gold_loss":0.0,"damage_taken":0.0},{"damage_healed":0.0,"max_hp_gain":0.0,"max_hp_loss":0.0,"gold_gain":0.0,"event_name":"Back to Basics","player_choice":"Simplicity","floor":31.0,"gold_loss":0.0,"damage_taken":0.0,"cards_upgraded":["Strike_B","Strike_B","Defend_B","Defend_B","Defend_B","Defend_B"]},{"damage_healed":0.0,"max_hp_gain":0.0,"max_hp_loss":0.0,"gold_gain":0.0,"event_name":"MindBloom","player_choice":"Fight","floor":38.0,"gold_loss":0.0,"damage_taken":0.0},{"damage_healed":0.0,"max_hp_gain":0.0,"max_hp_loss":0.0,"gold_gain":0.0,"event_name":"Mysterious Sphere","player_choice":"Fight","floor":39.0,"gold_loss":0.0,"damage_taken":0.0},{"damage_healed":24.0,"max_hp_gain":0.0,"max_hp_loss":0.0,"gold_gain":0.0,"event_name":"Winding Halls","player_choice":"Writhe","floor":42.0,"gold_loss":0.0,"damage_taken":0.0,"cards_obtained":["Writhe"]},{"damage_healed":0,"gold_gain":0,"player_choice":"Ignored","damage_taken":0,"max_hp_gain":0,"max_hp_loss":0,"event_name":"Tomb of Lord Red Mask","floor":47,"gold_loss":0},{"cards_removed":["Rebound"],"damage_healed":0,"gold_gain":0,"player_choice":"Removed Attack","damage_taken":0,"max_hp_gain":0,"max_hp_loss":0,"event_name":"Falling","floor":48,"gold_loss":0}],"is_beta":false,"boss_relics":[{"not_picked":["Fusion Hammer","SlaversCollar"],"picked":"Nuclear Battery"},{"not_picked":["Philosopher\u0027s Stone","Coffee Dripper"],"picked":"Busted Crown"}],"items_purged_floors":[27,36],"is_endless":false,"potions_floor_spawned":[7,11,18,19,23,25,29,35,44,45],"ascension_level":4}}