{"host":"enmin8e0t0h2jpek","time":1609107374,"event":{"mods":["AchievementEnabler","BaseMod","BetterRewards","Colored Map","Colored Powertips","DeckTracker","Gremlin Skip","Highlight Path","Minty Spire (QoL Compilation)","Quick Restart","Rare Cards Sparkle","Relic Stats","Remove Card Discount Mod","Replay The Spire","Shop Mod","StSLib","SuperFastMode","Transform Curses","slay the spire mod where everything is the same but ironclad has a cowboy hat"],"gold_per_floor":[109,109,109,184,184,184,213,7291,7317,7330,7345,7345,7357,7369,7393,7420,7707,7817,7829,7853,7865,7892,7923,7855,7899,7927,7939,7998,8025,8037,8069,8097,8137,8149,8161,8173,8285,8397,8429,8455,8467,8479,8589,8617,7636,7664,7675,7675,7701,7701,7728,7728,7776,7791,7791,7791],"floor_reached":57,"playtime":3366,"items_purged":["Clothesline+1","Survey Options+1","ReplayTheSpireMod:Splinters","BowlingBash"],"score":1181,"play_id":"48387b3e-42a3-4b50-9edb-f9a3ead0a29a","local_time":"20201227231614","is_ascension_mode":false,"campfire_choices":[{"data":"Inflame","floor":6,"key":"SMITH"},{"floor":12,"key":"DIG"},{"floor":27,"key":"DIG"},{"data":"Seeing Red","floor":30,"key":"SMITH"},{"floor":36,"key":"DIG"},{"data":"FlyingSleeves","floor":48,"key":"SMITH"},{"data":"Poisoned Stab","floor":50,"key":"SMITH"},{"floor":52,"key":"DIG"},{"data":"EmptyBody+1","floor":55,"key":"PURGE"}],"circlet_count":0,"master_deck":["Strike_R","Strike_R","Strike_R","Strike_R+1","Strike_R+1","Defend_R+1","Defend_R+2","Defend_R","Defend_R","The Bomb","Inflame+1","Seeing Red+1","Limit Break+1","Metallicize+1","Replay:BasicMightCard+1","Feel No Pain+1","Infernal Blade+1","Shrug It Off+1","Thunderclap","Master of Strategy+1","Poisoned Stab+1","Eruption+1","Apotheosis+1","Tantrum+1","Swivel+1","Inflame+1","Replay:Hum+1","FlyingSleeves+1","Flex+1","Scrawl+1","Go for the Eyes","Armaments+1","Worship+1","Pot Of Greed+1","Pot Of Greed+1","Pot Of Greed+1","Backflip+1","BattleHymn+1","Pot Of Greed+1","Blade Dance+1","Clash","Masterful Stab+1","Sadistic Nature+1","Protect+1","Cold Snap+1","Cleave+1","Poisoned Stab","Fusion+1","HandOfGreed","Pot Of Greed+1","Swift Strike","Ball Lightning+1","Trip+1","CutThroughFate","Rampage+1"],"relics":["Chemical X","Replay:Bottled Eggs","Simple Rune","Durian","Orichalcum","Blood Vial","TheAbacus","Thread and Needle","PrismaticShard","Divine Protection","Replay:Ringing Soul","Replay:Kaleidoscope","MerchantsRug","Sling","Frozen Egg 2","TungstenRod","Sundial","BargainBundle","Happy Flower","Whetstone","Ginger","Toxic Egg 2","Replay:WaspNest","ClockworkSouvenir","Incense Burner","Shuriken","FossilizedHelix","Replay:PocketPolymizer","Gremlin Food","Paper Frog","Another Sword","StoneCalendar","Replay:M_SmolderingBlood","Replay:Baseball","Onion Ring","Replay:Multitool","Pen Nib","MawBank","Replay:Drink Me","Calipers","Grinning Jar","Centennial Puzzle","Boot","Self Forming Clay","Replay:Rubber Ducky","Replay:Wanted Poster","CaptainsWheel","Pear","Strange Spoon","Pet Ghost","War Paint","Anchor","Iron Hammer","Mango"],"acts_visited":["Exordium","TheCity","TheBeyond"],"potions_floor_usage":[33],"damage_taken":[{"damage":0,"enemies":"Jaw Worm","floor":1,"turns":2},{"damage":0,"enemies":"Small Slimes","floor":2,"turns":3},{"damage":0,"enemies":"Lagavulin","floor":7,"turns":2},{"damage":0,"enemies":"Cultist","floor":10,"turns":2},{"damage":0,"enemies":"3 Louse","floor":11,"turns":2},{"damage":0,"enemies":"Blue Slaver","floor":15,"turns":1},{"damage":0,"enemies":"Gremlin Gang","floor":16,"turns":2},{"damage":0,"enemies":"Slime Boss","floor":18,"turns":3},{"damage":0,"enemies":"Chosen","floor":20,"turns":1},{"damage":0,"enemies":"2 Thieves","floor":22,"turns":3},{"damage":0,"enemies":"Snake Plant","floor":23,"turns":2},{"damage":11,"enemies":"Book of Stabbing","floor":25,"turns":4},{"damage":0,"enemies":"3 Cultists","floor":26,"turns":4},{"damage":0,"enemies":"Snecko","floor":29,"turns":2},{"damage":0,"enemies":"Sentry and Sphere","floor":31,"turns":3},{"damage":0,"enemies":"Cultist and Chosen","floor":32,"turns":3},{"damage":12,"enemies":"Slavers","floor":33,"turns":3},{"damage":0,"enemies":"Collector","floor":37,"turns":4},{"damage":0,"enemies":"3 Darklings","floor":39,"turns":2},{"damage":0,"enemies":"3 Shapes","floor":40,"turns":3},{"damage":0,"enemies":"Sphere and 2 Shapes","floor":44,"turns":2},{"damage":17,"enemies":"Reptomancer","floor":46,"turns":3},{"damage":0,"enemies":"Spire Growth","floor":47,"turns":2},{"damage":0,"enemies":"R_Hoarder","floor":51,"turns":2},{"damage":0,"enemies":"2 Orb Walkers","floor":53,"turns":3},{"damage":0,"enemies":"4 Shapes","floor":54,"turns":3},{"damage":63,"enemies":"Time Eater","floor":56,"turns":6}],"seed_played":"1415093112951500191","potions_obtained":[{"floor":7,"key":"Adrenaline Potion"},{"floor":10,"key":"Adrenaline Potion"},{"floor":15,"key":"ElixirPotion"},{"floor":20,"key":"FearPotion"},{"floor":21,"key":"BloodPotion"},{"floor":21,"key":"AttackPotion"},{"floor":21,"key":"ColorlessPotion"},{"floor":33,"key":"HeartOfIron"},{"floor":47,"key":"Toxic Potion"}],"is_trial":false,"path_per_floor":["M","M","?","?","?","R","E","$","T","M","M","R","PTL","PTL","M","M","R_BF","B",null,"M","?","M","M","?","E","M","R","T","M","R","M","M","E","R_BF","PTL","R","B",null,"M","M","PTL","PTL","?","M","$","E","M","R","T","R","E","R","?","M","R_BF","B",null],"character_chosen":"IRONCLAD","items_purchased":["Chemical X","Replay:Bottled Eggs","Simple Rune","Orichalcum","Blood Vial","TheAbacus","The Bomb","Inflame","Seeing Red","PrismaticShard","Divine Protection","Replay:Ringing Soul","Limit Break","MerchantsRug","Sling","Metallicize+1","Frozen Egg 2","Sundial","BargainBundle","Happy Flower","Replay:BasicMightCard+1","Clothesline+1","Armaments","Feel No Pain+1","Whetstone","Toxic Egg 2","Replay:WaspNest","ClockworkSouvenir","Infernal Blade+1","Shrug It Off+1","Shuriken","FossilizedHelix","Gremlin Food","Paper Frog","Thunderclap","Master of Strategy+1","Apotheosis+1","Tantrum+1","Swivel+1","Onion Ring","Replay:Multitool","Inflame+1","CaptainsWheel","Pear","Strange Spoon","HandOfGreed","Swift Strike"],"campfire_rested":0,"item_purchase_floors":[0,0,0,0,0,0,0,0,0,0,0,0,0,0,0,0,0,0,0,0,0,0,0,0,0,0,0,0,0,0,0,0,0,0,0,0,8,8,8,8,8,8,45,45,45,45,45],"current_hp_per_floor":[91,91,86,76,79,79,84,87,87,92,97,97,97,97,102,107,110,115,89,92,92,95,98,98,90,95,95,95,100,100,105,110,116,116,116,116,119,119,122,125,125,125,128,131,144,130,135,135,135,135,137,137,156,161,161,100],"gold":7791,"neow_bonus":"","is_daily":false,"chose_seed":false,"campfire_upgraded":4,"win_rate":0.0,"timestamp":1609107374,"path_taken":["M","M","?","?","?","R","E","?","T","M","M","R","PTL","PTL","M","M","R_BF","BOSS","M","?","?","M","?","E","M","R","T","M","R","M","?","E","R_BF","PTL","R","BOSS","M","M","PTL","PTL","?","?","$","E","?","R","T","R","E","R","?","M","R_BF","BOSS"],"items_purchased_type":["Relic","Relic","Relic","Relic","Relic","Relic","Card","Card","Card","Relic","Relic","Relic","Card","Relic","Relic","Card","Relic","Relic","Relic","Relic","Card","Card","Card","Card","Relic","Relic","Relic","Relic","Card","Card","Relic","Relic","Relic","Relic","Card","Card","Card","Card","Card","Relic","Relic","Card","Relic","Relic","Relic","Card","Card"],"build_version":"2020-12-22","purchased_purges":4,"victory":true,"max_hp_per_floor":[91,91,91,91,94,94,97,100,100,103,106,106,106,106,109,112,115,118,89,92,92,95,98,98,101,104,104,104,107,107,110,113,116,116,116,116,119,119,122,125,125,125,128,131,144,147,150,150,150,150,150,150,167,170,170,170],"relic_stats":{"Happy Flower":[33],"counters":[59,186],"Self Forming Clay":[9],"StoneCalendar":[0],"Pen Nib":[14],"Whetstone":["Strike_R","Strike_R"],"Ginger":[5],"Orichalcum":[162],"War Paint":["Defend_R","Enlightenment","Limit Break","Defend_R"],"MawBank":396,"Boot":[2],"Blood Vial":35,"Strange Spoon":[12],"Centennial Puzzle":[9],"TheAbacus":[0],"Sundial":[0],"Shuriken":[25],"Chemical X":[6],"obtain_stats":[{"Golden Egg":9,"Whetstone":32,"Ginger":0,"Boot":7,"Sling":0,"Replay:Wanted Poster":19,"Blood Vial":0,"Replay:Ringing Soul":0,"Sundial":0,"MealTicket":9,"HandDrill":0,"Replay:Bottled Flurry":0,"Kunai":0,"Replay:Wax Seal":0,"MerchantsRug":0,"Pear":10,"Eternal Feather":0,"Pen Nib":10,"Ooze Armor":0,"Bird Faced Urn":0,"ReplayTheSpireMod:Ring of Collecting":0,"Mark of Pain":0,"Kintsugi":0,"Regal Pillow":0,"Lantern":14,"Torii":0,"Magic Flower":0,"Painkiller Herb":0,"StoneCalendar":3,"King of Hearts":0,"Replay:Multitool":8,"Cursed Key":0,"Burning Blood":0,"Pet Ghost":46,"Replay:Rubber Ducky":36,"Matryoshka":0,"Shovel":0,"Replay:M_SmolderingBlood":5,"Chemical X":0,"Ring of Panic":0,"Replay:Bottled Eggs":0,"InkBottle":9,"Paper Frog":6,"Potion Belt":0,"Lee\u0027s Waffle":0,"Golden Idol":2,"Self Forming Clay":25,"Thread and Needle":0,"PreservedInsect":42,"Ring of Greed":9,"Frozen Egg 2":0,"MawBank":12,"Orrery":0,"Durian":0,"Bottled Lightning":9,"ReplayTheSpireMod:Ring of Challenge":10,"Ice Cream":22,"Divine Protection":0,"Calipers":24,"Gremlin Horn":32,"Centennial Puzzle":44,"HornCleat":0,"FaceOfCleric":0,"DollysMirror":0,"Honey Jar":0,"Prayer Wheel":47,"Iron Hammer":52,"Toxic Egg 2":0,"Happy Flower":45,"Oddly Smooth Stone":16,"Replay:Kaleidoscope":49,"War Paint":0,"Question Card":22,"WarpedTongs":0,"OrangePellets":0,"Replay:Baseball":7,"Shuriken":0,"Simple Rune":51,"Onion Ring":0,"Nloth\u0027s Gift":0,"ReplayTheSpireMod:TigerMarble":39,"Black Star":0,"Grinning Jar":25,"Mirror":0,"Pocketwatch":0,"NlothsMask":0,"Replay:PocketPolymizer":0,"Black Blood":36,"Mango":0,"Incense Burner":0,"Juzu Bracelet":11,"PrismaticShard":0,"ClockworkSouvenir":0,"Dream Catcher":0,"Replay:Bandana":29,"Nunchaku":50,"Chameleon Ring":0,"TheAbacus":0,"Pantograph":0,"Replay:Drink Me":19,"Runic Pyramid":0,"Gremlin Food":0,"BargainBundle":0,"ReplayTheSpireMod:Ninjato":0,"Quantum Egg":14,"Guide Book":14,"Replay:WaspNest":0,"Orichalcum":11,"White Beast Statue":12,"Mercury Hourglass":0,"Strange Spoon":45,"Anchor":28,"CaptainsWheel":39,"Another Sword":0,"Membership Card":39,"FossilizedHelix":0,"TungstenRod":0},{"Golden Egg":30,"Whetstone":13,"Ginger":24,"Boot":29,"Sling":32,"Replay:Wanted Poster":6,"Blood Vial":24,"Replay:Ringing Soul":24,"Sundial":24,"MealTicket":30,"HandDrill":24,"Replay:Bottled Flurry":24,"Kunai":24,"Replay:Wax Seal":24,"MerchantsRug":0,"Pear":30,"Eternal Feather":24,"Pen Nib":30,"Ooze Armor":24,"Bird Faced Urn":24,"ReplayTheSpireMod:Ring of Collecting":24,"Mark of Pain":24,"Kintsugi":24,"Regal Pillow":24,"Lantern":32,"Torii":24,"Magic Flower":24,"Painkiller Herb":24,"StoneCalendar":34,"King of Hearts":24,"Replay:Multitool":35,"Cursed Key":24,"Burning Blood":0,"Pet Ghost":54,"Replay:Rubber Ducky":49,"Matryoshka":24,"Shovel":24,"Replay:M_SmolderingBlood":34,"Chemical X":32,"Ring of Panic":24,"Replay:Bottled Eggs":32,"InkBottle":3,"Paper Frog":28,"Potion Belt":24,"Lee\u0027s Waffle":24,"Golden Idol":1,"Self Forming Clay":10,"Thread and Needle":32,"PreservedInsect":19,"Ring of Greed":30,"Frozen Egg 2":32,"MawBank":37,"Orrery":24,"Durian":32,"Bottled Lightning":30,"ReplayTheSpireMod:Ring of Challenge":30,"Ice Cream":8,"Divine Protection":32,"Calipers":43,"Gremlin Horn":13,"Centennial Puzzle":20,"HornCleat":24,"FaceOfCleric":24,"DollysMirror":24,"Honey Jar":24,"Prayer Wheel":21,"Iron Hammer":56,"Toxic Egg 2":32,"Happy Flower":20,"Oddly Smooth Stone":5,"Replay:Kaleidoscope":22,"War Paint":24,"Question Card":8,"WarpedTongs":24,"OrangePellets":24,"Replay:Baseball":35,"Shuriken":32,"Simple Rune":23,"Onion Ring":24,"Nloth\u0027s Gift":0,"ReplayTheSpireMod:TigerMarble":16,"Black Star":24,"Grinning Jar":44,"Mirror":24,"Pocketwatch":24,"NlothsMask":24,"Replay:PocketPolymizer":32,"Black Blood":15,"Mango":24,"Incense Burner":24,"Juzu Bracelet":31,"PrismaticShard":32,"ClockworkSouvenir":24,"Dream Catcher":0,"Replay:Bandana":12,"Nunchaku":23,"Chameleon Ring":24,"TheAbacus":32,"Pantograph":24,"Replay:Drink Me":40,"Runic Pyramid":24,"Gremlin Food":24,"BargainBundle":32,"ReplayTheSpireMod:Ninjato":24,"Quantum Egg":32,"Guide Book":32,"Replay:WaspNest":24,"Orichalcum":31,"White Beast Statue":31,"Mercury Hourglass":0,"Strange Spoon":53,"Anchor":11,"CaptainsWheel":16,"Another Sword":32,"Membership Card":16,"FossilizedHelix":0,"TungstenRod":32},{"Golden Egg":112,"Whetstone":51,"Ginger":100,"Boot":110,"Sling":114,"Replay:Wanted Poster":22,"Blood Vial":100,"Replay:Ringing Soul":100,"Sundial":100,"MealTicket":112,"HandDrill":100,"Replay:Bottled Flurry":100,"Kunai":100,"Replay:Wax Seal":100,"MerchantsRug":0,"Pear":112,"Eternal Feather":100,"Pen Nib":112,"Ooze Armor":100,"Bird Faced Urn":100,"ReplayTheSpireMod:Ring of Collecting":100,"Mark of Pain":100,"Kintsugi":100,"Regal Pillow":100,"Lantern":114,"Torii":100,"Magic Flower":100,"Painkiller Herb":100,"StoneCalendar":119,"King of Hearts":100,"Replay:Multitool":121,"Cursed Key":100,"Burning Blood":0,"Pet Ghost":170,"Replay:Rubber Ducky":156,"Matryoshka":100,"Shovel":100,"Replay:M_SmolderingBlood":119,"Chemical X":114,"Ring of Panic":100,"Replay:Bottled Eggs":114,"InkBottle":7,"Paper Frog":108,"Potion Belt":100,"Lee\u0027s Waffle":100,"Golden Idol":3,"Self Forming Clay":38,"Thread and Needle":114,"PreservedInsect":79,"Ring of Greed":112,"Frozen Egg 2":114,"MawBank":125,"Orrery":100,"Durian":114,"Bottled Lightning":112,"ReplayTheSpireMod:Ring of Challenge":112,"Ice Cream":29,"Divine Protection":114,"Calipers":137,"Gremlin Horn":51,"Centennial Puzzle":85,"HornCleat":100,"FaceOfCleric":100,"DollysMirror":100,"Honey Jar":100,"Prayer Wheel":88,"Iron Hammer":174,"Toxic Egg 2":114,"Happy Flower":85,"Oddly Smooth Stone":14,"Replay:Kaleidoscope":91,"War Paint":100,"Question Card":29,"WarpedTongs":100,"OrangePellets":100,"Replay:Baseball":121,"Shuriken":114,"Simple Rune":94,"Onion Ring":100,"Nloth\u0027s Gift":0,"ReplayTheSpireMod:TigerMarble":64,"Black Star":100,"Grinning Jar":141,"Mirror":100,"Pocketwatch":100,"NlothsMask":100,"Replay:PocketPolymizer":114,"Black Blood":62,"Mango":100,"Incense Burner":100,"Juzu Bracelet":113,"PrismaticShard":114,"ClockworkSouvenir":100,"Dream Catcher":0,"Replay:Bandana":46,"Nunchaku":94,"Chameleon Ring":100,"TheAbacus":114,"Pantograph":100,"Replay:Drink Me":131,"Runic Pyramid":100,"Gremlin Food":100,"BargainBundle":114,"ReplayTheSpireMod:Ninjato":100,"Quantum Egg":114,"Guide Book":114,"Replay:WaspNest":100,"Orichalcum":113,"White Beast Statue":113,"Mercury Hourglass":0,"Strange Spoon":167,"Anchor":42,"CaptainsWheel":64,"Another Sword":114,"Membership Card":64,"FossilizedHelix":0,"TungstenRod":114}],"TungstenRod":8},"card_choices":[{"not_picked":["Acrobatics+1","Heel Hook"],"picked":"Poisoned Stab","floor":1},{"not_picked":["Cold Snap","Second Wind+1","Body Slam"],"picked":"SKIP","floor":2},{"not_picked":["Armaments+1","Replay:Undeath\u0027s Touch"],"picked":"Survey Options+1","floor":7},{"not_picked":["Chaos+1","Iron Wave"],"picked":"Discovery+1","floor":10},{"not_picked":["Seeing Red+1","Madness+1"],"picked":"Replay:Hum+1","floor":11},{"not_picked":["Anger","Body Slam"],"picked":"FlyingSleeves","floor":15},{"not_picked":["Coolheaded+1","Dash"],"picked":"Flex+1","floor":16},{"not_picked":["Mayhem+1","Secret Weapon+1"],"picked":"Scrawl+1","floor":18},{"not_picked":["Auto Shields+1","Prepared+1"],"picked":"Go for the Eyes","floor":20},{"not_picked":["ReplayTheSpireMod:Calculation Training+1","Dodge and Roll+1"],"picked":"Armaments+1","floor":22},{"not_picked":["Heavy Blade","Electrodynamics+1"],"picked":"Worship+1","floor":23},{"not_picked":["Run Through","FlurryOfBlows"],"picked":"Backflip+1","floor":25},{"not_picked":["Choke+1","Leap+1"],"picked":"BattleHymn+1","floor":26},{"not_picked":["Melter","Run Through"],"picked":"BowlingBash","floor":29},{"not_picked":["Tempest+1","JustLucky"],"picked":"Blade Dance+1","floor":31},{"not_picked":["Steam+1","Poisoned Stab+1"],"picked":"Clash","floor":32},{"not_picked":["Replay:Undeath\u0027s Touch","Go for the Eyes"],"picked":"Masterful Stab+1","floor":33},{"not_picked":["Replay:Many Hands+1","Secret Technique+1"],"picked":"Sadistic Nature+1","floor":37},{"not_picked":["BowlingBash","Draining Mist+1"],"picked":"Protect+1","floor":39},{"not_picked":["Dodge and Roll+1","ReplayTheSpireMod:Shiv Toss+1"],"picked":"EmptyBody+1","floor":40},{"not_picked":["Double Energy+1","CarveReality"],"picked":"Cold Snap+1","floor":43},{"not_picked":["Impatience+1","Backflip+1"],"picked":"Cleave+1","floor":43},{"not_picked":["Barrage+1","Flying Knee+1"],"picked":"Poisoned Stab","floor":43},{"not_picked":["Mind Blast","Steam+1"],"picked":"Fusion+1","floor":44},{"not_picked":["Mirror Shield+1","Compile Driver+1"],"picked":"Ball Lightning+1","floor":46},{"not_picked":["Finisher+1","Perfected Strike+1"],"picked":"Trip+1","floor":47},{"not_picked":["Acrobatics+1","Quick Slash","Predator"],"picked":"SKIP","floor":51},{"not_picked":["Acrobatics+1","Stack+1"],"picked":"CutThroughFate","floor":53},{"not_picked":["Leap+1","LikeWater+1"],"picked":"Rampage+1","floor":54}],"player_experience":25532,"relics_obtained":[{"floor":7,"key":"Replay:Baseball"},{"floor":9,"key":"Pen Nib"},{"floor":12,"key":"MawBank"},{"floor":25,"key":"Grinning Jar"},{"floor":27,"key":"Centennial Puzzle"},{"floor":28,"key":"Boot"},{"floor":33,"key":"Self Forming Clay"},{"floor":36,"key":"Replay:Rubber Ducky"},{"floor":46,"key":"Pet Ghost"},{"floor":49,"key":"War Paint"},{"floor":51,"key":"Anchor"},{"floor":52,"key":"Iron Hammer"},{"floor":53,"key":"Mango"}],"event_choices":[{"damage_healed":0,"gold_gain":0,"player_choice":"Success","damage_taken":7,"relics_obtained":["StoneCalendar"],"max_hp_gain":0,"max_hp_loss":0,"event_name":"Scrap Ooze","floor":3,"gold_loss":0},{"damage_healed":0,"gold_gain":75,"player_choice":"Gather Gold","damage_taken":11,"max_hp_gain":0,"max_hp_loss":0,"event_name":"World of Goop","floor":4,"gold_loss":0},{"damage_healed":0,"gold_gain":275,"player_choice":"Desecrate","damage_taken":0,"max_hp_gain":0,"max_hp_loss":0,"event_name":"Golden Shrine","floor":17,"gold_loss":0,"cards_obtained":["Regret"]},{"damage_healed":0,"gold_gain":0,"player_choice":"Got Potions","damage_taken":0,"max_hp_gain":0,"max_hp_loss":0,"event_name":"Lab","floor":21,"gold_loss":0},{"damage_healed":0,"gold_gain":0,"player_choice":"Paid Gold","damage_taken":0,"relics_obtained":["Calipers"],"max_hp_gain":0,"max_hp_loss":0,"event_name":"WeMeetAgain","floor":24,"gold_loss":80},{"damage_healed":0,"gold_gain":0,"player_choice":"Fight","damage_taken":0,"max_hp_gain":0,"max_hp_loss":0,"event_name":"Mysterious Sphere","floor":53,"gold_loss":0}],"is_beta":false,"boss_relics":[{"not_picked":["Electric Blood","Empty Cage"],"picked":"Replay:Drink Me"},{"not_picked":["Philosopher\u0027s Stone","Astrolabe"],"picked":"Replay:Wanted Poster"}],"items_purged_floors":[8,8,45,45],"is_endless":false,"potions_floor_spawned":[7,10,15,20,25,29,31,33,37,39,46,47],"ascension_level":0}}