{"host":"hgkb2zpbo2dcws21","time":1609077847,"event":{"mods":["AchievementEnabler","BaseMod","Colored Map","Colored Powertips","Custom Start","DeckTracker","KOR Keyword Fix","Minty Spire (QoL Compilation)","Relic Stats","StSLib","SuperFastMode"],"gold_per_floor":[116,135,135,147,147,147,147,147],"floor_reached":7,"playtime":135,"items_purged":[],"score":82,"play_id":"66517f3b-e632-43d9-b3d5-f2121ba8d95a","local_time":"20201227230407","is_ascension_mode":true,"campfire_choices":[{"floor":6,"key":"REST"}],"circlet_count":0,"master_deck":["AscendersBane","Strike_R","Strike_R","Strike_R","Defend_R","Defend_R","Defend_R","Defend_R","Bash","Havoc","Shrug It Off"],"relics":["Burning Blood","Dead Branch"],"acts_visited":["Exordium"],"potions_floor_usage":[7],"damage_taken":[{"damage":10,"enemies":"2 Louse","floor":1,"turns":3},{"damage":7,"enemies":"Cultist","floor":2,"turns":4},{"damage":14,"enemies":"Jaw Worm","floor":4,"turns":5},{"damage":59,"enemies":"Lagavulin","floor":7,"turns":9}],"seed_played":"4663684946425642896","potions_obtained":[{"floor":2,"key":"SpeedPotion"},{"floor":4,"key":"Energy Potion"}],"is_trial":false,"path_per_floor":["M","M","?","M","?","R","E"],"character_chosen":"IRONCLAD","items_purchased":[],"campfire_rested":1,"item_purchase_floors":[],"current_hp_per_floor":[46,45,45,37,37,59,0,0],"gold":147,"neow_bonus":"ONE_RARE_RELIC","is_daily":false,"chose_seed":false,"campfire_upgraded":0,"win_rate":0.0,"timestamp":1609077847,"path_taken":["M","M","?","?","?","R","E"],"items_purchased_type":[],"build_version":"2020-12-22","purchased_purges":0,"victory":false,"max_hp_per_floor":[75,75,75,75,75,75,75,75],"relic_stats":{"counters":[4,21],"Dead Branch":[11],"obtain_stats":[{"Dead Branch":0,"Burning Blood":0},{"Dead Branch":0,"Burning Blood":0},{"Dead Branch":0,"Burning Blood":0}],"Burning Blood":18},"card_choices":[{"not_picked":["Flex","Combust"],"picked":"Havoc","floor":1},{"not_picked":["Whirlwind","Anger","Thunderclap"],"picked":"SKIP","floor":2},{"not_picked":["Dual Wield","Clothesline"],"picked":"Shrug It Off","floor":4}],"player_experience":1112880,"relics_obtained":[],"event_choices":[{"cards_removed":["Strike_R"],"damage_healed":0,"gold_gain":0,"player_choice":"Purged","damage_taken":0,"max_hp_gain":0,"max_hp_loss":0,"event_name":"Purifier","floor":3,"gold_loss":0},{"cards_removed":["Strike_R"],"damage_healed":0,"gold_gain":0,"player_choice":"Offered Basic","damage_taken":0,"max_hp_gain":0,"max_hp_loss":0,"event_name":"Bonfire Elementals","floor":5,"gold_loss":0}],"is_beta":false,"boss_relics":[],"items_purged_floors":[],"is_endless":false,"potions_floor_spawned":[2,4],"killed_by":"Lagavulin","ascension_level":20}}