{"host":"4qkvkh7pd9qr2mca","time":1609034716,"event":{"mods":["AchievementEnabler","BaseMod","Colored Map","Colored Powertips","Highlight Path","Minty Spire (QoL Compilation)","Permanent Neow","Quick Restart","StSLib","SuperFastMode"],"gold_per_floor":[361,21,40,51,70,70,96,21,44,69,84,84,100,135,135,206,206,218,12,12,27,42,42,77,27,27,27,27],"floor_reached":27,"playtime":1430,"items_purged":["Defend_G","Strike_G"],"score":506,"play_id":"0a04f0d4-199f-4d07-bd3a-f868bcd6b5b3","local_time":"20201227030516","is_ascension_mode":true,"campfire_choices":[{"data":"Footwork","floor":6,"key":"SMITH"},{"floor":12,"key":"REST"},{"floor":15,"key":"REST"},{"floor":23,"key":"REST"}],"circlet_count":0,"master_deck":["AscendersBane","Strike_G","Strike_G","Strike_G","Defend_G","Defend_G","Defend_G","Defend_G","Survivor","Neutralize","Footwork+1","Quick Slash","Acrobatics","Leg Sweep","Poisoned Stab","Flying Knee","After Image","Adrenaline","Deadly Poison","Noxious Fumes","Bane","Flechettes","Deflect","Cloak And Dagger"],"relics":["Ring of the Snake","Torii","Akabeko","Oddly Smooth Stone","Bag of Preparation","Gremlin Horn","Busted Crown","Darkstone Periapt","White Beast Statue"],"acts_visited":["Exordium","TheCity"],"potions_floor_usage":[7,11,14,14,18,24,27],"damage_taken":[{"damage":8,"enemies":"Jaw Worm","floor":1,"turns":6},{"damage":1,"enemies":"Cultist","floor":3,"turns":6},{"damage":2,"enemies":"Small Slimes","floor":4,"turns":5},{"damage":1,"enemies":"Exordium Wildlife","floor":5,"turns":6},{"damage":25,"enemies":"Gremlin Nob","floor":7,"turns":4},{"damage":21,"enemies":"3 Sentries","floor":10,"turns":17},{"damage":0,"enemies":"Gremlin Gang","floor":11,"turns":7},{"damage":0,"enemies":"Blue Slaver","floor":13,"turns":5},{"damage":1,"enemies":"Gremlin Nob","floor":14,"turns":4},{"damage":1,"enemies":"The Guardian","floor":16,"turns":19},{"damage":1,"enemies":"2 Thieves","floor":18,"turns":5},{"damage":19,"enemies":"3 Byrds","floor":21,"turns":7},{"damage":1,"enemies":"Snake Plant","floor":22,"turns":5},{"damage":3,"enemies":"Book of Stabbing","floor":24,"turns":7},{"damage":51,"enemies":"Slavers","floor":27,"turns":6}],"seed_played":"4080730344360125214","potions_obtained":[{"floor":4,"key":"Fire Potion"},{"floor":10,"key":"PowerPotion"},{"floor":11,"key":"Ancient Potion"},{"floor":13,"key":"SneckoOil"},{"floor":14,"key":"SneckoOil"},{"floor":21,"key":"DistilledChaos"},{"floor":24,"key":"Explosive Potion"}],"is_trial":false,"path_per_floor":["M","$","M","M","M","R","E","$","T","E","M","R","M","E","R","B",null,"M","$","?","M","M","R","E","$","T","E"],"character_chosen":"THE_SILENT","items_purchased":["Torii","Quick Slash","Noxious Fumes","Bane","Cloak And Dagger"],"campfire_rested":3,"item_purchase_floors":[2,2,19,19,25],"current_hp_per_floor":[51,51,50,48,47,47,22,22,22,1,1,19,19,18,36,35,54,53,53,53,34,33,51,48,48,48,0,0],"gold":27,"neow_bonus":"TWO_FIFTY_GOLD","is_daily":false,"chose_seed":false,"campfire_upgraded":1,"win_rate":0.0,"timestamp":1609034716,"path_taken":["M","$","M","M","M","R","E","$","T","E","M","R","M","E","R","BOSS","M","$","?","M","M","R","E","$","T","E"],"items_purchased_type":["Relic","Card","Card","Card","Card"],"build_version":"2020-12-22","purchased_purges":2,"victory":false,"max_hp_per_floor":[60,60,60,60,60,60,60,60,60,60,60,60,60,60,60,60,60,60,60,60,60,60,60,60,60,60,60,60],"card_choices":[{"not_picked":["Bane","All Out Attack"],"picked":"Footwork","floor":1},{"not_picked":["Deflect","Prepared"],"picked":"Acrobatics","floor":3},{"not_picked":["Expertise","Prepared","Doppelganger"],"picked":"SKIP","floor":4},{"not_picked":["Deflect","Backflip","Prepared"],"picked":"SKIP","floor":5},{"not_picked":["Blur","Footwork"],"picked":"Leg Sweep","floor":7},{"not_picked":["Expertise","Prepared"],"picked":"Poisoned Stab","floor":10},{"not_picked":["Deflect","Catalyst"],"picked":"Flying Knee","floor":11},{"not_picked":["Dagger Throw","Prepared","Slice"],"picked":"SKIP","floor":13},{"not_picked":["Prepared","All Out Attack"],"picked":"After Image","floor":14},{"not_picked":["Tools of the Trade","Unload"],"picked":"Adrenaline","floor":16},{"not_picked":[],"picked":"Deadly Poison","floor":18},{"not_picked":[],"picked":"Flechettes","floor":21},{"not_picked":["Dagger Spray"],"picked":"SKIP","floor":22},{"not_picked":[],"picked":"Deflect","floor":24}],"player_experience":501530,"relics_obtained":[{"floor":7,"key":"Akabeko"},{"floor":9,"key":"Oddly Smooth Stone"},{"floor":10,"key":"Bag of Preparation"},{"floor":14,"key":"Gremlin Horn"},{"floor":24,"key":"Darkstone Periapt"},{"floor":26,"key":"White Beast Statue"}],"event_choices":[{"cards_removed":["Strike_G"],"damage_healed":0,"gold_gain":0,"player_choice":"Purged","damage_taken":0,"max_hp_gain":0,"max_hp_loss":0,"event_name":"Purifier","floor":20,"gold_loss":0}],"is_beta":false,"boss_relics":[{"not_picked":["SlaversCollar","Runic Dome"],"picked":"Busted Crown"}],"items_purged_floors":[8,19],"is_endless":false,"potions_floor_spawned":[4,10,11,13,14,21,24],"killed_by":"Slavers","ascension_level":20}}