{"host":"j0a1jfichhxu8b8p","time":1609082278,"event":{"mods":["BaseMod","Colored Map","DeckTracker","Keyboard Shortcuts","Minty Spire (QoL Compilation)","Permanent Neow","StSLib","The Dragon Tamer"],"gold_per_floor":[115,131,131,131,147,147,165,199,199,199,220,220,220,234,234,360,360,381,406,427,452,56,56,56,90,90,90,189,189,213,288,288,408,408,427,447,518,518,538,538,19,42,42,42,80,80,0,20,20,20],"floor_reached":51,"playtime":2146,"items_purged":["Bane","Night Terror"],"score":1430,"play_id":"8e96e5a1-f1ab-4ed2-b0a7-caf07917963e","local_time":"20201228001758","is_ascension_mode":true,"campfire_choices":[{"data":"Neutralize","floor":6.0,"key":"SMITH"},{"data":"Cloak And Dagger","floor":10.0,"key":"SMITH"},{"data":"Eviscerate","floor":13.0,"key":"SMITH"},{"data":"Cloak And Dagger","floor":15.0,"key":"SMITH"},{"data":"A Thousand Cuts","floor":23.0,"key":"SMITH"},{"floor":27.0,"key":"DIG"},{"floor":29.0,"key":"DIG"},{"floor":32,"key":"DIG"},{"floor":40,"key":"DIG"},{"floor":46,"key":"DIG"},{"floor":49,"key":"DIG"}],"circlet_count":0,"master_deck":["AscendersBane","Survivor","Neutralize+1","Prepared","Footwork","PiercingWail","Cloak And Dagger+1","Eviscerate+1","Dagger Spray","Cloak And Dagger+1","Die Die Die","Calculated Gamble","Terror","Wraith Form v2","Doppelganger","Outmaneuver","Accuracy","Die Die Die","Acrobatics","Escape Plan+1","Burst","Tactician","A Thousand Cuts+1","Tactician","PiercingWail","Storm of Steel","Acrobatics","Crippling Poison","Underhanded Strike","Dramatic Entrance","Noxious Fumes","Cloak And Dagger+1","Finesse","Secret Weapon","Finesse","Dagger Throw+1","Blur"],"relics":["Ring of the Snake","Turnip","Akabeko","Golden Idol","Ninja Scroll","Shuriken","Pandora\u0027s Box","Kunai","The Courier","Shovel","Tough Bandages","Blood Vial","Bag of Preparation","Pantograph","SlaversCollar","Letter Opener","Juzu Bracelet","Mummified Hand","Bronze Scales","Sundial","Omamori","Pear","Blue Candle"],"acts_visited":["Exordium","TheCity","TheBeyond"],"potions_floor_usage":[50,50],"damage_taken":[{"damage":2.0,"enemies":"Cultist","floor":1.0,"turns":5.0},{"damage":5.0,"enemies":"2 Louse","floor":2.0,"turns":4.0},{"damage":0.0,"enemies":"Small Slimes","floor":5.0,"turns":3.0},{"damage":2.0,"enemies":"Red Slaver","floor":7.0,"turns":7.0},{"damage":29.0,"enemies":"Lagavulin","floor":8.0,"turns":14.0},{"damage":0.0,"enemies":"3 Louse","floor":11.0,"turns":2.0},{"damage":3.0,"enemies":"Blue Slaver","floor":14.0,"turns":2.0},{"damage":11.0,"enemies":"Slime Boss","floor":16.0,"turns":9.0},{"damage":0.0,"enemies":"Spheric Guardian","floor":18.0,"turns":2.0},{"damage":0.0,"enemies":"Chosen","floor":19.0,"turns":3.0},{"damage":1.0,"enemies":"Snecko","floor":20.0,"turns":4.0},{"damage":4.0,"enemies":"Snake Plant","floor":21.0,"turns":3.0},{"damage":7.0,"enemies":"Book of Stabbing","floor":25.0,"turns":4.0},{"damage":0.0,"enemies":"Centurion and Healer","floor":30.0,"turns":4.0},{"damage":44,"enemies":"Automaton","floor":33,"turns":8},{"damage":11,"enemies":"3 Darklings","floor":35,"turns":4},{"damage":3,"enemies":"Orb Walker","floor":36,"turns":2},{"damage":0,"enemies":"3 Darklings","floor":39,"turns":5},{"damage":3,"enemies":"Spire Growth","floor":42,"turns":5},{"damage":18,"enemies":"Nemesis","floor":45,"turns":5},{"damage":0,"enemies":"Maw","floor":48,"turns":6},{"damage":18,"enemies":"Donu and Deca","floor":50,"turns":7}],"seed_played":"5793165679982605061","potions_obtained":[{"floor":2.0,"key":"SkillPotion"},{"floor":5.0,"key":"DuplicationPotion"},{"floor":19.0,"key":"SneckoOil"},{"floor":25.0,"key":"Block Potion"},{"floor":33,"key":"Strength Potion"}],"is_trial":false,"path_per_floor":["M","M","?","?","M","R","M","E","T","R","M","?","R","M","R","B",null,"M","M","M","M","$","R","T","E","T","R","?","R","M","?","R","B",null,"M","M","T","?","M","R","$","M","T","?","E","R","$","M","R","B",null],"character_chosen":"THE_SILENT","items_purchased":["Kunai","A Thousand Cuts","Mummified Hand","Bronze Scales","Dramatic Entrance","Noxious Fumes"],"campfire_rested":0,"item_purchase_floors":[22,22,41,41,41,41],"current_hp_per_floor":[61,56,53,53,53,53,51,22,22,22,22,22,22,19,19,8,46,46,46,45,41,41,41,41,34,34,34,34,34,36,31,31,14,47,38,37,37,37,39,39,39,38,38,28,12,22,22,24,24,33],"gold":20,"neow_bonus":"ONE_RARE_RELIC","is_daily":false,"chose_seed":false,"campfire_upgraded":5,"win_rate":0.0,"timestamp":1609082278,"path_taken":["M","M","?","?","M","R","M","E","T","R","M","?","R","M","R","BOSS","M","M","?","M","$","R","?","E","T","R","?","R","M","?","R","BOSS","M","M","?","?","M","R","$","M","T","?","E","R","$","M","R","BOSS"],"items_purchased_type":["Relic","Card","Relic","Relic","Card","Card"],"build_version":"2020-12-22","purchased_purges":2,"victory":true,"max_hp_per_floor":[63,63,63,58,58,58,58,58,58,58,58,58,58,58,58,58,58,58,58,58,58,58,58,58,58,58,58,58,58,58,58,58,58,58,58,58,58,58,58,58,58,58,58,58,58,68,68,68,68,68],"card_choices":[{"not_picked":["Quick Slash","Expertise"],"picked":"Prepared","floor":1.0},{"not_picked":["Masterful Stab","PiercingWail"],"picked":"Footwork","floor":2.0},{"not_picked":["Tactician","Setup"],"picked":"PiercingWail","floor":5.0},{"not_picked":["Underhanded Strike","Dodge and Roll"],"picked":"Cloak And Dagger","floor":7.0},{"not_picked":["Quick Slash","Deflect"],"picked":"Eviscerate","floor":8.0},{"not_picked":["Heel Hook","Bouncing Flask"],"picked":"Dagger Spray","floor":11.0},{"not_picked":["Flying Knee","Doppelganger"],"picked":"Cloak And Dagger","floor":14.0},{"not_picked":["Wraith Form v2","Corpse Explosion"],"picked":"Die Die Die","floor":16.0},{"not_picked":["Slice","Bane"],"picked":"Acrobatics","floor":18.0},{"not_picked":["PiercingWail","Flying Knee"],"picked":"Escape Plan+1","floor":19.0},{"not_picked":["Outmaneuver","Expertise"],"picked":"Burst","floor":20.0},{"not_picked":["Dodge and Roll","Bouncing Flask"],"picked":"Tactician","floor":21.0},{"not_picked":["Prepared","Poisoned Stab"],"picked":"Tactician","floor":25.0},{"not_picked":["Slice","Quick Slash"],"picked":"PiercingWail","floor":30.0},{"not_picked":["Malaise","Envenom"],"picked":"Storm of Steel","floor":33},{"not_picked":["All Out Attack","Deadly Poison"],"picked":"Acrobatics","floor":35},{"not_picked":["Sucker Punch+1","Slice"],"picked":"Crippling Poison","floor":36},{"not_picked":["Outmaneuver+1","Deflect"],"picked":"Underhanded Strike","floor":39},{"not_picked":["Quick Slash","Eviscerate"],"picked":"Cloak And Dagger+1","floor":42},{"not_picked":["Forethought","Panacea"],"picked":"Finesse","floor":44},{"not_picked":["Enlightenment","Panacea"],"picked":"Secret Weapon","floor":44},{"not_picked":["Bandage Up","Magnetism"],"picked":"Finesse","floor":44},{"not_picked":["Bane","Caltrops+1"],"picked":"Dagger Throw+1","floor":45},{"not_picked":["Leg Sweep","Crippling Poison"],"picked":"Blur","floor":48}],"player_experience":357917,"relics_obtained":[{"floor":8.0,"key":"Ninja Scroll"},{"floor":9.0,"key":"Shuriken"},{"floor":24.0,"key":"The Courier"},{"floor":25.0,"key":"Shovel"},{"floor":26.0,"key":"Tough Bandages"},{"floor":27.0,"key":"Blood Vial"},{"floor":29.0,"key":"Bag of Preparation"},{"floor":32,"key":"Pantograph"},{"floor":37,"key":"Letter Opener"},{"floor":40,"key":"Juzu Bracelet"},{"floor":43,"key":"Sundial"},{"floor":45,"key":"Omamori"},{"floor":46,"key":"Pear"},{"floor":49,"key":"Blue Candle"}],"event_choices":[{"damage_healed":0.0,"max_hp_gain":0.0,"max_hp_loss":0.0,"gold_gain":0.0,"event_name":"Scrap Ooze","player_choice":"Success","floor":3.0,"gold_loss":0.0,"damage_taken":3.0,"relics_obtained":["Akabeko"]},{"damage_healed":0.0,"max_hp_gain":0.0,"max_hp_loss":5.0,"gold_gain":0.0,"event_name":"Golden Idol","player_choice":"Lose Max HP","floor":4.0,"gold_loss":0.0,"damage_taken":0.0,"relics_obtained":["Golden Idol"]},{"cards_removed":["Strike_G"],"damage_healed":0.0,"max_hp_gain":0.0,"max_hp_loss":0.0,"gold_gain":0.0,"event_name":"Bonfire Elementals","player_choice":"Offered Basic","floor":12.0,"gold_loss":0.0,"damage_taken":0.0},{"damage_healed":0.0,"max_hp_gain":0.0,"max_hp_loss":0.0,"gold_gain":99.0,"event_name":"Nest","player_choice":"Stole From Cult","floor":28.0,"gold_loss":0.0,"damage_taken":0.0},{"damage_healed":0,"gold_gain":75,"player_choice":"Touch","damage_taken":5,"max_hp_gain":0,"max_hp_loss":0,"event_name":"FaceTrader","floor":31,"gold_loss":0},{"damage_healed":0,"gold_gain":0,"player_choice":"Ignored","damage_taken":0,"max_hp_gain":0,"max_hp_loss":0,"event_name":"Tomb of Lord Red Mask","floor":38,"gold_loss":0},{"damage_healed":0,"gold_gain":0,"player_choice":"Memory 3","damage_taken":10,"max_hp_gain":0,"max_hp_loss":0,"event_name":"SensoryStone","floor":44,"gold_loss":0}],"is_beta":false,"boss_relics":[{"not_picked":["Snecko Eye","Velvet Choker"],"picked":"Pandora\u0027s Box"},{"not_picked":["SacredBark","Calling Bell"],"picked":"SlaversCollar"}],"items_purged_floors":[41,47],"is_endless":false,"potions_floor_spawned":[2,5,19,25,33,39,45,48],"ascension_level":12}}