{"host":"dcj2yvrgcvh5dl2s","time":1609109882,"event":{"mods":["BaseMod","Better Note","Block Reminder","Colored Powertips","DeckTracker","Minty Spire (QoL Compilation)","Quick Restart","Rare Cards Sparkle","Relic Stats","StSLib"],"gold_per_floor":[112,112,37,54,54,54,67,80,103,115,140,157,491,66,66,140,140,150,75,75,90,109,109,142,162,162,162,180,200,29,29,29],"floor_reached":31,"playtime":921,"items_purged":["Strike_R","Regret"],"score":498,"play_id":"4a9a9c61-d2d3-4ffb-82dd-7ca4b75c86d1","local_time":"20201228085802","is_ascension_mode":true,"campfire_choices":[{"data":"Body Slam","floor":6,"key":"SMITH"},{"data":"Armaments","floor":15,"key":"SMITH"},{"floor":23,"key":"REST"},{"floor":27,"key":"REST"}],"circlet_count":0,"master_deck":["AscendersBane","Strike_R","Strike_R","Defend_R","Defend_R","Defend_R","Defend_R","Juggernaut","Body Slam+1","Shrug It Off","Armaments+1","Body Slam","Uppercut","True Grit","Offering","Metallicize","Double Tap","Disarm","Sword Boomerang","Body Slam","Barricade","Juggernaut"],"relics":["Burning Blood","Orichalcum","Bag of Marbles","Boot","Pen Nib","Old Coin","Mummified Hand","Sozu","Sundial","Self Forming Clay","DollysMirror"],"acts_visited":["Exordium","TheCity"],"potions_floor_usage":[11,11,13,22],"damage_taken":[{"damage":0,"enemies":"2 Louse","floor":1,"turns":2},{"damage":6,"enemies":"Cultist","floor":4,"turns":4},{"damage":11,"enemies":"Small Slimes","floor":7,"turns":4},{"damage":9,"enemies":"Exordium Wildlife","floor":8,"turns":3},{"damage":5,"enemies":"2 Fungi Beasts","floor":10,"turns":4},{"damage":5,"enemies":"Lagavulin","floor":11,"turns":4},{"damage":9,"enemies":"Blue Slaver","floor":12,"turns":4},{"damage":21,"enemies":"Gremlin Nob","floor":13,"turns":4},{"damage":33,"enemies":"Slime Boss","floor":16,"turns":10},{"damage":28,"enemies":"Shell Parasite","floor":18,"turns":4},{"damage":14,"enemies":"2 Thieves","floor":21,"turns":3},{"damage":25,"enemies":"Centurion and Healer","floor":22,"turns":7},{"damage":15,"enemies":"Book of Stabbing","floor":24,"turns":4},{"damage":23,"enemies":"Cultist and Chosen","floor":25,"turns":6},{"damage":13,"enemies":"Snake Plant","floor":28,"turns":2},{"damage":23,"enemies":"Sentry and Sphere","floor":29,"turns":4},{"damage":23,"enemies":"Gremlin Leader","floor":31,"turns":1}],"seed_played":"5766882848794919513","potions_obtained":[{"floor":8,"key":"FearPotion"},{"floor":10,"key":"DuplicationPotion"},{"floor":11,"key":"FearPotion"},{"floor":13,"key":"Regen Potion"}],"is_trial":false,"path_per_floor":["M","?","$","M","?","R","M","M","T","M","E","M","E","$","R","B",null,"M","?","?","M","M","R","E","M","T","R","M","M","$","E"],"character_chosen":"IRONCLAD","items_purchased":["Mummified Hand","Metallicize","DollysMirror"],"campfire_rested":2,"item_purchase_floors":[14,14,30],"current_hp_per_floor":[74,74,74,74,74,74,69,66,66,67,68,65,50,50,50,23,62,40,40,40,32,27,49,40,23,23,45,38,21,21,0,0],"gold":29,"neow_bonus":"RANDOM_COMMON_RELIC","is_daily":false,"chose_seed":false,"campfire_upgraded":2,"win_rate":0.0,"timestamp":1609109882,"path_taken":["M","?","$","?","?","R","M","M","T","M","E","M","E","?","R","BOSS","M","?","?","M","M","R","E","M","T","R","M","?","$","E"],"items_purchased_type":["Relic","Card","Relic"],"build_version":"2020-12-22","purchased_purges":2,"victory":false,"max_hp_per_floor":[75,75,75,75,75,75,75,75,75,75,75,75,75,75,75,75,75,75,75,75,75,75,75,75,75,75,75,75,75,75,75,75],"relic_stats":{"Sozu":3,"counters":[17,70],"Mummified Hand":[20],"Sundial":[0],"Self Forming Clay":[18],"Pen Nib":[8],"Orichalcum":[54],"Boot":[36],"obtain_stats":[{"Sozu":17,"Mummified Hand":14,"Sundial":24,"Self Forming Clay":26,"DollysMirror":30,"Pen Nib":11,"Bag of Marbles":5,"Orichalcum":0,"Boot":9,"Burning Blood":0,"Old Coin":13},{"Sozu":9,"Mummified Hand":8,"Sundial":13,"Self Forming Clay":14,"DollysMirror":16,"Pen Nib":6,"Bag of Marbles":2,"Orichalcum":0,"Boot":4,"Burning Blood":0,"Old Coin":8},{"Sozu":39,"Mummified Hand":29,"Sundial":57,"Self Forming Clay":63,"DollysMirror":69,"Pen Nib":21,"Bag of Marbles":6,"Orichalcum":0,"Boot":13,"Burning Blood":0,"Old Coin":29}],"Burning Blood":96},"card_choices":[{"not_picked":["Wild Strike","Warcry","Flame Barrier"],"picked":"SKIP","floor":1},{"not_picked":["Fire Breathing","Bloodletting"],"picked":"Body Slam","floor":4},{"not_picked":["Warcry","Twin Strike"],"picked":"Shrug It Off","floor":7},{"not_picked":["Headbutt","Clash"],"picked":"Armaments","floor":8},{"not_picked":["Havoc","Clothesline"],"picked":"Body Slam","floor":10},{"not_picked":["Pommel Strike","Armaments"],"picked":"Uppercut","floor":11},{"not_picked":["Reckless Charge","Rampage"],"picked":"True Grit","floor":12},{"not_picked":["Shrug It Off","Combust"],"picked":"Offering","floor":13},{"not_picked":["Corruption","Brutality"],"picked":"Double Tap","floor":16},{"not_picked":["Sever Soul","Reckless Charge"],"picked":"Disarm","floor":18},{"not_picked":["Blood for Blood+1","Warcry+1"],"picked":"Sword Boomerang","floor":21},{"not_picked":["Burning Pact","Thunderclap","Rampage"],"picked":"SKIP","floor":22},{"not_picked":["Sever Soul","Thunderclap"],"picked":"Body Slam","floor":24},{"not_picked":["Anger","Havoc","True Grit"],"picked":"SKIP","floor":25},{"not_picked":["Sword Boomerang","Armaments"],"picked":"Barricade","floor":28},{"not_picked":["Thunderclap","Armaments","Cleave"],"picked":"SKIP","floor":29}],"player_experience":2079968,"relics_obtained":[{"floor":9,"key":"Boot"},{"floor":11,"key":"Pen Nib"},{"floor":13,"key":"Old Coin"},{"floor":24,"key":"Sundial"},{"floor":26,"key":"Self Forming Clay"}],"event_choices":[{"damage_healed":0,"gold_gain":0,"cards_transformed":["Strike_R"],"player_choice":"Transformed","damage_taken":0,"max_hp_gain":0,"max_hp_loss":0,"event_name":"Transmorgrifier","floor":2,"gold_loss":0,"cards_obtained":["Juggernaut"]},{"damage_healed":0,"gold_gain":0,"player_choice":"Box","damage_taken":0,"relics_obtained":["Bag of Marbles"],"max_hp_gain":0,"max_hp_loss":0,"event_name":"Big Fish","floor":5,"gold_loss":0,"cards_obtained":["Regret"]},{"cards_removed":["Bash"],"damage_healed":0,"gold_gain":0,"player_choice":"Gave Gold","damage_taken":0,"max_hp_gain":0,"max_hp_loss":0,"event_name":"Beggar","floor":19,"gold_loss":75},{"cards_removed":["Strike_R"],"damage_healed":0,"gold_gain":0,"player_choice":"Purged","damage_taken":0,"max_hp_gain":0,"max_hp_loss":0,"event_name":"Purifier","floor":20,"gold_loss":0}],"is_beta":false,"boss_relics":[{"not_picked":["Coffee Dripper","SlaversCollar"],"picked":"Sozu"}],"items_purged_floors":[3,14],"is_endless":false,"potions_floor_spawned":[8,10,11,13,21,28,29],"killed_by":"Gremlin Leader","ascension_level":17}}