{"host":"6h0diz2ap0m56grs","time":1609103366,"event":{"mods":["2.2 Compatiblity","BaseMod","Colored Map","Marisa????????","Minty Spire (QoL Compilation)","Quick Restart","Replay The Spire","Shop Mod","StSLib","The Servant 0.9.4"],"gold_per_floor":[118,130,130,188,203,232,5,5,28,28,71,115,148,184,184,313,313,332,431,286,286,97,128,167,202,255,299,299,299,343,381,393,536,548,576,588,515,226,226,266,266,285,311,311,341,341,341,385,385,395],"floor_reached":51,"playtime":2052,"items_purged":[],"score":1278,"play_id":"22b89996-5e61-4954-ab2e-3fc444b90de5","local_time":"20201227150926","daily_mods":["SealedDeck","Heirloom","Time Dilation","Flight"],"is_ascension_mode":true,"campfire_choices":[{"data":"Replay:Poison Smokescreen","floor":8,"key":"SMITH"},{"data":"Catalyst","floor":15,"key":"SMITH"},{"data":"Draining Mist","floor":29,"key":"SMITH"},{"data":"Noxious Fumes","floor":32,"key":"SMITH"},{"data":"Footwork","floor":41,"key":"SMITH"},{"data":"Draining Mist","floor":44,"key":"SMITH"},{"data":"Noxious Fumes","floor":46,"key":"SMITH"},{"data":"Footwork","floor":47,"key":"SMITH"},{"data":"Footwork","floor":49,"key":"SMITH"}],"circlet_count":0,"master_deck":["Cloak And Dagger","Backflip","Footwork+1","Crippling Poison","Fluid Movement","Noxious Fumes+1","Replay:Poison Smokescreen+1","Draining Mist+1","Dodge and Roll","Atom Bomb+1","Leg Sweep","Predator","Catalyst+1","Dodge and Roll","Replay:Bag of Tricks","Corpse Explosion","AbeCurse","Footwork+1","Footwork+1","Footwork+1","Malaise+1","Leg Sweep","Catalyst+1","Footwork","Bouncing Flask","Noxious Fumes+1","Draining Mist+1","ReplayTheSpireMod:Tripwire"],"relics":["Snecko Eye","Ring of Chaos","replay:Trail_Library","Juzu Bracelet","Blue Doll","Question Card","MerchantsRug","Replay:Wax Seal","Golden Idol","BranchBurnRelic","Philosopher\u0027s Stone","Abe\u0027s Treasure","Replay:Drink Me","Black Star","Orichalcum","The Specimen","ClockworkSouvenir","Lantern","ReplayFunnel","Kunai","Golden Egg","Smiling Mask","Bag of Marbles","Replay:Mystery Machine","Omamori","Bottled Lightning","WarpedTongs","Art of War","Replay:Bronze Core","Guide Book","Happy Flower","Durian","Vajra","Replay:Bandana","Ancient Tea Set","StrikeDummy","Bronze Scales"],"acts_visited":["Exordium","TheCity","TheBeyond"],"potions_floor_usage":[14,30,50,50,50],"damage_taken":[{"damage":0,"enemies":"Small Slimes","floor":1,"turns":3},{"damage":0,"enemies":"Jaw Worm","floor":2,"turns":2},{"damage":0,"enemies":"2 Louse","floor":5,"turns":2},{"damage":0,"enemies":"Lagavulin","floor":6,"turns":3},{"damage":15,"enemies":"3 Sentries","floor":11,"turns":5},{"damage":0,"enemies":"Gremlin Nob","floor":12,"turns":2},{"damage":0,"enemies":"3 Sentries","floor":13,"turns":4},{"damage":0,"enemies":"Gremlin Nob","floor":14,"turns":3},{"damage":0,"enemies":"Slime Boss","floor":16,"turns":8},{"damage":0,"enemies":"Chosen","floor":18,"turns":1},{"damage":0,"enemies":"Replay:Snechameleon","floor":23,"turns":1},{"damage":0,"enemies":"Slavers","floor":24,"turns":2},{"damage":0,"enemies":"Book of Stabbing","floor":25,"turns":4},{"damage":0,"enemies":"Slavers","floor":27,"turns":2},{"damage":0,"enemies":"Gremlin Leader","floor":30,"turns":4},{"damage":0,"enemies":"Book of Stabbing","floor":31,"turns":3},{"damage":0,"enemies":"Pondfish","floor":33,"turns":6},{"damage":0,"enemies":"Orb Walker","floor":35,"turns":3},{"damage":0,"enemies":"R_Hoarder","floor":40,"turns":5},{"damage":0,"enemies":"3 Darklings","floor":42,"turns":1},{"damage":0,"enemies":"Jaw Worm Horde","floor":45,"turns":3},{"damage":0,"enemies":"Giant Head","floor":48,"turns":5},{"damage":0,"enemies":"Replay:Hell Engine","floor":50,"turns":6}],"seed_played":"-6238180378386635291","potions_obtained":[{"floor":2,"key":"CunningPotion"},{"floor":4,"key":"Elixir"},{"floor":6,"key":"SkillPotion"},{"floor":12,"key":"Energy Potion"},{"floor":13,"key":"ColorlessPotion"},{"floor":18,"key":"Poison Potion"},{"floor":24,"key":"BlessingOfTheForge"},{"floor":30,"key":"Explosive Potion"},{"floor":35,"key":"Flashbang"},{"floor":40,"key":"Reflective Coating"}],"is_trial":true,"path_per_floor":["M","M","?","?","M","E","$","R","T","?","E","E","E","E","R","B",null,"M","?","$","?","$","E","E","E","T","E","?","R","E","E","R","B",null,"M","?","$","$","?","E","R","M","T","R","M","R","R","E","R","B",null],"character_chosen":"THE_SILENT","items_purchased":["MerchantsRug","OrangePellets","Orichalcum","The Specimen","Footwork","ClockworkSouvenir","Guide Book","Happy Flower","Durian"],"campfire_rested":0,"item_purchase_floors":[7,7,20,20,22,22,37,37,38],"current_hp_per_floor":[84,84,59,38,38,38,38,38,38,17,2,2,2,2,2,17,63,63,63,63,63,63,63,63,63,63,63,63,63,63,63,63,63,63,63,63,63,68,68,68,68,68,68,68,68,68,68,68,68,68],"gold":395,"neow_bonus":"","is_daily":false,"chose_seed":false,"campfire_upgraded":9,"win_rate":0.0,"timestamp":1609103366,"path_taken":["M","M","?","?","M","E","$","R","T","?","E","E","E","E","R","BOSS","M","?","$","?","$","E","E","E","T","E","?","R","E","E","R","BOSS","M","?","$","$","?","E","R","M","T","R","M","R","R","E","R","BOSS"],"items_purchased_type":["Relic","Relic","Relic","Relic","Card","Relic","Relic","Relic","Relic"],"build_version":"2020-12-22","purchased_purges":0,"victory":true,"max_hp_per_floor":[84,84,84,84,84,84,84,84,84,84,84,84,84,84,84,84,63,63,63,63,63,63,63,63,63,63,63,63,63,63,63,63,63,63,63,63,63,68,68,68,68,68,68,68,68,68,68,68,68,68],"card_choices":[{"not_picked":["Deflect","Quick Slash"],"picked":"Replay:Poison Smokescreen","floor":1},{"not_picked":["Blur","Terror"],"picked":"Draining Mist","floor":2},{"not_picked":["Fluid Movement","Backflip"],"picked":"Dodge and Roll","floor":4},{"not_picked":["Cloak And Dagger","Prepared"],"picked":"Atom Bomb","floor":4},{"not_picked":["Poisoned Stab","Acrobatics"],"picked":"Leg Sweep","floor":5},{"not_picked":["Underhanded Strike","Acrobatics"],"picked":"Predator","floor":6},{"not_picked":["PiercingWail","Distraction","Acrobatics"],"picked":"Dodge and Roll","floor":11},{"not_picked":["Die Die Die","Deadly Poison","Accuracy","Setup"],"picked":"SKIP","floor":12},{"not_picked":["Slice","Endless Agony","Flechettes","Acrobatics"],"picked":"SKIP","floor":13},{"not_picked":["Prepared","PiercingWail","Distraction"],"picked":"Replay:Bag of Tricks","floor":14},{"not_picked":["Burst","Malaise","After Image"],"picked":"Corpse Explosion","floor":16},{"not_picked":["Dodge and Roll","Blade Dance","PiercingWail+1"],"picked":"Footwork","floor":18},{"not_picked":["PiercingWail+1","Deadly Poison","Poisoned Stab","Slice+1"],"picked":"SKIP","floor":18},{"not_picked":["Leg Sweep","Flying Knee","Concentrate"],"picked":"Malaise","floor":23},{"not_picked":["Outmaneuver+1","Underhanded Strike+1","Quick Slash"],"picked":"Leg Sweep","floor":24},{"not_picked":["Prepared","Caltrops+1","Deflect"],"picked":"Catalyst+1","floor":25},{"not_picked":["Tactician","Replay:Bag of Tricks","Eviscerate","Acrobatics"],"picked":"SKIP","floor":27},{"not_picked":["Tactician+1","Deflect","Outmaneuver","Dash+1"],"picked":"SKIP","floor":30},{"not_picked":["Bane","Outmaneuver","Acrobatics+1"],"picked":"Footwork","floor":31},{"not_picked":["Deadly Poison","Outmaneuver","Cloak And Dagger"],"picked":"Bouncing Flask","floor":35},{"not_picked":["Quick Slash","Leg Sweep+1","Prepared+1","Dagger Spray"],"picked":"SKIP","floor":35},{"not_picked":["PiercingWail","Heel Hook","Eviscerate","Acrobatics"],"picked":"SKIP","floor":40},{"not_picked":["Distraction+1","Predator","Blade Dance+1","Deadly Poison"],"picked":"SKIP","floor":42},{"not_picked":["Eviscerate+1","Setup","Escape Plan+1","Predator+1"],"picked":"SKIP","floor":45},{"not_picked":["Setup+1","A Thousand Cuts","Toxin Wave+1"],"picked":"ReplayTheSpireMod:Tripwire","floor":48}],"player_experience":133704,"relics_obtained":[{"floor":4,"key":"Blue Doll"},{"floor":6,"key":"Question Card"},{"floor":9,"key":"Replay:Wax Seal"},{"floor":11,"key":"Dead Branch"},{"floor":12,"key":"Prayer Wheel"},{"floor":13,"key":"Replay:PocketPolymizer"},{"floor":14,"key":"Tough Bandages"},{"floor":23,"key":"Lantern"},{"floor":23,"key":"ReplayFunnel"},{"floor":24,"key":"Kunai"},{"floor":24,"key":"Golden Egg"},{"floor":25,"key":"Smiling Mask"},{"floor":25,"key":"Bag of Marbles"},{"floor":26,"key":"Replay:Mystery Machine"},{"floor":27,"key":"Omamori"},{"floor":27,"key":"Bottled Lightning"},{"floor":30,"key":"Replay:Kaleidoscope"},{"floor":30,"key":"Art of War"},{"floor":31,"key":"Toy Ornithopter"},{"floor":31,"key":"MawBank"},{"floor":40,"key":"Vajra"},{"floor":40,"key":"Replay:Bandana"},{"floor":43,"key":"Ancient Tea Set"},{"floor":48,"key":"StrikeDummy"},{"floor":48,"key":"Bronze Scales"}],"event_choices":[{"damage_healed":0,"gold_gain":0,"player_choice":"Success","damage_taken":25,"relics_obtained":["Juzu Bracelet"],"max_hp_gain":0,"max_hp_loss":0,"event_name":"Scrap Ooze","floor":3,"gold_loss":0},{"damage_healed":0,"gold_gain":0,"player_choice":"Take Damage","damage_taken":21,"relics_obtained":["Golden Idol"],"max_hp_gain":0,"max_hp_loss":0,"event_name":"Golden Idol","floor":10,"gold_loss":0},{"damage_healed":0,"gold_gain":99,"player_choice":"Stole From Cult","damage_taken":0,"max_hp_gain":0,"max_hp_loss":0,"event_name":"Nest","floor":19,"gold_loss":0},{"cards_removed":["PiercingWail"],"damage_healed":5,"gold_gain":0,"player_choice":"Offered Common","damage_taken":0,"max_hp_gain":0,"max_hp_loss":0,"event_name":"Bonfire Elementals","floor":21,"gold_loss":0},{"cards_removed":["PiercingWail"],"damage_healed":5,"gold_gain":0,"player_choice":"Offered Special","damage_taken":0,"max_hp_gain":0,"max_hp_loss":0,"event_name":"Bonfire Elementals","floor":21,"gold_loss":0},{"damage_healed":0,"gold_gain":0,"player_choice":"Rummage","damage_taken":0,"relics_obtained":["WarpedTongs"],"max_hp_gain":0,"max_hp_loss":0,"event_name":"Accursed Blacksmith","floor":28,"gold_loss":0,"cards_obtained":["Pain"]},{"damage_healed":0,"gold_gain":0,"player_choice":"Upgraded","damage_taken":0,"max_hp_gain":0,"max_hp_loss":0,"event_name":"Upgrade Shrine","floor":39,"gold_loss":0,"cards_upgraded":["Footwork"]}],"is_beta":false,"boss_relics":[{"not_picked":["Empty Cage","Replay:Ancient Bell"],"picked":"Replay:Grab Bag"},{"not_picked":["Busted Crown","Cursed Key"],"picked":"Philosopher\u0027s Stone"},{"not_picked":["Ectoplasm","ReplayTheSpireMod:DimensionalGlitch"],"picked":"Abe\u0027s Treasure"},{"not_picked":["Astrolabe","SlaversCollar"],"picked":"Replay:Drink Me"},{"not_picked":["Kintsugi","WristBlade"],"picked":"Black Star"},{"not_picked":["Ring of Chaos","Tiny House"],"picked":"Replay:Bronze Core"}],"items_purged_floors":[],"is_endless":false,"potions_floor_spawned":[2,6,12,13,18,24,30,35,40,48],"ascension_level":1}}