{"host":"9l2xd2qbyxfqdc97","time":1609094561,"event":{"mods":["BaseMod","Colored Map","Highlight Path","Minty Spire (QoL Compilation)","Quick Restart"],"gold_per_floor":[117,117,42,57,71,103,103,3,3,21,21,21,21,33,33,137,137,149,149,169,41,55,85,105,105,151,151,151,51,0,18,18,115,115,130,141,155,35,51,86,86,86,86,86,136,150,10,60,60,60],"floor_reached":51,"playtime":1945,"items_purged":["Defend_P","Strike_P","SpiritShield","Defend_P","Strike_P"],"score":936,"play_id":"8bf99629-a6af-4cc5-905f-82e7427cedaf","local_time":"20201228034241","is_ascension_mode":true,"campfire_choices":[{"data":"Ragnarok","floor":12.0,"key":"SMITH"},{"data":"Eruption","floor":15.0,"key":"SMITH"},{"floor":25.0,"key":"REST"},{"data":"Adaptation","floor":28.0,"key":"SMITH"},{"data":"Adaptation","floor":32.0,"key":"SMITH"},{"data":"Vault","floor":42.0,"key":"SMITH"},{"floor":44.0,"key":"REST"},{"floor":49,"key":"REST"}],"circlet_count":0,"master_deck":["Defend_P","Eruption+1","Vigilance","Ragnarok+1","FearNoEvil+1","Vault+1","Adaptation+1","Adaptation+1","Crescendo+1","MentalFortress","Adaptation+1","Madness","Madness"],"relics":["PureWater","Molten Egg 2","The Courier","Philosopher\u0027s Stone","CaptainsWheel","Boot","VioletLotus","Vajra","Ornamental Fan","Thread and Needle","TungstenRod"],"acts_visited":["Exordium","TheCity","TheBeyond"],"potions_floor_usage":[46,46],"damage_taken":[{"damage":7.0,"enemies":"Small Slimes","floor":1.0,"turns":3.0},{"damage":2.0,"enemies":"Jaw Worm","floor":4.0,"turns":4.0},{"damage":0.0,"enemies":"Cultist","floor":5.0,"turns":2.0},{"damage":40.0,"enemies":"Lagavulin","floor":6.0,"turns":5.0},{"damage":14.0,"enemies":"Exordium Thugs","floor":10.0,"turns":4.0},{"damage":0.0,"enemies":"3 Louse","floor":14.0,"turns":1.0},{"damage":4.0,"enemies":"Hexaghost","floor":16.0,"turns":6.0},{"damage":19.0,"enemies":"Shell Parasite","floor":18.0,"turns":4.0},{"damage":0.0,"enemies":"Chosen","floor":20.0,"turns":1.0},{"damage":11.0,"enemies":"Centurion and Healer","floor":22.0,"turns":3.0},{"damage":36.0,"enemies":"Slavers","floor":23.0,"turns":6.0},{"damage":0.0,"enemies":"Snake Plant","floor":24.0,"turns":2.0},{"damage":0.0,"enemies":"Snecko","floor":31.0,"turns":3.0},{"damage":0.0,"enemies":"Collector","floor":33.0,"turns":4.0},{"damage":14.0,"enemies":"3 Shapes","floor":35.0,"turns":3.0},{"damage":5.0,"enemies":"Orb Walker","floor":36.0,"turns":2.0},{"damage":8.0,"enemies":"4 Shapes","floor":37.0,"turns":4.0},{"damage":0.0,"enemies":"Writhing Mass","floor":39.0,"turns":3.0},{"damage":7.0,"enemies":"Nemesis","floor":40.0,"turns":4.0},{"damage":0,"enemies":"2 Orb Walkers","floor":45,"turns":3},{"damage":16,"enemies":"Transient","floor":46,"turns":6},{"damage":3,"enemies":"Mind Bloom Boss Battle","floor":48,"turns":2},{"damage":0,"enemies":"Donu and Deca","floor":50,"turns":3}],"seed_played":"5752953686342979688","potions_obtained":[{"floor":1.0,"key":"ColorlessPotion"},{"floor":14.0,"key":"DistilledChaos"},{"floor":16.0,"key":"Ancient Potion"},{"floor":20.0,"key":"AttackPotion"},{"floor":24.0,"key":"Strength Potion"},{"floor":31.0,"key":"DistilledChaos"},{"floor":39.0,"key":"FearPotion"},{"floor":48,"key":"Energy Potion"}],"is_trial":false,"path_per_floor":["M","?","$","M","M","E","?","$","T","M","$","R","$","M","R","B",null,"M","?","M","$","M","E","M","R","T","?","R","$","?","M","R","B",null,"M","M","M","$","M","E","?","R","T","R","?","M","$","?","R","B",null],"character_chosen":"WATCHER","items_purchased":["Adaptation","Adaptation"],"campfire_rested":3,"item_purchase_floors":[21,21],"current_hp_per_floor":[65,70,70,68,68,28,28,28,28,14,14,14,14,14,14,10,77,58,58,58,58,47,11,11,34,34,34,34,34,34,34,34,34,77,63,58,50,50,50,43,33,33,33,56,56,40,40,37,60,60],"gold":60,"neow_bonus":"ONE_RANDOM_RARE_CARD","is_daily":false,"chose_seed":false,"campfire_upgraded":5,"win_rate":0.0,"timestamp":1609094561,"path_taken":["M","?","?","M","M","E","?","$","T","M","$","R","$","?","R","BOSS","M","?","M","$","M","E","M","R","T","?","R","$","?","?","R","BOSS","M","M","M","$","M","E","?","R","T","R","?","M","$","?","R","BOSS"],"items_purchased_type":["Card","Card"],"build_version":"2020-12-22","purchased_purges":5,"victory":true,"max_hp_per_floor":[72,77,77,77,77,77,77,77,77,77,77,77,77,77,77,77,77,77,77,77,77,77,77,77,77,77,77,77,77,77,77,77,77,77,77,77,77,77,77,77,77,77,77,77,77,77,77,77,77,77],"card_choices":[{"not_picked":["ReachHeaven","Collect","Consecrate"],"picked":"SKIP","floor":1.0},{"not_picked":["Conclude","CutThroughFate","TalkToTheHand"],"picked":"SKIP","floor":4.0},{"not_picked":["PathToVictory","CutThroughFate","Prostrate"],"picked":"SKIP","floor":5.0},{"not_picked":["Wireheading","Halt","FlyingSleeves+1"],"picked":"SKIP","floor":6.0},{"not_picked":["BowlingBash+1","EmptyBody"],"picked":"FearNoEvil+1","floor":10.0},{"not_picked":["SashWhip+1","WindmillStrike+1","CrushJoints+1"],"picked":"SKIP","floor":14.0},{"not_picked":["Vengeance","ThirdEye+1","WindmillStrike+1"],"picked":"SKIP","floor":18.0},{"not_picked":["SashWhip+1","EmptyBody","SignatureMove+1"],"picked":"SKIP","floor":20.0},{"not_picked":["CutThroughFate+1","Protect"],"picked":"Crescendo+1","floor":22.0},{"not_picked":["LikeWater+1","ThirdEye+1","Worship"],"picked":"SKIP","floor":23.0},{"not_picked":["CrushJoints+1","Fasting2","WaveOfTheHand"],"picked":"SKIP","floor":24.0},{"not_picked":["EmptyMind","Consecrate+1"],"picked":"Adaptation+1","floor":31.0},{"not_picked":["EmptyFist+1","Evaluate+1","InnerPeace"],"picked":"SKIP","floor":35.0},{"not_picked":["Halt+1","Sanctity+1","BowlingBash+1"],"picked":"SKIP","floor":36.0},{"not_picked":["Sanctity+1","InnerPeace","JustLucky+1"],"picked":"SKIP","floor":37.0},{"not_picked":["Protect","TalkToTheHand+1","Sanctity"],"picked":"SKIP","floor":39.0},{"not_picked":["BowlingBash+1","Fasting2+1","Evaluate+1"],"picked":"SKIP","floor":40.0},{"not_picked":["FollowUp+1","Indignation+1","EmptyBody+1"],"picked":"SKIP","floor":46}],"player_experience":196074,"relics_obtained":[{"floor":6.0,"key":"Molten Egg 2"},{"floor":9.0,"key":"The Courier"},{"floor":23.0,"key":"CaptainsWheel"},{"floor":26.0,"key":"Boot"},{"floor":40.0,"key":"Vajra"},{"floor":43.0,"key":"Ornamental Fan"},{"floor":45,"key":"Thread and Needle"},{"floor":48,"key":"TungstenRod"}],"event_choices":[{"damage_healed":0.0,"max_hp_gain":5.0,"max_hp_loss":0.0,"gold_gain":0.0,"event_name":"Big Fish","player_choice":"Donut","floor":2.0,"gold_loss":0.0,"damage_taken":0.0},{"cards_removed":["Strike_P"],"damage_healed":0.0,"max_hp_gain":0.0,"max_hp_loss":0.0,"gold_gain":0.0,"event_name":"Purifier","player_choice":"Purged","floor":7.0,"gold_loss":0.0,"damage_taken":0.0},{"damage_healed":0.0,"max_hp_gain":0.0,"max_hp_loss":0.0,"gold_gain":0.0,"cards_transformed":["Strike_P","Defend_P"],"event_name":"Drug Dealer","player_choice":"Became Test Subject","floor":19.0,"gold_loss":0.0,"damage_taken":0.0,"cards_obtained":["Vault","SpiritShield"]},{"damage_healed":0.0,"max_hp_gain":0.0,"max_hp_loss":0.0,"gold_gain":0.0,"event_name":"The Library","player_choice":"Read","floor":27.0,"gold_loss":0.0,"damage_taken":0.0,"cards_obtained":["MentalFortress"]},{"damage_healed":0.0,"max_hp_gain":0.0,"max_hp_loss":0.0,"gold_gain":0.0,"event_name":"Masked Bandits","player_choice":"Paid Fearfully","floor":30.0,"gold_loss":51.0,"damage_taken":0.0},{"damage_healed":0.0,"max_hp_gain":0.0,"max_hp_loss":0.0,"gold_gain":0.0,"event_name":"Winding Halls","player_choice":"Embrace Madness","floor":41.0,"gold_loss":0.0,"damage_taken":10.0,"cards_obtained":["Madness","Madness"]},{"damage_healed":0,"gold_gain":0,"player_choice":"Fight","damage_taken":0,"max_hp_gain":0,"max_hp_loss":0,"event_name":"Mysterious Sphere","floor":45,"gold_loss":0},{"damage_healed":0,"gold_gain":0,"player_choice":"Fight","damage_taken":0,"max_hp_gain":0,"max_hp_loss":0,"event_name":"MindBloom","floor":48,"gold_loss":0}],"is_beta":false,"boss_relics":[{"not_picked":["Snecko Eye","SlaversCollar"],"picked":"Philosopher\u0027s Stone"},{"not_picked":["Black Star","Pandora\u0027s Box"],"picked":"VioletLotus"}],"items_purged_floors":[3,8,29,38,47],"is_endless":false,"potions_floor_spawned":[1,14,16,20,24,31,39,40,48],"ascension_level":3}}