{"host":"dcj2yvrgcvh5dl2s","time":1609067584,"event":{"mods":["BaseMod","Better Note","Block Reminder","Colored Powertips","DeckTracker","Minty Spire (QoL Compilation)","Quick Restart","Rare Cards Sparkle","Relic Stats","StSLib"],"gold_per_floor":[109,125,125,50,8,36,36,11,91,25,51,63,94,105,105,183,183,202,220,220,20,20,20,30,30,30],"floor_reached":25,"playtime":584,"items_purged":["Strike_R"],"score":405,"play_id":"5e3b87b3-7d5c-4383-b42b-7ec64c0003ab","local_time":"20201227211304","is_ascension_mode":true,"campfire_choices":[{"floor":7,"key":"REST"},{"floor":15,"key":"DIG"},{"data":"Double Tap","floor":23,"key":"SMITH"}],"circlet_count":0,"master_deck":["AscendersBane","Strike_R+1","Strike_R+1","Strike_R+1","Defend_R+1","Defend_R+1","Defend_R+1","Defend_R+1","Bash","Violence","Pommel Strike+1","Pummel","Dropkick","Cleave","Pommel Strike","Immolate","Feel No Pain","Sword Boomerang","Double Tap+1","Infernal Blade","RitualDagger"],"relics":["Burning Blood","Lizard Tail","Self Forming Clay","MealTicket","Boot","Shovel","Oddly Smooth Stone","SlaversCollar","Membership Card"],"acts_visited":["Exordium","TheCity"],"potions_floor_usage":[6,11,13],"damage_taken":[{"damage":7,"enemies":"Jaw Worm","floor":1,"turns":3},{"damage":9,"enemies":"2 Louse","floor":2,"turns":2},{"damage":35,"enemies":"3 Sentries","floor":6,"turns":10},{"damage":28,"enemies":"Gremlin Nob","floor":11,"turns":4},{"damage":5,"enemies":"Small Slimes","floor":12,"turns":3},{"damage":7,"enemies":"3 Sentries","floor":13,"turns":3},{"damage":18,"enemies":"Red Slaver","floor":14,"turns":4},{"damage":40,"enemies":"Slime Boss","floor":16,"turns":8},{"damage":19,"enemies":"Shell Parasite","floor":18,"turns":4},{"damage":9,"enemies":"Chosen","floor":19,"turns":5},{"damage":8,"enemies":"3 Cultists","floor":24,"turns":4},{"damage":53,"enemies":"Book of Stabbing","floor":25,"turns":5}],"seed_played":"-7207819797451684788","potions_obtained":[{"floor":2,"key":"Explosive Potion"},{"floor":6,"key":"DuplicationPotion"},{"floor":11,"key":"Explosive Potion"},{"floor":24,"key":"Ancient Potion"}],"is_trial":false,"path_per_floor":["M","M","?","?","$","E","R","$","T","?","E","M","E","M","R","B",null,"M","M","?","$","?","R","M","E"],"character_chosen":"IRONCLAD","items_purchased":["Dropkick","Pommel Strike","Membership Card"],"campfire_rested":1,"item_purchase_floors":[5,8,21],"current_hp_per_floor":[49,46,46,46,46,17,39,39,39,39,17,18,17,43,43,9,59,46,43,37,52,52,52,50,0,0],"gold":30,"neow_bonus":"RANDOM_COLORLESS_2","is_daily":false,"chose_seed":false,"campfire_upgraded":1,"win_rate":0.0,"timestamp":1609067584,"path_taken":["M","M","?","?","$","E","R","$","T","?","E","?","E","M","R","BOSS","M","M","?","$","?","R","M","E"],"items_purchased_type":["Card","Card","Relic"],"build_version":"2020-12-22","purchased_purges":1,"victory":false,"max_hp_per_floor":[75,75,75,75,75,75,75,75,75,75,75,75,75,75,75,75,75,75,75,75,75,75,75,75,75,75],"relic_stats":{"Lizard Tail":37,"Shovel":1,"counters":[12,55],"Self Forming Clay":[75],"MealTicket":15,"Boot":[93],"obtain_stats":[{"SlaversCollar":17,"Lizard Tail":6,"Shovel":13,"Self Forming Clay":9,"Oddly Smooth Stone":15,"MealTicket":10,"Membership Card":21,"Boot":11,"Burning Blood":0},{"SlaversCollar":8,"Lizard Tail":3,"Shovel":6,"Self Forming Clay":3,"Oddly Smooth Stone":7,"MealTicket":3,"Membership Card":10,"Boot":4,"Burning Blood":0},{"SlaversCollar":37,"Lizard Tail":15,"Shovel":25,"Self Forming Clay":15,"Oddly Smooth Stone":29,"MealTicket":15,"Membership Card":46,"Boot":19,"Burning Blood":0}],"Burning Blood":66},"card_choices":[{"not_picked":["Secret Technique","Thinking Ahead"],"picked":"Violence","floor":0},{"not_picked":["Iron Wave","Sentinel"],"picked":"Pommel Strike","floor":1},{"not_picked":["True Grit","Anger"],"picked":"Pummel","floor":2},{"not_picked":["Evolve","Havoc"],"picked":"Cleave","floor":6},{"not_picked":["Anger","Clothesline"],"picked":"Immolate","floor":11},{"not_picked":["Iron Wave","Uppercut"],"picked":"Feel No Pain","floor":12},{"not_picked":["Fiend Fire","Corruption","Headbutt"],"picked":"SKIP","floor":13},{"not_picked":["Searing Blow","Warcry"],"picked":"Sword Boomerang","floor":14},{"not_picked":["Demon Form","Impervious"],"picked":"Double Tap","floor":16},{"not_picked":["Thunderclap+1","Perfected Strike+1"],"picked":"Infernal Blade","floor":18},{"not_picked":["True Grit","Wild Strike","Rampage"],"picked":"SKIP","floor":19},{"not_picked":["Warcry","Armaments","Sever Soul"],"picked":"SKIP","floor":24}],"player_experience":2071082,"relics_obtained":[{"floor":6,"key":"Lizard Tail"},{"floor":9,"key":"Self Forming Clay"},{"floor":11,"key":"Boot"},{"floor":13,"key":"Shovel"},{"floor":15,"key":"Oddly Smooth Stone"}],"event_choices":[{"damage_healed":0,"gold_gain":0,"player_choice":"Grow","damage_taken":0,"max_hp_gain":0,"max_hp_loss":0,"event_name":"Living Wall","floor":3,"gold_loss":0,"cards_upgraded":["Pommel Strike"]},{"cards_removed":["Strike_R"],"damage_healed":0,"gold_gain":0,"player_choice":"Card Removal","damage_taken":0,"max_hp_gain":0,"max_hp_loss":0,"event_name":"The Cleric","floor":4,"gold_loss":75},{"damage_healed":0,"gold_gain":0,"player_choice":"Paid Gold","damage_taken":0,"relics_obtained":["MealTicket"],"max_hp_gain":0,"max_hp_loss":0,"event_name":"WeMeetAgain","floor":10,"gold_loss":66},{"damage_healed":0,"gold_gain":0,"player_choice":"Joined the Cult","damage_taken":6,"max_hp_gain":0,"max_hp_loss":0,"event_name":"Nest","floor":20,"gold_loss":0,"cards_obtained":["RitualDagger"]},{"damage_healed":0,"gold_gain":0,"player_choice":"Simplicity","damage_taken":0,"max_hp_gain":0,"max_hp_loss":0,"event_name":"Back to Basics","floor":22,"gold_loss":0,"cards_upgraded":["Strike_R","Strike_R","Strike_R","Defend_R","Defend_R","Defend_R","Defend_R"]}],"is_beta":false,"boss_relics":[{"not_picked":["Snecko Eye","Runic Dome"],"picked":"SlaversCollar"}],"items_purged_floors":[21],"is_endless":false,"potions_floor_spawned":[2,6,11,24],"killed_by":"Book of Stabbing","ascension_level":17}}