{"host":"dcj2yvrgcvh5dl2s","time":1609107362,"event":{"mods":["BaseMod","Better Note","Block Reminder","Colored Powertips","DeckTracker","Minty Spire (QoL Compilation)","Quick Restart","Rare Cards Sparkle","Relic Stats","StSLib"],"gold_per_floor":[109,109,109,109,122,122,158,158,183,183,206,244,244,257,257,257,257],"floor_reached":16,"playtime":226,"items_purged":[],"score":246,"play_id":"c951ed35-6e75-4401-a179-c0379d03020e","local_time":"20201228081602","is_ascension_mode":true,"campfire_choices":[{"data":"Bash","floor":6,"key":"SMITH"},{"data":"Feel No Pain","floor":8,"key":"SMITH"},{"data":"Shrug It Off","floor":10,"key":"SMITH"},{"data":"Heavy Blade","floor":13,"key":"SMITH"},{"floor":15,"key":"REST"}],"circlet_count":0,"master_deck":["AscendersBane","Strike_R","Strike_R","Strike_R","Strike_R","Strike_R","Defend_R","Defend_R","Defend_R","Defend_R","Bash+1","Pummel+1","Regret","Shrug It Off+1","Feel No Pain+1","Heavy Blade+1"],"relics":["Burning Blood","NeowsBlessing","Golden Idol","Potion Belt","Bronze Scales","Vajra","Self Forming Clay"],"acts_visited":["Exordium"],"potions_floor_usage":[16,16],"damage_taken":[{"damage":0,"enemies":"Small Slimes","floor":1,"turns":1},{"damage":0,"enemies":"2 Louse","floor":5,"turns":1},{"damage":0,"enemies":"Lagavulin","floor":7,"turns":1},{"damage":0,"enemies":"Cultist","floor":11,"turns":2},{"damage":30,"enemies":"3 Sentries","floor":12,"turns":9},{"damage":17,"enemies":"Exordium Thugs","floor":14,"turns":4},{"damage":59,"enemies":"Slime Boss","floor":16,"turns":5}],"seed_played":"1279701464856208470","potions_obtained":[{"floor":7,"key":"Explosive Potion"},{"floor":11,"key":"SteroidPotion"}],"is_trial":false,"path_per_floor":["M","?","?","?","M","R","E","R","T","R","M","E","R","M","R","B"],"character_chosen":"IRONCLAD","items_purchased":[],"campfire_rested":1,"item_purchase_floors":[],"current_hp_per_floor":[74,48,48,48,54,54,60,60,60,60,66,42,42,31,53,0,0],"gold":257,"neow_bonus":"THREE_ENEMY_KILL","is_daily":false,"chose_seed":false,"campfire_upgraded":4,"win_rate":0.0,"timestamp":1609107362,"path_taken":["M","?","?","?","?","R","E","R","T","R","M","E","R","M","R","BOSS"],"items_purchased_type":[],"build_version":"2020-12-22","purchased_purges":0,"victory":false,"max_hp_per_floor":[75,75,75,75,75,75,75,75,75,75,75,75,75,75,75,75,75],"relic_stats":{"counters":[7,23],"Golden Idol":26,"Self Forming Clay":[18],"Bronze Scales":[39],"obtain_stats":[{"Potion Belt":3,"NeowsBlessing":0,"Golden Idol":2,"Self Forming Clay":12,"Bronze Scales":7,"Vajra":9,"Burning Blood":0},{"Potion Belt":1,"NeowsBlessing":0,"Golden Idol":1,"Self Forming Clay":5,"Bronze Scales":3,"Vajra":3,"Burning Blood":0},{"Potion Belt":1,"NeowsBlessing":0,"Golden Idol":1,"Self Forming Clay":14,"Bronze Scales":3,"Vajra":3,"Burning Blood":0}],"Burning Blood":36},"card_choices":[{"not_picked":["Twin Strike","Clash"],"picked":"Pummel","floor":1},{"not_picked":["Clash","Warcry"],"picked":"Shrug It Off","floor":5},{"not_picked":["Dark Embrace","Clash"],"picked":"Feel No Pain","floor":7},{"not_picked":["Anger","Body Slam"],"picked":"Heavy Blade","floor":11},{"not_picked":["Power Through","Havoc","Wild Strike"],"picked":"SKIP","floor":12},{"not_picked":["Anger","Dual Wield","True Grit"],"picked":"SKIP","floor":14}],"player_experience":2079968,"relics_obtained":[{"floor":7,"key":"Bronze Scales"},{"floor":9,"key":"Vajra"},{"floor":12,"key":"Self Forming Clay"}],"event_choices":[{"damage_healed":0,"gold_gain":0,"player_choice":"Take Damage","damage_taken":26,"relics_obtained":["Golden Idol"],"max_hp_gain":0,"max_hp_loss":0,"event_name":"Golden Idol","floor":2,"gold_loss":0},{"damage_healed":0,"gold_gain":0,"player_choice":"Box","damage_taken":0,"relics_obtained":["Potion Belt"],"max_hp_gain":0,"max_hp_loss":0,"event_name":"Big Fish","floor":3,"gold_loss":0,"cards_obtained":["Regret"]},{"damage_healed":0,"gold_gain":0,"player_choice":"Upgraded","damage_taken":0,"max_hp_gain":0,"max_hp_loss":0,"event_name":"Upgrade Shrine","floor":4,"gold_loss":0,"cards_upgraded":["Pummel"]}],"is_beta":false,"boss_relics":[],"items_purged_floors":[],"is_endless":false,"potions_floor_spawned":[7,11],"killed_by":"Slime Boss","ascension_level":17}}