{"host":"12","time":1609051712,"event":{"mods":["ATMod(°¢èªMod)","Act Like it!","BaseMod","Colored Powertips","Minty Spire (QoL Compilation)","StSLib","¡¾¹¦ÄÜMod¡¿»ìãçÖ®»·ÐÞ¸´²¹¶¡"],"gold_per_floor":[118,138,138,138,152,152,181,181,260,293,313,324,324,359,359,444,516,537,548,229,246,255,255,286,286,310,345,359,368,301,311,311,393,393,409,409,428,428,449,475,494,494,494,494,527,545,279,279,279,279,279,279,279,68,104,104],"floor_reached":57,"playtime":2146,"items_purged":["Clothesline","Bash","Rampage+1"],"score":2965,"play_id":"f0ff63d4-48f2-4ce1-a191-1cfe23b5b549","local_time":"20201227144832","is_ascension_mode":true,"campfire_choices":[{"data":"Combust","floor":6.0,"key":"SMITH"},{"data":"AT_CaressingTears","floor":8.0,"key":"SMITH"},{"data":"Rampage","floor":15.0,"key":"SMITH"},{"data":"AT_Dispersion","floor":23.0,"key":"SMITH"},{"floor":25.0,"key":"RECALL"},{"data":"AT_LightSaberMaster","floor":32.0,"key":"SMITH"},{"data":"Pommel Strike","floor":42.0,"key":"SMITH"},{"data":"Pummel","floor":44.0,"key":"SMITH"},{"data":"1","floor":49.0,"key":"LIFT"},{"data":"2","floor":53.0,"key":"LIFT"}],"circlet_count":0,"master_deck":["AscendersBane","AT_Dispersion+1","Combust+1","AT_CaressingTears+1","AT_ManFootWork+1","Ghostly Armor+1","Impervious+1","Seeing Red+1","Double Tap+1","Bloodletting+1","Battle Trance+1","AT_CaressingTears+1","Entrench+1","Pummel+1","Shrug It Off+1","AT_LightSaberMaster+1","Impervious+1","Power Through+1","Feel No Pain+1","Master of Strategy+1","Pommel Strike+1","Backflip+1","Impatience+1","Shockwave+1"],"relics":["Burning Blood","AT_ATBox","NeowsBlessing","Centennial Puzzle","Toxic Egg 2","AT_GuinsooRageblade","Mummified Hand","CeramicFish","Pandora\u0027s Box","PrismaticShard","Gremlin Horn","Happy Flower","Frozen Egg 2","Coffee Dripper","Lantern","Girya","OrangePellets","AT_ArchangelStaff","Pear"],"acts_visited":["Exordium","TheCity","TheBeyond","TheEnding"],"potions_floor_usage":[56,56],"damage_taken":[{"damage":0.0,"enemies":"Small Slimes","floor":1.0,"turns":1.0},{"damage":2.0,"enemies":"2 Louse","floor":2.0,"turns":2.0},{"damage":0.0,"enemies":"Cultist","floor":5.0,"turns":1.0},{"damage":48.0,"enemies":"Gremlin Nob","floor":7.0,"turns":4.0},{"damage":16.0,"enemies":"3 Sentries","floor":10.0,"turns":4.0},{"damage":21.0,"enemies":"Exordium Thugs","floor":11.0,"turns":4.0},{"damage":9.0,"enemies":"Looter","floor":12.0,"turns":4.0},{"damage":31.0,"enemies":"Gremlin Nob","floor":14.0,"turns":4.0},{"damage":10.0,"enemies":"Hexaghost","floor":16.0,"turns":8.0},{"damage":4.0,"enemies":"2 Thieves","floor":18.0,"turns":3.0},{"damage":11.0,"enemies":"Spheric Guardian","floor":19.0,"turns":3.0},{"damage":14.0,"enemies":"Snecko","floor":21.0,"turns":6.0},{"damage":27.0,"enemies":"Slavers","floor":24.0,"turns":4.0},{"damage":13.0,"enemies":"Gremlin Leader","floor":27.0,"turns":5.0},{"damage":5.0,"enemies":"Snake Plant","floor":28.0,"turns":5.0},{"damage":1.0,"enemies":"Centurion and Healer","floor":31.0,"turns":4.0},{"damage":13.0,"enemies":"Collector","floor":33.0,"turns":6.0},{"damage":28.0,"enemies":"3 Darklings","floor":35.0,"turns":3.0},{"damage":0.0,"enemies":"3 Shapes","floor":37.0,"turns":3.0},{"damage":6.0,"enemies":"3 Darklings","floor":39.0,"turns":4.0},{"damage":6.0,"enemies":"Nemesis","floor":40.0,"turns":5.0},{"damage":3.0,"enemies":"Writhing Mass","floor":41.0,"turns":3.0},{"damage":11.0,"enemies":"Giant Head","floor":45.0,"turns":4.0},{"damage":14.0,"enemies":"Transient","floor":46.0,"turns":5.0},{"damage":12.0,"enemies":"Donu and Deca","floor":50.0,"turns":5.0},{"damage":12.0,"enemies":"Awakened One","floor":51.0,"turns":4.0},{"damage":3.0,"enemies":"Shield and Spear","floor":55.0,"turns":3.0},{"damage":31,"enemies":"The Heart","floor":56,"turns":8}],"seed_played":"3003364450650060176","potions_obtained":[{"floor":7.0,"key":"Regen Potion"},{"floor":10.0,"key":"BloodPotion"},{"floor":14.0,"key":"Block Potion"},{"floor":21.0,"key":"EntropicBrew"},{"floor":40.0,"key":"BloodPotion"}],"is_trial":false,"path_per_floor":["M","M","?","?","M","R","E","R","T","E","M","M","T","E","R","B",null,"M","M","$","M","?","R","E","R","T","E","M","?","$","M","R","B",null,"M","?","M","?","M","E","M","R","T","R","E","M","$","T","R","B","B",null,"R","$","E","B",null],"character_chosen":"IRONCLAD","items_purchased":["AT_LightSaberMaster","PrismaticShard","Feel No Pain+1","OrangePellets","Impatience+1"],"campfire_rested":0,"item_purchase_floors":[20,20,30,47,54],"current_hp_per_floor":[74,75,80,80,80,80,38,38,38,46,33,30,30,21,21,25,66,68,63,63,55,55,55,46,46,46,39,40,40,40,49,49,54,74,56,46,56,56,60,76,76,76,76,76,76,75,75,75,75,76,76,76,76,76,86,86],"gold":104,"neow_bonus":"THREE_ENEMY_KILL","is_daily":false,"chose_seed":false,"campfire_upgraded":7,"win_rate":0.0,"timestamp":1609051712,"path_taken":["M","M","?","?","M","R","E","R","T","E","?","M","?","E","R","BOSS","M","M","$","M","?","R","E","R","T","E","?","?","$","M","R","BOSS","M","?","M","?","M","E","M","R","T","R","E","M","$","?","R","BOSS","BOSS","R","$","E","BOSS"],"items_purchased_type":["Card","Relic","Card","Relic","Card"],"build_version":"2020-12-18","purchased_purges":3,"victory":true,"max_hp_per_floor":[75,75,80,80,80,80,80,80,80,80,80,80,80,80,80,80,80,80,80,80,80,80,80,80,80,80,80,80,80,80,80,80,80,80,80,80,80,76,76,76,76,76,76,76,76,76,76,76,76,76,76,76,76,76,86,86],"card_choices":[{"not_picked":["Perfected Strike","Clash","Havoc"],"picked":"SKIP","floor":1.0},{"not_picked":["Sword Boomerang","AT_BodySlamDance","Twin Strike"],"picked":"SKIP","floor":2.0},{"not_picked":["Sword Boomerang","Heavy Blade"],"picked":"Combust","floor":5.0},{"not_picked":["Havoc","Clothesline"],"picked":"AT_CaressingTears","floor":7.0},{"not_picked":["Anger","Corruption"],"picked":"Rampage","floor":10.0},{"not_picked":["Warcry+1","Pommel Strike"],"picked":"AT_ManFootWork+1","floor":11.0},{"not_picked":["Headbutt","AT_ManFootWork+1","Bloodletting+1"],"picked":"SKIP","floor":12.0},{"not_picked":["Spot Weakness+1","Fire Breathing"],"picked":"Ghostly Armor+1","floor":14.0},{"not_picked":["Barricade","Demon Form"],"picked":"Impervious+1","floor":16.0},{"not_picked":["Rage+1","Infernal Blade+1"],"picked":"Shrug It Off+1","floor":18.0},{"not_picked":["AT_IchimonjiDouble","Anger","Fire Breathing"],"picked":"SKIP","floor":19.0},{"not_picked":["Flying Knee","Combust","Ghostly Armor+1"],"picked":"SKIP","floor":21.0},{"not_picked":["FlurryOfBlows","Redo+1","FlyingSleeves"],"picked":"SKIP","floor":24.0},{"not_picked":["Heavy Blade","Reckless Charge","Phantasmal Killer+1"],"picked":"SKIP","floor":27.0},{"not_picked":["Stack+1","Hemokinesis","CrushJoints"],"picked":"SKIP","floor":28.0},{"not_picked":["Iron Wave","Crescendo+1","Gash"],"picked":"SKIP","floor":31.0},{"not_picked":["Machine Learning+1","Impervious+1"],"picked":"Master of Strategy+1","floor":33.0},{"not_picked":["Loop+1","Scrape","Rebound"],"picked":"SKIP","floor":35.0},{"not_picked":["AT_TinkerSharpsword+1","CrushJoints","Distraction+1"],"picked":"SKIP","floor":37.0},{"not_picked":["Jack Of All Trades+1","Sword Boomerang"],"picked":"Pommel Strike","floor":39.0},{"not_picked":["Headbutt","Metallicize+1","Body Slam"],"picked":"SKIP","floor":40.0},{"not_picked":["Halt+1","Seeing Red+1"],"picked":"Backflip+1","floor":41.0},{"not_picked":["Perseverance+1","Prepared+1","Body Slam+1"],"picked":"SKIP","floor":45.0},{"not_picked":["PathToVictory+1","Sucker Punch+1","EmptyBody+1"],"picked":"SKIP","floor":46.0},{"not_picked":["Sword Boomerang","Clothesline+1"],"picked":"Shockwave+1","floor":55.0}],"player_experience":572703,"relics_obtained":[{"floor":7.0,"key":"Centennial Puzzle"},{"floor":9.0,"key":"Toxic Egg 2"},{"floor":10.0,"key":"AT_GuinsooRageblade"},{"floor":13.0,"key":"Mummified Hand"},{"floor":14.0,"key":"CeramicFish"},{"floor":24.0,"key":"Gremlin Horn"},{"floor":26.0,"key":"Happy Flower"},{"floor":27.0,"key":"Frozen Egg 2"},{"floor":40.0,"key":"Lantern"},{"floor":45.0,"key":"Girya"},{"floor":48.0,"key":"AT_ArchangelStaff"},{"floor":55.0,"key":"Pear"}],"event_choices":[{"damage_healed":0.0,"max_hp_gain":5.0,"max_hp_loss":0.0,"gold_gain":0.0,"event_name":"Big Fish","player_choice":"Donut","floor":3.0,"gold_loss":0.0,"damage_taken":0.0},{"cards_removed":["Strike_R"],"damage_healed":0.0,"max_hp_gain":0.0,"max_hp_loss":0.0,"gold_gain":0.0,"event_name":"Bonfire Elementals","player_choice":"Offered Basic","floor":4.0,"gold_loss":0.0,"damage_taken":0.0},{"damage_healed":0.0,"max_hp_gain":0.0,"max_hp_loss":0.0,"gold_gain":0.0,"event_name":"Duplicator","player_choice":"Copied","floor":22.0,"gold_loss":0.0,"damage_taken":0.0,"cards_obtained":["Impervious"]},{"damage_healed":0.0,"max_hp_gain":0.0,"max_hp_loss":0.0,"gold_gain":0.0,"event_name":"The Library","player_choice":"Read","floor":29.0,"gold_loss":0.0,"damage_taken":0.0,"cards_obtained":["Power Through"]},{"damage_healed":0.0,"max_hp_gain":0.0,"max_hp_loss":0.0,"gold_gain":0.0,"event_name":"SensoryStone","player_choice":"Memory 3","floor":36.0,"gold_loss":0.0,"damage_taken":10.0},{"damage_healed":0.0,"max_hp_gain":0.0,"max_hp_loss":4.0,"gold_gain":0.0,"event_name":"Winding Halls","player_choice":"Max HP","floor":38.0,"gold_loss":0.0,"damage_taken":0.0}],"is_beta":true,"boss_relics":[{"not_picked":["Velvet Choker","Mark of Pain"],"picked":"Pandora\u0027s Box"},{"not_picked":["Black Star","Empty Cage"],"picked":"Coffee Dripper"}],"items_purged_floors":[20,47,54],"is_endless":false,"potions_floor_spawned":[7,10,12,14,19,21,24,27,40,41],"ascension_level":20}}