{"host":"6to8m083wj0ro91z","time":1609086640,"event":{"mods":["BaseMod","Better Third Choice","BetterRewards","CatGirl Mod","ChefMod","Friendly Minions","Hubris","Mad Scientist","Marisa????????","Minty Spire (QoL Compilation)","Robot Space Explorer","Shade Mod","Spicy Shops","StSLib","The Blackbeard","The Death Knight","The Dragon Tamer","The Gatherer","The Marked","The Mystic","The Necromancer","The Servant 0.9.4"],"gold_per_floor":[113,15,32,52,68,68,68,68,68,87,104,129,145,158,158,257,257,276,375,390,258,258,258,290,290,315,315,120,132,165,176,176,271,271,290,305,321,116,127,160,174,174,174,185,219,219,219,231,231,231,231,231,15,49,49],"floor_reached":56,"playtime":4187,"items_purged":["RobotSpaceExplorer:Strike","RobotSpaceExplorer:Strike","RobotSpaceExplorer:Defend","RobotSpaceExplorer:Strike"],"score":1929,"play_id":"e63bed80-e3df-41da-858d-3379a4e72807","local_time":"20201227173040","is_ascension_mode":true,"campfire_choices":[{"data":"RobotSpaceExplorer:PowerGlove","floor":6,"key":"SMITH"},{"data":"Trip","floor":8,"key":"SMITH"},{"data":"RobotSpaceExplorer:MiniDrones","floor":15,"key":"SMITH"},{"data":"RobotSpaceExplorer:ShovelStrike","floor":23,"key":"SMITH"},{"data":"RobotSpaceExplorer:FranticSearch","floor":25,"key":"SMITH"},{"data":"RobotSpaceExplorer:ImprovisedAttack","floor":27,"key":"SMITH"},{"data":"RobotSpaceExplorer:MiniDrones","floor":32,"key":"SMITH"},{"data":"RobotSpaceExplorer:GlueShot","floor":42,"key":"SMITH"},{"floor":46,"key":"RECALL"},{"data":"RobotSpaceExplorer:Defend","floor":49,"key":"PURGE"},{"data":"RobotSpaceExplorer:Defend","floor":52,"key":"PURGE"}],"circlet_count":0,"master_deck":["RobotSpaceExplorer:Defend","RobotSpaceExplorer:Scan","RobotSpaceExplorer:MiniLasers+1","RobotSpaceExplorer:GearShield","RobotSpaceExplorer:PowerGlove+1","Trip+1","RobotSpaceExplorer:ScrapMissile","RobotSpaceExplorer:MiniDrones+1","RobotSpaceExplorer:ImprovisedAttack+1","RobotSpaceExplorer:ShovelStrike+1","RobotSpaceExplorer:ScrapToss","RobotSpaceExplorer:MiniBoosters+1","RobotSpaceExplorer:LuckyStrike","RobotSpaceExplorer:DualCore+1","RobotSpaceExplorer:FranticSearch+1","RobotSpaceExplorer:GlueShot+1","RobotSpaceExplorer:MiniDrones+1","RobotSpaceExplorer:Accelerator+1","RobotSpaceExplorer:ExhaustFan+1","RobotSpaceExplorer:JunkDive+1","Finesse","Mayhem+1"],"relics":["RobotSpaceExplorer:RoboCore","Centennial Puzzle","ClockworkSouvenir","Anchor","Kunai","Membership Card","Blood Vial","Frozen Egg 2","RobotSpaceExplorer:FoglandsKnife","hubris:RunicObelisk","FaceOfCleric","TungstenRod","Shuriken","Art of War","Black Star","hubris:PeanutButter","RobotSpaceExplorer:ClockworkSextant","Peace Pipe","DeathKnight:PutricidesVial","hubris:TenFootPole","hubris:MedicalManual","Turnip","hubris:SlimyHat","Bronze Scales","Bag of Marbles"],"acts_visited":["Exordium","TheCity","TheBeyond","TheEnding"],"potions_floor_usage":[12,55,55,55],"damage_taken":[{"damage":0,"enemies":"Cultist","floor":1,"turns":4},{"damage":0,"enemies":"Small Slimes","floor":3,"turns":2},{"damage":0,"enemies":"Jaw Worm","floor":4,"turns":2},{"damage":0,"enemies":"Exordium Thugs","floor":5,"turns":3},{"damage":0,"enemies":"Blue Slaver","floor":10,"turns":2},{"damage":0,"enemies":"Large Slime","floor":11,"turns":3},{"damage":0,"enemies":"Lagavulin","floor":12,"turns":3},{"damage":0,"enemies":"Looter","floor":13,"turns":2},{"damage":0,"enemies":"Lots of Slimes","floor":14,"turns":2},{"damage":0,"enemies":"Slime Boss","floor":16,"turns":5},{"damage":10,"enemies":"Spheric Guardian","floor":18,"turns":3},{"damage":0,"enemies":"3 Byrds","floor":20,"turns":2},{"damage":0,"enemies":"Book of Stabbing","floor":24,"turns":3},{"damage":0,"enemies":"Centurion and Healer","floor":29,"turns":3},{"damage":0,"enemies":"Slavers","floor":30,"turns":3},{"damage":0,"enemies":"Cultist and Chosen","floor":31,"turns":3},{"damage":0,"enemies":"Collector","floor":33,"turns":4},{"damage":0,"enemies":"3 Shapes","floor":35,"turns":3},{"damage":0,"enemies":"3 Darklings","floor":36,"turns":3},{"damage":4,"enemies":"4 Shapes","floor":37,"turns":2},{"damage":0,"enemies":"Spire Growth","floor":39,"turns":2},{"damage":0,"enemies":"Nemesis","floor":40,"turns":3},{"damage":0,"enemies":"3 Darklings","floor":41,"turns":2},{"damage":0,"enemies":"Sphere and 2 Shapes","floor":44,"turns":2},{"damage":0,"enemies":"Giant Head","floor":45,"turns":4},{"damage":0,"enemies":"Maw","floor":48,"turns":4},{"damage":0,"enemies":"Donu and Deca","floor":50,"turns":4},{"damage":6,"enemies":"Shield and Spear","floor":54,"turns":3},{"damage":28,"enemies":"The Heart","floor":55,"turns":5}],"seed_played":"-4547242682473623401","potions_obtained":[{"floor":3,"key":"AttackPotion"},{"floor":4,"key":"Dexterity Potion"},{"floor":10,"key":"RobotSpaceExplorer:PlasmaFlask"},{"floor":16,"key":"BlessingOfTheForge"},{"floor":40,"key":"CultistPotion"},{"floor":48,"key":"LiquidBronze"}],"is_trial":false,"path_per_floor":["M","$","M","M","M","R","?","R","T","M","M","E","M","M","R","B",null,"M","?","M","$","?","R","E","R","T","R","$","M","E","M","R","B",null,"M","M","M","$","M","E","M","R","T","M","E","R","?","M","R","B",null,"R","$","E","B",null],"character_chosen":"RobotSpaceExplorer","items_purchased":["Centennial Puzzle","ClockworkSouvenir","RobotSpaceExplorer:GearShield","Anchor","Kunai","RobotSpaceExplorer:PowerGlove","Membership Card","Trip","RobotSpaceExplorer:MiniDrones","Blood Vial","RobotSpaceExplorer:DualCore+1","RobotSpaceExplorer:FranticSearch","Shuriken","RobotSpaceExplorer:GlueShot","hubris:PeanutButter","RobotSpaceExplorer:ClockworkSextant","Finesse","Mayhem+1","hubris:SlimyHat"],"campfire_rested":0,"item_purchase_floors":[0,0,0,0,0,0,0,0,2,2,21,21,28,28,38,38,53,53,53],"current_hp_per_floor":[30,30,32,34,36,36,36,36,36,38,40,42,44,46,46,48,75,65,65,67,67,67,67,70,70,70,70,70,73,76,79,79,80,80,81,82,79,79,82,85,86,86,86,87,88,88,88,89,89,90,90,90,90,85,60],"gold":49,"neow_bonus":"","is_daily":false,"chose_seed":false,"campfire_upgraded":8,"win_rate":0.0,"timestamp":1609086640,"path_taken":["M","?","?","M","M","R","?","R","T","M","M","E","M","M","R","BOSS","M","?","M","$","?","R","E","R","T","R","$","M","E","M","R","BOSS","M","?","M","$","M","E","M","R","T","M","E","R","?","M","R","BOSS","R","$","E","BOSS"],"items_purchased_type":["Relic","Relic","Card","Relic","Relic","Card","Relic","Card","Card","Relic","Card","Card","Relic","Card","Relic","Relic","Card","Card","Relic"],"build_version":"2020-12-22","purchased_purges":4,"victory":true,"max_hp_per_floor":[75,75,75,75,75,75,75,75,75,75,75,75,75,75,75,75,75,75,75,75,75,75,75,76,76,76,76,76,77,78,79,79,80,80,81,82,83,83,84,85,86,86,86,87,88,88,88,89,89,90,90,90,90,91,92],"card_choices":[{"not_picked":["RobotSpaceExplorer:MetalStrike","RobotSpaceExplorer:ShovelStrike"],"picked":"RobotSpaceExplorer:ScrapMissile","floor":1},{"not_picked":["RobotSpaceExplorer:MetalStrike","RobotSpaceExplorer:Pulsar"],"picked":"RobotSpaceExplorer:ImprovisedAttack","floor":3},{"not_picked":["RobotSpaceExplorer:FrostMissile","RobotSpaceExplorer:Ammunition","RobotSpaceExplorer:SurgingShield"],"picked":"SKIP","floor":4},{"not_picked":["RobotSpaceExplorer:Electroshield","RobotSpaceExplorer:Jetpack","RobotSpaceExplorer:Calculate"],"picked":"SKIP","floor":5},{"not_picked":["RobotSpaceExplorer:Reload","RobotSpaceExplorer:Probe"],"picked":"RobotSpaceExplorer:ShovelStrike","floor":10},{"not_picked":["RobotSpaceExplorer:SurgingStrike","RobotSpaceExplorer:FranticSearch","RobotSpaceExplorer:Fix"],"picked":"SKIP","floor":11},{"not_picked":["RobotSpaceExplorer:Autoloader+1","RobotSpaceExplorer:Blitz","RobotSpaceExplorer:MakeshiftVolley"],"picked":"SKIP","floor":12},{"not_picked":["RobotSpaceExplorer:BigMissile","RobotSpaceExplorer:FrostMissile"],"picked":"RobotSpaceExplorer:ScrapToss","floor":13},{"not_picked":["RobotSpaceExplorer:MiniDrones","RobotSpaceExplorer:ShovelStrike"],"picked":"RobotSpaceExplorer:MiniBoosters+1","floor":14},{"not_picked":["RobotSpaceExplorer:LaserBurst","RobotSpaceExplorer:FreezingShield+1"],"picked":"RobotSpaceExplorer:LuckyStrike","floor":18},{"not_picked":["RobotSpaceExplorer:SlimeMissile","RobotSpaceExplorer:Calculate+1","RobotSpaceExplorer:ScrapMissile"],"picked":"SKIP","floor":20},{"not_picked":["RobotSpaceExplorer:Probe+1","RobotSpaceExplorer:LaserBurst","RobotSpaceExplorer:Pulsar"],"picked":"SKIP","floor":24},{"not_picked":["RobotSpaceExplorer:FranticSearch+1","RobotSpaceExplorer:StunGrenade"],"picked":"RobotSpaceExplorer:MiniDrones","floor":29},{"not_picked":["RobotSpaceExplorer:Electropulse+1","RobotSpaceExplorer:FrostMissile","RobotSpaceExplorer:PlasmaMissile+1"],"picked":"SKIP","floor":30},{"not_picked":["RobotSpaceExplorer:Probe","RobotSpaceExplorer:LaserBurst+1","RobotSpaceExplorer:StunGrenade+1"],"picked":"SKIP","floor":31},{"not_picked":["RobotSpaceExplorer:Fix","RobotSpaceExplorer:SwiftStep+1","RobotSpaceExplorer:PlasmaMissile+1"],"picked":"SKIP","floor":35},{"not_picked":["RobotSpaceExplorer:Probe+1","RobotSpaceExplorer:SlimeMissile+1"],"picked":"RobotSpaceExplorer:Accelerator+1","floor":36},{"not_picked":["RobotSpaceExplorer:MetalStrike","RobotSpaceExplorer:FrostMissile+1","RobotSpaceExplorer:SurgingStrike"],"picked":"SKIP","floor":37},{"not_picked":["RobotSpaceExplorer:ImprovisedAttack+1","RobotSpaceExplorer:Fix"],"picked":"RobotSpaceExplorer:ExhaustFan+1","floor":39},{"not_picked":["RobotSpaceExplorer:ShockKick+1","RobotSpaceExplorer:FranticSearch","RobotSpaceExplorer:MetalStrike"],"picked":"SKIP","floor":40},{"not_picked":["RobotSpaceExplorer:Ammunition+1","RobotSpaceExplorer:Calculate+1","RobotSpaceExplorer:FrostMissile+1"],"picked":"SKIP","floor":41},{"not_picked":["RobotSpaceExplorer:DualCore+1","RobotSpaceExplorer:Discharger+1"],"picked":"RobotSpaceExplorer:JunkDive+1","floor":44},{"not_picked":["RobotSpaceExplorer:ShockKick","RobotSpaceExplorer:MetalStrike","RobotSpaceExplorer:SlimeMissile"],"picked":"SKIP","floor":45},{"not_picked":["RobotSpaceExplorer:SurgingShield+1","RobotSpaceExplorer:ToxicBomb+1","RobotSpaceExplorer:Probe"],"picked":"SKIP","floor":48},{"not_picked":["RobotSpaceExplorer:SurgingStrike+1","RobotSpaceExplorer:DoubleFind+1","RobotSpaceExplorer:DoubleBlock"],"picked":"SKIP","floor":54}],"player_experience":1045024,"relics_obtained":[{"floor":9,"key":"Frozen Egg 2"},{"floor":12,"key":"RobotSpaceExplorer:FoglandsKnife"},{"floor":24,"key":"TungstenRod"},{"floor":30,"key":"Art of War"},{"floor":40,"key":"Peace Pipe"},{"floor":40,"key":"DeathKnight:PutricidesVial"},{"floor":43,"key":"hubris:TenFootPole"},{"floor":45,"key":"hubris:MedicalManual"},{"floor":45,"key":"Turnip"},{"floor":54,"key":"Bronze Scales"},{"floor":54,"key":"Bag of Marbles"}],"event_choices":[{"cards_removed":["RobotSpaceExplorer:Strike"],"damage_healed":0,"gold_gain":0,"player_choice":"Forget","damage_taken":0,"max_hp_gain":0,"max_hp_loss":0,"event_name":"Living Wall","floor":7,"gold_loss":0},{"damage_healed":0,"gold_gain":99,"player_choice":"Steal","damage_taken":0,"max_hp_gain":0,"max_hp_loss":0,"event_name":"betterThird:BetterNest","floor":19,"gold_loss":0},{"damage_healed":0,"gold_gain":0,"player_choice":"Trade","damage_taken":0,"relics_obtained":["FaceOfCleric"],"max_hp_gain":0,"max_hp_loss":0,"event_name":"FaceTrader","floor":22,"gold_loss":0},{"damage_healed":0,"gold_gain":0,"player_choice":"Forge","damage_taken":0,"max_hp_gain":0,"max_hp_loss":0,"event_name":"Accursed Blacksmith","floor":47,"gold_loss":0,"cards_upgraded":["RobotSpaceExplorer:MiniLasers"]}],"is_beta":false,"boss_relics":[{"not_picked":["hubris:TerracottaHorce","hubris:HollowSoul"],"picked":"hubris:RunicObelisk"},{"not_picked":["Cursed Key","SlaversCollar"],"picked":"Black Star"}],"items_purged_floors":[0,0,0,21],"is_endless":false,"potions_floor_spawned":[3,4,10,11,16,24,31,37,40,48],"ascension_level":1}}