{"host":"h0xw20cia6ppa69g","time":1609057447,"event":{"mods":["AchievementEnabler","BaseMod","Colored Map","Filter the Spire","Googly Eyes","Minty Spire (QoL Compilation)","Relic Stats","StSLib","The Awakened One except there are too many feathers","everything is the same but u backflip on backflip"],"gold_per_floor":[119,119,133,146,146,146,146],"floor_reached":6,"playtime":309,"items_purged":[],"score":38,"play_id":"62c35b15-752f-4141-84d5-de4970d2dd70","local_time":"20201227022407","is_ascension_mode":true,"campfire_choices":[],"circlet_count":0,"master_deck":["Zap","Dualcast","Gash","Creative AI","Recycle","Darkness","Aggregate","Leap","Hello World","Steam","Sunder","Pain","Defragment","Self Repair"],"relics":["Pandora\u0027s Box","WarpedTongs"],"acts_visited":["Exordium"],"potions_floor_usage":[3],"damage_taken":[{"damage":0,"enemies":"Cultist","floor":1,"turns":4},{"damage":2,"enemies":"Small Slimes","floor":3,"turns":4},{"damage":12,"enemies":"Jaw Worm","floor":4,"turns":5},{"damage":66,"enemies":"Gremlin Nob","floor":6,"turns":7}],"seed_played":"-3463998562425506333","potions_obtained":[{"floor":1,"key":"Block Potion"},{"floor":3,"key":"SpeedPotion"}],"is_trial":false,"path_per_floor":["M","?","M","M","?","E"],"character_chosen":"DEFECT","items_purchased":[],"campfire_rested":0,"item_purchase_floors":[],"current_hp_per_floor":[75,75,73,61,66,0,0],"gold":146,"neow_bonus":"BOSS_RELIC","is_daily":false,"chose_seed":false,"campfire_upgraded":0,"win_rate":0.0,"timestamp":1609057447,"path_taken":["M","?","?","M","?","E"],"items_purchased_type":[],"build_version":"2020-12-22","purchased_purges":0,"victory":false,"max_hp_per_floor":[75,75,75,75,80,80,80],"relic_stats":{"counters":[4,20],"Pandora\u0027s Box":["Gash","Creative AI","Recycle","Darkness","Aggregate","Leap","Hello World","Steam"],"obtain_stats":[{"Pandora\u0027s Box":0,"Cracked Core":0,"WarpedTongs":2},{"Pandora\u0027s Box":0,"Cracked Core":0,"WarpedTongs":1},{"Pandora\u0027s Box":0,"Cracked Core":0,"WarpedTongs":4}],"WarpedTongs":[16]},"card_choices":[{"not_picked":["Steam","Cold Snap"],"picked":"Sunder","floor":1},{"not_picked":["Sweeping Beam","Undo"],"picked":"Defragment","floor":3},{"not_picked":["Coolheaded","Doom and Gloom"],"picked":"Self Repair","floor":4}],"player_experience":3553850,"relics_obtained":[],"event_choices":[{"damage_healed":0,"gold_gain":0,"player_choice":"Rummage","damage_taken":0,"relics_obtained":["WarpedTongs"],"max_hp_gain":0,"max_hp_loss":0,"event_name":"Accursed Blacksmith","floor":2,"gold_loss":0,"cards_obtained":["Pain"]},{"damage_healed":0,"gold_gain":0,"player_choice":"Donut","damage_taken":0,"max_hp_gain":5,"max_hp_loss":0,"event_name":"Big Fish","floor":5,"gold_loss":0}],"is_beta":false,"boss_relics":[],"items_purged_floors":[],"is_endless":false,"potions_floor_spawned":[1,3],"killed_by":"Gremlin Nob","ascension_level":1}}