{"host":"sav7uxregyirlf69","time":1609053399,"event":{"mods":["AchievementEnabler","BaseMod","Colored Map","DeckTracker","Keyboard Shortcuts","Minty Spire (QoL Compilation)","READ ME - Guardian Mod","StSLib","SuperFastMode"],"gold_per_floor":[116,128,147,162,162,162,203,203,256,12,87,110,110,10,10,104,104,124,144,144,144],"floor_reached":20,"playtime":270,"items_purged":["Strike_B","Strike_B"],"score":444,"play_id":"5a58a17c-4bea-4ce1-8b42-0cedd7b1a06f","local_time":"20201227161639","is_ascension_mode":true,"campfire_choices":[{"data":"Streamline","floor":6,"key":"SMITH"},{"data":"Doom and Gloom","floor":8,"key":"SMITH"},{"floor":13,"key":"REST"},{"data":"Zap","floor":15,"key":"SMITH"}],"circlet_count":0,"master_deck":["AscendersBane","Defend_B","Defend_B","Defend_B","Zap+1","Dualcast","Streamline+1","Cold Snap","Sweeping Beam","Beam Cell","Doom and Gloom+1","Creative AI+1","Chaos+1","Double Energy+1","Barrage","Defragment"],"relics":["Cracked Core","Gambling Chip","Golden Idol","Gremlin Horn","Boot","PreservedInsect","Omamori","Astrolabe"],"acts_visited":["Exordium","TheCity"],"potions_floor_usage":[7],"damage_taken":[{"damage":1.0,"enemies":"Cultist","floor":1.0,"turns":3.0},{"damage":0.0,"enemies":"Small Slimes","floor":2.0,"turns":2.0},{"damage":0.0,"enemies":"Jaw Worm","floor":3.0,"turns":4.0},{"damage":3.0,"enemies":"Large Slime","floor":4.0,"turns":5.0},{"damage":6,"enemies":"Gremlin Nob","floor":7,"turns":3},{"damage":0,"enemies":"Slime Boss","floor":16,"turns":6},{"damage":10,"enemies":"Chosen","floor":18,"turns":3},{"damage":30,"enemies":"Shell Parasite","floor":19,"turns":5},{"damage":21,"enemies":"Centurion and Healer","floor":20,"turns":1}],"seed_played":"6979519698028782559","potions_obtained":[{"floor":1.0,"key":"Energy Potion"},{"floor":4.0,"key":"DuplicationPotion"},{"floor":7,"key":"SpeedPotion"}],"is_trial":false,"path_per_floor":["M","M","M","M","?","R","E","R","T","$","?","T","R","$","R","B",null,"M","M","M"],"character_chosen":"DEFECT","items_purchased":["PreservedInsect"],"campfire_rested":1,"item_purchase_floors":[10],"current_hp_per_floor":[63,63,63,60,38,38,32,32,32,32,21,21,40,40,40,40,58,48,18,0,0],"gold":144,"neow_bonus":"ONE_RARE_RELIC","is_daily":false,"chose_seed":false,"campfire_upgraded":3,"win_rate":0.0,"timestamp":1609053399,"path_taken":["M","?","M","M","?","R","E","R","T","$","?","?","R","$","R","BOSS","M","M","M"],"items_purchased_type":["Relic"],"build_version":"2020-12-22","purchased_purges":2,"victory":false,"max_hp_per_floor":[64,64,64,64,64,64,64,64,64,64,64,64,64,64,64,64,64,64,64,64,64],"card_choices":[{"not_picked":["Hello World","Steam Power"],"picked":"Streamline","floor":1.0},{"not_picked":["Storm","Gash"],"picked":"Cold Snap","floor":2.0},{"not_picked":["Cold Snap","Force Field"],"picked":"Sweeping Beam","floor":3.0},{"not_picked":["Sweeping Beam","Steam"],"picked":"Beam Cell","floor":4.0},{"not_picked":["Fission","Beam Cell"],"picked":"Doom and Gloom","floor":7},{"not_picked":["Steam","Streamline"],"picked":"Barrage","floor":18},{"not_picked":["Gash","Scrape"],"picked":"Defragment","floor":19}],"player_experience":1019316,"relics_obtained":[{"floor":7,"key":"Gremlin Horn"},{"floor":9,"key":"Boot"},{"floor":12,"key":"Omamori"}],"event_choices":[{"damage_healed":0,"gold_gain":0,"player_choice":"Take Damage","damage_taken":22,"relics_obtained":["Golden Idol"],"max_hp_gain":0,"max_hp_loss":0,"event_name":"Golden Idol","floor":5,"gold_loss":0},{"damage_healed":0,"gold_gain":75,"player_choice":"Gather Gold","damage_taken":11,"max_hp_gain":0,"max_hp_loss":0,"event_name":"World of Goop","floor":11,"gold_loss":0}],"is_beta":false,"boss_relics":[{"not_picked":["Busted Crown","Runic Dome"],"picked":"Astrolabe"}],"items_purged_floors":[10,14],"is_endless":false,"potions_floor_spawned":[1,4,7,18],"killed_by":"Centurion and Healer","ascension_level":20}}