{"host":"rvgqag7mtxu5qaaz","time":1609111837,"event":{"mods":["AchievementEnabler","BaseMod","Downfall","Hermit","Hubris","Minty Spire (QoL Compilation)","Replay The Spire","StSLib","SuperFastMode","The Animator","The Construct","The Cursed","The Disciple","The Necromancer"],"gold_per_floor":[109,109,121,132,132,132,165,165,165,177,209,13,13,26,26,130,130,149,149,161,161,7,36,36,36,113,130,159,159,159,159],"floor_reached":30,"playtime":1678,"items_purged":[],"score":290,"play_id":"1103402f-c3f6-4c58-8fd9-c80dc7d0f2bc","local_time":"20201227183037","is_ascension_mode":true,"campfire_choices":[{"data":"Eruption","floor":6.0,"key":"SMITH"},{"floor":13.0,"key":"REST"},{"floor":15.0,"key":"REST"},{"floor":29,"key":"REST"}],"circlet_count":1,"master_deck":["Strike_P","Strike_P","Strike_P","Defend_P","Defend_P","Defend_P","Eruption+1","Vigilance","EmptyMind","JustLucky","JustLucky","Replay:Cycle","ThirdEye","ConjureBlade","Weave+1","CutThroughFate","Vault","FearNoEvil","Sanctity","JustLucky","Replay:Anticipation+1","Establishment","LessonLearned","Replay:Cycle","CutThroughFate"],"relics":["PureWater","Circlet","hubris:BundleOfHerbs","hubris:Icosahedron","Simple Rune","Membership Card","hubris:TerracottaHorce","Mercury Hourglass","Bottled Flame","InkBottle","Golden Egg","hubris:FunFungus"],"acts_visited":["Exordium","TheCity"],"potions_floor_usage":[30],"damage_taken":[{"damage":3.0,"enemies":"2 Louse","floor":1.0,"turns":2.0},{"damage":0.0,"enemies":"Cultist","floor":3.0,"turns":2.0},{"damage":3.0,"enemies":"Small Slimes","floor":4.0,"turns":5.0},{"damage":22.0,"enemies":"Lagavulin","floor":7.0,"turns":5.0},{"damage":9.0,"enemies":"Blue Slaver","floor":10.0,"turns":5.0},{"damage":24.0,"enemies":"3 Sentries","floor":11.0,"turns":11.0},{"damage":0.0,"enemies":"2 Fungi Beasts","floor":14.0,"turns":2.0},{"damage":31.0,"enemies":"Hexaghost","floor":16.0,"turns":10.0},{"damage":0.0,"enemies":"3 Byrds","floor":18.0,"turns":4.0},{"damage":3.0,"enemies":"Spheric Guardian","floor":20.0,"turns":3.0},{"damage":31.0,"enemies":"Book of Stabbing","floor":23.0,"turns":5.0},{"damage":0.0,"enemies":"Snake Plant","floor":27.0,"turns":2.0},{"damage":38,"enemies":"Slavers","floor":28,"turns":4},{"damage":46,"enemies":"Gremlin Leader","floor":30,"turns":3}],"seed_played":"-8475604231798353174","potions_obtained":[{"floor":1.0,"key":"ColorlessPotion"},{"floor":2.0,"key":"Weak Potion"},{"floor":2.0,"key":"Swift Potion"},{"floor":7.0,"key":"BottledMiracle"},{"floor":10.0,"key":"GamblersBrew"},{"floor":11.0,"key":"Languid Potion"},{"floor":14.0,"key":"DuplicationPotion"},{"floor":23.0,"key":"Flashbang"},{"floor":27.0,"key":"FairyPotion"}],"is_trial":false,"path_per_floor":["M","?","M","M","?","R","E","?","T","M","E","$","R","M","R","B",null,"M","?","M","T","$","E","$","?","T","M","E","R","E"],"character_chosen":"WATCHER","items_purchased":["Weave+1","Membership Card","Bottled Flame","JustLucky"],"campfire_rested":3,"item_purchase_floors":[12,12,22,22],"current_hp_per_floor":[76,76,76,73,48,48,40,40,40,31,7,7,30,35,58,42,70,70,70,67,67,67,36,36,36,36,36,21,44,0,0],"gold":159,"neow_bonus":"TEN_PERCENT_HP_BONUS","is_daily":false,"chose_seed":false,"campfire_upgraded":1,"win_rate":0.0,"timestamp":1609111837,"path_taken":["M","?","M","?","?","R","E","?","T","M","E","?","R","M","R","BOSS","M","?","M","?","?","E","$","?","T","M","E","R","E"],"items_purchased_type":["Card","Relic","Relic","Card"],"build_version":"2020-12-22","purchased_purges":0,"victory":false,"max_hp_per_floor":[79,79,79,79,79,79,79,79,79,79,79,79,79,79,79,79,79,79,79,79,79,79,79,79,79,79,79,79,79,79,79],"card_choices":[{"not_picked":["Replay:Anticipation","Vengeance"],"picked":"EmptyMind","floor":1.0},{"not_picked":["FearNoEvil","FlurryOfBlows"],"picked":"JustLucky","floor":3.0},{"not_picked":["Halt","BowlingBash"],"picked":"JustLucky","floor":4.0},{"not_picked":["FlurryOfBlows","Replay:Battleflow"],"picked":"Replay:Cycle","floor":7.0},{"not_picked":["Indignation","Prostrate"],"picked":"ThirdEye","floor":10.0},{"not_picked":["EmptyBody","FollowUp"],"picked":"ConjureBlade","floor":11.0},{"not_picked":["Consecrate","ClearTheMind"],"picked":"CutThroughFate","floor":14.0},{"not_picked":["SpiritShield","Establishment"],"picked":"Vault","floor":16.0},{"not_picked":["Pray","EmptyBody+1"],"picked":"FearNoEvil","floor":18.0},{"not_picked":["BowlingBash+1","Replay:AtTheReady+1"],"picked":"Sanctity","floor":20.0},{"not_picked":["LikeWater","FlurryOfBlows"],"picked":"Replay:Anticipation+1","floor":23.0},{"not_picked":["EmptyBody","Study+1"],"picked":"Replay:Cycle","floor":27.0},{"not_picked":["Protect","Crescendo"],"picked":"CutThroughFate","floor":28}],"player_experience":321097,"relics_obtained":[{"floor":7.0,"key":"hubris:BundleOfHerbs"},{"floor":11.0,"key":"Simple Rune"},{"floor":21.0,"key":"Mercury Hourglass"},{"floor":23.0,"key":"InkBottle"},{"floor":26.0,"key":"Golden Egg"},{"floor":28,"key":"hubris:FunFungus"}],"event_choices":[{"damage_healed":0.0,"max_hp_gain":0.0,"max_hp_loss":0.0,"gold_gain":0.0,"event_name":"Lab","player_choice":"Got Potions","floor":2.0,"gold_loss":0.0,"damage_taken":0.0},{"damage_healed":0.0,"max_hp_gain":0.0,"max_hp_loss":0.0,"gold_gain":0.0,"event_name":"Scrap Ooze","player_choice":"Success","floor":5.0,"gold_loss":0.0,"damage_taken":25.0,"relics_obtained":["Dead Branch"]},{"damage_healed":0.0,"max_hp_gain":0.0,"max_hp_loss":0.0,"gold_gain":0.0,"event_name":"Cursed Tome","player_choice":"Ignored","floor":19.0,"gold_loss":0.0,"damage_taken":0.0},{"damage_healed":0.0,"max_hp_gain":0.0,"max_hp_loss":0.0,"gold_gain":0.0,"cards_transformed":["Strike_P","Defend_P"],"event_name":"Drug Dealer","player_choice":"Became Test Subject","floor":25.0,"gold_loss":0.0,"damage_taken":0.0,"cards_obtained":["Establishment","LessonLearned"]}],"is_beta":false,"boss_relics":[{"not_picked":["Runic Pyramid","hubris:CrackedHourglass"],"picked":"hubris:TerracottaHorce"}],"items_purged_floors":[],"is_endless":false,"potions_floor_spawned":[1,7,10,11,14,23,27],"killed_by":"Gremlin Leader","ascension_level":1}}