{"host":"vp2frn5hc2y9r85i","time":1609077650,"event":{"mods":["2.2 Compatiblity","AchievementEnabler","BaseMod","Better-Laid Plans","BetterRewards","Card Forge","Colored Map","DeckTracker","Highlight Path","Minty Spire (QoL Compilation)","Permanent Neow","Quick Restart","Random Character Button","Rare Cards Sparkle","StSLib","The Sage","Transform Curses"],"gold_per_floor":[99,113,113,124,138,164,174,174,174,349,383,383,133,161,161,258,258,278,196,295,345,357,368,380,380,407,439,439,439,439,138,138,238,238,256,275,275,275],"floor_reached":39,"playtime":6855,"items_purged":[],"score":1265,"play_id":"dae4a7b0-db31-4c6c-af3d-4ca5565f2da9","local_time":"20201227150050","is_ascension_mode":true,"campfire_choices":[{"floor":12,"key":"RECALL"},{"floor":15,"key":"REST"},{"floor":25,"key":"REST"},{"floor":32,"key":"REST"}],"circlet_count":0,"master_deck":["Seeing Red+1","Adrenaline+1","Footwork+1","Coolheaded+1","Double Energy+1","Echo Form+1","Genetic Algorithm+1","Seeing Red+1","Adrenaline+1","After Image+1","Night Terror+1","Prepared+1","Capacitor+1","Conserve Battery+1","Chill+1","Coolheaded+1","Double Energy+1","Defragment+1","Force Field+1","Genetic Algorithm+1","Machine Learning+1","Demon Form+1","Adrenaline+1","After Image+1","Deflect+1","Night Terror+1","Prepared+1","Well Laid Plans+1","Chill+1","Coolheaded+1","Genetic Algorithm+1","Machine Learning+1","Self Repair+1","Conserve Battery+1","Adrenaline+1","Prepared+1","Defragment+1","Double Energy+1","Genetic Algorithm+1","Self Repair+1","Demon Form+1","Seeing Red+1","Adrenaline+1","Double Energy+1","Genetic Algorithm+1","Adrenaline+1","Footwork+1","Genetic Algorithm+1","Demon Form+1","Feed+1","Seeing Red+1","Adrenaline+1","Deflect+1","Footwork+1","Prepared+1","Double Energy+1","Defragment+1","Genetic Algorithm+1","Seeing Red+1","Adrenaline+1","Double Energy+1","Genetic Algorithm+1","Chill+1","Panacea+1","Bouncing Flask+1","Blade Dance+1","Catalyst+1","Crippling Poison+1","Deadly Poison+1","Envenom+1","Infinite Blades+1","Neutralize+1","Noxious Fumes+1","PiercingWail+1","Catalyst+1","Envenom+1","Infinite Blades","Noxious Fumes+1","Bouncing Flask+1","Catalyst+1","Crippling Poison+1","Deadly Poison+1","Noxious Fumes+1","Demon Form+1","Bouncing Flask+1","Deadly Poison+1","Noxious Fumes+1","Demon Form+1","Demon Form+1","Demon Form+1"],"relics":["Cracked Core","Hammer of Thor","Seething Fire","Anvil of the Gods","Regal Pillow","Lee\u0027s Waffle","MealTicket","Smiling Mask","HornCleat","Pantograph","Bag of Marbles","Busted Crown","Strawberry","Juzu Bracelet","WingedGreaves","Strange Spoon","Happy Flower","SlaversCollar"],"acts_visited":["Exordium","TheCity","TheBeyond"],"potions_floor_usage":[],"damage_taken":[{"damage":11,"enemies":"2 Louse","floor":1,"turns":2},{"damage":25,"enemies":"Small Slimes","floor":2,"turns":6},{"damage":5,"enemies":"Cultist","floor":4,"turns":5},{"damage":1,"enemies":"Large Slime","floor":5,"turns":6},{"damage":0,"enemies":"Lagavulin","floor":6,"turns":8},{"damage":2,"enemies":"Red Slaver","floor":7,"turns":6},{"damage":0,"enemies":"3 Sentries","floor":11,"turns":12},{"damage":46,"enemies":"Gremlin Nob","floor":14,"turns":6},{"damage":14,"enemies":"Hexaghost","floor":16,"turns":9},{"damage":0,"enemies":"Shell Parasite","floor":18,"turns":9},{"damage":0,"enemies":"Chosen","floor":22,"turns":16},{"damage":0,"enemies":"Sentry and Sphere","floor":23,"turns":16},{"damage":5,"enemies":"Snake Plant","floor":24,"turns":13},{"damage":16,"enemies":"Gremlin Leader","floor":27,"turns":9},{"damage":0,"enemies":"Collector","floor":33,"turns":9},{"damage":9,"enemies":"3 Shapes","floor":35,"turns":5},{"damage":0,"enemies":"Orb Walker","floor":36,"turns":3},{"damage":0,"enemies":"Donu and Deca","floor":38,"turns":11}],"seed_played":"5269973997876598277","potions_obtained":[{"floor":1,"key":"Regen Potion"},{"floor":2,"key":"SkillPotion"},{"floor":5,"key":"SkillPotion"},{"floor":22,"key":"FocusPotion"},{"floor":35,"key":"EssenceOfSteel"}],"is_trial":false,"path_per_floor":["M","M","$","M","M","E","M","?","T","?","E","R","$","E","R","B",null,"M","$","?","?","M","M","M","R","T","E","?","?","?","$","R","B",null,"M","M","?","B",null],"character_chosen":"DEFECT","items_purchased":["Regal Pillow","Lee\u0027s Waffle","MealTicket","Pantograph","Panacea","Strange Spoon","Happy Flower"],"campfire_rested":3,"item_purchase_floors":[0,0,0,13,19,31,31],"current_hp_per_floor":[71,46,61,56,55,65,63,63,63,63,82,82,82,46,82,78,82,86,86,86,86,86,86,90,90,97,101,98,98,98,101,101,101,101,101,101,101,101],"gold":275,"neow_bonus":"","is_daily":false,"chose_seed":false,"campfire_upgraded":0,"win_rate":0.0,"timestamp":1609077650,"path_taken":["M","M","$","M","M","E","M","?","T","?","E","R","$","E","R","BOSS","M","$","?","?","?","M","M","R","T","E","?","?","?","$","R","BOSS","M","M","?","BOSS"],"items_purchased_type":["Relic","Relic","Relic","Relic","Card","Relic","Relic"],"build_version":"2020-12-22","purchased_purges":0,"victory":true,"max_hp_per_floor":[82,82,82,82,82,82,82,82,82,82,82,82,82,82,82,82,82,86,86,86,86,86,86,90,90,97,101,101,101,101,101,101,101,101,101,101,101,101],"card_choices":[{"not_picked":["Defragment","Sweeping Beam"],"picked":"Genetic Algorithm","floor":1},{"not_picked":["Conserve Battery","Loop","Self Repair"],"picked":"SKIP","floor":2},{"not_picked":["Conserve Battery","Loop","Self Repair"],"picked":"SKIP","floor":2},{"not_picked":["Steam","Ball Lightning","Force Field"],"picked":"SKIP","floor":4},{"not_picked":["Conserve Battery","Steam","Streamline"],"picked":"SKIP","floor":5},{"not_picked":["Sweeping Beam","Ball Lightning"],"picked":"Conserve Battery","floor":6},{"not_picked":["Seek","Rip and Tear","Aggregate"],"picked":"SKIP","floor":7},{"not_picked":["Melter","Steam Power","Go for the Eyes"],"picked":"SKIP","floor":11},{"not_picked":["Loop","Electrodynamics","Heatsinks"],"picked":"SKIP","floor":14},{"not_picked":["Chill"],"picked":"SKIP","floor":18},{"not_picked":["Sweeping Beam"],"picked":"SKIP","floor":22},{"not_picked":["Reinforced Body"],"picked":"SKIP","floor":23},{"not_picked":["Gash"],"picked":"SKIP","floor":24},{"not_picked":["Sweeping Beam"],"picked":"SKIP","floor":27},{"not_picked":["Cold Snap+1"],"picked":"SKIP","floor":35},{"not_picked":["Beam Cell+1"],"picked":"SKIP","floor":36}],"player_experience":49609,"relics_obtained":[{"floor":6,"key":"Smiling Mask"},{"floor":11,"key":"HornCleat"},{"floor":14,"key":"Bag of Marbles"},{"floor":26,"key":"Strawberry"},{"floor":27,"key":"Juzu Bracelet"}],"event_choices":[{"damage_healed":0,"gold_gain":0,"player_choice":"Leave","damage_taken":0,"max_hp_gain":0,"max_hp_loss":0,"event_name":"The Cleric","floor":8,"gold_loss":0},{"damage_healed":0,"gold_gain":175,"player_choice":"AGREE","damage_taken":0,"max_hp_gain":0,"max_hp_loss":0,"event_name":"Liars Game","floor":10,"gold_loss":0,"cards_obtained":["Doubt"]},{"damage_healed":0,"gold_gain":99,"player_choice":"Stole From Cult","damage_taken":0,"max_hp_gain":0,"max_hp_loss":0,"event_name":"Nest","floor":20,"gold_loss":0},{"damage_healed":0,"gold_gain":100,"player_choice":"Bet on Murderer","damage_taken":0,"max_hp_gain":0,"max_hp_loss":0,"event_name":"The Joust","floor":21,"gold_loss":50},{"damage_healed":0,"gold_gain":0,"player_choice":"Punched","damage_taken":3,"max_hp_gain":0,"max_hp_loss":0,"event_name":"Designer","floor":28,"gold_loss":0},{"damage_healed":0,"gold_gain":0,"player_choice":"Opened","damage_taken":0,"relics_obtained":["WingedGreaves"],"max_hp_gain":0,"max_hp_loss":0,"event_name":"The Mausoleum","floor":29,"gold_loss":0},{"damage_healed":0,"gold_gain":0,"player_choice":"Ignored","damage_taken":0,"max_hp_gain":0,"max_hp_loss":0,"event_name":"Vampires","floor":30,"gold_loss":0},{"damage_healed":0,"gold_gain":0,"player_choice":"Took Portal","damage_taken":0,"max_hp_gain":0,"max_hp_loss":0,"event_name":"SecretPortal","floor":37,"gold_loss":0}],"is_beta":false,"boss_relics":[{"not_picked":["Empty Cage","Fusion Hammer"],"picked":"Busted Crown"},{"not_picked":["Inserter","SacredBark"],"picked":"SlaversCollar"}],"items_purged_floors":[],"is_endless":false,"potions_floor_spawned":[1,2,5,11,18,22,24,33,35],"ascension_level":1}}