{"host":"ws4mzzemcqsz5e2k","time":1609080515,"event":{"mods":["BaseMod","Colored Powertips","Minty Spire (QoL Compilation)","StSLib","TestMod","没有小屋子和绿帽子啦"],"gold_per_floor":[114,39,39,39,87,118,136,166,166,182,182,182,199,254,254,328,328,340,356,256,269,269,303,303,372,372,403,403,435,435,461,461,532,532,549,101,120,120,120,120,120,120],"floor_reached":41,"playtime":1220,"items_purged":["Defend_P","Strike_P"],"score":1446,"play_id":"0e04896c-6e36-408d-bac5-7f47e4e70f97","local_time":"20201227224835","daily_mods":["Heirloom"],"is_ascension_mode":true,"campfire_choices":[{"data":"Eruption","floor":11.0,"key":"SMITH"},{"data":"BowlingBash","floor":15.0,"key":"SMITH"},{"data":"Tantrum","floor":24.0,"key":"SMITH"},{"floor":28.0,"key":"REST"},{"floor":30.0,"key":"REST"},{"floor":32.0,"key":"REST"},{"floor":40,"key":"REST"}],"circlet_count":0,"master_deck":["AscendersBane","Strike_P+1","Defend_P","Defend_P","Eruption+1","Vigilance","testmod-Wormhole","Tantrum+1","Halt","BowlingBash+1","DevaForm","FlurryOfBlows","FlurryOfBlows","Tantrum+1","Wish","FearNoEvil"],"relics":["PureWater","testmod-TestBox","Pocketwatch","Juzu Bracelet","testmod-TurbochargingSystem","testmod-AssaultLearning","Boot","Bronze Scales","Sozu","testmod-Hope","Blue Candle","Yang","testmod-HeartOfStrike","Lantern","Runic Pyramid","Toxic Egg 2","TheAbacus"],"acts_visited":["Exordium","TheCity","TheBeyond"],"potions_floor_usage":[],"damage_taken":[{"damage":0.0,"enemies":"2 Louse","floor":1.0,"turns":3.0},{"damage":0.0,"enemies":"Gremlin Nob","floor":6.0,"turns":2.0},{"damage":0.0,"enemies":"Jaw Worm","floor":7.0,"turns":2.0},{"damage":23.0,"enemies":"Lagavulin","floor":8.0,"turns":5.0},{"damage":0.0,"enemies":"Cultist","floor":10.0,"turns":2.0},{"damage":3.0,"enemies":"3 Louse","floor":13.0,"turns":3.0},{"damage":2.0,"enemies":"Lagavulin Event","floor":14.0,"turns":3.0},{"damage":0.0,"enemies":"Slime Boss","floor":16.0,"turns":4.0},{"damage":0.0,"enemies":"Chosen","floor":18.0,"turns":3.0},{"damage":7.0,"enemies":"3 Byrds","floor":19.0,"turns":2.0},{"damage":12.0,"enemies":"Snecko","floor":21.0,"turns":3.0},{"damage":5.0,"enemies":"Gremlin Leader","floor":23.0,"turns":3.0},{"damage":28.0,"enemies":"Book of Stabbing","floor":27.0,"turns":3.0},{"damage":14.0,"enemies":"Slavers","floor":29.0,"turns":2.0},{"damage":0.0,"enemies":"Gremlin Leader","floor":31.0,"turns":3.0},{"damage":52.0,"enemies":"Champ","floor":33.0,"turns":5.0},{"damage":15.0,"enemies":"3 Darklings","floor":35.0,"turns":3.0},{"damage":30,"enemies":"3 Shapes","floor":37,"turns":3},{"damage":28,"enemies":"Nemesis","floor":41,"turns":2}],"seed_played":"-6571845291306451331","potions_obtained":[{"floor":1.0,"key":"Fire Potion"},{"floor":8.0,"key":"ColorlessPotion"},{"floor":10.0,"key":"BlessingOfTheForge"},{"floor":13.0,"key":"AttackPotion"}],"is_trial":true,"path_per_floor":["M","$","?","?","T","E","M","E","T","M","R","?","M","?","R","B",null,"M","M","$","M","?","E","R","T","T","E","R","E","R","E","R","B",null,"M","$","M","?","?","R","E"],"character_chosen":"WATCHER","items_purchased":["Toxic Egg 2","TheAbacus"],"campfire_rested":4,"item_purchase_floors":[36,36],"current_hp_per_floor":[61,61,61,54,54,54,54,31,31,31,31,11,38,36,36,36,60,60,53,53,41,41,36,36,36,36,8,28,14,34,34,54,2,52,37,37,7,3,3,22,0,0],"gold":120,"neow_bonus":"","is_daily":false,"chose_seed":false,"campfire_upgraded":3,"win_rate":0.0,"timestamp":1609080515,"path_taken":["M","$","?","?","?","E","M","E","T","M","R","?","M","?","R","BOSS","M","M","$","M","?","E","R","?","T","E","R","E","R","E","R","BOSS","M","$","M","?","?","R","E"],"items_purchased_type":["Relic","Relic"],"build_version":"2020-12-22","purchased_purges":2,"victory":false,"max_hp_per_floor":[68,68,68,68,68,68,68,68,68,68,68,68,68,68,68,68,68,68,68,68,68,68,68,68,68,68,68,68,68,68,68,68,68,68,68,68,68,68,65,65,65,65],"card_choices":[{"not_picked":["ReachHeaven","Perseverance"],"picked":"Tantrum","floor":1.0},{"not_picked":["FollowUp","WindmillStrike","Indignation"],"picked":"SKIP","floor":6.0},{"not_picked":["FollowUp","WindmillStrike","Indignation"],"picked":"SKIP","floor":6.0},{"not_picked":["ThirdEye","BowlingBash"],"picked":"Halt","floor":7.0},{"not_picked":["CutThroughFate","BattleHymn","Devotion"],"picked":"SKIP","floor":8.0},{"not_picked":["Protect","FlyingSleeves","SashWhip"],"picked":"SKIP","floor":10.0},{"not_picked":["PathToVictory","FlyingSleeves","Consecrate"],"picked":"SKIP","floor":13.0},{"not_picked":["Establishment","Sanctity"],"picked":"BowlingBash","floor":14.0},{"not_picked":["Establishment","Brilliance"],"picked":"DevaForm","floor":16.0},{"not_picked":["WreathOfFlame+1","Crescendo"],"picked":"FlurryOfBlows","floor":18.0},{"not_picked":["Crescendo","Prostrate"],"picked":"FlurryOfBlows","floor":19.0},{"not_picked":["FlurryOfBlows+1","Prostrate","FollowUp+1"],"picked":"SKIP","floor":21.0},{"not_picked":["Consecrate","Protect+1","Nirvana"],"picked":"SKIP","floor":23.0},{"not_picked":["WheelKick","Consecrate","Worship+1"],"picked":"SKIP","floor":27.0},{"not_picked":["Study","JustLucky","FollowUp+1"],"picked":"SKIP","floor":29.0},{"not_picked":["Collect+1","WaveOfTheHand","Evaluate"],"picked":"SKIP","floor":31.0},{"not_picked":["Indignation","BowlingBash","EmptyFist"],"picked":"SKIP","floor":35.0},{"not_picked":["ClearTheMind+1","Pray+1"],"picked":"FearNoEvil","floor":37}],"player_experience":1380310,"relics_obtained":[{"floor":5.0,"key":"Juzu Bracelet"},{"floor":6.0,"key":"testmod-TurbochargingSystem"},{"floor":8.0,"key":"testmod-AssaultLearning"},{"floor":9.0,"key":"Boot"},{"floor":14.0,"key":"Bronze Scales"},{"floor":23.0,"key":"testmod-Hope"},{"floor":25.0,"key":"Blue Candle"},{"floor":26.0,"key":"Yang"},{"floor":27.0,"key":"testmod-HeartOfStrike"},{"floor":31.0,"key":"Lantern"}],"event_choices":[{"damage_healed":0.0,"max_hp_gain":0.0,"max_hp_loss":0.0,"gold_gain":0.0,"event_name":"Liars Game","player_choice":"Ignored","floor":3.0,"gold_loss":0.0,"damage_taken":0.0},{"cards_removed":["Strike_P"],"damage_healed":0.0,"max_hp_gain":0.0,"max_hp_loss":0.0,"gold_gain":0.0,"event_name":"Golden Wing","player_choice":"Card Removal","floor":4.0,"gold_loss":0.0,"damage_taken":7.0},{"damage_healed":0.0,"max_hp_gain":0.0,"max_hp_loss":0.0,"gold_gain":0.0,"event_name":"Shining Light","player_choice":"Entered Light","floor":12.0,"gold_loss":0.0,"damage_taken":20.0,"cards_upgraded":["Strike_P","Tantrum"]},{"damage_healed":0.0,"max_hp_gain":0.0,"max_hp_loss":0.0,"gold_gain":30.0,"event_name":"Dead Adventurer","player_choice":"Searched \u00272\u0027 times","floor":14.0,"gold_loss":0.0,"damage_taken":0.0},{"damage_healed":0.0,"max_hp_gain":0.0,"max_hp_loss":0.0,"gold_gain":0.0,"cards_transformed":["Strike_P","Defend_P"],"event_name":"Drug Dealer","player_choice":"Became Test Subject","floor":22.0,"gold_loss":0.0,"damage_taken":0.0,"cards_obtained":["Tantrum","Wish"]},{"damage_healed":0,"gold_gain":0,"player_choice":"Bought 0 Potions","damage_taken":0,"max_hp_gain":0,"max_hp_loss":0,"event_name":"The Woman in Blue","floor":38,"gold_loss":0},{"damage_healed":0,"gold_gain":0,"player_choice":"Max HP","damage_taken":0,"max_hp_gain":0,"max_hp_loss":3,"event_name":"Winding Halls","floor":39,"gold_loss":0}],"is_beta":false,"boss_relics":[{"not_picked":["testmod-PortableAltar","Fusion Hammer"],"picked":"Sozu"},{"not_picked":["Runic Dome","Pandora\u0027s Box"],"picked":"Runic Pyramid"}],"items_purged_floors":[2,20],"is_endless":true,"potions_floor_spawned":[1,8,10,13,19,23,27,33],"killed_by":"Nemesis","ascension_level":20}}