{"host":"202rh853cfmsp27s","time":1609048973,"event":{"mods":["2.2 Compatiblity","AchievementEnabler","BaseMod","Bestiary","Better Altar","Better Match","Better Note","Better Sensory Stone","Better Skull","Better Third Choice","Better Vampires","BetterRewards","Colored Map","Colored Powertips","Curses Come First","Decade(???)","DeckTracker","Displayed Cursed Tome","Downfall","GifTheSpireLib","Gold Saver","Googly Eyes","Gremlin Mod","Halation","Hermit","Highlight Path","Infinite Spire","Minty Spire (QoL Compilation)","Permanent Neow","Random Character Button","Rare Cards Sparkle","Relic Stats","Replay The Spire","Shade Mod","Spicy Shops","StSLib","The Animator","The Bug Knight","The Wild Card","Transform Curses","Unceasing Turn Reminder"],"gold_per_floor":[266,266,280,48,68,95,95,0,27,39,64,80,92,111,111,111,111],"floor_reached":16,"playtime":727,"items_purged":[],"score":114,"play_id":"5df669c8-8b90-47aa-b4d7-cfa1b6f401e3","local_time":"20201226230253","is_ascension_mode":false,"campfire_choices":[{"data":"Zap","floor":7,"key":"SMITH"},{"floor":15,"key":"DIG"}],"circlet_count":0,"master_deck":["Strike_B+1","Strike_B","Strike_B","Strike_B","Defend_B","Defend_B","Defend_B","Defend_B","Zap+1","Dualcast","animator:Defend_TenSura","animator:Defend_Konosuba","Ball Lightning+1","Ball Lightning","ReplayRNGCard","Hologram","Hologram","Barrage","Lockon","Electrodynamics","Redo","Self Repair","Aggregate"],"relics":["Cracked Core","Lizard Tail","Regal Pillow","Sling","Whetstone","Shuriken","PreservedInsect","MealTicket","Durian"],"acts_visited":["Exordium"],"potions_floor_usage":[14,14],"damage_taken":[{"damage":1,"enemies":"2 Louse","floor":1,"turns":2},{"damage":0,"enemies":"Cultist","floor":3,"turns":3},{"damage":4,"enemies":"Small Slimes","floor":5,"turns":2},{"damage":11,"enemies":"Gremlin Nob","floor":6,"turns":3},{"damage":18,"enemies":"Gremlin Gang","floor":10,"turns":6},{"damage":13,"enemies":"3 Sentries","floor":11,"turns":4},{"damage":9,"enemies":"3 Louse","floor":12,"turns":2},{"damage":12,"enemies":"2 Fungi Beasts","floor":13,"turns":2},{"damage":6,"enemies":"Large Slime","floor":14,"turns":3},{"damage":55,"enemies":"The Guardian","floor":16,"turns":9}],"seed_played":"1422673517819387719","potions_obtained":[{"floor":1,"key":"Milkshake"},{"floor":11,"key":"LiquidMemories"},{"floor":12,"key":"Dexterity Potion"},{"floor":13,"key":"PowerPotion"}],"is_trial":false,"path_per_floor":["M","?","M","$","M","E","R","$","T","M","E","M","M","M","R_BF","B"],"character_chosen":"DEFECT","items_purchased":["Sling","Whetstone","Hologram","Barrage"],"campfire_rested":0,"item_purchase_floors":[4,4,8,8],"current_hp_per_floor":[74,74,74,74,70,59,59,59,59,41,28,19,7,8,13,0,0],"gold":111,"neow_bonus":"ONE_RARE_RELIC","is_daily":false,"chose_seed":false,"campfire_upgraded":1,"win_rate":0.0,"timestamp":1609048973,"path_taken":["M","?","M","?","M","E","R","$","T","?","E","M","M","M","R_BF","BOSS"],"items_purchased_type":["Relic","Relic","Card","Card"],"build_version":"2020-12-22","purchased_purges":0,"victory":false,"max_hp_per_floor":[75,75,75,75,75,75,75,75,75,75,75,75,75,75,80,80,80],"relic_stats":{"Lizard Tail":40,"Regal Pillow":0,"counters":[10,36],"Shuriken":[2],"MealTicket":0,"PreservedInsect":33,"Whetstone":["Ball Lightning","Strike_B"],"obtain_stats":[{"Lizard Tail":0,"Regal Pillow":2,"Shuriken":6,"MealTicket":11,"PreservedInsect":9,"Durian":15,"Whetstone":4,"Cracked Core":0,"Sling":4},{"Lizard Tail":0,"Regal Pillow":1,"Shuriken":4,"MealTicket":6,"PreservedInsect":4,"Durian":9,"Whetstone":2,"Cracked Core":0,"Sling":2},{"Lizard Tail":0,"Regal Pillow":2,"Shuriken":10,"MealTicket":20,"PreservedInsect":10,"Durian":27,"Whetstone":5,"Cracked Core":0,"Sling":5}]},"card_choices":[{"not_picked":["BasicCrystalCard","Auto Shields"],"picked":"Gash","floor":1},{"not_picked":["ReplaySolidLightProjector","Conserve Battery"],"picked":"Ball Lightning","floor":3},{"not_picked":["Conserve Battery","Rebound"],"picked":"Ball Lightning","floor":5},{"not_picked":["Scrape","FIFO Queue"],"picked":"ReplayRNGCard","floor":6},{"not_picked":["Cold Snap","Rip and Tear"],"picked":"Lockon","floor":10},{"not_picked":["Turbo","Stack"],"picked":"Electrodynamics","floor":11},{"not_picked":["Go for the Eyes","Stack"],"picked":"Redo","floor":12},{"not_picked":["Reprogram","Ball Lightning"],"picked":"Self Repair","floor":13},{"not_picked":["ReplayTheSpireMod:Reroute Power","Stack"],"picked":"Aggregate","floor":14}],"player_experience":110154,"relics_obtained":[{"floor":6,"key":"Shuriken"},{"floor":9,"key":"PreservedInsect"},{"floor":11,"key":"MealTicket"},{"floor":15,"key":"Durian"}],"event_choices":[{"cards_removed":["Gash"],"damage_healed":0,"gold_gain":0,"player_choice":"Gave Card","damage_taken":0,"relics_obtained":["Regal Pillow"],"max_hp_gain":0,"max_hp_loss":0,"event_name":"WeMeetAgain","floor":2,"gold_loss":0}],"is_beta":false,"boss_relics":[],"items_purged_floors":[],"is_endless":false,"potions_floor_spawned":[1,11,12,13],"killed_by":"The Guardian","ascension_level":0}}