{"host":"z9grmtg2w0nmz8n1","time":1609094517,"event":{"mods":["Aspiration","Bard","BaseMod","Beaked The Cultist","Better Altar","Better Match","Better Note","Better Sensory Stone","Better Skull","Better Third Choice","BetterRewards","CCEM","Colored Map","Conspire","Downfall","GifTheSpireLib","Googly Eyes","Halation","Hermit","Highlight Path","Hubris","Hunter ??","Jedi Mod","Jorbs\u0027s Wanderer Trilogy","Mad Scientist","Marisa????????","Minty Spire (QoL Compilation)","Permanent Neow","Replay The Spire","Shade Mod","Shop Mod","Spicy Shops","StSLib","Stuff the Spire","The Bug Knight","The Construct","The Necromancer","The Runesmith","The Witch"],"gold_per_floor":[114,132,57,57,77,0,32,50,50,50,62,90,117,40,40,143,143,157,170,170,170,189,189,189,189],"floor_reached":24,"playtime":1118,"items_purged":["Strike_G"],"score":216,"play_id":"fa2544d8-98eb-4691-bdee-6772d79486c2","local_time":"20201227164157","is_ascension_mode":true,"campfire_choices":[{"data":"Noxious Fumes","floor":10,"key":"SMITH"},{"floor":15,"key":"RECALL"},{"data":"Noxious Fumes","floor":23,"key":"SMITH"}],"circlet_count":0,"master_deck":["Strike_G","Strike_G","Strike_G","Strike_G","Defend_G","Defend_G","Defend_G","Defend_G","Defend_G","Survivor","Neutralize+1","Flying Knee","Noxious Fumes+1","Blur","Noxious Fumes+1","Deflect+1"],"relics":["Ring of the Snake","Oddly Smooth Stone","StuffTheSpire:DarkSteelAnvil","conspire:Dentures","Regal Pillow","jedi:paperlyon","WingedGreaves"],"acts_visited":["Exordium","TheCity"],"potions_floor_usage":[7,16,22],"damage_taken":[{"damage":1,"enemies":"2 Louse","floor":1,"turns":4},{"damage":5,"enemies":"Jaw Worm","floor":2,"turns":4},{"damage":0,"enemies":"Cultist","floor":5,"turns":4},{"damage":8,"enemies":"HollowMod:MossKnight","floor":7,"turns":8},{"damage":1,"enemies":"Looter","floor":8,"turns":3},{"damage":0,"enemies":"2 Fungi Beasts","floor":11,"turns":4},{"damage":12,"enemies":"3 Sentries","floor":12,"turns":7},{"damage":20,"enemies":"Fading Forest","floor":16,"turns":11},{"damage":11,"enemies":"conspire:FuzzyDice","floor":18,"turns":6},{"damage":2,"enemies":"3 Byrds","floor":19,"turns":4},{"damage":17,"enemies":"Cultist and Chosen","floor":22,"turns":8},{"damage":41,"enemies":"Gremlin Leader","floor":24,"turns":6}],"seed_played":"1189776238891147359","potions_obtained":[{"floor":2,"key":"jedi:mysterypotion"},{"floor":5,"key":"BlessingOfTheForge"},{"floor":7,"key":"AttackPotion"},{"floor":12,"key":"Dexterity Potion"},{"floor":16,"key":"Explosive Potion"}],"is_trial":false,"path_per_floor":["M","M","$","?","M","$","E","M","T","R","M","E","T","$","R","B",null,"M","M","?","?","M","R","E"],"character_chosen":"THE_SILENT","items_purchased":["Noxious Fumes","Noxious Fumes"],"campfire_rested":0,"item_purchase_floors":[6,14],"current_hp_per_floor":[69,64,64,64,64,64,56,55,55,55,55,43,43,43,43,33,70,59,57,57,57,40,40,0,0],"gold":189,"neow_bonus":"RANDOM_COMMON_RELIC","is_daily":false,"chose_seed":false,"campfire_upgraded":2,"win_rate":0.0,"timestamp":1609094517,"path_taken":["M","M","$","?","M","$","E","M","T","R","M","E","?","$","R","BOSS","M","M","?","?","?","R","E"],"items_purchased_type":["Card","Card"],"build_version":"2020-12-22","purchased_purges":1,"victory":false,"max_hp_per_floor":[70,70,70,70,70,70,70,70,70,70,70,70,70,70,70,70,70,70,70,70,70,70,70,70,70],"card_choices":[{"not_picked":["PiercingWail","Outmaneuver"],"picked":"Flying Knee","floor":1},{"not_picked":["StuffTheSpire:Shiver","Bane","ReplayTheSpireMod:The Works"],"picked":"SKIP","floor":2},{"not_picked":["StuffTheSpire:BumpUp","Sucker Punch","Hidden Blade"],"picked":"SKIP","floor":5},{"not_picked":["Deflect","Caltrops","Malaise"],"picked":"SKIP","floor":7},{"not_picked":["ReplayTheSpireMod:The Works","Blade Dance","Toxin Wave"],"picked":"SKIP","floor":8},{"not_picked":["Eviscerate","Replay:Poison Smokescreen","ReplayTheSpireMod:Exploit Weakness"],"picked":"SKIP","floor":11},{"not_picked":["StuffTheSpire:Python","Flying Knee"],"picked":"Blur","floor":12},{"not_picked":["StuffTheSpire:BumpUp","Sucker Punch+1","ReplayTheSpireMod:Exploit Weakness"],"picked":"SKIP","floor":18},{"not_picked":["Quick Slash+1","Acrobatics","Terror+1"],"picked":"SKIP","floor":19},{"not_picked":["Bane+1","hubris:SlightOfHand"],"picked":"Deflect+1","floor":22}],"player_experience":731889,"relics_obtained":[{"floor":7,"key":"StuffTheSpire:DarkSteelAnvil"},{"floor":9,"key":"conspire:Dentures"},{"floor":12,"key":"Regal Pillow"}],"event_choices":[{"cards_removed":["Strike_G"],"damage_healed":0,"gold_gain":0,"player_choice":"Give","damage_taken":0,"max_hp_gain":0,"max_hp_loss":0,"event_name":"betterNote:BetterNote","floor":20,"gold_loss":0,"cards_obtained":["Strike_MRS"]},{"damage_healed":0,"gold_gain":0,"player_choice":"Gave Potion","damage_taken":0,"relics_obtained":["WingedGreaves"],"max_hp_gain":0,"max_hp_loss":0,"event_name":"WeMeetAgain","floor":21,"gold_loss":0}],"is_beta":false,"boss_relics":[{"not_picked":["Replay:Ancient Bell","hubris:VirtuousBlindfold"],"picked":"jedi:paperlyon"}],"items_purged_floors":[3],"is_endless":false,"potions_floor_spawned":[2,5,7,12,16,18],"killed_by":"Gremlin Leader","ascension_level":1}}