{"host":"6kpik4p6m02tzjjt","time":1609048625,"event":{"mods":["BaseMod","Colored Map","Downfall","Minty Spire (QoL Compilation)","Quick Restart","Relic Stats","Replay The Spire","StSLib"],"gold_per_floor":[99,116,129,129,146,161,184,184,184,71,71,89,89,119,129,224,224,236,258,288,314,601,613,625,666,678,678,678],"floor_reached":26,"playtime":1110,"items_purged":[],"score":228,"play_id":"bb606298-bfcd-4728-a178-01ddf3ecdcc7","local_time":"20201227005705","is_ascension_mode":false,"campfire_choices":[{"floor":1,"key":"DIG"},{"data":"Slimebound:ComboTackle","floor":8,"key":"SMITH"},{"floor":18,"key":"DIG"},{"floor":23,"key":"DIG"}],"circlet_count":0,"master_deck":["Slimebound:Strike_Slimebound","Slimebound:Strike_Slimebound","Slimebound:Strike_Slimebound","Slimebound:Tackle","Slimebound:Defend_Slimebound","Slimebound:Defend_Slimebound","Slimebound:Defend_Slimebound","Slimebound:Defend_Slimebound","Slimebound:Split+1","Slimebound:CorrosiveSpit","Slimebound:SamplingLick","Slimebound:ComboTackle","Slimebound:ComboTackle+1","Slimebound:RollThrough","Slimebound:ViciousTackle","Slimebound:RollThrough","Slimebound:RollThrough","Slimebound:DouseInSlime","Slimebound:OozeBath","Slimebound:OozeBath","Slimebound:Equalize+1","Slimebound:ViciousTackle","Slimebound:ServeAndProtect+1","Slimebound:Nibble"],"relics":["Slimebound:AbsorbEndCombat","Omamori","Tiny Chest","Shovel","Orichalcum","Pet Ghost","Calling Bell","MawBank","Mercury Hourglass","Gambling Chip","Smiling Mask","Onion Ring","MealTicket","Ancient Tea Set"],"acts_visited":["Exordium","TheCity"],"potions_floor_usage":[16,16],"damage_taken":[{"damage":14,"enemies":"Small Slimes","floor":2,"turns":3},{"damage":8,"enemies":"Cultist","floor":3,"turns":3},{"damage":13,"enemies":"Jaw Worm","floor":5,"turns":3},{"damage":17,"enemies":"Blue Slaver","floor":6,"turns":2},{"damage":18,"enemies":"downfall:FleeingMerchant","floor":10,"turns":4},{"damage":17,"enemies":"Red Slaver","floor":12,"turns":2},{"damage":18,"enemies":"Gremlin Nob","floor":14,"turns":4},{"damage":5,"enemies":"Lots of Slimes","floor":15,"turns":2},{"damage":29,"enemies":"downfall:Watcher","floor":16,"turns":5},{"damage":12,"enemies":"Spheric Guardian","floor":19,"turns":3},{"damage":40,"enemies":"Snake Plant","floor":20,"turns":4},{"damage":33,"enemies":"3 Cultists","floor":21,"turns":5},{"damage":55,"enemies":"Slavers","floor":25,"turns":5},{"damage":20,"enemies":"Sentry and Sphere","floor":26,"turns":3}],"seed_played":"-3906223783866826025","potions_obtained":[{"floor":3,"key":"Elixir"},{"floor":5,"key":"Fire Potion"},{"floor":15,"key":"Toxic Potion"},{"floor":25,"key":"ColorlessPotion"}],"is_trial":false,"path_per_floor":["R_BF","M","M","?","M","M","T","R","?","$","?","M","T","E","M","B",null,"R","M","M","M","?","R","T","E","M"],"character_chosen":"SLIMEBOUND","items_purchased":["Slimebound:ViciousTackle","Slimebound:RollThrough"],"campfire_rested":0,"item_purchase_floors":[10,10],"current_hp_per_floor":[66,63,66,66,65,61,61,61,19,21,26,25,25,27,22,21,66,66,66,50,45,45,45,45,14,0,0,0],"gold":678,"neow_bonus":"TEN_PERCENT_HP_BONUS","is_daily":false,"chose_seed":false,"campfire_upgraded":1,"win_rate":0.0,"timestamp":1609048625,"path_taken":["R_BF","M","M","?","M","?","T","R","?","$","?","?","?","E","M","BOSS","R","M","?","M","?","R","T","E","?"],"items_purchased_type":["Card","Card"],"build_version":"2020-12-22","purchased_purges":0,"victory":false,"max_hp_per_floor":[66,66,66,66,66,66,66,66,66,66,66,66,66,66,66,66,66,66,66,66,66,66,66,66,66,66,66,66],"relic_stats":{"Shovel":3,"counters":[14,45],"Gambling Chip":[12],"Tiny Chest":1,"MealTicket":0,"Orichalcum":[66],"MawBank":108,"Smiling Mask":0,"obtain_stats":[{"Omamori":1,"Orichalcum":13,"MawBank":17,"Smiling Mask":18,"Ancient Tea Set":25,"Pet Ghost":14,"Mercury Hourglass":17,"Calling Bell":17,"Shovel":9,"Gambling Chip":17,"Tiny Chest":7,"Onion Ring":23,"MealTicket":24,"Slimebound:AbsorbEndCombat":0},{"Omamori":0,"Orichalcum":6,"MawBank":9,"Smiling Mask":9,"Ancient Tea Set":13,"Pet Ghost":7,"Mercury Hourglass":9,"Calling Bell":9,"Shovel":4,"Gambling Chip":9,"Tiny Chest":4,"Onion Ring":12,"MealTicket":12,"Slimebound:AbsorbEndCombat":0},{"Omamori":0,"Orichalcum":17,"MawBank":27,"Smiling Mask":27,"Ancient Tea Set":42,"Pet Ghost":20,"Mercury Hourglass":27,"Calling Bell":27,"Shovel":11,"Gambling Chip":27,"Tiny Chest":11,"Onion Ring":38,"MealTicket":38,"Slimebound:AbsorbEndCombat":0}],"Mercury Hourglass":[84]},"card_choices":[{"not_picked":["Slimebound:PressTheAttack","Slimebound:LeechingTouch"],"picked":"Slimebound:SamplingLick","floor":2},{"not_picked":["Slimebound:LeechingTouch","Slimebound:FirmFortitude"],"picked":"Slimebound:ComboTackle","floor":3},{"not_picked":["Slimebound:Schlurp","Slimebound:ProtectTheBoss"],"picked":"Slimebound:ComboTackle","floor":5},{"not_picked":["Slimebound:Chomp","Slimebound:FinishingTackle"],"picked":"Slimebound:RollThrough","floor":6},{"not_picked":["Slimebound:ServeAndProtect","Slimebound:GrowthPunch"],"picked":"Slimebound:ComboTackle","floor":10},{"not_picked":["Slimebound:SplitAcid","Slimebound:ServeAndProtect"],"picked":"Slimebound:RollThrough","floor":12},{"not_picked":["Slimebound:PressTheAttack","Slimebound:SplitMire"],"picked":"Slimebound:DouseInSlime","floor":14},{"not_picked":["Slimebound:LeechingTouch","Slimebound:ViciousTackle"],"picked":"Slimebound:OozeBath","floor":15},{"not_picked":["Slimebound:MassFeed","Slimebound:Overexert"],"picked":"Slimebound:OozeBath","floor":16},{"not_picked":["Slimebound:Schlurp","Slimebound:SplitLeeching+1"],"picked":"Slimebound:Equalize+1","floor":19},{"not_picked":["Slimebound:SlimeSpikes","Slimebound:SplitMire"],"picked":"Slimebound:ViciousTackle","floor":20},{"not_picked":["Slimebound:GrowthPunch","Slimebound:SplitAcid"],"picked":"Slimebound:ServeAndProtect+1","floor":21},{"not_picked":["Slimebound:FirmFortitude+1","Slimebound:WasteNot"],"picked":"Slimebound:Nibble","floor":25}],"player_experience":43278,"relics_obtained":[{"floor":1,"key":"Omamori"},{"floor":7,"key":"Tiny Chest"},{"floor":13,"key":"Orichalcum"},{"floor":14,"key":"Pet Ghost"},{"floor":17,"key":"MawBank"},{"floor":17,"key":"Mercury Hourglass"},{"floor":17,"key":"Gambling Chip"},{"floor":18,"key":"Smiling Mask"},{"floor":23,"key":"Onion Ring"},{"floor":24,"key":"MealTicket"},{"floor":25,"key":"Ancient Tea Set"}],"event_choices":[{"damage_healed":0,"gold_gain":0,"player_choice":"Forge","damage_taken":0,"max_hp_gain":0,"max_hp_loss":0,"event_name":"Accursed Blacksmith","floor":4,"gold_loss":0,"cards_upgraded":["Slimebound:Split"]},{"damage_healed":0,"gold_gain":0,"player_choice":"Success","damage_taken":42,"relics_obtained":["Shovel"],"max_hp_gain":0,"max_hp_loss":0,"event_name":"Scrap Ooze","floor":9,"gold_loss":0},{"cards_removed":["Slimebound:ComboTackle"],"damage_healed":5,"gold_gain":0,"player_choice":"Offered Common","damage_taken":0,"max_hp_gain":0,"max_hp_loss":0,"event_name":"Bonfire Elementals","floor":11,"gold_loss":0},{"cards_removed":["Slimebound:ComboTackle"],"damage_healed":5,"gold_gain":0,"player_choice":"Offered Special","damage_taken":0,"max_hp_gain":0,"max_hp_loss":0,"event_name":"Bonfire Elementals","floor":11,"gold_loss":0}],"is_beta":false,"boss_relics":[{"not_picked":["Sozu","ReplayTheSpireMod:DimensionalGlitch"],"picked":"Calling Bell"}],"items_purged_floors":[],"is_endless":false,"potions_floor_spawned":[3,5,15,25],"killed_by":"Sentry and Sphere","ascension_level":0}}