{"host":"6pgtslebjnyv5xmi","time":1609081841,"event":{"mods":["AchievementEnabler","BaseMod","Colored Map","Minty Spire (QoL Compilation)","Rare Cards Sparkle","StSLib","SuperFastMode","everything is the same but u backflip on backflip"],"gold_per_floor":[12,12,24,24,40,40,115,130,209,209,209,223,242,262,262,392,392,410,435,280,280,305,305,305,305],"floor_reached":24,"playtime":1057,"items_purged":[],"score":228,"play_id":"2a7d1343-bb87-4ff2-9a59-2762217a8433","local_time":"20201228001041","is_ascension_mode":true,"campfire_choices":[{"data":"Recycle","floor":6.0,"key":"SMITH"},{"data":"Zap","floor":11.0,"key":"SMITH"},{"data":"Capacitor","floor":15.0,"key":"SMITH"},{"floor":23,"key":"REST"}],"circlet_count":0,"master_deck":["Zap+1","Dualcast","Recycle+1","Rebound","Go for the Eyes","Doom and Gloom","Undo","Doom and Gloom","Capacitor+1","Amplify","Ball Lightning","Sweeping Beam","Melter","Steam","Force Field","Capacitor","Darkness"],"relics":["Cracked Core","CaptainsWheel","Golden Idol","HornCleat","Pandora\u0027s Box","DataDisk"],"acts_visited":["Exordium","TheCity"],"potions_floor_usage":[16,16,16,19,22,24],"damage_taken":[{"damage":1.0,"enemies":"2 Louse","floor":1.0,"turns":2.0},{"damage":0.0,"enemies":"Small Slimes","floor":3.0,"turns":2.0},{"damage":1.0,"enemies":"Cultist","floor":5.0,"turns":4.0},{"damage":7.0,"enemies":"3 Louse","floor":8.0,"turns":3.0},{"damage":5.0,"enemies":"Red Slaver","floor":12.0,"turns":3.0},{"damage":11.0,"enemies":"Exordium Wildlife","floor":13.0,"turns":3.0},{"damage":3.0,"enemies":"3 Louse","floor":14.0,"turns":3.0},{"damage":16,"enemies":"Hexaghost","floor":16,"turns":9},{"damage":25,"enemies":"Chosen","floor":18,"turns":6},{"damage":9,"enemies":"2 Thieves","floor":19,"turns":4},{"damage":12,"enemies":"Centurion and Healer","floor":22,"turns":4},{"damage":67,"enemies":"Book of Stabbing","floor":24,"turns":6}],"seed_played":"6552454310259485745","potions_obtained":[{"floor":5.0,"key":"Block Potion"},{"floor":10.0,"key":"Energy Potion"},{"floor":10.0,"key":"Explosive Potion"},{"floor":13.0,"key":"FearPotion"},{"floor":16,"key":"AttackPotion"},{"floor":19,"key":"PowerPotion"},{"floor":22,"key":"Regen Potion"}],"is_trial":false,"path_per_floor":["M","?","M","?","M","R","?","M","T","?","R","M","M","M","R","B",null,"M","M","$","?","M","R","E"],"character_chosen":"DEFECT","items_purchased":["DataDisk"],"campfire_rested":1,"item_purchase_floors":[20],"current_hp_per_floor":[74,74,74,56,55,55,44,37,37,37,37,32,21,18,18,2,75,50,41,41,41,29,51,0,0],"gold":305,"neow_bonus":"ONE_RARE_RELIC","is_daily":false,"chose_seed":false,"campfire_upgraded":3,"win_rate":0.0,"timestamp":1609081841,"path_taken":["M","?","M","?","M","R","?","M","T","?","R","?","M","M","R","BOSS","M","M","$","?","M","R","E"],"items_purchased_type":["Relic"],"build_version":"2020-12-22","purchased_purges":0,"victory":false,"max_hp_per_floor":[75,75,75,75,75,75,75,75,75,75,75,75,75,75,75,75,75,75,75,75,75,75,75,75,75],"card_choices":[{"not_picked":["Steam","Force Field","Redo"],"picked":"SKIP","floor":1.0},{"not_picked":["Coolheaded","Stack"],"picked":"Rebound","floor":3.0},{"not_picked":["Barrage","Leap"],"picked":"Go for the Eyes","floor":5.0},{"not_picked":["Rip and Tear","Tempest"],"picked":"Doom and Gloom","floor":8.0},{"not_picked":["Reprogram","Tempest"],"picked":"Undo","floor":12.0},{"not_picked":["Hello World","Leap"],"picked":"Doom and Gloom","floor":13.0},{"not_picked":["Force Field","Consume"],"picked":"Capacitor","floor":14.0},{"not_picked":["Reboot","Thunder Strike"],"picked":"Amplify","floor":16},{"not_picked":["Barrage","Sweeping Beam+1"],"picked":"Darkness","floor":18},{"not_picked":["Compile Driver","Coolheaded","Leap"],"picked":"SKIP","floor":19},{"not_picked":["Chaos","Coolheaded","Steam"],"picked":"SKIP","floor":22}],"player_experience":527616,"relics_obtained":[{"floor":9.0,"key":"HornCleat"}],"event_choices":[{"damage_healed":0.0,"max_hp_gain":0.0,"max_hp_loss":0.0,"gold_gain":0.0,"cards_transformed":["Strike_B"],"event_name":"Living Wall","player_choice":"Change","floor":2.0,"gold_loss":0.0,"damage_taken":0.0,"cards_obtained":["Recycle"]},{"damage_healed":0.0,"max_hp_gain":0.0,"max_hp_loss":0.0,"gold_gain":0.0,"event_name":"Golden Idol","player_choice":"Take Damage","floor":4.0,"gold_loss":0.0,"damage_taken":18.0,"relics_obtained":["Golden Idol"]},{"damage_healed":0.0,"max_hp_gain":0.0,"max_hp_loss":0.0,"gold_gain":75.0,"event_name":"World of Goop","player_choice":"Gather Gold","floor":7.0,"gold_loss":0.0,"damage_taken":11.0},{"damage_healed":0.0,"max_hp_gain":0.0,"max_hp_loss":0.0,"gold_gain":0.0,"event_name":"Lab","player_choice":"Got Potions","floor":10.0,"gold_loss":0.0,"damage_taken":0.0},{"cards_removed":["Auto Shields"],"damage_healed":0,"gold_gain":0,"player_choice":"Elegance","damage_taken":0,"max_hp_gain":0,"max_hp_loss":0,"event_name":"Back to Basics","floor":21,"gold_loss":0}],"is_beta":false,"boss_relics":[{"not_picked":["SacredBark","Velvet Choker"],"picked":"Pandora\u0027s Box"}],"items_purged_floors":[],"is_endless":false,"potions_floor_spawned":[5,12,13,16,19,22],"killed_by":"Book of Stabbing","ascension_level":4}}