{"host":"hgkb2zpbo2dcws21","time":1609063417,"event":{"mods":["AchievementEnabler","BaseMod","Colored Map","Colored Powertips","Custom Start","DeckTracker","KOR Keyword Fix","Minty Spire (QoL Compilation)","Relic Stats","StSLib","SuperFastMode"],"gold_per_floor":[114,26,26,26,40,40,55,71,71,71,71,71,71,101,101,179,179,190,190,90,90],"floor_reached":20,"playtime":272,"items_purged":[],"score":340,"play_id":"7d45ddee-9835-42b6-944b-f5bba8cf2d6c","local_time":"20201227190337","is_ascension_mode":true,"campfire_choices":[{"data":"Fire Breathing","floor":6,"key":"SMITH"},{"data":"Wild Strike","floor":15,"key":"SMITH"}],"circlet_count":0,"master_deck":["AscendersBane","Strike_R","Strike_R","Strike_R","Strike_R","Strike_R","Defend_R","Defend_R+1","Defend_R+1","Defend_R+1","Bash","Battle Trance+1","Fire Breathing+1","Wild Strike+1","Reckless Charge","Feed"],"relics":["Black Blood","NeowsBlessing","WarpedTongs","War Paint","Bottled Flame"],"acts_visited":["Exordium","TheCity"],"potions_floor_usage":[],"damage_taken":[{"damage":0,"enemies":"Cultist","floor":1,"turns":1},{"damage":2,"enemies":"Small Slimes","floor":5,"turns":1},{"damage":2,"enemies":"2 Louse","floor":7,"turns":1},{"damage":7,"enemies":"Large Slime","floor":8,"turns":5},{"damage":4,"enemies":"3 Sentries","floor":14,"turns":3},{"damage":30,"enemies":"The Guardian","floor":16,"turns":8},{"damage":30,"enemies":"Spheric Guardian","floor":18,"turns":5},{"damage":26,"enemies":"2 Thieves","floor":20,"turns":3}],"seed_played":"3073728668155786251","potions_obtained":[{"floor":8,"key":"EssenceOfSteel"},{"floor":16,"key":"DistilledChaos"}],"is_trial":false,"path_per_floor":["M","$","$","?","M","R","M","M","T","?","$","?","?","E","R","B",null,"M","?","M"],"character_chosen":"IRONCLAD","items_purchased":["Fire Breathing"],"campfire_rested":0,"item_purchase_floors":[2],"current_hp_per_floor":[74,74,74,74,75,75,75,74,74,79,79,55,48,50,50,26,67,49,26,0,0],"gold":90,"neow_bonus":"THREE_ENEMY_KILL","is_daily":false,"chose_seed":false,"campfire_upgraded":2,"win_rate":0.0,"timestamp":1609063417,"path_taken":["M","?","$","?","M","R","?","M","T","?","$","?","?","E","R","BOSS","M","?","M"],"items_purchased_type":["Card"],"build_version":"2020-12-22","purchased_purges":0,"victory":false,"max_hp_per_floor":[75,75,75,75,75,75,75,75,75,80,80,80,80,80,80,80,80,80,85,85,85],"relic_stats":{"counters":[8,27],"Black Blood":41,"War Paint":["Battle Trance","Defend_R"],"obtain_stats":[{"Bottled Flame":14,"NeowsBlessing":0,"Black Blood":17,"War Paint":9,"Burning Blood":0,"WarpedTongs":4},{"Bottled Flame":5,"NeowsBlessing":0,"Black Blood":6,"War Paint":4,"Burning Blood":0,"WarpedTongs":1},{"Bottled Flame":11,"NeowsBlessing":0,"Black Blood":19,"War Paint":8,"Burning Blood":0,"WarpedTongs":1}],"WarpedTongs":[25]},"card_choices":[{"not_picked":["Thunderclap","Clothesline"],"picked":"Battle Trance","floor":1},{"not_picked":["Rampage","True Grit"],"picked":"Wild Strike","floor":5},{"not_picked":["Carnage","Wild Strike","Combust"],"picked":"SKIP","floor":7},{"not_picked":["Perfected Strike","Sword Boomerang","Spot Weakness"],"picked":"SKIP","floor":8},{"not_picked":["Shrug It Off","Heavy Blade"],"picked":"Reckless Charge","floor":14},{"not_picked":["Juggernaut","Double Tap"],"picked":"Feed","floor":16},{"not_picked":["Flex","Headbutt","Armaments"],"picked":"SKIP","floor":18}],"player_experience":1111805,"relics_obtained":[{"floor":9,"key":"War Paint"},{"floor":14,"key":"Bottled Flame"}],"event_choices":[{"damage_healed":0,"gold_gain":0,"player_choice":"Rummage","damage_taken":0,"relics_obtained":["WarpedTongs"],"max_hp_gain":0,"max_hp_loss":0,"event_name":"Accursed Blacksmith","floor":4,"gold_loss":0,"cards_obtained":["Pain"]},{"damage_healed":0,"gold_gain":0,"player_choice":"Donut","damage_taken":0,"max_hp_gain":5,"max_hp_loss":0,"event_name":"Big Fish","floor":10,"gold_loss":0},{"damage_healed":0,"gold_gain":0,"player_choice":"Entered Light","damage_taken":24,"max_hp_gain":0,"max_hp_loss":0,"event_name":"Shining Light","floor":12,"gold_loss":0,"cards_upgraded":["Defend_R","Defend_R"]},{"cards_removed":["Pain"],"damage_healed":0,"gold_gain":0,"player_choice":"Card Removal","damage_taken":7,"max_hp_gain":0,"max_hp_loss":0,"event_name":"Golden Wing","floor":13,"gold_loss":0},{"damage_healed":0,"gold_gain":0,"player_choice":"Shed Blood","damage_taken":28,"max_hp_gain":5,"max_hp_loss":0,"event_name":"Forgotten Altar","floor":19,"gold_loss":0}],"is_beta":false,"boss_relics":[{"not_picked":["Tiny House","Snecko Eye"],"picked":"Black Blood"}],"items_purged_floors":[],"is_endless":false,"potions_floor_spawned":[8,16],"killed_by":"2 Thieves","ascension_level":20}}