{"host":"we0tvcz4okyzqurd","time":1609113257,"event":{"mods":["BaseMod","Colored Powertips","Downfall","Hubris","Minty Spire (QoL Compilation)","StSLib"],"gold_per_floor":[349,449,464,477,477,7,88,121,121,141,173,23,41,60,74,74,74],"floor_reached":16,"playtime":1061,"items_purged":["sneckomod:SnekBeam"],"score":112,"play_id":"5c2d4129-5d07-40ac-847e-5b014bf72a2c","local_time":"20201227155417","is_ascension_mode":false,"campfire_choices":[{"floor":1.0,"key":"REST"},{"floor":9.0,"key":"RECALL"},{"floor":12,"key":"REST"}],"circlet_count":0,"master_deck":["sneckomod:Strike","sneckomod:Strike","sneckomod:Strike","sneckomod:Defend","sneckomod:Defend","sneckomod:Defend","sneckomod:TailWhip","sneckomod:SnekBite","sneckomod:Unknown","sneckomod:Unknown","sneckomod:IronFang","sneckomod:SoulCleanse+1","sneckomod:SnakeSap","sneckomod:SoulDraw","sneckomod:SoulCleanse","sneckomod:UnknownRarePower","Headbutt","sneckomod:Unknown0Cost"],"relics":["sneckomod:SneckoSoul","hubris:CuriousFeather","Matryoshka","Singing Bowl","hubris:DisguiseKit","downfall:HeartBlessingRed","downfall:HeartBlessingGreen"],"acts_visited":["Exordium"],"potions_floor_usage":[14,16],"damage_taken":[{"damage":8.0,"enemies":"Jaw Worm","floor":3.0,"turns":2.0},{"damage":0.0,"enemies":"2 Louse","floor":4.0,"turns":3.0},{"damage":0.0,"enemies":"downfall:FleeingMerchant","floor":6.0,"turns":4.0},{"damage":24.0,"enemies":"Gremlin Nob","floor":8.0,"turns":6.0},{"damage":1.0,"enemies":"Small Slimes","floor":10.0,"turns":2.0},{"damage":47,"enemies":"3 Sentries","floor":11,"turns":9},{"damage":0,"enemies":"2 Fungi Beasts","floor":13,"turns":4},{"damage":7,"enemies":"Gremlin Gang","floor":14,"turns":5},{"damage":2,"enemies":"Red Slaver","floor":15,"turns":2},{"damage":46,"enemies":"downfall:Defect","floor":16,"turns":5}],"seed_played":"-5273003463628673753","potions_obtained":[{"floor":8.0,"key":"EssenceOfSteel"},{"floor":10.0,"key":"PowerPotion"}],"is_trial":false,"path_per_floor":["R","?","M","M","?","$","T","E","R","M","E","R","M","M","M","B"],"character_chosen":"THE_SNECKO","items_purchased":["hubris:CuriousFeather","sneckomod:SnakeSap"],"campfire_rested":2,"item_purchase_floors":[6,6],"current_hp_per_floor":[90,90,82,82,82,82,82,58,58,57,12,39,40,33,32,0,0],"gold":74,"neow_bonus":"TWO_FIFTY_GOLD","is_daily":false,"chose_seed":false,"campfire_upgraded":0,"win_rate":0.0,"timestamp":1609113257,"path_taken":["R","?","M","M","?","$","T","E","R","M","E","R","M","M","M","BOSS"],"items_purchased_type":["Relic","Card"],"build_version":"2020-12-22","purchased_purges":1,"victory":false,"max_hp_per_floor":[90,90,90,90,90,90,90,90,90,90,92,92,93,93,94,94,94],"card_choices":[{"not_picked":["sneckomod:UnknownEthereal","sneckomod:WideSting"],"picked":"sneckomod:IronFang","floor":3.0},{"not_picked":["sneckomod:UnknownVulnerable","sneckomod:UnknownClassTHE_CHAMP_GRAY"],"picked":"sneckomod:SoulCleanse","floor":4.0},{"not_picked":["sneckomod:DiceBlock","sneckomod:UnknownClassSLIMEBOUND"],"picked":"sneckomod:SnekBeam","floor":6.0},{"not_picked":["sneckomod:IronFang","sneckomod:UnknownClassSLIMEBOUND"],"picked":"sneckomod:SoulDraw","floor":8.0},{"not_picked":["sneckomod:WideSting","sneckomod:UnknownClassTHE_CHAMP_GRAY"],"picked":"sneckomod:SoulCleanse","floor":10.0},{"not_picked":["sneckomod:Unknown1Cost","sneckomod:UnknownStrike","sneckomod:UnknownVulnerable"],"picked":"Singing Bowl","floor":11},{"not_picked":["sneckomod:UnknownClassSLIMEBOUND","sneckomod:QuickMove","Pommel Strike"],"picked":"sneckomod:UnknownRarePower","floor":13},{"not_picked":["sneckomod:UnknownCommonSkill","sneckomod:MasterEye","sneckomod:IronFang"],"picked":"Headbutt","floor":14},{"not_picked":["sneckomod:ImprovisedAttack","sneckomod:UnknownStrike","Clash"],"picked":"sneckomod:Unknown0Cost","floor":15}],"player_experience":443718,"relics_obtained":[{"floor":7.0,"key":"Matryoshka"},{"floor":8.0,"key":"Singing Bowl"},{"floor":11,"key":"hubris:DisguiseKit"}],"event_choices":[],"is_beta":false,"boss_relics":[],"items_purged_floors":[6],"is_endless":false,"potions_floor_spawned":[8,10],"killed_by":"downfall:Defect","ascension_level":0}}