{"host":"wy4vwr4x0uqk666t","time":1609043884,"event":{"mods":["Aspiration","BaseMod","BetterRewards","Curses Come First","Defuse TimeMaze Blight","Downfall","Hubris","Infinite Spire","Jorbs\u0027s Wanderer Trilogy","Kalas","Minty Spire (QoL Compilation)","READ ME - Guardian Mod","Replay The Spire","StSLib","The Cursed","The Elementalist","The Jungle","The Runesmith","The Servant 0.9.4","The Spell Scribe"],"gold_per_floor":[169,169,169,169,169,179,204,221,233,233,64,78,78,104,119,223,223,223,243,256,98,98,98,125,50,50,150,150,200,230,243,256,354,354,279,292,310,321,104,104,104,189,201,213,243,260,273,284,295,295],"floor_reached":51,"playtime":4433,"items_purged":["Regret","Strike_S"],"score":776,"play_id":"bd6cad1a-001d-4fc1-bbfd-e8de246276e4","local_time":"20201227053804","is_ascension_mode":false,"campfire_choices":[{"data":"Defy","floor":10,"key":"SMITH"},{"floor":18,"key":"REST"},{"data":"KillingDoll","floor":23,"key":"SMITH"},{"floor":25,"key":"RECALL"},{"data":"Gouge","floor":35,"key":"SMITH"},{"data":"infinitespire:Collect","floor":40,"key":"SMITH"}],"circlet_count":0,"master_deck":["Strike_S","Strike_S+1","Defend_S","Defend_S","Defend_S","Defend_S","KidneyShot","Exchange","Potential","InstantArmor","Gouge+1","ShiftingGears","GearUp","Defy+1","Dilation","Gouge+1","Ricochet","Alleviate","KillingDoll+1","BottledTime","GearUp","Alleviate","infinitespire:Collect+1","TimeWarp","BottledTime+1","Rearm+1","Defy","SpecialFormula+1","Rearm+1","ForgedInTime"],"relics":["Uniform","downfall:HeartsMalice","hubris:Metronome","Whetstone","Strange Spoon","Smiling Mask","aspiration:RunicSpoon","aspiration:Nostalgia","Replay:M_StaffOfTheSnake","aspiration:Lifesprig","downfall:HeartBlessingGreen","hubris:Towel","Garlic","hubris:MobiusCoin","infinitespire:Lucky Rock","downfall:HeartBlessingRed","infinitespire:Satchel","Ancient Tea Set","ReplayTheSpireMod:Shallot"],"acts_visited":["Exordium","TheCity","TheBeyond"],"potions_floor_usage":[12,16,16,39,46,47,47],"damage_taken":[{"damage":0,"enemies":"Small Slimes","floor":2,"turns":1},{"damage":0,"enemies":"Jaw Worm","floor":4,"turns":1},{"damage":0,"enemies":"2 Louse","floor":5,"turns":1},{"damage":18,"enemies":"Gremlin Gang","floor":6,"turns":7},{"damage":2,"enemies":"Large Slime","floor":8,"turns":4},{"damage":0,"enemies":"2 Fungi Beasts","floor":9,"turns":4},{"damage":0,"enemies":"downfall:FleeingMerchant","floor":11,"turns":4},{"damage":28,"enemies":"Gremlin Gang","floor":12,"turns":5},{"damage":2,"enemies":"Lagavulin","floor":14,"turns":6},{"damage":0,"enemies":"Blue Slaver","floor":15,"turns":4},{"damage":0,"enemies":"downfall:Watcher","floor":16,"turns":10},{"damage":3,"enemies":"Spheric Guardian","floor":19,"turns":5},{"damage":2,"enemies":"Chosen","floor":20,"turns":4},{"damage":0,"enemies":"downfall:FleeingMerchant","floor":21,"turns":4},{"damage":0,"enemies":"Replay:Snechameleon","floor":30,"turns":4},{"damage":8,"enemies":"Shelled Parasite and Fungi","floor":31,"turns":8},{"damage":0,"enemies":"Snecko","floor":32,"turns":7},{"damage":5,"enemies":"downfall:Ironclad","floor":33,"turns":6},{"damage":17,"enemies":"3 Shapes","floor":36,"turns":11},{"damage":0,"enemies":"Orb Walker","floor":37,"turns":2},{"damage":0,"enemies":"3 Darklings","floor":38,"turns":6},{"damage":0,"enemies":"downfall:FleeingMerchant","floor":39,"turns":4},{"damage":24,"enemies":"Sphere and 2 Shapes","floor":43,"turns":4},{"damage":0,"enemies":"Maw","floor":44,"turns":7},{"damage":5,"enemies":"Nemesis","floor":45,"turns":9},{"damage":19,"enemies":"Jaw Worm Horde","floor":46,"turns":7},{"damage":101,"enemies":"4 Shapes","floor":47,"turns":15},{"damage":0,"enemies":"3 Darklings","floor":48,"turns":6},{"damage":12,"enemies":"Spire Growth","floor":49,"turns":8},{"damage":0,"enemies":"downfall:Defect","floor":50,"turns":4}],"seed_played":"1462064315449895882","potions_obtained":[{"floor":6,"key":"EssenceOfSteel"},{"floor":9,"key":"DuplicationPotion"},{"floor":14,"key":"FairyPotion"},{"floor":15,"key":"Block Potion"},{"floor":19,"key":"LifebloodPotion"},{"floor":37,"key":"DistilledChaos"},{"floor":44,"key":"Adrenaline Potion"},{"floor":46,"key":"LiquidBronze"},{"floor":49,"key":"infinitespire:BlackPotion"}],"is_trial":false,"path_per_floor":["R","M","?","M","M","M","T","M","M","R","$","M","?","E","M","B",null,"R","M","M","$","?","R","T","R","?","?","T","AVR","E","M","M","B",null,"R","M","M","M","$","R","T","?","M","M","E","M","M","M","M","B",null],"character_chosen":"THE_SERVANT","items_purchased":["Strange Spoon","aspiration:Nostalgia","infinitespire:Satchel"],"campfire_rested":1,"item_purchase_floors":[11,21,39],"current_hp_per_floor":[65,65,65,65,65,47,47,45,45,45,45,17,17,15,15,15,65,65,62,60,60,60,60,60,60,60,60,60,60,60,52,52,47,65,65,48,48,48,48,48,48,32,16,24,51,56,11,43,60,65],"gold":295,"neow_bonus":"THREE_ENEMY_KILL","is_daily":false,"chose_seed":false,"campfire_upgraded":4,"win_rate":0.0,"timestamp":1609043884,"path_taken":["R","M","?","M","M","M","T","M","M","R","$","M","?","E","M","BOSS","R","M","M","$","?","R","T","R","?","?","?","AVR","E","?","M","BOSS","R","M","M","M","$","R","T","?","M","?","E","M","M","M","M","BOSS"],"items_purchased_type":["Relic","Relic","Relic"],"build_version":"2020-12-22","purchased_purges":2,"victory":true,"max_hp_per_floor":[65,65,65,65,65,65,65,65,65,65,65,65,65,65,65,65,65,65,65,65,65,65,65,65,65,65,65,65,65,65,65,65,65,65,65,65,65,65,65,65,65,65,65,65,65,65,65,65,65,65],"card_choices":[{"not_picked":["Collapse","Spin"],"picked":"Potential","floor":2},{"not_picked":["FastForward","Collapse"],"picked":"InstantArmor","floor":4},{"not_picked":["FastForward","Advance"],"picked":"Gouge","floor":5},{"not_picked":["Alleviate","Rewind"],"picked":"ShiftingGears","floor":6},{"not_picked":["MoonPhase","DoubleEdge"],"picked":"GearUp","floor":8},{"not_picked":["PendulumOfEternity","ShatteredReality"],"picked":"Defy","floor":9},{"not_picked":["Shuttle","ShiftingGears"],"picked":"Dilation","floor":11},{"not_picked":["Snipe","Rewind"],"picked":"Gouge","floor":12},{"not_picked":["Replace","Gouge"],"picked":"Ricochet","floor":14},{"not_picked":["Hightail","WasteNot"],"picked":"Alleviate","floor":15},{"not_picked":["LightFlow","FloweringNight"],"picked":"KillingDoll","floor":16},{"not_picked":["ReturningBlade+1","Potential"],"picked":"BottledTime","floor":19},{"not_picked":["ShatteredReality+1","Alleviate+1"],"picked":"GearUp","floor":20},{"not_picked":["ShiftingGears","TimeWarp"],"picked":"Alleviate","floor":21},{"not_picked":["SpecialFormula","FanOfKnives"],"picked":"TimeWarp","floor":30},{"not_picked":["Ricochet","Well Laid Plans+1","SashWhip"],"picked":"SKIP","floor":31},{"not_picked":["Potential","TalkToTheHand","Alleviate"],"picked":"SKIP","floor":32},{"not_picked":["Alleviate+1","Revamp+1","Unruled+1"],"picked":"SKIP","floor":36},{"not_picked":["DoubleEdge+1","Alleviate+1"],"picked":"BottledTime+1","floor":37},{"not_picked":["Sabotage","SurpressingFire+1"],"picked":"Rearm+1","floor":38},{"not_picked":["FastForward","Replace+1","Hightail+1"],"picked":"SKIP","floor":39},{"not_picked":["GearUp","ReturningBlade"],"picked":"Defy","floor":42},{"not_picked":["Potential","FanOfKnives+1"],"picked":"SpecialFormula+1","floor":42},{"not_picked":["DoubleEdge+1","Hightail"],"picked":"Rearm+1","floor":43},{"not_picked":["Hightail","Moonlight"],"picked":"ForgedInTime","floor":44},{"not_picked":["WasteNot","Rearm+1","Unruled"],"picked":"SKIP","floor":45},{"not_picked":["BottledTime","Ricochet","Read"],"picked":"SKIP","floor":46},{"not_picked":["ForgedInTime","Rearm+1","Spin+1"],"picked":"SKIP","floor":47},{"not_picked":["Unruled+1","Defy+1","Ricochet+1"],"picked":"SKIP","floor":48},{"not_picked":["Replace+1","Defy","FastForward"],"picked":"SKIP","floor":49}],"player_experience":3696502,"relics_obtained":[{"floor":7,"key":"Whetstone"},{"floor":14,"key":"Smiling Mask"},{"floor":24,"key":"aspiration:Lifesprig"},{"floor":28,"key":"Garlic"},{"floor":30,"key":"infinitespire:Lucky Rock"},{"floor":42,"key":"Ancient Tea Set"},{"floor":45,"key":"ReplayTheSpireMod:Shallot"}],"event_choices":[{"damage_healed":0,"gold_gain":0,"player_choice":"Box","damage_taken":0,"relics_obtained":["hubris:Metronome"],"max_hp_gain":0,"max_hp_loss":0,"event_name":"Big Fish","floor":3,"gold_loss":0,"cards_obtained":["Regret"]}],"is_beta":false,"boss_relics":[{"not_picked":["hubris:VirtuousBlindfold","Replay:Bronze Core"],"picked":"aspiration:RunicSpoon"},{"not_picked":["Coffee Dripper","hubris:GrandSneckoEye","Calling Bell"]}],"items_purged_floors":[29,39],"is_endless":false,"potions_floor_spawned":[6,9,14,15,19,30,37,38,44,46,49],"ascension_level":0}}