{"host":"e4wnmsyty9uvvtwf","time":1609062721,"event":{"mods":["Act Like it!","BaseMod","Colored Map","Colored Powertips","Gensokyo","Marisa£®ÏF”Í°°ƒß¿Ì…≥£©","Minty Spire (QoL Compilation)","Rare Cards Sparkle","StSLib"],"gold_per_floor":[16,16,29,29,29,29,56,6,58,95,95,104,104,9,9,9,9],"floor_reached":16,"playtime":517,"items_purged":["Clumsy"],"score":188,"play_id":"11d99e00-b2cd-4974-b0b6-085fe8b8ece9","local_time":"20201227175201","is_ascension_mode":true,"campfire_choices":[{"data":"ManaRampage","floor":6,"key":"SMITH"},{"data":"BlazeAway","floor":11,"key":"SMITH"},{"data":"DarkMatter","floor":13,"key":"SMITH"},{"data":"EnergyFlow","floor":15,"key":"SMITH"}],"circlet_count":0,"master_deck":["AscendersBane","Strike_MRS","Strike_MRS","Strike_MRS","Defend_MRS","Defend_MRS","Defend_MRS","Defend_MRS","MasterSpark+1","UpSweep","ManaRampage+1","GasGiant","FinalSpark+1","EnergyFlow+1","DarkMatter+1","BlazeAway+1","Pain","Gensokyo:BlemishedSteel","Gensokyo:ScrapIron"],"relics":["MiniHakkero","Gensokyo:NagashiBinaDoll","Pear","Smiling Mask","Whetstone","CeramicFish","Gensokyo:LunaticRedEyes"],"acts_visited":["Exordium"],"potions_floor_usage":[],"damage_taken":[{"damage":3,"enemies":"Gensokyo:Gryphon","floor":1,"turns":2},{"damage":0,"enemies":"Gensokyo:2_Kodama","floor":3,"turns":3},{"damage":11,"enemies":"Gensokyo:Aya","floor":7,"turns":5},{"damage":5,"enemies":"Gensokyo:Cirno","floor":10,"turns":4},{"damage":34,"enemies":"Gensokyo:Reimu","floor":16,"turns":7}],"seed_played":"2602302220878904391","potions_obtained":[{"floor":1,"key":"SteroidPotion"},{"floor":7,"key":"DuplicationPotion"}],"is_trial":false,"path_per_floor":["M","?","M","?","?","R","E","$","T","E","R","?","R","COS","R","B"],"character_chosen":"MARISA","items_purchased":[],"campfire_rested":0,"item_purchase_floors":[],"current_hp_per_floor":[60,60,60,60,50,50,39,39,39,34,34,34,34,34,34,0,0],"gold":9,"neow_bonus":"THREE_RARE_CARDS","is_daily":false,"chose_seed":false,"campfire_upgraded":4,"win_rate":0.0,"timestamp":1609062721,"path_taken":["M","?","?","?","?","R","E","$","T","E","R","?","R","COS","R","BOSS"],"items_purchased_type":[],"build_version":"2020-12-22","purchased_purges":1,"victory":false,"max_hp_per_floor":[70,70,70,70,80,80,80,80,80,80,80,80,80,80,80,80,80],"card_choices":[{"not_picked":["BlazingStar","AbsoluteMagnitude"],"picked":"ManaRampage","floor":0},{"not_picked":["StarBarrage","AlicesGift"],"picked":"GasGiant","floor":1},{"not_picked":["AsteroidBelt","WitchLeyline"],"picked":"EnergyFlow","floor":3},{"not_picked":["WitchOfGreed","MysteriousBeam"],"picked":"DarkMatter","floor":7},{"not_picked":["ShootTheMoon","SatelliteIllusion"],"picked":"BlazeAway","floor":10}],"player_experience":661468,"relics_obtained":[{"floor":7,"key":"Smiling Mask"},{"floor":9,"key":"Whetstone"},{"floor":10,"key":"CeramicFish"}],"event_choices":[],"is_beta":false,"boss_relics":[],"items_purged_floors":[8],"is_endless":false,"potions_floor_spawned":[1,7],"killed_by":"Gensokyo:Reimu","ascension_level":20}}