{"host":"337p6miwxbqfki03","time":1609093463,"event":{"mods":["BaseMod","Better Third Choice","Colored Map","Conspire","Downfall","Hubris","Minty Spire (QoL Compilation)","Replay The Spire","StSLib","The Hierophant","Unceasing Turn Reminder"],"gold_per_floor":[117,191,204,226,249,249,268,368,368,381,134,152,172,165,130,180,180,195,195,208,208,208,208,223,223,223,223,221,247,247,267,267,334,434,539,614,728,728,772,731,731,867,867,867,824,898,974,974,974,768],"floor_reached":51,"playtime":4448,"items_purged":[],"score":790,"play_id":"e8edd40d-4d42-466f-a456-de6d6f565a88","local_time":"20201227122423","is_ascension_mode":false,"campfire_choices":[{"data":"hierophant:Glossolalia","floor":6,"key":"SMITH"},{"floor":23,"key":"REST"},{"floor":25,"key":"REST"},{"data":"hierophant:ChurchCoffers","floor":27,"key":"SMITH"},{"floor":41,"key":"REST"},{"floor":44,"key":"REST"},{"floor":49,"key":"RECALL"}],"circlet_count":0,"master_deck":["hierophant:Punish","hierophant:ChurchCoffers+1","hierophant:OrnateBuckler","hierophant:HolyVerse","hierophant:ArchangelShield","hierophant:Glossolalia+1","hierophant:Smite+1","hierophant:Bribe","expansioncontent:QuickStudy+1","hierophant:MorningPrayer+1","hierophant:Martyrdom+1","hierophant:ThreeLashes","hierophant:Zeal","hierophant:Sermon","hierophant:Kindle+1","hierophant:Sermon+1","hierophant:Chorus+1","Necronomicurse","hierophant:Doubloon","hierophant:Refuge","hierophant:Endure","hierophant:FlamingChariot+1","hierophant:Batter+1","hierophant:Exaltation","hierophant:BulkyChest+1","hierophant:DeathKnell+1","hierophant:AuricBeam","hierophant:Doubloon","hierophant:Levitation+1","hierophant:Purify","hierophant:LocustPlague+1","hierophant:Invocation+1","hierophant:FieryStrike","hierophant:Endure","hierophant:Doubloon","hierophant:ConvertCurrency+1","ReplayTheSpireMod:Splinters","hierophant:RepressedViolence","hierophant:Smite","hierophant:ArchangelShield","hierophant:FlamingChariot+1","hierophant:Rebuild+1","hierophant:Doubloon","hierophant:Charity+1"],"relics":["conspire:SeveredTorchhead","hubris:Reverence","Golden Egg","Thread and Needle","Sozu","FaceOfCleric","Necronomicon","Gambling Chip","Durian","Replay:Grab Bag","conspire:SlowCooker","Replay:Wanted Poster","Pandora\u0027s Box","Ring of Chaos","HornCleat","Anchor","StoneCalendar","Counterbalance"],"acts_visited":["Exordium","TheCity","TheBeyond"],"potions_floor_usage":[],"damage_taken":[{"damage":6,"enemies":"Cultist","floor":1,"turns":3},{"damage":0,"enemies":"2 Louse","floor":3,"turns":2},{"damage":0,"enemies":"Jaw Worm","floor":4,"turns":5},{"damage":2,"enemies":"Blue Slaver","floor":5,"turns":4},{"damage":0,"enemies":"Exordium Wildlife","floor":7,"turns":4},{"damage":14,"enemies":"Lagavulin","floor":10,"turns":6},{"damage":0,"enemies":"Gremlin Gang","floor":12,"turns":1},{"damage":2,"enemies":"2 Fungi Beasts","floor":13,"turns":2},{"damage":2,"enemies":"Looter","floor":14,"turns":4},{"damage":19,"enemies":"The Guardian","floor":16,"turns":10},{"damage":0,"enemies":"3 Byrds","floor":18,"turns":6},{"damage":10,"enemies":"Spheric Guardian","floor":20,"turns":5},{"damage":26,"enemies":"Snecko","floor":24,"turns":7},{"damage":5,"enemies":"Cultist and Chosen","floor":28,"turns":8},{"damage":0,"enemies":"Sentry and Sphere","floor":29,"turns":2},{"damage":0,"enemies":"Snake Plant","floor":31,"turns":4},{"damage":2,"enemies":"Collector","floor":33,"turns":8},{"damage":0,"enemies":"Orb Walker","floor":35,"turns":1},{"damage":0,"enemies":"3 Darklings","floor":36,"turns":3},{"damage":0,"enemies":"Sphere and 2 Shapes","floor":37,"turns":1},{"damage":55,"enemies":"Reptomancer","floor":40,"turns":5},{"damage":8,"enemies":"Nemesis","floor":42,"turns":3},{"damage":0,"enemies":"Spire Growth","floor":45,"turns":1},{"damage":0,"enemies":"3 Darklings","floor":46,"turns":3},{"damage":0,"enemies":"Maw","floor":47,"turns":5},{"damage":0,"enemies":"hubris:GrandSnecko","floor":50,"turns":10}],"seed_played":"-236864631914238206","potions_obtained":[{"floor":4,"key":"Strength Potion"},{"floor":5,"key":"BlessingOfTheForge"},{"floor":14,"key":"Strength Potion"}],"is_trial":false,"path_per_floor":["M","T","M","M","M","R","M","?","T","E","$","M","M","M","R_BF","B",null,"M","?","M","?","?","R","M","R","T","R","M","M","?","M","R_BF","B",null,"M","M","M","?","?","E","R","E","T","R","M","M","M","?","R","B",null],"character_chosen":"HIEROPHANT","items_purchased":["expansioncontent:QuickStudy","hierophant:MorningPrayer","hierophant:Martyrdom"],"campfire_rested":4,"item_purchase_floors":[11,11,11],"current_hp_per_floor":[69,69,69,69,67,67,67,67,67,53,53,53,51,49,67,56,75,75,75,66,50,50,72,47,70,70,70,66,67,72,73,85,84,86,87,88,89,89,89,35,62,55,55,82,83,84,85,88,88,89],"gold":768,"neow_bonus":"BOSS_RELIC","is_daily":false,"chose_seed":false,"campfire_upgraded":2,"win_rate":0.0,"timestamp":1609093463,"path_taken":["M","?","M","M","M","R","M","?","T","E","$","?","M","M","R_BF","BOSS","M","?","?","?","?","R","?","R","T","R","M","M","?","M","R_BF","BOSS","M","M","?","?","?","E","R","E","T","R","M","?","M","?","R","BOSS"],"items_purchased_type":["Card","Card","Card"],"build_version":"2020-12-22","purchased_purges":0,"victory":true,"max_hp_per_floor":[75,75,75,75,75,75,75,75,75,75,75,75,75,75,75,75,75,75,75,76,76,76,76,77,77,77,77,78,79,84,85,85,86,86,87,88,89,89,89,90,90,91,91,91,92,93,94,97,97,98],"card_choices":[{"not_picked":["hierophant:PassingBell","hierophant:CoinFling"],"picked":"hierophant:OrnateBuckler","floor":1},{"not_picked":["hierophant:Empathy","hierophant:Remorse"],"picked":"hierophant:HolyVerse","floor":3},{"not_picked":["hierophant:Remorse","hierophant:Zeal"],"picked":"hierophant:ArchangelShield","floor":4},{"not_picked":["hierophant:HolyVerse","hierophant:RepressedViolence"],"picked":"hierophant:Glossolalia","floor":5},{"not_picked":["hierophant:AuricBeam","hierophant:FaithHealing"],"picked":"hierophant:Smite","floor":7},{"not_picked":["hierophant:ArchangelShield","hierophant:Purify"],"picked":"hierophant:Bribe","floor":10},{"not_picked":["hierophant:Zeal","hierophant:RustyCrate"],"picked":"hierophant:ThreeLashes","floor":12},{"not_picked":["hierophant:CursedGold","hierophant:CoinFling"],"picked":"hierophant:Zeal","floor":13},{"not_picked":["hierophant:AuricShield","hierophant:Rebuild"],"picked":"hierophant:Sermon","floor":14},{"not_picked":["hierophant:MintersHammer","hierophant:WrathOfGod"],"picked":"hierophant:Kindle","floor":16},{"not_picked":["hierophant:CursedGold","hierophant:AuricBeam"],"picked":"hierophant:Sermon+1","floor":18},{"not_picked":["hierophant:PassingBell","hierophant:Zeal+1"],"picked":"hierophant:Chorus+1","floor":20},{"not_picked":["hierophant:Charity","hierophant:Levitation"],"picked":"hierophant:Endure","floor":24},{"not_picked":["hierophant:Remorse","hierophant:Community"],"picked":"hierophant:FlamingChariot+1","floor":28},{"not_picked":["hierophant:Zeal","hierophant:Smite"],"picked":"hierophant:Batter","floor":29},{"not_picked":["hierophant:Smite","hierophant:HolyVerse+1"],"picked":"hierophant:Exaltation","floor":31},{"not_picked":["hierophant:MintersHammer","hierophant:Cornucopia"],"picked":"hierophant:BulkyChest","floor":33},{"not_picked":["hierophant:HolyVerse","hierophant:Sermon+1"],"picked":"hierophant:FieryStrike","floor":35},{"not_picked":["hierophant:Shelter","hierophant:AuricForm"],"picked":"hierophant:Endure","floor":36},{"not_picked":["hierophant:Doubloon+1","hierophant:Encroach+1"],"picked":"hierophant:ConvertCurrency+1","floor":37},{"not_picked":["hierophant:Zeal+1","hierophant:Shelter+1"],"picked":"hierophant:RepressedViolence","floor":39},{"not_picked":["hierophant:Doomsaying","hierophant:SealAway"],"picked":"hierophant:Smite","floor":40},{"not_picked":["hierophant:MorningPrayer+1","hierophant:Encroach"],"picked":"hierophant:ArchangelShield","floor":42},{"not_picked":["hierophant:OrnateBuckler","hierophant:Empathy+1"],"picked":"hierophant:FlamingChariot+1","floor":45},{"not_picked":["hierophant:Smite","hierophant:SolarFlare+1"],"picked":"hierophant:Rebuild+1","floor":46},{"not_picked":["hierophant:ThreeLashes","hierophant:ConvertCurrency"],"picked":"hierophant:Charity+1","floor":47}],"player_experience":193061,"relics_obtained":[{"floor":2,"key":"hubris:Reverence"},{"floor":9,"key":"Golden Egg"},{"floor":10,"key":"Thread and Needle"},{"floor":21,"key":"Necronomicon"},{"floor":26,"key":"Gambling Chip"},{"floor":39,"key":"HornCleat"},{"floor":40,"key":"Anchor"},{"floor":42,"key":"StoneCalendar"},{"floor":43,"key":"Counterbalance"}],"event_choices":[{"damage_healed":0,"gold_gain":100,"player_choice":"Gold","damage_taken":0,"max_hp_gain":0,"max_hp_loss":0,"event_name":"Wheel of Change","floor":8,"gold_loss":0},{"damage_healed":18,"gold_gain":0,"player_choice":"Healed","damage_taken":0,"max_hp_gain":0,"max_hp_loss":0,"event_name":"The Cleric","floor":15,"gold_loss":35},{"damage_healed":0,"gold_gain":0,"player_choice":"Trade","damage_taken":0,"relics_obtained":["FaceOfCleric"],"max_hp_gain":0,"max_hp_loss":0,"event_name":"FaceTrader","floor":19,"gold_loss":0},{"damage_healed":0,"gold_gain":0,"player_choice":"Obtained Book","damage_taken":16,"max_hp_gain":0,"max_hp_loss":0,"event_name":"Cursed Tome","floor":21,"gold_loss":0},{"damage_healed":0,"gold_gain":0,"cards_transformed":["hierophant:Strike_Hierophant"],"player_choice":"Transformed","damage_taken":0,"max_hp_gain":0,"max_hp_loss":0,"event_name":"Transmorgrifier","floor":22,"gold_loss":0,"cards_obtained":["hierophant:Refuge"]},{"damage_healed":0,"gold_gain":0,"player_choice":"Gave Potion","damage_taken":0,"relics_obtained":["Durian"],"max_hp_gain":0,"max_hp_loss":0,"event_name":"WeMeetAgain","floor":30,"gold_loss":0}],"is_beta":false,"boss_relics":[{"not_picked":["Calling Bell","hubris:VirtuousBlindfold"],"picked":"Sozu"},{"not_picked":["Velvet Choker","Philosopher\u0027s Stone"],"picked":"Replay:Grab Bag"},{"not_picked":["hubris:RunicObelisk","Coffee Dripper"],"picked":"conspire:SlowCooker"},{"not_picked":["hubris:CrackedHourglass","hubris:TerracottaHorce"],"picked":"Replay:Wanted Poster"},{"not_picked":["Empty Cage","Astrolabe"],"picked":"Pandora\u0027s Box"},{"not_picked":["Kintsugi","SlaversCollar"],"picked":"Ring of Chaos"}],"items_purged_floors":[],"is_endless":false,"potions_floor_spawned":[4,5,14,16,28,29,31,40,42,45,46,47],"ascension_level":0}}