{"host":"3dz0gicyzigf6cpm","time":1609093073,"event":{"mods":["AchievementEnabler","BaseMod","Minty Spire (QoL Compilation)"],"gold_per_floor":[113,130,150,163,37,37,37,37,37,0,0,19,38,49,49,149,149,164,181,181,106,124,124,124,124,149,149,64,77,77,77],"floor_reached":30,"playtime":4398,"items_purged":["Strike_G+1"],"score":222,"play_id":"812b6d82-9cae-48ab-8f15-e97f02479a4e","local_time":"20201227141753","is_ascension_mode":false,"campfire_choices":[{"data":"Noxious Fumes","floor":6.0,"key":"SMITH"},{"floor":11.0,"key":"REST"},{"floor":15,"key":"REST"},{"floor":23,"key":"REST"},{"floor":27,"key":"REST"}],"circlet_count":0,"master_deck":["Strike_G+1","Strike_G+1","Strike_G+1","Strike_G+1","Defend_G+1","Defend_G+1","Defend_G+1","Defend_G+1","Defend_G+1","Survivor","Neutralize","Noxious Fumes+1","Deadly Poison","Bane","Flying Knee","Poisoned Stab","Terror","Predator","Poisoned Stab","Flying Knee","Quick Slash","Quick Slash","Poisoned Stab"],"relics":["Ring of the Snake","NeowsBlessing","Kunai","Bottled Flame","HoveringKite","MutagenicStrength","Bronze Scales","Matryoshka"],"acts_visited":["Exordium","TheCity"],"potions_floor_usage":[19],"damage_taken":[{"damage":0.0,"enemies":"Jaw Worm","floor":1.0,"turns":1.0},{"damage":0.0,"enemies":"Small Slimes","floor":2.0,"turns":1.0},{"damage":0.0,"enemies":"2 Louse","floor":3.0,"turns":1.0},{"damage":7.0,"enemies":"2 Fungi Beasts","floor":4.0,"turns":6.0},{"damage":16.0,"enemies":"3 Louse","floor":12.0,"turns":3.0},{"damage":0,"enemies":"Exordium Thugs","floor":13,"turns":4},{"damage":17,"enemies":"Exordium Wildlife","floor":14,"turns":4},{"damage":41,"enemies":"The Guardian","floor":16,"turns":10},{"damage":17,"enemies":"Shell Parasite","floor":18,"turns":5},{"damage":27,"enemies":"3 Byrds","floor":19,"turns":5},{"damage":16,"enemies":"Snake Plant","floor":22,"turns":4},{"damage":16,"enemies":"Snecko","floor":29,"turns":4},{"damage":45,"enemies":"Cultist and Chosen","floor":30,"turns":4}],"seed_played":"-6958285170754973887","potions_obtained":[{"floor":1.0,"key":"Weak Potion"},{"floor":2.0,"key":"SteroidPotion"},{"floor":12,"key":"SpeedPotion"},{"floor":18,"key":"Fire Potion"},{"floor":19,"key":"Fruit Juice"}],"is_trial":false,"path_per_floor":["M","M","M","M","$","R","?","T","T","?","R","M","M","M","R","B",null,"M","M","?","$","M","R","?","?","T","R","?","M","M"],"character_chosen":"THE_SILENT","items_purchased":["Poisoned Stab","Terror"],"campfire_rested":4,"item_purchase_floors":[5,5],"current_hp_per_floor":[70,70,70,63,63,63,63,63,63,63,70,54,54,37,58,17,70,53,31,31,31,15,37,37,37,37,59,59,43,0,0],"gold":77,"neow_bonus":"THREE_ENEMY_KILL","is_daily":false,"chose_seed":false,"campfire_upgraded":1,"win_rate":0.0,"timestamp":1609093073,"path_taken":["M","M","M","M","$","R","?","?","T","?","R","M","M","M","R","BOSS","M","M","?","$","M","R","?","?","T","R","?","M","M"],"items_purchased_type":["Card","Card"],"build_version":"2020-12-22","purchased_purges":1,"victory":false,"max_hp_per_floor":[70,70,70,70,70,70,70,70,70,70,70,70,70,70,70,70,70,70,75,75,75,75,75,75,75,75,75,75,75,75,75],"card_choices":[{"not_picked":["Dagger Spray","Leg Sweep"],"picked":"Noxious Fumes","floor":1.0},{"not_picked":["Calculated Gamble","Prepared"],"picked":"Deadly Poison","floor":2.0},{"not_picked":["Flechettes","Tactician"],"picked":"Bane","floor":3.0},{"not_picked":["Slice","Deadly Poison"],"picked":"Flying Knee","floor":4.0},{"not_picked":["Dagger Throw","Flying Knee"],"picked":"Predator","floor":12},{"not_picked":["Prepared","Masterful Stab","After Image"],"picked":"SKIP","floor":13},{"not_picked":["Slice","Dodge and Roll"],"picked":"Poisoned Stab","floor":14},{"not_picked":["Riddle With Holes","Deflect"],"picked":"Flying Knee","floor":18},{"not_picked":["Flechettes","Outmaneuver"],"picked":"Quick Slash","floor":19},{"not_picked":["Dash","Escape Plan"],"picked":"Quick Slash","floor":22},{"not_picked":["Blur","Choke"],"picked":"Poisoned Stab","floor":29}],"player_experience":55862,"relics_obtained":[{"floor":8.0,"key":"Kunai"},{"floor":9.0,"key":"Bottled Flame"},{"floor":26,"key":"Bronze Scales"}],"event_choices":[{"damage_healed":0.0,"max_hp_gain":0.0,"max_hp_loss":0.0,"gold_gain":0.0,"event_name":"Shining Light","player_choice":"Ignored","floor":7.0,"gold_loss":0.0,"damage_taken":0.0},{"damage_healed":0.0,"max_hp_gain":0.0,"max_hp_loss":0.0,"gold_gain":0.0,"event_name":"World of Goop","player_choice":"Left Gold","floor":10.0,"gold_loss":37.0,"damage_taken":0.0},{"damage_healed":0,"gold_gain":0,"player_choice":"Simplicity","damage_taken":0,"max_hp_gain":0,"max_hp_loss":0,"event_name":"Back to Basics","floor":20,"gold_loss":0,"cards_upgraded":["Strike_G","Strike_G","Strike_G","Strike_G","Strike_G","Defend_G","Defend_G","Defend_G","Defend_G","Defend_G"]},{"damage_healed":0,"gold_gain":0,"player_choice":"Inject Mutagens","damage_taken":0,"relics_obtained":["MutagenicStrength"],"max_hp_gain":0,"max_hp_loss":0,"event_name":"Drug Dealer","floor":24,"gold_loss":0},{"damage_healed":0,"gold_gain":0,"player_choice":"Ignored","damage_taken":0,"max_hp_gain":0,"max_hp_loss":0,"event_name":"Vampires","floor":25,"gold_loss":0},{"damage_healed":0,"gold_gain":0,"player_choice":"Obtained Relic","damage_taken":0,"relics_obtained":["Matryoshka"],"max_hp_gain":0,"max_hp_loss":0,"event_name":"Addict","floor":28,"gold_loss":85}],"is_beta":false,"boss_relics":[{"not_picked":["Ring of the Serpent","Runic Pyramid"],"picked":"HoveringKite"}],"items_purged_floors":[21],"is_endless":false,"potions_floor_spawned":[1,2,12,13,18,19],"killed_by":"Cultist and Chosen","ascension_level":0}}