{"host":"7l2t4psy44vpcd9q","time":1609050428,"event":{"mods":["AchievementEnabler","BaseMod","DeckTracker","Minty Spire (QoL Compilation)","SuperFastMode"],"gold_per_floor":[119,119,119,138,26,60,60,73,73,93,93,106,106,32,32,32,32],"floor_reached":16,"playtime":383,"items_purged":[],"score":250,"play_id":"6453e031-fe3d-4254-ab5a-b4725a5d4bc2","local_time":"20201227152708","is_ascension_mode":true,"campfire_choices":[{"data":"Finisher","floor":7,"key":"SMITH"},{"data":"Choke","floor":11,"key":"SMITH"},{"data":"Deadly Poison","floor":13,"key":"SMITH"},{"data":"Dagger Spray","floor":15,"key":"SMITH"}],"circlet_count":0,"master_deck":["AscendersBane","Strike_G","Strike_G","Strike_G","Strike_G","Defend_G","Defend_G","Defend_G","Defend_G","Defend_G","Survivor","Neutralize","Finisher+1","Noxious Fumes","Dagger Spray+1","Quick Slash","Choke+1","Backflip","Deadly Poison+1"],"relics":["Ring of the Snake","NeowsBlessing","Ginger","Sundial","Pantograph"],"acts_visited":["Exordium"],"potions_floor_usage":[16,16,16,16],"damage_taken":[{"damage":0,"enemies":"Jaw Worm","floor":1,"turns":1},{"damage":0,"enemies":"Small Slimes","floor":4,"turns":1},{"damage":0,"enemies":"Gremlin Nob","floor":6,"turns":1},{"damage":1,"enemies":"Cultist","floor":8,"turns":3},{"damage":13,"enemies":"3 Louse","floor":10,"turns":4},{"damage":14,"enemies":"Large Slime","floor":12,"turns":6},{"damage":50,"enemies":"Slime Boss","floor":16,"turns":7}],"seed_played":"-6700173342401362907","potions_obtained":[{"floor":1,"key":"Swift Potion"},{"floor":8,"key":"FearPotion"},{"floor":12,"key":"EntropicBrew"}],"is_trial":false,"path_per_floor":["M","?","?","M","$","E","R","M","T","M","R","M","R","?","R","B"],"character_chosen":"THE_SILENT","items_purchased":["Dagger Spray","Quick Slash"],"campfire_rested":0,"item_purchase_floors":[5,5],"current_hp_per_floor":[59,52,52,52,52,52,52,51,51,38,38,24,24,24,24,0,0],"gold":32,"neow_bonus":"THREE_ENEMY_KILL","is_daily":false,"chose_seed":false,"campfire_upgraded":4,"win_rate":0.0,"timestamp":1609050428,"path_taken":["M","?","?","M","$","E","R","M","T","M","R","M","R","?","R","BOSS"],"items_purchased_type":["Card","Card"],"build_version":"2020-12-22","purchased_purges":0,"victory":false,"max_hp_per_floor":[66,66,66,66,66,66,66,66,66,66,66,66,66,66,66,66,66],"card_choices":[{"not_picked":["Endless Agony","Backstab"],"picked":"Finisher","floor":1},{"not_picked":["Deflect","Accuracy"],"picked":"Noxious Fumes","floor":4},{"not_picked":["Infinite Blades","Outmaneuver","Deflect"],"picked":"SKIP","floor":6},{"not_picked":["Infinite Blades","Die Die Die"],"picked":"Choke","floor":8},{"not_picked":["Deflect","PiercingWail"],"picked":"Backflip","floor":10},{"not_picked":["Cloak And Dagger","Poisoned Stab"],"picked":"Deadly Poison","floor":12}],"player_experience":1149771,"relics_obtained":[{"floor":6,"key":"Ginger"},{"floor":9,"key":"Sundial"}],"event_choices":[{"cards_removed":["Strike_G"],"damage_healed":0,"gold_gain":0,"player_choice":"Card Removal","damage_taken":7,"max_hp_gain":0,"max_hp_loss":0,"event_name":"Golden Wing","floor":2,"gold_loss":0},{"damage_healed":0,"gold_gain":0,"player_choice":"Ignored","damage_taken":0,"max_hp_gain":0,"max_hp_loss":0,"event_name":"Liars Game","floor":3,"gold_loss":0},{"damage_healed":0,"gold_gain":0,"player_choice":"Paid Gold","damage_taken":0,"relics_obtained":["Pantograph"],"max_hp_gain":0,"max_hp_loss":0,"event_name":"WeMeetAgain","floor":14,"gold_loss":74}],"is_beta":false,"boss_relics":[],"items_purged_floors":[],"is_endless":false,"potions_floor_spawned":[1,8,12],"killed_by":"Slime Boss","ascension_level":20}}