{"host":"ywt8u9kq80n9hc8s","time":1609044055,"event":{"mods":["AchievementEnabler","Alarm Clock","BaseMod","Better Altar","Better Match","Better Note","Better Sensory Stone","Better Skull","Better Third Choice","BetterRewards","Filter the Spire","Minty Spire (QoL Compilation)","Permanent Neow","Rare Cards Sparkle","StSLib"],"gold_per_floor":[109,128,138,149,76,111,111,111,111,143,143,171,205,235,235,335,335,347,359,30,42,42,69,69,103,103,138,138,164,164,196,196,298,298,317,151,162,174,219,253,282,311,385,412,441,456,482,496,496,496],"floor_reached":51,"playtime":5261,"items_purged":["Shrug It Off"],"score":1559,"play_id":"0f8645bd-cdb3-4b86-825d-76c15f695e74","local_time":"20201227064055","daily_mods":["Draft","Vintage","Diverse","Heirloom","Time Dilation","Flight","DeadlyEvents","Elite Swarm"],"is_ascension_mode":false,"campfire_choices":[{"data":"Echo Form","floor":7,"key":"SMITH"},{"data":"DevaForm","floor":8,"key":"SMITH"},{"data":"Wraith Form v2","floor":11,"key":"SMITH"},{"floor":15,"key":"REST"},{"data":"Demon Form","floor":24,"key":"SMITH"},{"data":"Devotion","floor":28,"key":"SMITH"},{"data":"Berserk","floor":30,"key":"SMITH"},{"data":"Prostrate","floor":32,"key":"SMITH"},{"floor":49,"key":"DIG"}],"circlet_count":0,"master_deck":["Demon Form+1","Wraith Form v2+1","Echo Form+1","DevaForm+1","Turbo","Shrug It Off","Coolheaded","Dagger Throw+1","All Out Attack+1","Ball Lightning","Flying Knee","White Noise","Prostrate+1","Thunderclap","Conserve Battery","Nirvana","Riddle With Holes","Outmaneuver","Storm","Berserk+1","Devotion+1","Die Die Die+1","Establishment","Meteor Strike+1","Vault","Hyperbeam+1","Barricade+1","Electrodynamics+1","Crescendo+1","Hologram+1","Machine Learning+1","After Image+1","Exhume+1"],"relics":["Snecko Eye","Torii","Darkstone Periapt","TeardropLocket","Oddly Smooth Stone","Dead Branch","Pantograph","HornCleat","Molten Egg 2","Peace Pipe","Gambling Chip","Potion Belt","Black Star","CaptainsWheel","Lantern","Frozen Egg 2","Tiny Chest","Eternal Feather","Meat on the Bone","The Courier","Lizard Tail","Boot","TungstenRod","Mummified Hand","Pocketwatch","Bottled Lightning","Bag of Marbles","Toy Ornithopter","Coffee Dripper","Toxic Egg 2","Vajra","Ancient Tea Set","Smiling Mask","Shovel","Orichalcum","Bottled Tornado","Art of War","Sundial","Mercury Hourglass","Whetstone","Bottled Flame","Damaru","Blue Candle","Mango","StoneCalendar","Anchor","CeramicFish","Centennial Puzzle","Letter Opener","Bronze Scales"],"acts_visited":["Exordium","TheCity","TheBeyond"],"potions_floor_usage":[27,27,27,33,33],"damage_taken":[{"damage":12,"enemies":"Jaw Worm","floor":1,"turns":4},{"damage":7,"enemies":"2 Louse","floor":2,"turns":2},{"damage":1,"enemies":"Small Slimes","floor":3,"turns":3},{"damage":0,"enemies":"Blue Slaver","floor":4,"turns":3},{"damage":18,"enemies":"3 Sentries","floor":6,"turns":5},{"damage":3,"enemies":"Lagavulin","floor":10,"turns":4},{"damage":0,"enemies":"3 Sentries","floor":12,"turns":4},{"damage":0,"enemies":"Lagavulin","floor":13,"turns":4},{"damage":13,"enemies":"3 Sentries","floor":14,"turns":3},{"damage":0,"enemies":"The Guardian","floor":16,"turns":5},{"damage":15,"enemies":"3 Byrds","floor":18,"turns":3},{"damage":2,"enemies":"Chosen","floor":19,"turns":3},{"damage":12,"enemies":"Centurion and Healer","floor":21,"turns":3},{"damage":1,"enemies":"Gremlin Leader","floor":23,"turns":2},{"damage":10,"enemies":"Slavers","floor":25,"turns":3},{"damage":0,"enemies":"Book of Stabbing","floor":27,"turns":1},{"damage":0,"enemies":"Gremlin Leader","floor":29,"turns":2},{"damage":26,"enemies":"Slavers","floor":31,"turns":3},{"damage":0,"enemies":"Collector","floor":33,"turns":3},{"damage":0,"enemies":"3 Darklings","floor":35,"turns":2},{"damage":0,"enemies":"3 Shapes","floor":37,"turns":1},{"damage":0,"enemies":"Maw","floor":38,"turns":1},{"damage":0,"enemies":"2 Orb Walkers","floor":39,"turns":1},{"damage":0,"enemies":"Reptomancer","floor":40,"turns":2},{"damage":0,"enemies":"Giant Head","floor":41,"turns":4},{"damage":0,"enemies":"Nemesis","floor":42,"turns":3},{"damage":0,"enemies":"Giant Head","floor":44,"turns":3},{"damage":0,"enemies":"Reptomancer","floor":45,"turns":2},{"damage":0,"enemies":"3 Darklings","floor":46,"turns":2},{"damage":0,"enemies":"Nemesis","floor":47,"turns":3},{"damage":0,"enemies":"Writhing Mass","floor":48,"turns":2},{"damage":0,"enemies":"Donu and Deca","floor":50,"turns":3}],"seed_played":"1864228831692081222","potions_obtained":[{"floor":1,"key":"Ambrosia"},{"floor":2,"key":"EssenceOfSteel"},{"floor":12,"key":"SteroidPotion"},{"floor":16,"key":"Weak Potion"},{"floor":19,"key":"Swift Potion"},{"floor":27,"key":"BottledMiracle"},{"floor":29,"key":"SpeedPotion"},{"floor":33,"key":"Regen Potion"},{"floor":38,"key":"Weak Potion"},{"floor":41,"key":"AttackPotion"},{"floor":42,"key":"DistilledChaos"},{"floor":44,"key":"BottledMiracle"},{"floor":47,"key":"Regen Potion"}],"is_trial":true,"path_per_floor":["M","M","M","M","$","E","R","R","T","E","R","E","E","E","R","B",null,"M","M","$","M","?","E","R","E","T","E","R","E","R","E","R","B",null,"M","$","M","M","?","E","E","E","T","E","E","M","E","M","R","B",null],"character_chosen":"WATCHER","items_purchased":["Storm","Frozen Egg 2","Crescendo+1","Vajra"],"campfire_rested":1,"item_purchase_floors":[5,20,36,36],"current_hp_per_floor":[60,53,52,52,52,34,34,34,34,31,31,31,31,18,39,64,72,57,55,55,43,43,42,57,47,47,47,62,62,72,46,61,72,72,72,72,72,72,72,72,72,72,72,72,86,86,86,86,86,86],"gold":496,"neow_bonus":"","is_daily":false,"chose_seed":false,"campfire_upgraded":7,"win_rate":0.0,"timestamp":1609044055,"path_taken":["M","M","M","M","$","E","R","R","T","E","R","E","E","E","R","BOSS","M","M","$","M","?","E","R","E","T","E","R","E","R","E","R","BOSS","M","$","M","M","?","E","E","E","T","E","E","M","E","M","R","BOSS"],"items_purchased_type":["Card","Relic","Card","Relic"],"build_version":"2020-12-22","purchased_purges":1,"victory":true,"max_hp_per_floor":[72,72,72,72,72,72,72,72,72,72,72,72,72,72,72,72,72,72,72,72,72,72,72,72,72,72,72,72,72,72,72,72,72,72,72,72,72,72,72,72,72,72,72,72,86,86,86,86,86,86],"card_choices":[{"not_picked":["Reflex","Redo"],"picked":"Turbo","floor":0},{"not_picked":["EmptyMind","Consecrate"],"picked":"Shrug It Off","floor":0},{"not_picked":["Protect","Poisoned Stab"],"picked":"Shrug It Off","floor":0},{"not_picked":["Ball Lightning","Stack"],"picked":"Coolheaded","floor":0},{"not_picked":["Rip and Tear","Thunderclap"],"picked":"Dagger Throw","floor":0},{"not_picked":["Skim","Dodge and Roll"],"picked":"All Out Attack","floor":0},{"not_picked":["True Grit","ClearTheMind"],"picked":"Ball Lightning","floor":0},{"not_picked":["Thunderclap","Go for the Eyes"],"picked":"Flying Knee","floor":0},{"not_picked":["Underhanded Strike","Capacitor"],"picked":"White Noise","floor":0},{"not_picked":["Deflect","Prepared"],"picked":"Prostrate","floor":0},{"not_picked":["Fasting2","Leap"],"picked":"Thunderclap","floor":0},{"not_picked":["Streamline","Fusion"],"picked":"Conserve Battery","floor":0},{"not_picked":["Crescendo","Turbo"],"picked":"Nirvana","floor":0},{"not_picked":["Clothesline","Fasting2"],"picked":"Riddle With Holes","floor":0},{"not_picked":["Slice","All Out Attack"],"picked":"Outmaneuver","floor":0},{"not_picked":["Phantasmal Killer","Impervious","Biased Cognition"],"picked":"SKIP","floor":6},{"not_picked":["Adrenaline","Glass Knife+1"],"picked":"Berserk","floor":10},{"not_picked":["Unload+1","After Image"],"picked":"Devotion","floor":12},{"not_picked":["Buffer","All For One+1"],"picked":"Die Die Die+1","floor":13},{"not_picked":["Phantasmal Killer","Thunder Strike+1"],"picked":"Establishment","floor":14},{"not_picked":["After Image","Multi-Cast"],"picked":"Meteor Strike+1","floor":16},{"not_picked":["Reboot","Adrenaline"],"picked":"Vault","floor":23},{"not_picked":["Adrenaline","Biased Cognition+1"],"picked":"Hyperbeam+1","floor":25},{"not_picked":["Night Terror","Devotion+1"],"picked":"Barricade+1","floor":27},{"not_picked":["Storm of Steel","Die Die Die+1","Hyperbeam+1"],"picked":"SKIP","floor":29},{"not_picked":["Grand Finale+1","Malaise"],"picked":"Electrodynamics+1","floor":31},{"not_picked":["Nirvana+1","Conclude+1"],"picked":"Hologram+1","floor":39},{"not_picked":["Storm of Steel+1","Wraith Form v2+1"],"picked":"Machine Learning+1","floor":40},{"not_picked":["Establishment+1","Burst+1"],"picked":"After Image+1","floor":41},{"not_picked":["Fiend Fire+1","Offering+1","Thunder Strike+1"],"picked":"SKIP","floor":42},{"not_picked":["Machine Learning+1","Immolate+1"],"picked":"Exhume+1","floor":44},{"not_picked":["Adrenaline+1","Brilliance+1","Core Surge+1"],"picked":"SKIP","floor":45},{"not_picked":["Immolate+1","Machine Learning+1","LessonLearned+1"],"picked":"SKIP","floor":47}],"player_experience":99840,"relics_obtained":[{"floor":1,"key":"Darkstone Periapt"},{"floor":2,"key":"TeardropLocket"},{"floor":3,"key":"Oddly Smooth Stone"},{"floor":4,"key":"Dead Branch"},{"floor":6,"key":"Pantograph"},{"floor":9,"key":"HornCleat"},{"floor":10,"key":"Molten Egg 2"},{"floor":12,"key":"Peace Pipe"},{"floor":13,"key":"Gambling Chip"},{"floor":14,"key":"Potion Belt"},{"floor":18,"key":"CaptainsWheel"},{"floor":19,"key":"Lantern"},{"floor":21,"key":"Tiny Chest"},{"floor":23,"key":"Eternal Feather"},{"floor":23,"key":"Meat on the Bone"},{"floor":25,"key":"The Courier"},{"floor":25,"key":"Lizard Tail"},{"floor":26,"key":"Boot"},{"floor":27,"key":"TungstenRod"},{"floor":27,"key":"Mummified Hand"},{"floor":29,"key":"Pocketwatch"},{"floor":29,"key":"Bottled Lightning"},{"floor":31,"key":"Bag of Marbles"},{"floor":31,"key":"Toy Ornithopter"},{"floor":35,"key":"Toxic Egg 2"},{"floor":37,"key":"Ancient Tea Set"},{"floor":38,"key":"Smiling Mask"},{"floor":39,"key":"Shovel"},{"floor":40,"key":"Orichalcum"},{"floor":40,"key":"Bottled Tornado"},{"floor":41,"key":"Art of War"},{"floor":41,"key":"Sundial"},{"floor":42,"key":"Mercury Hourglass"},{"floor":42,"key":"Whetstone"},{"floor":43,"key":"Bottled Flame"},{"floor":44,"key":"Damaru"},{"floor":44,"key":"Blue Candle"},{"floor":45,"key":"Mango"},{"floor":45,"key":"StoneCalendar"},{"floor":46,"key":"Anchor"},{"floor":47,"key":"CeramicFish"},{"floor":47,"key":"Centennial Puzzle"},{"floor":48,"key":"Letter Opener"},{"floor":49,"key":"Bronze Scales"}],"event_choices":[{"damage_healed":0,"gold_gain":0,"player_choice":"Ignored","damage_taken":0,"max_hp_gain":0,"max_hp_loss":0,"event_name":"betterNote:BetterNote","floor":22,"gold_loss":0,"cards_obtained":["DevaForm"]},{"damage_healed":0,"gold_gain":0,"player_choice":"Fight","damage_taken":0,"max_hp_gain":0,"max_hp_loss":0,"event_name":"Mysterious Sphere","floor":39,"gold_loss":0}],"is_beta":false,"boss_relics":[{"not_picked":["Busted Crown","Cursed Key"],"picked":"Black Star"},{"not_picked":["Runic Pyramid","Runic Dome"],"picked":"Coffee Dripper"}],"items_purged_floors":[20],"is_endless":false,"potions_floor_spawned":[1,2,12,16,19,27,29,33,38,41,42,44,45,47],"ascension_level":0}}