{"host":"l15sdf2mmi0nobpi","time":1609040224,"event":{"mods":["ATMod(阿瑾Mod)","BaseMod","Highlight Path","Minty Spire (QoL Compilation)","Quick Restart","StSLib","【功能Mod】Neow奖励","残留之物"],"gold_per_floor":[116,291,62,80,132,132,163,180,180,200,211,246,204,230,230,335,335,400,400,250,349,349,349,508,548,548,601,637,796,796,862,862,1040,1040,1084,1084,1172,1172,1259,1259,1259],"floor_reached":40,"playtime":2105,"items_purged":["Doubt","Shame"],"score":563,"play_id":"e45c2713-59e8-4661-a1e9-0a5f9ac373de","local_time":"20201227113704","is_ascension_mode":true,"campfire_choices":[{"data":"AT_FamilyPortrait","floor":6.0,"key":"SMITH"},{"floor":15.0,"key":"REST"},{"data":"PlaceholderMod:CrystallizationStrike","floor":23.0,"key":"SMITH"},{"data":"Reboot","floor":30.0,"key":"SMITH"},{"floor":32.0,"key":"REST"}],"circlet_count":0,"master_deck":["PlaceholderMod:BaseStrike","PlaceholderMod:BaseStrike","PlaceholderMod:BaseStrike+1","PlaceholderMod:BaseStrike","PlaceholderMod:BaseStrike","PlaceholderMod:BaseDefend+1","PlaceholderMod:BaseDefend","PlaceholderMod:BaseDefend","PlaceholderMod:BaseDefend","PlaceholderMod:BaseDefend","PlaceholderMod:Crystal","PlaceholderMod:PoisonWhip","AT_FamilyPortrait+1","Master of Strategy","PlaceholderMod:ChainPoly+1","Skim","BattleHymn","Reboot+1","CurseOfTheBell","PlaceholderMod:CrystallizationStrike+1","Prepared+1","Chill+1","Vault+1","WheelKick","Backflip+1"],"relics":["PlaceholderMod:Tancle","AT_ATBox","PrismaticShard","AT_BellDemon","StrikeDummy","Potion Belt","War Paint","Calling Bell","AT_MibuBalloonWealth","Gremlin Horn","Turnip","Thread and Needle","AT_BladeRuinedKing","Gambling Chip","Toxic Egg 2","Mummified Hand","PlaceholderMod:LiveLive"],"acts_visited":["Exordium","TheCity","TheBeyond"],"potions_floor_usage":[],"damage_taken":[{"damage":2.0,"enemies":"Small Slimes","floor":1.0,"turns":5.0},{"damage":1.0,"enemies":"Jaw Worm","floor":4.0,"turns":3.0},{"damage":26.0,"enemies":"3 Sentries","floor":7.0,"turns":11.0},{"damage":2.0,"enemies":"2 Louse","floor":8.0,"turns":2.0},{"damage":0.0,"enemies":"2 Fungi Beasts","floor":10.0,"turns":3.0},{"damage":15.0,"enemies":"Large Slime","floor":11.0,"turns":7.0},{"damage":12.0,"enemies":"Gremlin Nob","floor":12.0,"turns":3.0},{"damage":8.0,"enemies":"Lagavulin","floor":14.0,"turns":7.0},{"damage":27.0,"enemies":"The Guardian","floor":16.0,"turns":11.0},{"damage":27.0,"enemies":"2 Thieves","floor":18.0,"turns":5.0},{"damage":0.0,"enemies":"Gremlin Leader","floor":24.0,"turns":5.0},{"damage":0.0,"enemies":"Spheric Guardian","floor":25.0,"turns":3.0},{"damage":15.0,"enemies":"Book of Stabbing","floor":27.0,"turns":7.0},{"damage":2.0,"enemies":"Snecko","floor":28.0,"turns":4.0},{"damage":12.0,"enemies":"Gremlin Leader","floor":29.0,"turns":6.0},{"damage":0.0,"enemies":"Centurion and Healer","floor":31.0,"turns":6.0},{"damage":13.0,"enemies":"Collector","floor":33.0,"turns":10.0},{"damage":0.0,"enemies":"Orb Walker","floor":35.0,"turns":3.0},{"damage":0.0,"enemies":"3 Shapes","floor":37.0,"turns":3.0},{"damage":3.0,"enemies":"Jaw Worm Horde","floor":39.0,"turns":5.0},{"damage":0,"enemies":"Giant Head","floor":40,"turns":1}],"seed_played":"3047855257893510660","potions_obtained":[{"floor":8.0,"key":"LiquidBronze"},{"floor":10.0,"key":"EssenceOfSteel"},{"floor":11.0,"key":"Strength Potion"},{"floor":16.0,"key":"PlaceholderMod:PlaceholderPotion"},{"floor":24.0,"key":"PlaceholderMod:PlaceholderPotion"},{"floor":28.0,"key":"FearPotion"},{"floor":31.0,"key":"SteroidPotion"},{"floor":36.0,"key":"FairyPotion"},{"floor":36.0,"key":"CultistPotion"}],"is_trial":false,"path_per_floor":["M","?","$","M","T","R","E","M","T","M","M","E","?","E","R","B",null,"M","?","$","?","?","R","E","M","T","E","M","E","R","M","R","B",null,"M","?","M","?","M","E"],"character_chosen":"THE_PLACEHOLDER","items_purchased":["PrismaticShard","PowerPotion"],"campfire_rested":2,"item_purchase_floors":[3,20],"current_hp_per_floor":[76,76,76,75,75,75,49,47,47,47,32,20,20,12,35,8,78,51,51,51,51,51,51,54,54,54,39,37,25,25,25,49,36,81,81,81,81,77,74,74,74],"gold":1259,"neow_bonus":"RANDOM_COLORLESS_2","is_daily":false,"chose_seed":false,"campfire_upgraded":3,"win_rate":0.0,"timestamp":1609040224,"path_taken":["M","?","$","M","?","R","E","M","T","M","M","E","?","E","R","BOSS","M","?","$","?","?","R","E","M","T","E","M","E","R","M","R","BOSS","M","?","?","?","M","E"],"items_purchased_type":["Relic","Potion"],"build_version":"2020-12-22","purchased_purges":2,"victory":false,"max_hp_per_floor":[78,78,78,78,78,78,78,78,78,78,78,78,78,78,78,78,78,78,78,78,78,78,78,81,81,81,81,81,81,81,81,81,81,81,81,81,81,77,77,77,77],"card_choices":[{"not_picked":["The Bomb","Transmutation"],"picked":"Master of Strategy","floor":0.0},{"not_picked":["PlaceholderMod:Stratification","PlaceholderMod:HornyBlast"],"picked":"PlaceholderMod:ChainPoly","floor":1.0},{"not_picked":["AT_DarkMatter","PlaceholderMod:OHStrongAttack","DeceiveReality"],"picked":"SKIP","floor":4.0},{"not_picked":["Perfected Strike","PlaceholderMod:MultipleOxi","Finisher"],"picked":"SKIP","floor":7.0},{"not_picked":["FlurryOfBlows","AT_EMC2"],"picked":"Skim","floor":8.0},{"not_picked":["Trip","Go for the Eyes"],"picked":"BattleHymn","floor":10.0},{"not_picked":["Halt","PlaceholderMod:HornyBlast","Hello World"],"picked":"SKIP","floor":11.0},{"not_picked":["Violence","AT_CaressingTears","PlaceholderMod:RadicalHit"],"picked":"SKIP","floor":12.0},{"not_picked":["Perfected Strike","Flex","Sucker Punch"],"picked":"SKIP","floor":14.0},{"not_picked":["Mayhem","All For One"],"picked":"Reboot","floor":16.0},{"not_picked":["Predator","Dropkick+1"],"picked":"PlaceholderMod:CrystallizationStrike","floor":18.0},{"not_picked":["PlaceholderMod:Colorful+1","AT_KingSlayer","PlaceholderMod:Polyp+1"],"picked":"SKIP","floor":24.0},{"not_picked":["Dash","EmptyFist+1","Flex+1"],"picked":"SKIP","floor":25.0},{"not_picked":["Bludgeon","ClearTheMind+1","Sucker Punch+1"],"picked":"SKIP","floor":27.0},{"not_picked":["PlaceholderMod:TriggerStrike","Beam Cell","PlaceholderMod:AttackAsDefend"],"picked":"SKIP","floor":28.0},{"not_picked":["Mind Blast+1","Bane"],"picked":"Prepared+1","floor":29.0},{"not_picked":["PlaceholderMod:ConsolidateHit","PlaceholderMod:SpinBlade"],"picked":"Chill+1","floor":31.0},{"not_picked":["Machine Learning","AT_IrregularMenstruation+1"],"picked":"Vault+1","floor":33.0},{"not_picked":["PlaceholderMod:AttackAsDefend+1","Leap+1","Finisher+1"],"picked":"SKIP","floor":35.0},{"not_picked":["PlaceholderMod:Sweep","PlaceholderMod:SubstitutionNucleophilic1"],"picked":"WheelKick","floor":37.0},{"not_picked":["Reckless Charge+1","Crescendo+1"],"picked":"Backflip+1","floor":39.0}],"player_experience":439596,"relics_obtained":[{"floor":5.0,"key":"AT_BellDemon"},{"floor":7.0,"key":"StrikeDummy"},{"floor":12.0,"key":"Potion Belt"},{"floor":14.0,"key":"War Paint"},{"floor":17.0,"key":"AT_MibuBalloonWealth"},{"floor":17.0,"key":"Gremlin Horn"},{"floor":17.0,"key":"Turnip"},{"floor":24.0,"key":"AT_BladeRuinedKing"},{"floor":26.0,"key":"Gambling Chip"},{"floor":27.0,"key":"Toxic Egg 2"},{"floor":29.0,"key":"Mummified Hand"}],"event_choices":[{"damage_healed":0.0,"max_hp_gain":0.0,"max_hp_loss":0.0,"gold_gain":175.0,"event_name":"Liars Game","player_choice":"AGREE","floor":2.0,"gold_loss":0.0,"damage_taken":0.0,"cards_obtained":["Doubt"]},{"damage_healed":0.0,"max_hp_gain":0.0,"max_hp_loss":0.0,"gold_gain":0.0,"event_name":"World of Goop","player_choice":"Left Gold","floor":13.0,"gold_loss":42.0,"damage_taken":0.0},{"damage_healed":0.0,"max_hp_gain":0.0,"max_hp_loss":0.0,"gold_gain":0.0,"event_name":"Ghosts","player_choice":"Ignored","floor":19.0,"gold_loss":0.0,"damage_taken":0.0},{"damage_healed":0.0,"max_hp_gain":0.0,"max_hp_loss":0.0,"gold_gain":99.0,"event_name":"Nest","player_choice":"Stole From Cult","floor":21.0,"gold_loss":0.0,"damage_taken":0.0},{"damage_healed":0.0,"max_hp_gain":0.0,"max_hp_loss":0.0,"gold_gain":0.0,"event_name":"The Mausoleum","player_choice":"Opened","floor":22.0,"gold_loss":0.0,"damage_taken":0.0,"relics_obtained":["Thread and Needle"]},{"damage_healed":0.0,"max_hp_gain":0.0,"max_hp_loss":0.0,"gold_gain":0.0,"event_name":"Lab","player_choice":"Got Potions","floor":36.0,"gold_loss":0.0,"damage_taken":0.0},{"damage_healed":0.0,"max_hp_gain":0.0,"max_hp_loss":4.0,"gold_gain":0.0,"event_name":"Winding Halls","player_choice":"Max HP","floor":38.0,"gold_loss":0.0,"damage_taken":0.0}],"is_beta":false,"boss_relics":[{"not_picked":["Tiny House","Coffee Dripper"],"picked":"Calling Bell"},{"not_picked":["Empty Cage","Runic Dome"],"picked":"PlaceholderMod:LiveLive"}],"items_purged_floors":[3,20],"is_endless":false,"potions_floor_spawned":[8,10,11,16,24,28,31],"killed_by":"Giant Head","ascension_level":2}}