{"host":"yd9r7zy2pq4z3cad","time":1609088505,"event":{"mods":["AchievementEnabler","Act Like it!","Astrologer","BaseMod","Beaked The Cultist","Better Third Choice","BetterRewards","Colored Map","Colored Powertips","Conspire","Curses Come First","Displayed Cursed Tome","Downfall","Elementarium","GifTheSpireLib","Halation","Hallownest","Hermit","Highlight Path","Hubris","Infinite Spire","Jorbs\u0027s Wanderer Trilogy","Menagerie","Minty Spire (QoL Compilation)","Pale of the Ancients","Permanent Neow","Rare Cards Sparkle","Relic Sorter","Relic Stats","Replay The Spire","Shade Mod","StSLib","Stuff the Spire","The Alterego","The Blackbeard","The Bladedancer","The Bug Knight","The Cursed","The Dragon Tamer","The Exalted","The Factory","The Forsaken","The Gatherer","The Hierophant","The Jungle","The Mystic","The Necromancer","The Problem Sleuth","The Runesmith","The Servant 0.9.4","The Spell Scribe","vexMod"],"gold_per_floor":[111,121,46,145,165,193,204,219,246,346,346,346,346,386,386,386,386,485,485,499,515,355,370,387,418,429,429,429],"floor_reached":27,"playtime":2857,"items_purged":["HollowMod:NailStrikeStart","HollowMod:QuickDashStart"],"score":335,"play_id":"b159ac60-d88b-4052-b4af-b2f648a75358","local_time":"20201227220145","is_ascension_mode":false,"campfire_choices":[{"floor":15,"key":"REST"},{"data":"HollowMod:FocusHealStart","floor":17,"key":"SMITH"}],"circlet_count":0,"master_deck":["HollowMod:NailStrikeStart","HollowMod:NailStrikeStart","HollowMod:NailStrikeStart","HollowMod:QuickDashStart","HollowMod:QuickDashStart","HollowMod:QuickDashStart","HollowMod:FocusHealStart+1","HollowMod:PogoStrike","HollowMod:SoulShaman","HollowMod:DoubleDash","Hallownest:skillGreenpathMap","HollowMod:MantisMark","HollowMod:GoodIntentions","HollowMod:DesolateDive","HollowMod:QuirrelsAssistance","HollowMod:SlysStrikes","HollowMod:VengefulSpirit","HollowMod:HuntersJournal+1","HollowMod:MantisMark","HollowMod:MantisMark+1"],"relics":["HollowMod:VesselMask","Juzu Bracelet","TheAbacus","Toy Ornithopter","Omamori","infinitespire:Satchel","Hallownest:DreamNailRelic","Bromod:ArcaneNullifier","hubris:Towel","conspire:SpecialSausage","Replay:Wax Seal"],"acts_visited":["Hallownest:Greenpath","theJungle:Jungle"],"potions_floor_usage":[2,18,20],"damage_taken":[{"damage":2,"enemies":"Hallownest:monsterHuskGuard","floor":1,"turns":5},{"damage":0,"enemies":"Hallownest:monsterHuskWarrior","floor":2,"turns":4},{"damage":0,"enemies":"2_ Uuma","floor":5,"turns":4},{"damage":13,"enemies":"Hallownest:eliteVengeflyKing","floor":6,"turns":14},{"damage":0,"enemies":"Hallownest:MossCreep_and_Mosskin","floor":7,"turns":6},{"damage":0,"enemies":"Hallownest:monsterAspidMother","floor":8,"turns":5},{"damage":20,"enemies":"conspire:MimicChest","floor":14,"turns":12},{"damage":28,"enemies":"Hallownest:BossHornet","floor":18,"turns":20},{"damage":11,"enemies":"theJungle:Flameango_and_Byrd","floor":20,"turns":6},{"damage":17,"enemies":"theJungle:5_Spyders","floor":21,"turns":8},{"damage":26,"enemies":"theJungle:2_Snecko_Cultists","floor":23,"turns":5},{"damage":18,"enemies":"theJungle:SlimyTreeVines","floor":24,"turns":7},{"damage":51,"enemies":"theJungle:Cassacara","floor":25,"turns":7},{"damage":5,"enemies":"theJungle:JungleHuntersEncounter","floor":26,"turns":7},{"damage":16,"enemies":"theJungle:Lyon","floor":27,"turns":2}],"seed_played":"-8654577581356065210","potions_obtained":[{"floor":1,"key":"Swift Potion"},{"floor":6,"key":"LiquidMemories"},{"floor":18,"key":"sneckomod:MuddlingPotion"},{"floor":20,"key":"SteroidPotion"},{"floor":24,"key":"Strength Potion"}],"is_trial":false,"path_per_floor":["M","M","?","?","M","E","M","M","T","?","?","PTL","PTL","?","R","?","R","B",null,"M","M","$","M","M","E","M","M"],"character_chosen":"THE_BUGKNIGHT","items_purchased":["Juzu Bracelet","TheAbacus","Toy Ornithopter","HollowMod:HuntersJournal+1"],"campfire_rested":1,"item_purchase_floors":[0,0,0,22],"current_hp_per_floor":[64,69,69,69,75,62,68,68,68,68,68,68,68,58,75,75,75,64,75,72,67,67,51,49,8,13,0,0],"gold":429,"neow_bonus":"","is_daily":false,"chose_seed":false,"campfire_upgraded":1,"win_rate":0.0,"timestamp":1609088505,"path_taken":["M","M","?","?","M","E","M","M","T","?","?","PTL","PTL","?","R","?","R","BOSS","M","M","$","M","M","E","M","M"],"items_purchased_type":["Relic","Relic","Relic","Card"],"build_version":"2020-12-22","purchased_purges":2,"victory":false,"max_hp_per_floor":[75,75,75,75,75,75,75,75,75,75,75,75,75,75,75,75,75,75,75,75,75,75,75,75,75,75,75,75],"relic_stats":{"TheAbacus":[300],"counters":[55,335],"Juzu Bracelet":2,"obtain_stats":[{"hubris:Metronome":2,"theForsaken:ScaryMask":24,"Bromod:ArcaneNullifier":14,"hubris:VirtuousBlindfold":17,"HollowMod:VesselMask":0,"StoneCalendar":26,"conspire:SpecialSausage":19,"Hallownest:DreamNailRelic":3,"hubris:SlimyHat":27,"Juzu Bracelet":0,"PrismaticShard":12,"Empty Cage":34,"Old Coin":20,"Nunchaku":11,"Shovel":19,"hubris:Icosahedron":5,"TheAbacus":0,"Replay:Bronze Core":17,"halation:SimulatedSpire":0,"hubris:ScarierMask":20,"theJungle:WildMango":21,"infinitespire:Eraser":41,"Replay:Wax Seal":25,"Hallownest:TeacherSealRelic":10,"BargainBundle":41,"hubris:SphereOfDissonance":24,"Pen Nib":41,"PreservedInsect":43,"Omamori":6,"halation:Thesaurus":20,"Orichalcum":25,"hubris:Towel":16,"Mercury Hourglass":2,"vexMod:Dragonfruit":9,"hubris:Zylophone":0,"vexMod:BarristanHead":9,"Bird Faced Urn":6,"infinitespire:Satchel":9,"Snack Pack":26,"Toy Ornithopter":13},{"hubris:Metronome":12,"theForsaken:ScaryMask":28,"Bromod:ArcaneNullifier":47,"hubris:VirtuousBlindfold":23,"HollowMod:VesselMask":0,"StoneCalendar":10,"conspire:SpecialSausage":48,"Hallownest:DreamNailRelic":15,"hubris:SlimyHat":30,"Juzu Bracelet":40,"PrismaticShard":5,"Empty Cage":33,"Old Coin":25,"Nunchaku":19,"Shovel":8,"hubris:Icosahedron":13,"TheAbacus":40,"Replay:Bronze Core":7,"halation:SimulatedSpire":11,"hubris:ScarierMask":25,"theJungle:WildMango":9,"infinitespire:Eraser":37,"Replay:Wax Seal":53,"Hallownest:TeacherSealRelic":18,"BargainBundle":37,"hubris:SphereOfDissonance":9,"Pen Nib":37,"PreservedInsect":38,"Omamori":44,"halation:Thesaurus":25,"Orichalcum":10,"hubris:Towel":47,"Mercury Hourglass":12,"vexMod:Dragonfruit":4,"hubris:Zylophone":14,"vexMod:BarristanHead":18,"Bird Faced Urn":3,"infinitespire:Satchel":46,"Snack Pack":29,"Toy Ornithopter":5},{"hubris:Metronome":63,"theForsaken:ScaryMask":171,"Bromod:ArcaneNullifier":273,"hubris:VirtuousBlindfold":148,"HollowMod:VesselMask":0,"StoneCalendar":54,"conspire:SpecialSausage":293,"Hallownest:DreamNailRelic":75,"hubris:SlimyHat":178,"Juzu Bracelet":223,"PrismaticShard":16,"Empty Cage":189,"Old Coin":160,"Nunchaku":102,"Shovel":41,"hubris:Icosahedron":67,"TheAbacus":223,"Replay:Bronze Core":28,"halation:SimulatedSpire":58,"hubris:ScarierMask":160,"theJungle:WildMango":46,"infinitespire:Eraser":205,"Replay:Wax Seal":326,"Hallownest:TeacherSealRelic":93,"BargainBundle":205,"hubris:SphereOfDissonance":46,"Pen Nib":205,"PreservedInsect":211,"Omamori":250,"halation:Thesaurus":160,"Orichalcum":54,"hubris:Towel":273,"Mercury Hourglass":63,"vexMod:Dragonfruit":15,"hubris:Zylophone":70,"vexMod:BarristanHead":93,"Bird Faced Urn":12,"infinitespire:Satchel":261,"Snack Pack":172,"Toy Ornithopter":16}],"Toy Ornithopter":12},"card_choices":[{"not_picked":["HollowMod:VengefulVoid","HollowMod:NewLittleFool"],"picked":"HollowMod:SoulShaman","floor":1},{"not_picked":["HollowMod:GreatSlash","HollowMod:MothsMistake"],"picked":"HollowMod:DoubleDash","floor":2},{"not_picked":["HollowMod:ShadowDash","HollowMod:RecoilStrike"],"picked":"HollowMod:MantisMark","floor":4},{"not_picked":["HollowMod:HowlingWraiths","HollowMod:ShadowDash"],"picked":"HollowMod:GoodIntentions","floor":5},{"not_picked":["HollowMod:DoubleDash","HollowMod:InfectedAttack"],"picked":"HollowMod:DesolateDive","floor":6},{"not_picked":["HollowMod:NewJinnsSoul","HollowMod:CoiledNail"],"picked":"HollowMod:QuirrelsAssistance","floor":7},{"not_picked":["HollowMod:BlackTendrils","HollowMod:ShapeofUnn","HollowMod:NewJinnsSoul"],"picked":"SKIP","floor":8},{"not_picked":["HollowMod:PureVessel","HollowMod:LordofShades"],"picked":"HollowMod:SlysStrikes","floor":18},{"not_picked":["HollowMod:SharpenedShadows+1","HollowMod:SoulEater","HollowMod:InfectedCysts"],"picked":"SKIP","floor":20},{"not_picked":["HollowMod:CoiledNail","HollowMod:TaintedHusks"],"picked":"HollowMod:VengefulSpirit","floor":21},{"not_picked":["HollowMod:Grubsong","HollowMod:CornifersMapStart+1"],"picked":"HollowMod:MantisMark","floor":23},{"not_picked":["HollowMod:ShadowDash","HollowMod:NewGlowingWomb","HollowMod:GoodIntentions"],"picked":"SKIP","floor":24},{"not_picked":["HollowMod:SiblingsSouls","HollowMod:MothsMistake","HollowMod:WraithStrike"],"picked":"SKIP","floor":25},{"not_picked":["HollowMod:VengefulVoid","HollowMod:GreatSlash"],"picked":"HollowMod:MantisMark+1","floor":26}],"player_experience":186706,"relics_obtained":[{"floor":6,"key":"Omamori"},{"floor":9,"key":"infinitespire:Satchel"},{"floor":14,"key":"Bromod:ArcaneNullifier"},{"floor":25,"key":"Replay:Wax Seal"}],"event_choices":[],"is_beta":false,"boss_relics":[{"not_picked":["Coffee Dripper","infinitespire:Cupcake"],"picked":"conspire:SpecialSausage"}],"items_purged_floors":[0,22],"is_endless":false,"potions_floor_spawned":[1,6,18,20,24],"killed_by":"theJungle:Lyon","ascension_level":0}}