{"host":"kag8mfq4or8nkqb2","time":1609097321,"event":{"mods":["2.2 Compatiblity","BaseMod","Downfall","Minty Spire (QoL Compilation)","StSLib"],"gold_per_floor":[99,118,138,150,169,169,169,169,197,268,305,417,441,453,478,586,598,610,640,652,675,687,53,102,116,116,147,159,185,35,54,69,168,168,93,93,78,92,164,87,134,144,157,186,186,212,212,212,235,235,235,235,235,235],"floor_reached":52,"playtime":3501,"items_purged":["Slimebound:Strike_Slimebound","Parasite"],"score":1192,"play_id":"3afba269-a065-4ce0-945f-6a824ff43a55","local_time":"20201227192841","is_ascension_mode":true,"campfire_choices":[{"data":"Slimebound:CorrosiveSpit","floor":1,"key":"SMITH"},{"data":"Slimebound:RainOfGoop","floor":6,"key":"SMITH"},{"data":"Slimebound:SamplingLick","floor":8,"key":"SMITH"},{"floor":18,"key":"RECALL"},{"data":"Slimebound:SamplingLick","floor":30,"key":"SMITH"},{"data":"Slimebound:OozeBath","floor":35,"key":"SMITH"},{"floor":47,"key":"REST"}],"circlet_count":0,"master_deck":["AscendersBane","Slimebound:Strike_Slimebound","Slimebound:Strike_Slimebound","Slimebound:Defend_Slimebound","Slimebound:Defend_Slimebound","Slimebound:Defend_Slimebound","Slimebound:Defend_Slimebound","Slimebound:CorrosiveSpit+1","Slimebound:ViciousTackle","Slimebound:SamplingLick+1","Slimebound:Schlurp","Slimebound:RainOfGoop+1","Slimebound:AcidTongue","Slimebound:FinishingTackle","Slimebound:GoopSpray","Slimebound:LeechingTouch","Slimebound:LeechLife","Slimebound:SamplingLick+1","Slimebound:RollThrough+1","Slimebound:OozeBath+1","Slimebound:RainOfGoop+1","Clumsy","Slimebound:LeechingTouch+1"],"relics":["Slimebound:AbsorbEndCombat","Guardian:PocketSentry","MawBank","Orichalcum","Akabeko","Cursed Key","CaptainsWheel","Gremlin Horn","White Beast Statue","Incense Burner","Dream Catcher","downfall:HeartBlessingRed","downfall:HeartBlessingGreen","Empty Cage","downfall:HeartBlessingBlue","Pear","Slimebound:SlimedSkullRelic","CeramicFish","Juzu Bracelet","Darkstone Periapt"],"acts_visited":["Exordium","TheCity","TheBeyond","TheEnding"],"potions_floor_usage":[11,16,16,33,33,46],"damage_taken":[{"damage":9,"enemies":"2 Louse","floor":2,"turns":3},{"damage":11,"enemies":"Jaw Worm","floor":3,"turns":3},{"damage":11,"enemies":"Small Slimes","floor":4,"turns":3},{"damage":12,"enemies":"Exordium Wildlife","floor":5,"turns":4},{"damage":19,"enemies":"3 Sentries","floor":9,"turns":5},{"damage":29,"enemies":"Lagavulin Event","floor":10,"turns":4},{"damage":9,"enemies":"Gremlin Nob","floor":11,"turns":3},{"damage":3,"enemies":"Large Slime","floor":13,"turns":2},{"damage":12,"enemies":"Blue Slaver","floor":15,"turns":2},{"damage":28,"enemies":"downfall:Silent","floor":16,"turns":6},{"damage":11,"enemies":"Chosen","floor":19,"turns":3},{"damage":28,"enemies":"Snecko","floor":21,"turns":4},{"damage":8,"enemies":"downfall:FleeingMerchant","floor":23,"turns":4},{"damage":18,"enemies":"Centurion and Healer","floor":25,"turns":4},{"damage":24,"enemies":"Gremlin Leader","floor":27,"turns":5},{"damage":26,"enemies":"Sentry and Sphere","floor":28,"turns":5},{"damage":14,"enemies":"Book of Stabbing","floor":29,"turns":4},{"damage":8,"enemies":"Snake Plant","floor":31,"turns":2},{"damage":35,"enemies":"Snecko","floor":32,"turns":7},{"damage":26,"enemies":"downfall:Defect","floor":33,"turns":8},{"damage":30,"enemies":"downfall:Defect","floor":36,"turns":4},{"damage":17,"enemies":"downfall:FleeingMerchant","floor":37,"turns":4},{"damage":4,"enemies":"Orb Walker","floor":38,"turns":2},{"damage":0,"enemies":"downfall:FleeingMerchant","floor":40,"turns":1},{"damage":0,"enemies":"3 Shapes","floor":42,"turns":2},{"damage":14,"enemies":"Spire Growth","floor":43,"turns":4},{"damage":128,"enemies":"Giant Head","floor":44,"turns":11},{"damage":77,"enemies":"Nemesis","floor":46,"turns":11},{"damage":18,"enemies":"Maw","floor":49,"turns":7},{"damage":84,"enemies":"downfall:Ironclad","floor":50,"turns":18},{"damage":113,"enemies":"downfall:CharBossMerchant","floor":52,"turns":7}],"seed_played":"-2521446691559165564","potions_obtained":[{"floor":3,"key":"Fire Potion"},{"floor":4,"key":"hexamod:EctoCoolerPotion"},{"floor":11,"key":"BlessingOfTheForge"},{"floor":13,"key":"LiquidMemories"},{"floor":20,"key":"CultistPotion"},{"floor":21,"key":"Weak Potion"},{"floor":27,"key":"hexamod:EctoCoolerPotion"},{"floor":28,"key":"PowerPotion"},{"floor":33,"key":"FearPotion"},{"floor":36,"key":"Fire Potion"},{"floor":42,"key":"Slimebound:SlimyTonguePotion"},{"floor":43,"key":"DistilledChaos"},{"floor":46,"key":"Energy Potion"},{"floor":49,"key":"LiquidBronze"}],"is_trial":false,"path_per_floor":["R","M","M","M","M","R","T","R","E","?","E","?","M","?","M","B",null,"R","M","?","M","?","$","T","M","T","E","M","E","R","M","M","B",null,"R","?","$","M","?","$","T","M","M","E","?","E","R","?","M","B",null,"E"],"character_chosen":"SLIMEBOUND","items_purchased":["CaptainsWheel","Gremlin Horn","Slimebound:SlimedSkullRelic"],"campfire_rested":1,"item_purchase_floors":[23,23,40],"current_hp_per_floor":[54,57,58,59,60,60,60,60,53,38,31,31,30,30,30,14,49,49,52,52,36,36,60,60,60,60,50,54,42,42,44,21,55,59,69,70,63,61,71,73,73,77,77,33,33,7,30,30,57,34,66,0,0,0],"gold":235,"neow_bonus":"UPGRADE_CARD","is_daily":false,"chose_seed":false,"campfire_upgraded":5,"win_rate":0.0,"timestamp":1609097321,"path_taken":["R","M","M","M","M","R","T","R","E","?","E","?","?","?","M","BOSS","R","M","?","M","?","?","T","M","?","E","M","E","R","M","M","BOSS","R","?","$","M","?","$","T","M","M","E","?","E","R","?","M","BOSS","E"],"items_purchased_type":["Relic","Relic","Relic"],"build_version":"2020-12-22","purchased_purges":2,"victory":false,"max_hp_per_floor":[60,60,60,60,60,60,60,60,60,60,60,60,60,60,60,60,60,60,60,60,60,60,60,60,60,60,60,60,60,60,60,60,60,60,70,70,70,70,80,77,77,77,77,77,77,77,77,77,77,77,77,77,77,77],"card_choices":[{"not_picked":["Slimebound:SplitLeeching","Slimebound:Schlurp"],"picked":"Slimebound:ViciousTackle","floor":2},{"not_picked":["Slimebound:DisruptingSlam","Slimebound:GoopSpray"],"picked":"Slimebound:SamplingLick","floor":3},{"not_picked":["Slimebound:RejuvenatingLick","Slimebound:SplitAcid"],"picked":"Slimebound:Schlurp","floor":4},{"not_picked":["Slimebound:LeechLife","Slimebound:Chomp"],"picked":"Slimebound:RainOfGoop","floor":5},{"not_picked":["Slimebound:Grow","Slimebound:LeadByExample"],"picked":"Slimebound:AcidTongue","floor":9},{"not_picked":["Slimebound:SplitMire","Slimebound:SlimeTap"],"picked":"Slimebound:FinishingTackle","floor":10},{"not_picked":["Slimebound:LevelUp","Slimebound:MinionMaster"],"picked":"Slimebound:GoopSpray","floor":11},{"not_picked":["Slimebound:GoopSpray","Slimebound:PressTheAttack","Slimebound:Gluttony"],"picked":"SKIP","floor":13},{"not_picked":["Slimebound:LeechingTouch","Slimebound:GrowthPunch","Slimebound:LeechEnergy"],"picked":"SKIP","floor":15},{"not_picked":["Slimebound:FinishingTackle","Slimebound:AcidTongue","Slimebound:SplitAcid"],"picked":"SKIP","floor":19},{"not_picked":["Slimebound:SlimeSpikes","Slimebound:GoopSpray"],"picked":"Slimebound:LeechingTouch","floor":21},{"not_picked":["Slimebound:ProtectTheBoss","Slimebound:GrowthPunch+1"],"picked":"Slimebound:SamplingLick","floor":23},{"not_picked":["Slimebound:GoopSpray","Slimebound:GrowthPunch"],"picked":"Slimebound:RollThrough+1","floor":25},{"not_picked":["Slimebound:AcidTongue","Slimebound:FinishingTackle"],"picked":"Slimebound:OozeBath","floor":27},{"not_picked":["Slimebound:Recollect","Slimebound:SplitAcid","Slimebound:SplitLeeching"],"picked":"SKIP","floor":28},{"not_picked":["Slimebound:SlimeSpikes","Slimebound:FormOfPuddle"],"picked":"Slimebound:RainOfGoop+1","floor":29},{"not_picked":["Slimebound:SplitAcid","Slimebound:FinishingTackle","Slimebound:Schlurp+1"],"picked":"SKIP","floor":31},{"not_picked":["Slimebound:Equalize","Slimebound:PressTheAttack","Slimebound:DisruptingSlam+1"],"picked":"SKIP","floor":32},{"not_picked":["Slimebound:LeadByExample+1","Slimebound:FirmFortitude+1","Slimebound:GoopSpray+1"],"picked":"SKIP","floor":37},{"not_picked":["Slimebound:FirmFortitude","Slimebound:GoopSpray+1","Slimebound:DisruptingSlam+1"],"picked":"SKIP","floor":38},{"not_picked":["Slimebound:TagTeam","Slimebound:SplitLeeching+1","Slimebound:TongueLash"],"picked":"SKIP","floor":40},{"not_picked":["Slimebound:GoopSpray+1","Slimebound:RollThrough","Slimebound:SamplingLick"],"picked":"SKIP","floor":42},{"not_picked":["Slimebound:FormOfPuddle","Slimebound:SlimeBarrage+1","Slimebound:SlimeTap+1"],"picked":"SKIP","floor":43},{"not_picked":["Slimebound:ItLooksTasty","Slimebound:FinishingTackle+1","Slimebound:BestDefense+1"],"picked":"SKIP","floor":44},{"not_picked":["Slimebound:RollThrough","Slimebound:ItLooksTasty","Slimebound:Prepare+1"],"picked":"SKIP","floor":46},{"not_picked":["Slimebound:FinishingTackle","Slimebound:SlimeSpikes+1"],"picked":"Slimebound:LeechingTouch+1","floor":49}],"player_experience":1042632,"relics_obtained":[{"floor":7,"key":"Guardian:PocketSentry"},{"floor":9,"key":"MawBank"},{"floor":10,"key":"Orichalcum"},{"floor":11,"key":"Akabeko"},{"floor":26,"key":"White Beast Statue"},{"floor":27,"key":"Incense Burner"},{"floor":29,"key":"Dream Catcher"},{"floor":39,"key":"Pear"},{"floor":41,"key":"CeramicFish"},{"floor":44,"key":"Juzu Bracelet"},{"floor":46,"key":"Darkstone Periapt"}],"event_choices":[{"cards_removed":["Slimebound:Tackle"],"damage_healed":0,"gold_gain":0,"player_choice":"Card Removal","damage_taken":0,"max_hp_gain":0,"max_hp_loss":0,"event_name":"The Cleric","floor":14,"gold_loss":0},{"damage_healed":0,"gold_gain":0,"player_choice":"Read","damage_taken":0,"max_hp_gain":0,"max_hp_loss":0,"event_name":"The Library","floor":22,"gold_loss":0,"cards_obtained":["Slimebound:LeechLife"]},{"damage_healed":0,"gold_gain":0,"player_choice":"Got Potions","damage_taken":0,"max_hp_gain":0,"max_hp_loss":0,"event_name":"Lab","floor":45,"gold_loss":0},{"cards_removed":["Slimebound:Split"],"damage_healed":0,"gold_gain":0,"player_choice":"Removed Skill","damage_taken":0,"max_hp_gain":0,"max_hp_loss":0,"event_name":"Falling","floor":48,"gold_loss":0}],"is_beta":false,"boss_relics":[{"not_picked":["SlaversCollar","Calling Bell"],"picked":"Cursed Key"},{"not_picked":["Busted Crown","Fusion Hammer"],"picked":"Empty Cage"}],"items_purged_floors":[23,40],"is_endless":false,"potions_floor_spawned":[3,4,10,11,13,21,27,28,29,31,32,33,36,37,38,40,42,43,44,46,49],"killed_by":"downfall:CharBossMerchant","ascension_level":11}}