{"host":"92108ef2q9tm8rod","time":1609083359,"event":{"mods":["BaseMod","Defuse TimeMaze Blight","Minty Spire (QoL Compilation)","StSLib","The Jungle"],"gold_per_floor":[116,136,136,147,167,167,167,167,218,237,237,253,287,304,304,404,404,423,439,459,477,477,511,511,545,594,594,594,419,419,451,451,552,552,562,577,577,577,577,577,577,577,577,593,593,155,155,155,155,155],"floor_reached":51,"playtime":3051,"items_purged":[],"score":803,"play_id":"c6b9ebc3-bfcb-45c6-81eb-c7fd5a3370d8","local_time":"20201227153559","daily_mods":["SealedDeck","Colorless Cards","Heirloom","Flight"],"is_ascension_mode":false,"campfire_choices":[{"data":"White Noise","floor":6,"key":"SMITH"},{"data":"White Noise","floor":8,"key":"SMITH"},{"data":"Redo","floor":11,"key":"SMITH"},{"data":"Coolheaded","floor":15,"key":"SMITH"},{"data":"Loop","floor":24,"key":"SMITH"},{"data":"Streamline","floor":27,"key":"SMITH"},{"data":"1","floor":30,"key":"LIFT"},{"data":"2","floor":32,"key":"LIFT"},{"data":"Flash of Steel","floor":40,"key":"SMITH"},{"data":"Ball Lightning","floor":41,"key":"SMITH"},{"data":"Go for the Eyes","floor":42,"key":"SMITH"},{"floor":45,"key":"REST"},{"data":"3","floor":47,"key":"LIFT"},{"data":"Madness","floor":49,"key":"SMITH"}],"circlet_count":0,"master_deck":["Steam","Chill","Steam","Impatience","Redo+1","White Noise+1","Go for the Eyes+1","Loop+1","Streamline+1","White Noise+1","Coolheaded+1","Ball Lightning+1","Dramatic Entrance","Flash of Steel+1","Madness+1","Defragment+1","Panacea","Gash+1","Madness","Madness+1"],"relics":["Cracked Core","Ginger","Omamori","Oddly Smooth Stone","Happy Flower","Girya","Toy Ornithopter","Tiny Chest","theJungle:ShellPeas","PreservedInsect","Black Star","Molten Egg 2","Letter Opener","Eternal Feather","Runic Capacitor"],"acts_visited":["Exordium","Exordium","TheBeyond"],"potions_floor_usage":[19,23,33,50,50,50],"damage_taken":[{"damage":8,"enemies":"Jaw Worm","floor":1,"turns":2},{"damage":0,"enemies":"Small Slimes","floor":2,"turns":2},{"damage":0,"enemies":"Cultist","floor":4,"turns":3},{"damage":1,"enemies":"Exordium Wildlife","floor":5,"turns":3},{"damage":12,"enemies":"Large Slime","floor":10,"turns":3},{"damage":0,"enemies":"3 Louse","floor":12,"turns":2},{"damage":0,"enemies":"Lagavulin","floor":13,"turns":5},{"damage":7,"enemies":"Blue Slaver","floor":14,"turns":2},{"damage":13,"enemies":"Slime Boss","floor":16,"turns":7},{"damage":0,"enemies":"theJungle:MUSHROOMGANG","floor":18,"turns":3},{"damage":0,"enemies":"theJungle:Flameango_and_Byrd","floor":19,"turns":3},{"damage":0,"enemies":"theJungle:JungleHuntersEncounter","floor":20,"turns":4},{"damage":0,"enemies":"theJungle:Lyon","floor":21,"turns":3},{"damage":0,"enemies":"theJungle:2_Phrogs","floor":23,"turns":4},{"damage":8,"enemies":"theJungle:Cassacara","floor":25,"turns":6},{"damage":0,"enemies":"theJungle:2_Phrogs","floor":31,"turns":5},{"damage":6,"enemies":"theJungle:FunGuy","floor":33,"turns":5},{"damage":6,"enemies":"Orb Walker","floor":35,"turns":3},{"damage":19,"enemies":"3 Shapes","floor":36,"turns":3},{"damage":6,"enemies":"Sphere and 2 Shapes","floor":44,"turns":2},{"damage":44,"enemies":"Awakened One","floor":50,"turns":11}],"seed_played":"3121973713703784882","potions_obtained":[{"floor":4,"key":"SteroidPotion"},{"floor":5,"key":"EssenceOfDarkness"},{"floor":14,"key":"Swift Potion"},{"floor":20,"key":"Swift Potion"},{"floor":21,"key":"LiquidBronze"},{"floor":33,"key":"SteroidPotion"},{"floor":35,"key":"SpeedPotion"}],"is_trial":true,"path_per_floor":["M","M","?","M","M","R","?","R","T","M","R","M","E","M","R","B",null,"M","M","M","M","?","E","R","E","T","R","$","?","R","E","R","B",null,"M","M","?","?","T","R","R","R","T","M","R","$","R","?","R","B",null],"character_chosen":"DEFECT","items_purchased":["Eternal Feather","Runic Capacitor","Gash+1"],"campfire_rested":1,"item_purchase_floors":[46,46,46],"current_hp_per_floor":[67,67,64,64,63,63,63,63,63,51,51,51,51,44,44,31,75,75,75,75,75,75,75,75,67,67,67,67,67,67,67,67,66,75,69,50,50,50,50,50,50,50,50,44,66,66,75,66,75,41],"gold":155,"neow_bonus":"","is_daily":false,"chose_seed":false,"campfire_upgraded":10,"win_rate":0.0,"timestamp":1609083359,"path_taken":["M","M","?","M","M","R","?","R","T","M","R","?","E","M","R","BOSS","M","M","M","M","?","E","R","E","T","R","$","?","R","E","R","BOSS","M","M","?","?","?","R","R","R","T","M","R","$","R","?","R","BOSS"],"items_purchased_type":["Relic","Relic","Card"],"build_version":"2020-12-22","purchased_purges":0,"victory":true,"max_hp_per_floor":[75,75,75,75,75,75,75,75,75,75,75,75,75,75,75,75,75,75,75,75,75,75,75,75,75,75,75,75,75,75,75,75,75,75,75,75,75,75,75,75,75,75,75,75,75,75,75,75,75,75],"card_choices":[{"not_picked":["Double Energy","Steam","Redo"],"picked":"SKIP","floor":1},{"not_picked":["Leap","Loop"],"picked":"Coolheaded","floor":2},{"not_picked":["Redo","Enlightenment"],"picked":"Ball Lightning","floor":4},{"not_picked":["Heatsinks","Stack","Hologram"],"picked":"SKIP","floor":5},{"not_picked":["Reinforced Body","Machine Learning","Coolheaded"],"picked":"SKIP","floor":10},{"not_picked":["Redo","Compile Driver"],"picked":"Flash of Steel","floor":12},{"not_picked":["Hologram","Coolheaded","Conserve Battery"],"picked":"SKIP","floor":13},{"not_picked":["Go for the Eyes","Rebound","Chaos"],"picked":"SKIP","floor":14},{"not_picked":["Forethought+1","Trip","Self Repair"],"picked":"SKIP","floor":18},{"not_picked":["Mind Blast+1","Double Energy+1","Barrage+1"],"picked":"SKIP","floor":19},{"not_picked":["Flash of Steel","Conserve Battery+1","Heatsinks+1"],"picked":"SKIP","floor":20},{"not_picked":["Reprogram+1","Rebound"],"picked":"Madness+1","floor":21},{"not_picked":["Chrysalis","Rebound+1","Tempest"],"picked":"SKIP","floor":23},{"not_picked":["Chaos","Storm"],"picked":"Defragment+1","floor":25},{"not_picked":["Streamline","Ball Lightning+1","Beam Cell"],"picked":"SKIP","floor":31},{"not_picked":["Skim","Madness","Rebound"],"picked":"SKIP","floor":35},{"not_picked":["Barrage+1","Blind","Redo"],"picked":"SKIP","floor":36},{"not_picked":["Leap+1","Redo"],"picked":"Panacea","floor":44}],"player_experience":3206116,"relics_obtained":[{"floor":9,"key":"Oddly Smooth Stone"},{"floor":13,"key":"Happy Flower"},{"floor":23,"key":"Girya"},{"floor":25,"key":"Toy Ornithopter"},{"floor":26,"key":"Tiny Chest"},{"floor":31,"key":"PreservedInsect"},{"floor":39,"key":"Molten Egg 2"},{"floor":43,"key":"Letter Opener"}],"event_choices":[{"damage_healed":0,"gold_gain":0,"player_choice":"Success","damage_taken":3,"relics_obtained":["Omamori"],"max_hp_gain":0,"max_hp_loss":0,"event_name":"Scrap Ooze","floor":3,"gold_loss":0},{"damage_healed":0,"gold_gain":0,"player_choice":"1 cards matched","damage_taken":0,"max_hp_gain":0,"max_hp_loss":0,"event_name":"Match and Keep!","floor":7,"gold_loss":0,"cards_obtained":["Dramatic Entrance"]},{"damage_healed":0,"gold_gain":0,"player_choice":"Ignored","damage_taken":0,"max_hp_gain":0,"max_hp_loss":0,"event_name":"Mysterious Sphere","floor":37,"gold_loss":0},{"damage_healed":0,"gold_gain":0,"player_choice":"Ignored","damage_taken":0,"max_hp_gain":0,"max_hp_loss":0,"event_name":"Tomb of Lord Red Mask","floor":38,"gold_loss":0},{"damage_healed":0,"gold_gain":0,"player_choice":"Embrace Madness","damage_taken":9,"max_hp_gain":0,"max_hp_loss":0,"event_name":"Winding Halls","floor":48,"gold_loss":0,"cards_obtained":["Madness","Madness"]}],"is_beta":false,"boss_relics":[{"not_picked":["Cursed Key","Philosopher\u0027s Stone","Runic Dome"]},{"not_picked":["Tiny House","Velvet Choker"],"picked":"Black Star"}],"items_purged_floors":[],"is_endless":false,"potions_floor_spawned":[4,5,14,16,20,21,33,35],"ascension_level":0}}