{"host":"s5i48q09v0un9rqc","time":1609054658,"event":{"mods":["BaseMod","BetterRewards","Highlight Path","Minty Spire (QoL Compilation)","Rare Cards Sparkle","Shop Mod"],"gold_per_floor":[114,189,208,208,208,208,208,251,319,319,335,335,378,45,45,176,176,189,205,205,205,205,205,295,138,138,167,178,178,195,195,195,300,300,316,316,109,122,135,161,175,195,195,210,210,241,253,285,297,309,321,333,50,82,82],"floor_reached":56,"playtime":6454,"items_purged":["Strike_G","Strike_G","Strike_G","Strike_G"],"score":2254,"play_id":"3cec1bf8-df16-48d0-800f-ad19c0c44bb2","local_time":"20201227153738","is_ascension_mode":true,"campfire_choices":[{"data":"Neutralize","floor":6.0,"key":"SMITH"},{"data":"Well Laid Plans","floor":15.0,"key":"SMITH"},{"floor":23.0,"key":"RECALL"},{"data":"Adrenaline","floor":29.0,"key":"SMITH"},{"data":"Infinite Blades","floor":32.0,"key":"SMITH"},{"data":"Phantasmal Killer","floor":45.0,"key":"SMITH"},{"data":"After Image","floor":49.0,"key":"SMITH"},{"data":"Infinite Blades","floor":52.0,"key":"SMITH"}],"circlet_count":0,"master_deck":["Defend_G","Defend_G","Defend_G","Survivor","Neutralize+1","Well Laid Plans+1","Infinite Blades+1","After Image+1","Adrenaline+1","Phantasmal Killer+1","Infinite Blades+1","Acrobatics+1","Finisher+1","Blur+1","Backflip+1","Acrobatics+1","Escape Plan+1"],"relics":["Ring of the Snake","Lee\u0027s Waffle","CaptainsWheel","Omamori","Juzu Bracelet","Kunai","Anchor","Bloody Idol","Lantern","Singing Bowl","Centennial Puzzle","Art of War","Nunchaku","SlaversCollar","Toy Ornithopter","TungstenRod","TheAbacus","Gremlin Horn","Matryoshka","Coffee Dripper","Vajra","Question Card","MawBank","Dream Catcher","Du-Vu Doll","Medical Kit","Pen Nib"],"acts_visited":["Exordium","TheCity","TheBeyond","TheEnding"],"potions_floor_usage":[55],"damage_taken":[{"damage":0.0,"enemies":"2 Louse","floor":1.0,"turns":4.0},{"damage":0.0,"enemies":"Jaw Worm","floor":3.0,"turns":5.0},{"damage":22.0,"enemies":"Gremlin Nob","floor":8.0,"turns":6.0},{"damage":0.0,"enemies":"Cultist","floor":11.0,"turns":4.0},{"damage":0.0,"enemies":"3 Sentries","floor":13.0,"turns":10.0},{"damage":19.0,"enemies":"The Guardian","floor":16.0,"turns":16.0},{"damage":0.0,"enemies":"3 Byrds","floor":18.0,"turns":7.0},{"damage":5.0,"enemies":"Spheric Guardian","floor":19.0,"turns":6.0},{"damage":60.0,"enemies":"Slavers","floor":24.0,"turns":14.0},{"damage":2.0,"enemies":"Gremlin Leader","floor":27.0,"turns":25.0},{"damage":0.0,"enemies":"Snake Plant","floor":28.0,"turns":11.0},{"damage":9.0,"enemies":"Cultist and Chosen","floor":30.0,"turns":6.0},{"damage":7.0,"enemies":"Automaton","floor":33.0,"turns":25.0},{"damage":8.0,"enemies":"3 Shapes","floor":35.0,"turns":8.0},{"damage":0.0,"enemies":"Orb Walker","floor":38.0,"turns":6.0},{"damage":3.0,"enemies":"Transient","floor":39.0,"turns":5.0},{"damage":0.0,"enemies":"Giant Head","floor":40.0,"turns":5.0},{"damage":8.0,"enemies":"4 Shapes","floor":41.0,"turns":5.0},{"damage":0.0,"enemies":"Writhing Mass","floor":42.0,"turns":3.0},{"damage":8.0,"enemies":"3 Darklings","floor":44.0,"turns":3.0},{"damage":0.0,"enemies":"Nemesis","floor":46.0,"turns":7.0},{"damage":13.0,"enemies":"Transient","floor":48.0,"turns":5.0},{"damage":0.0,"enemies":"Donu and Deca","floor":50.0,"turns":4.0},{"damage":0,"enemies":"Shield and Spear","floor":54,"turns":4},{"damage":0,"enemies":"The Heart","floor":55,"turns":6}],"seed_played":"-241873273840750051","potions_obtained":[{"floor":8.0,"key":"Weak Potion"},{"floor":13.0,"key":"ColorlessPotion"},{"floor":27.0,"key":"EssenceOfSteel"},{"floor":28.0,"key":"Strength Potion"},{"floor":35.0,"key":"GhostInAJar"},{"floor":44.0,"key":"FearPotion"}],"is_trial":false,"path_per_floor":["M","?","M","?","?","R","?","E","T","?","M","?","E","$","R","B",null,"M","M","?","?","?","R","E","$","T","E","M","R","M","?","R","B",null,"M","?","$","M","M","E","M","M","T","M","R","E","T","M","R","B",null,"R","$","E","B",null],"character_chosen":"THE_SILENT","items_purchased":["Lee\u0027s Waffle","Omamori","Juzu Bracelet","Kunai","Anchor","Fire Potion","Well Laid Plans","DuplicationPotion","Nunchaku","Infinite Blades","TheAbacus","Infinite Blades","Medical Kit"],"campfire_rested":0,"item_purchase_floors":[0,0,0,0,0,0,0,0,14,14,25,37,53],"current_hp_per_floor":[77,66,66,66,59,59,59,37,37,37,39,39,41,41,41,22,62,64,61,61,61,61,61,28,28,28,31,38,38,41,41,41,39,74,73,73,73,78,80,87,86,91,91,88,88,93,93,85,90,93,93,93,93,93,93],"gold":82,"neow_bonus":"","is_daily":false,"chose_seed":false,"campfire_upgraded":7,"win_rate":0.0,"timestamp":1609054658,"path_taken":["M","?","M","?","?","R","?","E","T","?","M","?","E","?","R","BOSS","M","M","?","?","?","R","E","?","T","E","M","R","M","?","R","BOSS","M","?","$","M","M","E","M","M","T","M","R","E","?","M","R","BOSS","R","$","E","BOSS"],"items_purchased_type":["Relic","Relic","Relic","Relic","Relic","Potion","Card","Potion","Relic","Card","Relic","Card","Relic"],"build_version":"2020-12-22","purchased_purges":4,"victory":true,"max_hp_per_floor":[77,77,77,71,71,71,71,71,71,71,73,73,75,75,75,75,75,77,79,79,79,79,79,81,81,81,81,83,83,85,85,85,85,85,87,87,87,87,87,89,91,91,91,91,91,93,93,93,93,93,93,93,93,93,93],"card_choices":[{"not_picked":["Reflex","Bouncing Flask","Endless Agony"],"picked":"SKIP","floor":1.0},{"not_picked":["Prepared","Caltrops","Flying Knee"],"picked":"SKIP","floor":3.0},{"not_picked":["Dagger Throw","A Thousand Cuts","Setup"],"picked":"SKIP","floor":8.0},{"not_picked":["Caltrops","Dagger Spray","Bane"],"picked":"Singing Bowl","floor":11.0},{"not_picked":["PiercingWail","Quick Slash","Deadly Poison"],"picked":"Singing Bowl","floor":13.0},{"not_picked":["Die Die Die","Envenom"],"picked":"After Image","floor":16.0},{"not_picked":["Outmaneuver","Backstab","Dagger Throw+1"],"picked":"Singing Bowl","floor":18.0},{"not_picked":["Heel Hook","Deadly Poison","PiercingWail"],"picked":"Singing Bowl","floor":19.0},{"not_picked":["Catalyst+1","Endless Agony","Dagger Throw"],"picked":"Singing Bowl","floor":24.0},{"not_picked":["Tactician","Backflip"],"picked":"Adrenaline","floor":27.0},{"not_picked":["Quick Slash","Prepared","Dagger Throw+1"],"picked":"Singing Bowl","floor":28.0},{"not_picked":["Dodge and Roll","Dagger Throw+1","Deflect"],"picked":"Singing Bowl","floor":30.0},{"not_picked":["Wraith Form v2","Night Terror"],"picked":"Phantasmal Killer","floor":33.0},{"not_picked":["Predator+1","Well Laid Plans","Slice+1"],"picked":"Singing Bowl","floor":35.0},{"not_picked":["Deadly Poison+1","Backflip"],"picked":"Acrobatics+1","floor":38.0},{"not_picked":["PiercingWail+1","Dagger Spray+1"],"picked":"Finisher+1","floor":39.0},{"not_picked":["Outmaneuver+1","Dagger Spray+1","Finisher+1"],"picked":"Singing Bowl","floor":40.0},{"not_picked":["Acrobatics","Flying Knee","Dodge and Roll"],"picked":"Singing Bowl","floor":41.0},{"not_picked":["Footwork","Dagger Spray"],"picked":"Blur+1","floor":42.0},{"not_picked":["Dagger Throw","PiercingWail","Slice"],"picked":"Backflip+1","floor":44.0},{"not_picked":["Deflect","Dodge and Roll+1","Grand Finale","Poisoned Stab"],"picked":"Singing Bowl","floor":46.0},{"not_picked":["Dodge and Roll","PiercingWail","Noxious Fumes"],"picked":"Acrobatics+1","floor":48.0},{"not_picked":["Reflex","Dagger Spray+1","Finisher"],"picked":"Escape Plan+1","floor":54}],"player_experience":667767,"relics_obtained":[{"floor":8.0,"key":"Lantern"},{"floor":9.0,"key":"Singing Bowl"},{"floor":13.0,"key":"Art of War"},{"floor":24.0,"key":"TungstenRod"},{"floor":26.0,"key":"Gremlin Horn"},{"floor":27.0,"key":"Matryoshka"},{"floor":40.0,"key":"Vajra"},{"floor":43.0,"key":"Question Card"},{"floor":46.0,"key":"MawBank"},{"floor":47.0,"key":"Dream Catcher"},{"floor":47.0,"key":"Du-Vu Doll"},{"floor":54,"key":"Pen Nib"}],"event_choices":[{"damage_healed":0.0,"max_hp_gain":0.0,"max_hp_loss":0.0,"gold_gain":75.0,"event_name":"World of Goop","player_choice":"Gather Gold","floor":2.0,"gold_loss":0.0,"damage_taken":11.0},{"damage_healed":0.0,"max_hp_gain":0.0,"max_hp_loss":6.0,"gold_gain":0.0,"event_name":"Golden Idol","player_choice":"Lose Max HP","floor":4.0,"gold_loss":0.0,"damage_taken":0.0,"relics_obtained":["Golden Idol"]},{"cards_removed":["Defend_G"],"damage_healed":0.0,"max_hp_gain":0.0,"max_hp_loss":0.0,"gold_gain":0.0,"event_name":"Golden Wing","player_choice":"Card Removal","floor":5.0,"gold_loss":0.0,"damage_taken":7.0},{"cards_removed":["Defend_G"],"damage_healed":0.0,"max_hp_gain":0.0,"max_hp_loss":0.0,"gold_gain":0.0,"event_name":"Bonfire Elementals","player_choice":"Offered Basic","floor":7.0,"gold_loss":0.0,"damage_taken":0.0},{"cards_removed":["Strike_G"],"damage_healed":0.0,"max_hp_gain":0.0,"max_hp_loss":0.0,"gold_gain":0.0,"event_name":"Purifier","player_choice":"Purged","floor":10.0,"gold_loss":0.0,"damage_taken":0.0},{"damage_healed":0.0,"max_hp_gain":0.0,"max_hp_loss":0.0,"gold_gain":0.0,"event_name":"WeMeetAgain","player_choice":"Gave Potion","floor":12.0,"gold_loss":0.0,"damage_taken":0.0,"relics_obtained":["Centennial Puzzle"]},{"damage_healed":0.0,"max_hp_gain":0.0,"max_hp_loss":0.0,"gold_gain":0.0,"event_name":"Vampires","player_choice":"Ignored","floor":20.0,"gold_loss":0.0,"damage_taken":0.0},{"damage_healed":0.0,"max_hp_gain":0.0,"max_hp_loss":0.0,"gold_gain":0.0,"event_name":"Forgotten Altar","player_choice":"Gave Idol","floor":21.0,"relics_lost":["Golden Idol"],"gold_loss":0.0,"damage_taken":0.0,"relics_obtained":["Bloody Idol"]},{"damage_healed":0.0,"max_hp_gain":0.0,"max_hp_loss":0.0,"gold_gain":0.0,"event_name":"The Mausoleum","player_choice":"Opened","floor":22.0,"gold_loss":0.0,"damage_taken":0.0,"relics_obtained":["Toy Ornithopter"]},{"damage_healed":0.0,"max_hp_gain":0.0,"max_hp_loss":0.0,"gold_gain":0.0,"event_name":"Ghosts","player_choice":"Ignored","floor":31.0,"gold_loss":0.0,"damage_taken":0.0},{"damage_healed":0.0,"max_hp_gain":0.0,"max_hp_loss":0.0,"gold_gain":0.0,"event_name":"Mysterious Sphere","player_choice":"Ignored","floor":36.0,"gold_loss":0.0,"damage_taken":0.0}],"is_beta":false,"boss_relics":[{"not_picked":["Empty Cage","Calling Bell"],"picked":"SlaversCollar"},{"not_picked":["WristBlade","HoveringKite"],"picked":"Coffee Dripper"}],"items_purged_floors":[0,14,37,53],"is_endless":false,"potions_floor_spawned":[8,13,27,28,35,39,42,44,54],"ascension_level":8}}