{"host":"c5ukdwo3xwa4ucd0","time":1609108757,"event":{"mods":["AchievementEnabler","BaseMod","Colored Powertips","Minty Spire (QoL Compilation)","Quick Restart"],"gold_per_floor":[119,139,68,68,68,68,86,86,110,122,122,44,56,56,56,152,152,166,182,28,48,58,58,0,0,0,0,0,15,28,47,47,149,149,161,12,31,47,62,62,81,81,81,101,101,115,115,115],"floor_reached":47,"playtime":1814,"items_purged":[],"score":473,"play_id":"5b634dcd-bade-4f7b-88f1-05aa40ca6214","local_time":"20201227233917","is_ascension_mode":false,"campfire_choices":[{"data":"Noxious Fumes","floor":6.0,"key":"SMITH"},{"floor":15.0,"key":"REST"},{"floor":23.0,"key":"REST"},{"floor":25.0,"key":"REST"},{"floor":32.0,"key":"REST"},{"floor":40,"key":"REST"},{"floor":45,"key":"REST"}],"circlet_count":0,"master_deck":["Strike_G","Strike_G","Strike_G+1","Strike_G","Strike_G","Defend_G","Defend_G","Defend_G","Defend_G","Defend_G","Survivor","Neutralize+1","Deadly Poison","Deadly Poison","Noxious Fumes+1","Poisoned Stab","Poisoned Stab","Noxious Fumes","Envenom","Outmaneuver","Outmaneuver","Noxious Fumes+1","Noxious Fumes+1","Dagger Spray+1","Poisoned Stab+1","Crippling Poison","Parasite","Venomology","Writhe","Writhe","Crippling Poison+1","Dagger Spray+1","Parasite"],"relics":["Ring of the Snake","Snake Skull","Smiling Mask","Whetstone","Cursed Key","Happy Flower","Mercury Hourglass","SacredBark","TwistedFunnel","Bottled Flame"],"acts_visited":["Exordium","TheCity","TheBeyond"],"potions_floor_usage":[39,47,47,47],"damage_taken":[{"damage":0.0,"enemies":"Cultist","floor":1.0,"turns":5.0},{"damage":0.0,"enemies":"Jaw Worm","floor":2.0,"turns":5.0},{"damage":5.0,"enemies":"2 Louse","floor":7.0,"turns":3.0},{"damage":9.0,"enemies":"Exordium Thugs","floor":10.0,"turns":5.0},{"damage":9.0,"enemies":"Exordium Wildlife","floor":13.0,"turns":4.0},{"damage":35.0,"enemies":"The Guardian","floor":16.0,"turns":8.0},{"damage":20.0,"enemies":"Spheric Guardian","floor":18.0,"turns":4.0},{"damage":23.0,"enemies":"3 Byrds","floor":19.0,"turns":5.0},{"damage":13.0,"enemies":"Centurion and Healer","floor":21.0,"turns":5.0},{"damage":12.0,"enemies":"Snecko","floor":22.0,"turns":4.0},{"damage":12.0,"enemies":"Snake Plant","floor":29.0,"turns":4.0},{"damage":12.0,"enemies":"3 Cultists","floor":30.0,"turns":4.0},{"damage":10.0,"enemies":"Chosen and Byrds","floor":31.0,"turns":4.0},{"damage":29.0,"enemies":"Champ","floor":33.0,"turns":7.0},{"damage":1.0,"enemies":"3 Shapes","floor":35.0,"turns":4.0},{"damage":19.0,"enemies":"3 Darklings","floor":37.0,"turns":3.0},{"damage":27.0,"enemies":"Maw","floor":38.0,"turns":7.0},{"damage":7,"enemies":"4 Shapes","floor":39,"turns":4},{"damage":14,"enemies":"Writhing Mass","floor":41,"turns":5},{"damage":22,"enemies":"3 Darklings","floor":44,"turns":3},{"damage":32,"enemies":"Jaw Worm Horde","floor":46,"turns":4},{"damage":11,"enemies":"Writhing Mass","floor":47,"turns":2}],"seed_played":"-8813825660390273316","potions_obtained":[{"floor":10.0,"key":"DuplicationPotion"},{"floor":13.0,"key":"SmokeBomb"},{"floor":16.0,"key":"FearPotion"},{"floor":18.0,"key":"Fire Potion"},{"floor":30.0,"key":"LiquidMemories"},{"floor":33.0,"key":"Regen Potion"},{"floor":38.0,"key":"Poison Potion"},{"floor":39,"key":"Poison Potion"},{"floor":41,"key":"LiquidMemories"}],"is_trial":false,"path_per_floor":["M","M","$","?","?","R","M","?","T","M","$","$","M","$","R","B",null,"M","M","$","M","M","R","?","R","T","?","?","M","M","M","R","B",null,"M","$","M","M","M","R","M","?","T","M","R","M","M"],"character_chosen":"THE_SILENT","items_purchased":["Noxious Fumes","Noxious Fumes","Happy Flower","TwistedFunnel"],"campfire_rested":6,"item_purchase_floors":[3,12,20,36],"current_hp_per_floor":[70,70,70,58,58,58,53,53,53,44,44,44,35,35,56,21,70,50,27,27,14,2,23,23,44,44,44,44,32,20,10,30,1,67,66,66,47,20,13,33,19,36,36,14,34,2,0,0],"gold":115,"neow_bonus":"RANDOM_COMMON_RELIC","is_daily":false,"chose_seed":false,"campfire_upgraded":1,"win_rate":0.0,"timestamp":1609108757,"path_taken":["M","?","?","?","?","R","?","?","T","M","?","$","M","$","R","BOSS","M","M","$","M","M","R","?","R","T","?","?","M","M","?","R","BOSS","M","$","M","M","M","R","M","?","T","M","R","M","M"],"items_purchased_type":["Card","Card","Relic","Relic"],"build_version":"2020-12-22","purchased_purges":0,"victory":false,"max_hp_per_floor":[70,70,70,70,70,70,70,70,70,70,70,70,70,70,70,70,70,70,70,70,70,70,70,70,70,70,70,67,67,67,67,67,67,67,67,67,67,67,67,67,67,67,67,67,67,67,67,67],"card_choices":[{"not_picked":["Dodge and Roll","Footwork"],"picked":"Deadly Poison","floor":1.0},{"not_picked":["Riddle With Holes","Underhanded Strike"],"picked":"Deadly Poison","floor":2.0},{"not_picked":["Outmaneuver","Sucker Punch"],"picked":"Poisoned Stab","floor":7.0},{"not_picked":["Slice","Cloak And Dagger"],"picked":"Poisoned Stab","floor":10.0},{"not_picked":["Blade Dance","Eviscerate","Quick Slash"],"picked":"SKIP","floor":13.0},{"not_picked":["Die Die Die","Unload"],"picked":"Envenom","floor":16.0},{"not_picked":["Leg Sweep","Backflip","Endless Agony+1"],"picked":"SKIP","floor":18.0},{"not_picked":["Riddle With Holes","Finisher"],"picked":"Outmaneuver","floor":19.0},{"not_picked":["Riddle With Holes","Well Laid Plans","Reflex"],"picked":"SKIP","floor":21.0},{"not_picked":["Accuracy","Terror+1"],"picked":"Outmaneuver","floor":22.0},{"not_picked":["Distraction","Terror","Dagger Throw+1"],"picked":"SKIP","floor":29.0},{"not_picked":["Reflex","Sucker Punch"],"picked":"Noxious Fumes+1","floor":30.0},{"not_picked":["Infinite Blades","All Out Attack+1"],"picked":"Noxious Fumes+1","floor":31.0},{"not_picked":["Slice","Deadly Poison"],"picked":"Dagger Spray+1","floor":35.0},{"not_picked":["Cloak And Dagger+1","Expertise+1"],"picked":"Poisoned Stab+1","floor":37.0},{"not_picked":["Cloak And Dagger","Backflip+1","Dagger Throw+1"],"picked":"SKIP","floor":38.0},{"not_picked":["Flying Knee","Dagger Throw"],"picked":"Crippling Poison","floor":39},{"not_picked":["Prepared","Poisoned Stab+1"],"picked":"Venomology","floor":41},{"not_picked":["Flying Knee","Finisher"],"picked":"Crippling Poison+1","floor":44},{"not_picked":["Choke","Setup"],"picked":"Dagger Spray+1","floor":46}],"player_experience":301156,"relics_obtained":[{"floor":9.0,"key":"Whetstone"},{"floor":26.0,"key":"Mercury Hourglass"},{"floor":43,"key":"Bottled Flame"}],"event_choices":[{"damage_healed":0.0,"max_hp_gain":0.0,"max_hp_loss":0.0,"gold_gain":0.0,"event_name":"Scrap Ooze","player_choice":"Success","floor":4.0,"gold_loss":0.0,"damage_taken":12.0,"relics_obtained":["Smiling Mask"]},{"damage_healed":0.0,"max_hp_gain":0.0,"max_hp_loss":0.0,"gold_gain":0.0,"event_name":"The Cleric","player_choice":"Leave","floor":5.0,"gold_loss":0.0,"damage_taken":0.0},{"damage_healed":0.0,"max_hp_gain":0.0,"max_hp_loss":0.0,"gold_gain":0.0,"event_name":"Golden Wing","player_choice":"Ignored","floor":8.0,"gold_loss":0.0,"damage_taken":0.0},{"damage_healed":0.0,"max_hp_gain":0.0,"max_hp_loss":0.0,"gold_gain":0.0,"event_name":"Masked Bandits","player_choice":"Paid Fearfully","floor":24.0,"gold_loss":58.0,"damage_taken":0.0},{"damage_healed":0.0,"max_hp_gain":0.0,"max_hp_loss":0.0,"gold_gain":0.0,"event_name":"Vampires","player_choice":"Ignored","floor":27.0,"gold_loss":0.0,"damage_taken":0.0},{"cards_removed":["Parasite"],"damage_healed":0.0,"max_hp_gain":0.0,"max_hp_loss":0.0,"gold_gain":0.0,"event_name":"Back to Basics","player_choice":"Elegance","floor":28.0,"gold_loss":0.0,"damage_taken":0.0},{"damage_healed":17,"gold_gain":0,"player_choice":"Writhe","damage_taken":0,"max_hp_gain":0,"max_hp_loss":0,"event_name":"Winding Halls","floor":42,"gold_loss":0,"cards_obtained":["Writhe"]}],"is_beta":false,"boss_relics":[{"not_picked":["Snecko Eye","Black Star"],"picked":"Cursed Key"},{"not_picked":["Sozu","Runic Dome"],"picked":"SacredBark"}],"items_purged_floors":[],"is_endless":false,"potions_floor_spawned":[10,13,16,18,22,30,33,38,39,41],"killed_by":"Writhing Mass","ascension_level":0}}