{"host":"uae2ry9d6rl7cq98","time":1609034883,"event":{"mods":["AchievementEnabler","BaseMod","BetterRewards","Colored Map","Custom Start","Hermit","Hubris","Infinite Spire","Minty Spire (QoL Compilation)","Replay The Spire","Shop Mod","StSLib","SuperFastMode","The Animator","The Hierophant","The Servant 0.9.4"],"gold_per_floor":[115,128,128,14,29,29,45,45,68,68,101,101,101,116,116,220,220,231,231,248,73,86,120,120,155,201,212,226,226,226],"floor_reached":29,"playtime":2307,"items_purged":["Strike_G","Defend_G","Defend_G","hubris:Despair","Strike_G"],"score":420,"play_id":"04b30bf7-5909-438b-b105-7b8160ace9e6","local_time":"20201226180803","is_ascension_mode":true,"campfire_choices":[{"floor":6.0,"key":"RECALL"},{"floor":13.0,"key":"REST"},{"data":"ReplayTheSpireMod:Shiv Toss","floor":15.0,"key":"SMITH"},{"floor":24.0,"key":"REST"}],"circlet_count":0,"master_deck":["Strike_G","Strike_G","Defend_G","Defend_G","Defend_G","Survivor","Neutralize","Fluid Movement","ReplayTheSpireMod:Scrap Shanks","Deflect","Dagger Throw","ReplayTheSpireMod:Speed Training","Blade Dance","ReplayTheSpireMod:Shiv Toss+1","Acrobatics","ReplayTheSpireMod:From All Sides","ReplayTheSpireMod:Shiv Toss","Dagger Throw+1","Reflex","ReplayTheSpireMod:??????????????????????","Infinite Blades","Blade Dance","Outmaneuver","Hidden Blade+1"],"relics":["Ring of the Snake","Turnip","Gambling Chip","Ninja Scroll","MerchantsRug","hubris:64BitClover","hubris:Towel","Replay:Rubber Ducky","WristBlade","infinitespire:PuzzleCube","Frozen Egg 2","Nunchaku","Centennial Puzzle"],"acts_visited":["Exordium","TheCity"],"potions_floor_usage":[29,29],"damage_taken":[{"damage":0.0,"enemies":"Small Slimes","floor":1.0,"turns":3.0},{"damage":0.0,"enemies":"Cultist","floor":2.0,"turns":3.0},{"damage":6.0,"enemies":"Jaw Worm","floor":5.0,"turns":3.0},{"damage":5.0,"enemies":"Exordium Thugs","floor":7.0,"turns":5.0},{"damage":13.0,"enemies":"3 Sentries","floor":11.0,"turns":7.0},{"damage":0.0,"enemies":"Exordium Wildlife","floor":14.0,"turns":1.0},{"damage":7.0,"enemies":"Fading Forest","floor":16.0,"turns":11.0},{"damage":0.0,"enemies":"2 Thieves","floor":18.0,"turns":1.0},{"damage":0.0,"enemies":"Spheric Guardian","floor":20.0,"turns":1.0},{"damage":0.0,"enemies":"Cultist and Chosen","floor":22.0,"turns":4.0},{"damage":69.0,"enemies":"Nightmare","floor":23.0,"turns":6.0},{"damage":12.0,"enemies":"Replay:Snechameleon","floor":25.0,"turns":2.0},{"damage":0.0,"enemies":"Snecko","floor":27.0,"turns":1.0},{"damage":11.0,"enemies":"Centurion and Healer","floor":28.0,"turns":3.0},{"damage":10,"enemies":"Slavers","floor":29,"turns":2}],"seed_played":"6320203352094239605","potions_obtained":[{"floor":5.0,"key":"AttackPotion"},{"floor":16.0,"key":"Toxic Potion"},{"floor":19.0,"key":"Fruit Juice"},{"floor":19.0,"key":"SteroidPotion"},{"floor":19.0,"key":"Poison Potion"},{"floor":25.0,"key":"Reflective Coating"},{"floor":28.0,"key":"PowerPotion"}],"is_trial":false,"path_per_floor":["M","M","?","$","M","R","M","?","T","$","E","?","R","M","R","B",null,"M","?","M","$","M","NM","R","E","T","M","M","E"],"character_chosen":"THE_SILENT","items_purchased":["Fluid Movement","Gambling Chip","Ninja Scroll","Chemical X","ReplayTheSpireMod:Scrap Shanks","MerchantsRug"],"campfire_rested":2,"item_purchase_floors":[0,0,0,0,0,0],"current_hp_per_floor":[28,28,28,28,22,22,17,17,17,17,4,4,25,25,25,26,70,70,75,75,75,75,6,28,16,16,16,5,0,0],"gold":226,"neow_bonus":"","is_daily":false,"chose_seed":false,"campfire_upgraded":1,"win_rate":0.0,"timestamp":1609034883,"path_taken":["M","M","?","?","M","R","?","?","T","$","E","?","R","M","R","BOSS","M","?","?","$","M","NM","R","E","T","M","M","E"],"items_purchased_type":["Card","Relic","Relic","Relic","Card","Relic"],"build_version":"2020-12-22","purchased_purges":5,"victory":false,"max_hp_per_floor":[70,70,70,70,70,70,70,70,70,70,70,70,70,70,70,70,70,70,75,75,75,75,75,75,75,75,75,75,75,75],"card_choices":[{"not_picked":["Quick Slash","Deflect"],"picked":"Dagger Throw","floor":1.0},{"not_picked":["Acrobatics","Outmaneuver"],"picked":"ReplayTheSpireMod:Speed Training","floor":2.0},{"not_picked":["Catalyst","Quick Slash"],"picked":"Blade Dance","floor":5.0},{"not_picked":["Malaise","Heel Hook","PiercingWail"],"picked":"SKIP","floor":7.0},{"not_picked":["hubris:SlightOfHand","Deadly Poison"],"picked":"ReplayTheSpireMod:Shiv Toss","floor":11.0},{"not_picked":["Corpse Explosion","Dagger Spray"],"picked":"Acrobatics","floor":14.0},{"not_picked":["Malaise","Die Die Die"],"picked":"ReplayTheSpireMod:From All Sides","floor":16.0},{"not_picked":["hubris:SlightOfHand","Skewer"],"picked":"ReplayTheSpireMod:Shiv Toss","floor":18.0},{"not_picked":["Cloak And Dagger","Endless Agony"],"picked":"Dagger Throw+1","floor":20.0},{"not_picked":["Deflect+1","Dagger Spray"],"picked":"Reflex","floor":22.0},{"not_picked":["ReplayTheSpireMod:Black Plague","infinitespire:UltimateForm"],"picked":"ReplayTheSpireMod:??????????????????????","floor":23.0},{"not_picked":["Replay:Poison Smokescreen+1","Dagger Throw+1"],"picked":"Infinite Blades","floor":23.0},{"not_picked":["Expertise","Outmaneuver"],"picked":"Blade Dance","floor":25.0},{"not_picked":["Poison Darts","Distraction"],"picked":"Outmaneuver","floor":27.0},{"not_picked":["Prepared","Backflip+1"],"picked":"Hidden Blade+1","floor":28.0}],"player_experience":264566,"relics_obtained":[{"floor":11.0,"key":"Replay:Rubber Ducky"},{"floor":18.0,"key":"infinitespire:PuzzleCube"},{"floor":23.0,"key":"Frozen Egg 2"},{"floor":25.0,"key":"Nunchaku"},{"floor":26.0,"key":"Centennial Puzzle"}],"event_choices":[{"damage_healed":0.0,"max_hp_gain":0.0,"max_hp_loss":0.0,"gold_gain":0.0,"event_name":"Match and Keep!","player_choice":"1 cards matched","floor":3.0,"gold_loss":0.0,"damage_taken":0.0,"cards_obtained":["hubris:Despair"]},{"damage_healed":0.0,"max_hp_gain":0.0,"max_hp_loss":0.0,"gold_gain":0.0,"event_name":"Match and Keep!","player_choice":"1 cards matched","floor":3.0,"gold_loss":0.0,"damage_taken":0.0,"cards_obtained":["hubris:Despair"]},{"cards_removed":["Strike_G"],"damage_healed":0.0,"max_hp_gain":0.0,"max_hp_loss":0.0,"gold_gain":0.0,"event_name":"Bonfire Elementals","player_choice":"Offered Basic","floor":12.0,"gold_loss":0.0,"damage_taken":0.0},{"damage_healed":0.0,"max_hp_gain":0.0,"max_hp_loss":0.0,"gold_gain":0.0,"event_name":"Lab","player_choice":"Got Potions","floor":19.0,"gold_loss":0.0,"damage_taken":0.0}],"is_beta":false,"boss_relics":[{"not_picked":["Busted Crown","hubris:TerracottaHorce"],"picked":"WristBlade"}],"items_purged_floors":[0,0,0,4,21],"is_endless":false,"potions_floor_spawned":[5,16,25,27,28],"killed_by":"Slavers","ascension_level":3}}