{"host":"cv77zuuuekizn3ic","time":1609077589,"event":{"mods":["AchievementEnabler","BaseMod","Marisa£®ÏF”Í°°ƒß¿Ì…≥£©","Minty Spire (QoL Compilation)","StSLib","Waifu the Spire","everything is the same but u backflip on backflip","slay the spire mod where everything is the same but ironclad has a cowboy hat"],"gold_per_floor":[119,89,102,122,149,181,181,210,237,274,274,294,319,346,346,432,432,460,550,550,550],"floor_reached":20,"playtime":749,"items_purged":[],"score":420,"play_id":"3a275e1c-4c97-4c02-8ca1-058460a21d83","local_time":"20201227215949","is_ascension_mode":true,"campfire_choices":[{"data":"Eruption","floor":7.0,"key":"SMITH"},{"data":"1","floor":11.0,"key":"LIFT"},{"data":"2","floor":15.0,"key":"LIFT"}],"circlet_count":0,"master_deck":["AscendersBane","Strike_P","Strike_P","Strike_P+1","Defend_P","Defend_P","Defend_P","Eruption+1","Vigilance","EmptyFist","Protect","Indignation+1","WheelKick","EmptyFist","WindmillStrike","LessonLearned","FlurryOfBlows+1","Vault","Sanctity"],"relics":["PureWater","Omamori","Mummified Hand","CeramicFish","Art of War","Girya","PreservedInsect","Fusion Hammer"],"acts_visited":["Exordium","TheCity"],"potions_floor_usage":[],"damage_taken":[{"damage":0.0,"enemies":"Small Slimes","floor":1.0,"turns":3.0},{"damage":0.0,"enemies":"Cultist","floor":3.0,"turns":3.0},{"damage":0.0,"enemies":"2 Louse","floor":4.0,"turns":2.0},{"damage":10.0,"enemies":"Lagavulin","floor":6.0,"turns":6.0},{"damage":12.0,"enemies":"3 Sentries","floor":8.0,"turns":6.0},{"damage":0.0,"enemies":"Gremlin Nob","floor":10.0,"turns":2.0},{"damage":0.0,"enemies":"Gremlin Gang","floor":12.0,"turns":3.0},{"damage":7.0,"enemies":"Lagavulin","floor":13.0,"turns":5.0},{"damage":0.0,"enemies":"2 Fungi Beasts","floor":14.0,"turns":1.0},{"damage":10.0,"enemies":"Hexaghost","floor":16.0,"turns":9.0},{"damage":16.0,"enemies":"2 Thieves","floor":18.0,"turns":3.0},{"damage":18,"enemies":"3 Byrds","floor":20,"turns":2}],"seed_played":"7583775747917726220","potions_obtained":[{"floor":2.0,"key":"DistilledChaos"},{"floor":2.0,"key":"EntropicBrew"},{"floor":3.0,"key":"Fire Potion"},{"floor":10.0,"key":"Fire Potion"},{"floor":12.0,"key":"FearPotion"},{"floor":14.0,"key":"DuplicationPotion"},{"floor":16.0,"key":"LiquidMemories"}],"is_trial":false,"path_per_floor":["M","?","M","M","T","E","R","E","T","E","R","M","E","M","R","B",null,"M","?","M"],"character_chosen":"WATCHER","items_purchased":[],"campfire_rested":0,"item_purchase_floors":[],"current_hp_per_floor":[43,43,43,43,43,33,33,21,21,21,21,21,14,14,14,4,52,36,18,0,0],"gold":550,"neow_bonus":"TRANSFORM_TWO_CARDS","is_daily":false,"chose_seed":false,"campfire_upgraded":1,"win_rate":0.0,"timestamp":1609077589,"path_taken":["M","?","M","?","?","E","R","E","T","E","R","M","E","M","R","BOSS","M","?","?"],"items_purchased_type":[],"build_version":"2020-12-22","purchased_purges":0,"victory":false,"max_hp_per_floor":[68,68,68,68,68,68,68,68,68,68,68,68,68,68,68,68,68,68,68,68,68],"card_choices":[{"not_picked":["EmptyBody","Consecrate"],"picked":"Indignation","floor":1.0},{"not_picked":["FlyingSleeves","Nirvana"],"picked":"WheelKick","floor":3.0},{"not_picked":["Consecrate","Prostrate"],"picked":"EmptyFist","floor":4.0},{"not_picked":["JustLucky","Protect"],"picked":"WindmillStrike","floor":6.0},{"not_picked":["JustLucky","Crescendo","Nirvana"],"picked":"SKIP","floor":8.0},{"not_picked":["Adaptation","WreathOfFlame"],"picked":"LessonLearned","floor":10.0},{"not_picked":["Protect","EmptyFist","CutThroughFate"],"picked":"SKIP","floor":12.0},{"not_picked":["CrushJoints","ReachHeaven","Collect"],"picked":"SKIP","floor":13.0},{"not_picked":["SashWhip","Wish"],"picked":"FlurryOfBlows","floor":14.0},{"not_picked":["Devotion","LessonLearned"],"picked":"Vault","floor":16.0},{"not_picked":["ClearTheMind","Sanctity","Vengeance"],"picked":"SKIP","floor":18.0},{"not_picked":["ClearTheMind","Vengeance"],"picked":"Sanctity","floor":18.0}],"player_experience":647344,"relics_obtained":[{"floor":5.0,"key":"Omamori"},{"floor":6.0,"key":"Mummified Hand"},{"floor":8.0,"key":"CeramicFish"},{"floor":9.0,"key":"Art of War"},{"floor":10.0,"key":"Girya"},{"floor":13.0,"key":"PreservedInsect"}],"event_choices":[{"damage_healed":0.0,"max_hp_gain":0.0,"max_hp_loss":0.0,"gold_gain":0.0,"event_name":"The Woman in Blue","player_choice":"Bought 2 Potions","floor":2.0,"gold_loss":0.0,"damage_taken":0.0},{"damage_healed":0,"gold_gain":90,"player_choice":"POTION GOLD ","damage_taken":18,"max_hp_gain":0,"max_hp_loss":0,"event_name":"Knowing Skull","floor":19,"potions_obtained":["Ambrosia"],"gold_loss":0,"cards_obtained":[]}],"is_beta":false,"boss_relics":[{"not_picked":["Runic Pyramid","Tiny House"],"picked":"Fusion Hammer"}],"items_purged_floors":[],"is_endless":false,"potions_floor_spawned":[3,10,12,14,16],"killed_by":"3 Byrds","ascension_level":17}}