{"host":"y1gy3vaohdji07z5","time":1609079187,"event":{"mods":["AchievementEnabler","BaseMod","Colored Map","Colored Powertips","Hermit","Minty Spire (QoL Compilation)","Random Character Button","Rare Cards Sparkle","StSLib"],"gold_per_floor":[109,119,69,69,144,144,158,158,158,168,181,200,219,236,236,336,336,356,455,68,85,85,85,85,85],"floor_reached":24,"playtime":906,"items_purged":["Heavy Blade"],"score":219,"play_id":"0c0fd981-6670-43f7-be95-02872ec3551e","local_time":"20201227152627","is_ascension_mode":true,"campfire_choices":[{"data":"Bash","floor":6.0,"key":"SMITH"},{"data":"Rampage","floor":8.0,"key":"SMITH"},{"data":"Seeing Red","floor":15.0,"key":"SMITH"},{"data":"Rampage","floor":23.0,"key":"SMITH"}],"circlet_count":0,"master_deck":["Strike_R","Strike_R","Strike_R","Defend_R","Defend_R","Defend_R","Defend_R","Bash+1","Rampage+1","Seeing Red+1","Rampage+1","Iron Wave","Offering","Flash of Steel","Iron Wave"],"relics":["Burning Blood","Bag of Marbles","Pear","Sozu","Membership Card","Prayer Wheel","HornCleat"],"acts_visited":["Exordium","TheCity"],"potions_floor_usage":[],"damage_taken":[{"damage":6.0,"enemies":"2 Louse","floor":1.0,"turns":3.0},{"damage":2.0,"enemies":"Jaw Worm","floor":2.0,"turns":3.0},{"damage":0.0,"enemies":"Cultist","floor":7.0,"turns":3.0},{"damage":1.0,"enemies":"Exordium Wildlife","floor":10.0,"turns":3.0},{"damage":29.0,"enemies":"Large Slime","floor":11.0,"turns":6.0},{"damage":8.0,"enemies":"Red Slaver","floor":12.0,"turns":3.0},{"damage":8.0,"enemies":"Blue Slaver","floor":13.0,"turns":3.0},{"damage":2.0,"enemies":"Lots of Slimes","floor":14.0,"turns":2.0},{"damage":52.0,"enemies":"Slime Boss","floor":16.0,"turns":9.0},{"damage":12.0,"enemies":"Spheric Guardian","floor":18.0,"turns":3.0},{"damage":15.0,"enemies":"3 Byrds","floor":21.0,"turns":5.0},{"damage":81,"enemies":"Book of Stabbing","floor":24,"turns":6}],"seed_played":"6315461064610020677","potions_obtained":[{"floor":1.0,"key":"Dexterity Potion"},{"floor":12.0,"key":"Explosive Potion"},{"floor":13.0,"key":"SkillPotion"},{"floor":14.0,"key":"Weak Potion"}],"is_trial":false,"path_per_floor":["M","M","?","?","?","R","M","R","T","M","M","M","M","M","R","B",null,"M","?","$","M","?","R","E"],"character_chosen":"IRONCLAD","items_purchased":["Membership Card","Prayer Wheel","Flash of Steel"],"campfire_rested":0,"item_purchase_floors":[20,20,20],"current_hp_per_floor":[80,80,80,73,62,62,68,68,78,83,60,58,56,60,60,14,90,84,84,84,75,75,75,0,0],"gold":85,"neow_bonus":"RANDOM_COMMON_RELIC","is_daily":false,"chose_seed":false,"campfire_upgraded":4,"win_rate":0.0,"timestamp":1609079187,"path_taken":["M","M","?","?","?","R","?","R","T","?","M","M","M","M","R","BOSS","M","?","$","M","?","R","E"],"items_purchased_type":["Relic","Relic","Card"],"build_version":"2020-12-22","purchased_purges":1,"victory":false,"max_hp_per_floor":[80,80,80,80,80,80,80,80,90,90,90,90,90,90,90,90,90,90,90,90,90,90,90,90,90],"card_choices":[{"not_picked":["Sword Boomerang","Evolve","Havoc"],"picked":"SKIP","floor":1.0},{"not_picked":["Clothesline","True Grit"],"picked":"Heavy Blade","floor":2.0},{"not_picked":["Wild Strike","Perfected Strike"],"picked":"Rampage","floor":7.0},{"not_picked":["Searing Blow","Reckless Charge","True Grit"],"picked":"SKIP","floor":10.0},{"not_picked":["Flex","Warcry"],"picked":"Seeing Red","floor":11.0},{"not_picked":["Sword Boomerang","Body Slam"],"picked":"Rampage","floor":12.0},{"not_picked":["Thunderclap","Flex","Impervious"],"picked":"SKIP","floor":13.0},{"not_picked":["Clash","Fire Breathing"],"picked":"Iron Wave","floor":14.0},{"not_picked":["Brutality","Reaper"],"picked":"Offering","floor":16.0},{"not_picked":["Searing Blow","Heavy Blade","Infernal Blade"],"picked":"SKIP","floor":18.0},{"not_picked":["Searing Blow","Heavy Blade","Infernal Blade"],"picked":"SKIP","floor":18.0},{"not_picked":["Warcry+1","Searing Blow"],"picked":"Iron Wave","floor":21.0},{"not_picked":["Thunderclap","Iron Wave","Spot Weakness"],"picked":"SKIP","floor":21.0}],"player_experience":369798,"relics_obtained":[{"floor":9.0,"key":"Pear"}],"event_choices":[{"cards_removed":["Strike_R"],"damage_healed":0.0,"max_hp_gain":0.0,"max_hp_loss":0.0,"gold_gain":0.0,"event_name":"The Cleric","player_choice":"Card Removal","floor":3.0,"gold_loss":50.0,"damage_taken":0.0},{"cards_removed":["Strike_R"],"damage_healed":0.0,"max_hp_gain":0.0,"max_hp_loss":0.0,"gold_gain":0.0,"event_name":"Golden Wing","player_choice":"Card Removal","floor":4.0,"gold_loss":0.0,"damage_taken":7.0},{"damage_healed":0.0,"max_hp_gain":0.0,"max_hp_loss":0.0,"gold_gain":75.0,"event_name":"World of Goop","player_choice":"Gather Gold","floor":5.0,"gold_loss":0.0,"damage_taken":11.0},{"damage_healed":0.0,"max_hp_gain":0.0,"max_hp_loss":0.0,"gold_gain":99.0,"event_name":"Nest","player_choice":"Stole From Cult","floor":19.0,"gold_loss":0.0,"damage_taken":0.0},{"damage_healed":0.0,"max_hp_gain":0.0,"max_hp_loss":0.0,"gold_gain":0.0,"event_name":"The Mausoleum","player_choice":"Opened","floor":22.0,"gold_loss":0.0,"damage_taken":0.0,"relics_obtained":["HornCleat"]}],"is_beta":false,"boss_relics":[{"not_picked":["SacredBark","Runic Dome"],"picked":"Sozu"}],"items_purged_floors":[20],"is_endless":false,"potions_floor_spawned":[1,12,13,14],"killed_by":"Book of Stabbing","ascension_level":3}}