{"host":"2461dio7vetlq1z3","time":1609050793,"event":{"mods":["2.2 Compatiblity","AchievementEnabler","Aspiration","BaseMod","Better Third Choice","Friendly Minions","Hermit","Minty Spire (QoL Compilation)","Relic Stats","Spicy Shops","StSLib","Waifu the Spire"],"gold_per_floor":[112,127,127,13,28,28,59,76,124,155,168,168,184,201,201,272,272,286,43,43,55,75,104,120,39,88,88,107,121,121,148,148,223,223,233,233,249,37,54,54,89,114,169,196,196,14,14,29,29,29,29],"floor_reached":52,"playtime":2466,"items_purged":["Strike_B","Strike_B","Writhe"],"score":2003,"play_id":"55afa670-6665-4ef2-a058-0b1acf8d0e64","local_time":"20201227073313","is_ascension_mode":true,"campfire_choices":[{"data":"Darkness","floor":6,"key":"SMITH"},{"floor":12,"key":"REST"},{"data":"Consume","floor":15,"key":"SMITH"},{"data":"Biased Cognition","floor":27,"key":"SMITH"},{"floor":30,"key":"REST"},{"data":"Reinforced Body","floor":32,"key":"SMITH"},{"data":"Amplify","floor":40,"key":"SMITH"},{"data":"Recycle","floor":45,"key":"SMITH"},{"floor":49,"key":"REST"}],"circlet_count":0,"master_deck":["AscendersBane","Defend_B","Defend_B","Defend_B","Defend_B","Zap","Dualcast","Darkness+1","Ball Lightning","Reinforced Body+1","Consume+1","Biased Cognition+1","Ball Lightning","Amplify+1","Ball Lightning","Conserve Battery","Thunder Strike","Electrodynamics","Hologram+1","Recycle+1","Ball Lightning","Self Repair+1","Sunder","Self Repair+1","Meteor Strike","Skim+1","Thunder Strike","Meteor Strike","Storm+1"],"relics":["Cracked Core","FaceOfCleric","Pear","Orichalcum","Darkstone Periapt","Snecko Eye","Membership Card","Lee\u0027s Waffle","Pen Nib","Bag of Preparation","Dream Catcher","Tiny Chest","Cursed Key","OrangePellets","Potion Belt","HornCleat","Ginger","aspiration:HiddenCompartment","aspiration:ChemicalBlood"],"acts_visited":["Exordium","TheCity","TheBeyond"],"potions_floor_usage":[10,23,31,33,33,33,33,33,44,44,50,51,51,51,51,51,51],"damage_taken":[{"damage":2,"enemies":"Jaw Worm","floor":1,"turns":3},{"damage":7,"enemies":"Cultist","floor":2,"turns":4},{"damage":0,"enemies":"Small Slimes","floor":5,"turns":4},{"damage":15,"enemies":"Lagavulin","floor":7,"turns":7},{"damage":19,"enemies":"Exordium Thugs","floor":8,"turns":3},{"damage":26,"enemies":"Gremlin Nob","floor":10,"turns":4},{"damage":3,"enemies":"Red Slaver","floor":11,"turns":3},{"damage":1,"enemies":"3 Louse","floor":13,"turns":3},{"damage":2,"enemies":"Blue Slaver","floor":14,"turns":2},{"damage":24,"enemies":"Hexaghost","floor":16,"turns":8},{"damage":32,"enemies":"Shell Parasite","floor":18,"turns":5},{"damage":13,"enemies":"Chosen","floor":21,"turns":5},{"damage":12,"enemies":"Snecko","floor":22,"turns":4},{"damage":0,"enemies":"Gremlin Leader","floor":23,"turns":5},{"damage":11,"enemies":"Centurion and Healer","floor":24,"turns":5},{"damage":24,"enemies":"Shelled Parasite and Fungi","floor":28,"turns":2},{"damage":31,"enemies":"Sentry and Sphere","floor":29,"turns":4},{"damage":18,"enemies":"Book of Stabbing","floor":31,"turns":4},{"damage":10,"enemies":"Automaton","floor":33,"turns":6},{"damage":0,"enemies":"Orb Walker","floor":35,"turns":1},{"damage":0,"enemies":"3 Darklings","floor":37,"turns":1},{"damage":0,"enemies":"Maw","floor":39,"turns":4},{"damage":48,"enemies":"Giant Head","floor":41,"turns":6},{"damage":6,"enemies":"Mind Bloom Boss Battle","floor":42,"turns":4},{"damage":53,"enemies":"Nemesis","floor":44,"turns":7},{"damage":16,"enemies":"Spire Growth","floor":48,"turns":4},{"damage":81,"enemies":"Donu and Deca","floor":50,"turns":6},{"damage":61,"enemies":"Awakened One","floor":51,"turns":6}],"seed_played":"-5226607320498000362","potions_obtained":[{"floor":1,"key":"Energy Potion"},{"floor":5,"key":"Block Potion"},{"floor":13,"key":"SteroidPotion"},{"floor":21,"key":"Dexterity Potion"},{"floor":24,"key":"LiquidBronze"},{"floor":29,"key":"EntropicBrew"},{"floor":33,"key":"SkillPotion"},{"floor":35,"key":"DistilledChaos"},{"floor":41,"key":"Dexterity Potion"},{"floor":42,"key":"PotionOfCapacity"},{"floor":50,"key":"AttackPotion"}],"is_trial":false,"path_per_floor":["M","M","?","$","M","R","E","M","T","E","M","R","M","M","R","B",null,"M","$","?","M","M","E","M","$","T","R","M","M","R","E","R","B",null,"M","?","M","$","M","R","E","?","T","E","R","$","T","M","R","B","B",null],"character_chosen":"DEFECT","items_purchased":["Reinforced Body","Membership Card","Lee\u0027s Waffle","Bag of Preparation","OrangePellets","Potion Belt","PotionOfCapacity","aspiration:ChemicalBlood"],"campfire_rested":3,"item_purchase_floors":[4,19,19,25,38,38,46,46],"current_hp_per_floor":[69,62,62,62,63,63,59,41,41,16,14,41,41,40,40,17,76,45,104,104,92,81,82,72,72,72,72,49,19,52,55,55,76,103,104,104,105,105,115,115,88,103,109,77,77,77,77,82,119,69,24],"gold":29,"neow_bonus":"TEN_PERCENT_HP_BONUS","is_daily":false,"chose_seed":false,"campfire_upgraded":6,"win_rate":0.0,"timestamp":1609050793,"path_taken":["M","M","?","$","?","R","E","M","T","E","M","R","M","M","R","BOSS","M","$","?","?","M","E","M","?","T","R","M","M","R","E","R","BOSS","M","?","M","$","M","R","E","?","T","E","R","$","?","M","R","BOSS","BOSS"],"items_purchased_type":["Card","Relic","Relic","Relic","Relic","Relic","Potion","Relic"],"build_version":"2020-12-22","purchased_purges":3,"victory":true,"max_hp_per_floor":[78,78,78,78,79,79,90,91,91,92,93,93,94,95,95,96,96,97,104,104,105,106,107,108,108,108,108,109,110,110,111,111,112,112,113,113,114,114,115,115,116,117,123,124,124,124,124,125,125,126,127],"relic_stats":{"Darkstone Periapt":6,"Lee\u0027s Waffle":59,"counters":[28,120],"Pen Nib":[11],"Bag of Preparation":[26],"Ginger":[0],"Orichalcum":[234],"Cursed Key":1,"OrangePellets":[18],"Dream Catcher":2,"FaceOfCleric":26,"Snecko Eye":[88,96,94,95],"Tiny Chest":0,"obtain_stats":[{"Darkstone Periapt":10,"Potion Belt":38,"Lee\u0027s Waffle":19,"Pear":7,"Pen Nib":23,"Bag of Preparation":25,"Ginger":42,"Orichalcum":9,"Cursed Key":34,"aspiration:HiddenCompartment":44,"OrangePellets":38,"Dream Catcher":26,"HornCleat":41,"FaceOfCleric":3,"Snecko Eye":17,"Tiny Chest":31,"Membership Card":19,"Cracked Core":0,"aspiration:ChemicalBlood":46},{"Darkstone Periapt":6,"Potion Belt":21,"Lee\u0027s Waffle":11,"Pear":4,"Pen Nib":14,"Bag of Preparation":15,"Ginger":24,"Orichalcum":5,"Cursed Key":19,"aspiration:HiddenCompartment":25,"OrangePellets":21,"Dream Catcher":15,"HornCleat":23,"FaceOfCleric":2,"Snecko Eye":10,"Tiny Chest":18,"Membership Card":11,"Cracked Core":0,"aspiration:ChemicalBlood":25},{"Darkstone Periapt":25,"Potion Belt":83,"Lee\u0027s Waffle":46,"Pear":18,"Pen Nib":60,"Bag of Preparation":65,"Ginger":97,"Orichalcum":21,"Cursed Key":81,"aspiration:HiddenCompartment":104,"OrangePellets":83,"Dream Catcher":65,"HornCleat":93,"FaceOfCleric":7,"Snecko Eye":41,"Tiny Chest":75,"Membership Card":46,"Cracked Core":0,"aspiration:ChemicalBlood":104}]},"card_choices":[{"not_picked":["Aggregate","Stack"],"picked":"Darkness","floor":1},{"not_picked":["Compile Driver","Force Field"],"picked":"Ball Lightning","floor":2},{"not_picked":["Rebound","Gash"],"picked":"Consume","floor":5},{"not_picked":["Skim","Redo"],"picked":"Biased Cognition","floor":7},{"not_picked":["Conserve Battery","Streamline"],"picked":"Ball Lightning","floor":8},{"not_picked":["Hello World","Conserve Battery"],"picked":"Amplify","floor":10},{"not_picked":["Conserve Battery","Stack"],"picked":"Ball Lightning","floor":11},{"not_picked":["Steam","Gash"],"picked":"Conserve Battery","floor":13},{"not_picked":["Rebound","Beam Cell"],"picked":"Thunder Strike","floor":14},{"not_picked":["Echo Form","Thunder Strike"],"picked":"Electrodynamics","floor":16},{"not_picked":["Cold Snap","Gash"],"picked":"Hologram+1","floor":18},{"not_picked":["Gash","Leap"],"picked":"Ball Lightning","floor":21},{"not_picked":["Barrage","Turbo","Gash"],"picked":"SKIP","floor":22},{"not_picked":["Cold Snap","Streamline"],"picked":"Self Repair+1","floor":23},{"not_picked":["Darkness","Fission","Scrape"],"picked":"SKIP","floor":24},{"not_picked":["Cold Snap","Coolheaded","Rebound"],"picked":"SKIP","floor":28},{"not_picked":["Cold Snap","Chill"],"picked":"Sunder","floor":29},{"not_picked":["aspiration:Polymerization","Stack"],"picked":"Self Repair+1","floor":31},{"not_picked":["Reboot","Fission"],"picked":"Meteor Strike","floor":33},{"not_picked":["Fusion+1","Barrage","Heatsinks+1"],"picked":"SKIP","floor":35},{"not_picked":["Compile Driver","BootSequence","Barrage+1"],"picked":"SKIP","floor":37},{"not_picked":["Go for the Eyes","Sweeping Beam"],"picked":"Skim+1","floor":39},{"not_picked":["Fusion","Go for the Eyes+1","Beam Cell"],"picked":"SKIP","floor":41},{"not_picked":["Compile Driver","Turbo"],"picked":"Thunder Strike","floor":42},{"not_picked":["Sweeping Beam+1","Stack"],"picked":"Meteor Strike","floor":44},{"not_picked":["Turbo","Conserve Battery","Streamline"],"picked":"SKIP","floor":48},{"not_picked":["Sweeping Beam+1","Gash"],"picked":"Storm+1","floor":49}],"player_experience":950437,"relics_obtained":[{"floor":7,"key":"Pear"},{"floor":9,"key":"Orichalcum"},{"floor":10,"key":"Darkstone Periapt"},{"floor":23,"key":"Pen Nib"},{"floor":26,"key":"Dream Catcher"},{"floor":31,"key":"Tiny Chest"},{"floor":41,"key":"HornCleat"},{"floor":42,"key":"Ginger"},{"floor":44,"key":"aspiration:HiddenCompartment"}],"event_choices":[{"damage_healed":0,"gold_gain":0,"player_choice":"Trade","damage_taken":0,"relics_obtained":["FaceOfCleric"],"max_hp_gain":0,"max_hp_loss":0,"event_name":"FaceTrader","floor":3,"gold_loss":0},{"damage_healed":0,"gold_gain":0,"cards_transformed":["Strike_B"],"player_choice":"Transformed","damage_taken":0,"max_hp_gain":0,"max_hp_loss":0,"event_name":"Transmorgrifier","floor":20,"gold_loss":0,"cards_obtained":["Recycle"]},{"cards_removed":["Strike_B"],"damage_healed":0,"gold_gain":0,"player_choice":"Removed Attack","damage_taken":0,"max_hp_gain":0,"max_hp_loss":0,"event_name":"Falling","floor":36,"gold_loss":0},{"damage_healed":0,"gold_gain":0,"player_choice":"Fight","damage_taken":0,"max_hp_gain":0,"max_hp_loss":0,"event_name":"MindBloom","floor":42,"gold_loss":0}],"is_beta":false,"boss_relics":[{"not_picked":["aspiration:RunicSpoon","Busted Crown"],"picked":"Snecko Eye"},{"not_picked":["Astrolabe","SlaversCollar"],"picked":"Cursed Key"}],"items_purged_floors":[4,38,46],"is_endless":false,"potions_floor_spawned":[1,5,8,13,14,21,22,24,29,33,35,41,42],"ascension_level":20}}