{"host":"d57r1g6l9rdx1vko","time":1609071023,"event":{"mods":["AchievementEnabler","BaseMod","Colored Map","Colored Powertips","GifTheSpireLib","Marisa£®ÏF”Í°°ƒß¿Ì…≥£©","Minty Spire (QoL Compilation)","Replay The Spire","StSLib"],"gold_per_floor":[116,128,145,145,163,191,210,235,261,261,261,276,303,316,316,419,519,538,538,557,557,339,373,373,391,446,295,394,394,420,438,438,438,438],"floor_reached":33,"playtime":1975,"items_purged":["Shame"],"score":449,"play_id":"b34bfa08-7434-4ffb-a3a1-1a40ae6eebc9","local_time":"20201227201023","is_ascension_mode":true,"campfire_choices":[{"floor":10.0,"key":"REST"},{"floor":24.0,"key":"REST"},{"data":"MysteriousBeam","floor":32.0,"key":"PURGE"}],"circlet_count":0,"master_deck":["Strike_MRS","Strike_MRS","Strike_MRS","Strike_MRS","Defend_MRS","Defend_MRS","Defend_MRS","Defend_MRS","MasterSpark","ShootingEcho","ShootingEcho","MeteoricShower","DC","WitchLeyline","EscapeVelocity+1","UltimateShortwave","Orbital+1","Orbital","Pot Of Greed","Pot Of Greed","MagicChant"],"relics":["ReplayTheSpireMod:DimensionalGlitch","Ancient Tea Set","Darkstone Periapt","Akabeko","MealTicket","Replay:Wanted Poster","Replay:Baseball","Juzu Bracelet","Pet Ghost","StoneCalendar","Nunchaku","Grinning Jar","Peace Pipe"],"acts_visited":["Exordium","TheCity"],"potions_floor_usage":[33],"damage_taken":[{"damage":1.0,"enemies":"Cultist","floor":1.0,"turns":3.0},{"damage":0.0,"enemies":"Small Slimes","floor":2.0,"turns":2.0},{"damage":2.0,"enemies":"Jaw Worm","floor":3.0,"turns":2.0},{"damage":15.0,"enemies":"Exordium Thugs","floor":5.0,"turns":3.0},{"damage":23.0,"enemies":"Gremlin Nob","floor":6.0,"turns":4.0},{"damage":0.0,"enemies":"Large Slime","floor":7.0,"turns":3.0},{"damage":16.0,"enemies":"3 Sentries","floor":8.0,"turns":5.0},{"damage":0.0,"enemies":"3 Louse","floor":11.0,"turns":1.0},{"damage":0.0,"enemies":"2 Fungi Beasts","floor":12.0,"turns":1.0},{"damage":0.0,"enemies":"Lagavulin","floor":13.0,"turns":2.0},{"damage":0.0,"enemies":"Gremlin Gang","floor":14.0,"turns":3.0},{"damage":40.0,"enemies":"Hexaghost","floor":16.0,"turns":6.0},{"damage":17.0,"enemies":"2 Thieves","floor":18.0,"turns":3.0},{"damage":14.0,"enemies":"Spheric Guardian","floor":20.0,"turns":3.0},{"damage":47.0,"enemies":"Book of Stabbing","floor":23.0,"turns":5.0},{"damage":4.0,"enemies":"Centurion and Healer","floor":25.0,"turns":3.0},{"damage":0.0,"enemies":"Gremlin Leader","floor":30.0,"turns":4.0},{"damage":8.0,"enemies":"Chosen and Byrds","floor":31.0,"turns":4.0},{"damage":56,"enemies":"Collector","floor":33,"turns":5}],"seed_played":"3371854193586471350","potions_obtained":[{"floor":2.0,"key":"BottledSpark"},{"floor":3.0,"key":"Dexterity Potion"},{"floor":5.0,"key":"Regen Potion"},{"floor":12.0,"key":"Block Potion"},{"floor":13.0,"key":"LiquidBronze"},{"floor":14.0,"key":"SkillPotion"},{"floor":16.0,"key":"ShroomBrew"},{"floor":20.0,"key":"BottledSpark"},{"floor":23.0,"key":"BlessingOfTheForge"}],"is_trial":false,"path_per_floor":["M","M","M","?","M","E","M","E","T","R","M","M","E","M","R_BF","B",null,"M","?","M","?","$","E","R","M","T","$","?","?","E","M","R_BF","B"],"character_chosen":"MARISA","items_purchased":["Pet Ghost","Grinning Jar"],"campfire_rested":2,"item_purchase_floors":[22,27],"current_hp_per_floor":[74,74,72,65,50,27,27,19,19,41,41,41,41,41,63,23,62,45,45,31,37,52,5,29,25,25,40,40,40,40,32,32,0,0],"gold":438,"neow_bonus":"BOSS_RELIC","is_daily":false,"chose_seed":false,"campfire_upgraded":0,"win_rate":0.0,"timestamp":1609071023,"path_taken":["M","M","M","?","M","E","M","E","T","R","M","M","E","M","R_BF","BOSS","M","?","M","?","$","E","R","M","T","$","?","?","E","M","R_BF","BOSS"],"items_purchased_type":["Relic","Relic"],"build_version":"2020-12-22","purchased_purges":1,"victory":false,"max_hp_per_floor":[75,75,75,75,75,75,75,75,75,75,75,75,75,75,75,75,75,75,75,75,81,81,81,81,81,81,81,81,81,81,81,81,81,81],"card_choices":[{"not_picked":["Acceleration","SuperPerseids"],"picked":"MysteriousBeam","floor":1.0},{"not_picked":["MagicChant","UnstableBomb"],"picked":"ShootingEcho","floor":2.0},{"not_picked":["SporeBomb","WitchOfGreed"],"picked":"ShootingEcho","floor":3.0},{"not_picked":["StarlightTyphoon","MilkyWay"],"picked":"MeteoricShower","floor":5.0},{"not_picked":["PowerUp","AbsoluteMagnitude"],"picked":"DC","floor":6.0},{"not_picked":["MeteoricShower","StarlightTyphoon"],"picked":"WitchLeyline","floor":7.0},{"not_picked":["EnergyFlow","ManaRampage","MilkyWay"],"picked":"SKIP","floor":8.0},{"not_picked":["MagicAbsorber","IllusionStar","PulseMagic"],"picked":"SKIP","floor":11.0},{"not_picked":["ChargingUp","NonDirectionalLaser","Acceleration"],"picked":"SKIP","floor":12.0},{"not_picked":["ManaConvection","ShootingEcho"],"picked":"EscapeVelocity","floor":13.0},{"not_picked":["AsteroidBelt","MilkyWay","NonDirectionalLaser"],"picked":"SKIP","floor":14.0},{"not_picked":["MaximisePower","ManaRampage"],"picked":"UltimateShortwave","floor":16.0},{"not_picked":["PowerUp","UnstableBomb","DC"],"picked":"SKIP","floor":18.0},{"not_picked":["UnstableBomb","OortCloud","WitchOfGreed"],"picked":"SKIP","floor":20.0},{"not_picked":["CasketOfStar","OneTimeOff+1"],"picked":"Orbital+1","floor":23.0},{"not_picked":["Occultation","ShootTheMoon"],"picked":"Orbital","floor":25.0},{"not_picked":["EventHorizon","BinaryStars","DoubleSpark"],"picked":"SKIP","floor":30.0},{"not_picked":["LuminesStrike","ShootingEcho"],"picked":"MagicChant","floor":31.0}],"player_experience":116326,"relics_obtained":[{"floor":6.0,"key":"Ancient Tea Set"},{"floor":8.0,"key":"Darkstone Periapt"},{"floor":9.0,"key":"Akabeko"},{"floor":13.0,"key":"MealTicket"},{"floor":23.0,"key":"StoneCalendar"},{"floor":26.0,"key":"Nunchaku"},{"floor":30.0,"key":"Peace Pipe"}],"event_choices":[{"cards_removed":["UpSweep"],"damage_healed":0.0,"max_hp_gain":0.0,"max_hp_loss":0.0,"gold_gain":0.0,"event_name":"Golden Wing","player_choice":"Card Removal","floor":4.0,"gold_loss":0.0,"damage_taken":7.0},{"damage_healed":0.0,"max_hp_gain":0.0,"max_hp_loss":0.0,"gold_gain":0.0,"event_name":"Addict","player_choice":"Stole Relic","floor":21.0,"gold_loss":0.0,"damage_taken":0.0,"relics_obtained":["Juzu Bracelet"],"cards_obtained":["Shame"]},{"damage_healed":0.0,"max_hp_gain":0.0,"max_hp_loss":0.0,"gold_gain":99.0,"event_name":"Nest","player_choice":"Stole From Cult","floor":28.0,"gold_loss":0.0,"damage_taken":0.0},{"damage_healed":0.0,"max_hp_gain":0.0,"max_hp_loss":0.0,"gold_gain":0.0,"event_name":"Vampires","player_choice":"Ignored","floor":29.0,"gold_loss":0.0,"damage_taken":0.0}],"is_beta":false,"boss_relics":[{"not_picked":["Sozu","RampagingMagicTools"],"picked":"Replay:Wanted Poster"}],"items_purged_floors":[22],"is_endless":false,"potions_floor_spawned":[2,3,5,12,13,14,16,20,23],"killed_by":"Collector","ascension_level":5}}