{"host":"hgkb2zpbo2dcws21","time":1609061912,"event":{"mods":["AchievementEnabler","BaseMod","Colored Map","Colored Powertips","Custom Start","DeckTracker","KOR Keyword Fix","Minty Spire (QoL Compilation)","Relic Stats","StSLib","SuperFastMode"],"gold_per_floor":[13,24,43,43,43,43,43,43],"floor_reached":7,"playtime":122,"items_purged":[],"score":74,"play_id":"0a0696b9-59de-4f88-995d-409762be7c9c","local_time":"20201227183832","is_ascension_mode":true,"campfire_choices":[{"floor":6.0,"key":"REST"}],"circlet_count":0,"master_deck":["AscendersBane","Strike_P","Strike_P","Strike_P","Strike_P","Defend_P","Defend_P","Defend_P","Defend_P","Eruption+1","Vigilance","DevaForm","FlurryOfBlows+1","Judgement+1"],"relics":["PureWater"],"acts_visited":["Exordium"],"potions_floor_usage":[],"damage_taken":[{"damage":7.0,"enemies":"Jaw Worm","floor":1.0,"turns":5.0},{"damage":0.0,"enemies":"2 Louse","floor":2.0,"turns":3.0},{"damage":13.0,"enemies":"Small Slimes","floor":3.0,"turns":4.0},{"damage":8,"enemies":"Gremlin Nob","floor":7,"turns":3}],"seed_played":"7972655919425542912","potions_obtained":[],"is_trial":false,"path_per_floor":["M","M","M","?","?","R","E"],"character_chosen":"WATCHER","items_purchased":[],"campfire_rested":1,"item_purchase_floors":[],"current_hp_per_floor":[54,54,41,41,21,41,33,33],"gold":43,"neow_bonus":"THREE_RARE_CARDS","is_daily":false,"chose_seed":false,"campfire_upgraded":0,"win_rate":0.0,"timestamp":1609061912,"path_taken":["M","M","M","?","?","R","E"],"items_purchased_type":[],"build_version":"2020-12-22","purchased_purges":0,"victory":false,"max_hp_per_floor":[68,68,68,68,68,68,68,68],"relic_stats":{"counters":[4,15],"obtain_stats":[{"PureWater":0},{"PureWater":0},{"PureWater":0}]},"card_choices":[{"not_picked":["Blasphemy","Omniscience"],"picked":"DevaForm","floor":0.0},{"not_picked":["EmptyBody","ThirdEye"],"picked":"FlurryOfBlows","floor":1.0},{"not_picked":["CutThroughFate","WaveOfTheHand","SashWhip"],"picked":"SKIP","floor":2.0},{"not_picked":["Prostrate","EmptyBody"],"picked":"Judgement","floor":3.0}],"player_experience":1110561,"relics_obtained":[],"event_choices":[{"damage_healed":0.0,"max_hp_gain":0.0,"max_hp_loss":0.0,"gold_gain":0.0,"event_name":"Living Wall","player_choice":"Grow","floor":4.0,"gold_loss":0.0,"damage_taken":0.0,"cards_upgraded":["Eruption"]},{"damage_healed":0.0,"max_hp_gain":0.0,"max_hp_loss":0.0,"gold_gain":0.0,"event_name":"Shining Light","player_choice":"Entered Light","floor":5.0,"gold_loss":0.0,"damage_taken":20.0,"cards_upgraded":["FlurryOfBlows","Judgement"]}],"is_beta":false,"boss_relics":[],"items_purged_floors":[],"is_endless":false,"potions_floor_spawned":[],"killed_by":"Gremlin Nob","ascension_level":16}}