{"host":"vydapxfau6612551","time":1609028972,"event":{"mods":["AchievementEnabler","BaseMod","Minty Spire (QoL Compilation)","StSLib","SuperFastMode"],"gold_per_floor":[112,129,147,157,88,88,115,125,125,143,143,159,159,177,177,282,332,348,366,366,55,74,74,84,84,111,111,129,146,179,194,194,290,290,310,310,328,328,338,338,338],"floor_reached":40,"playtime":2128,"items_purged":[],"score":595,"play_id":"68f46719-784f-48b9-ab1e-a82e14b703fe","local_time":"20201227092932","is_ascension_mode":true,"campfire_choices":[{"floor":6.0,"key":"REST"},{"floor":15.0,"key":"RECALL"},{"floor":23.0,"key":"REST"},{"floor":25,"key":"REST"},{"data":"Havoc","floor":27,"key":"SMITH"},{"floor":32,"key":"REST"}],"circlet_count":0,"master_deck":["Strike_R","Strike_R+1","Strike_R","Strike_R","Strike_R","Defend_R","Defend_R","Defend_R","Defend_R","Bash","Headbutt","Wild Strike","Burning Pact+1","Clothesline","Evolve","Pommel Strike","Reckless Charge","Disarm","Immolate","Havoc+1","Fire Breathing+1","Fire Breathing+1","Secret Technique","Fiend Fire","Brutality","Infernal Blade+1","Infernal Blade+1","Sever Soul","Sever Soul"],"relics":["Burning Blood","Dead Branch","Lantern","Charon\u0027s Ashes","Tiny House","Red Skull","StoneCalendar","Busted Crown","Smiling Mask"],"acts_visited":["TheCity","TheBeyond"],"potions_floor_usage":[30,30],"damage_taken":[{"damage":10.0,"enemies":"Cultist","floor":1.0,"turns":4.0},{"damage":12.0,"enemies":"Jaw Worm","floor":2.0,"turns":2.0},{"damage":0.0,"enemies":"Small Slimes","floor":3.0,"turns":2.0},{"damage":9.0,"enemies":"Blue Slaver","floor":4.0,"turns":4.0},{"damage":27.0,"enemies":"Gremlin Nob","floor":7.0,"turns":5.0},{"damage":12.0,"enemies":"Looter","floor":8.0,"turns":3.0},{"damage":11.0,"enemies":"3 Louse","floor":10.0,"turns":3.0},{"damage":25.0,"enemies":"Large Slime","floor":12.0,"turns":6.0},{"damage":8.0,"enemies":"Red Slaver","floor":14.0,"turns":5.0},{"damage":16.0,"enemies":"Hexaghost","floor":16.0,"turns":7.0},{"damage":38.0,"enemies":"2 Thieves","floor":18.0,"turns":4.0},{"damage":12.0,"enemies":"Shell Parasite","floor":19.0,"turns":2.0},{"damage":18.0,"enemies":"Chosen and Byrds","floor":22.0,"turns":4.0},{"damage":71,"enemies":"Centurion and Healer","floor":24,"turns":5},{"damage":7,"enemies":"3 Cultists","floor":28,"turns":3},{"damage":7,"enemies":"Cultist and Chosen","floor":29,"turns":4},{"damage":3,"enemies":"Gremlin Leader","floor":30,"turns":3},{"damage":0,"enemies":"Snake Plant","floor":31,"turns":2},{"damage":36,"enemies":"Collector","floor":33,"turns":7},{"damage":8,"enemies":"3 Shapes","floor":35,"turns":2},{"damage":6,"enemies":"Orb Walker","floor":37,"turns":1},{"damage":37,"enemies":"Spire Growth","floor":39,"turns":4},{"damage":40,"enemies":"Giant Head","floor":40,"turns":5}],"seed_played":"7007220087453679627","potions_obtained":[{"floor":2.0,"key":"GamblersBrew"},{"floor":3.0,"key":"SteroidPotion"},{"floor":7.0,"key":"SteroidPotion"},{"floor":14.0,"key":"ColorlessPotion"},{"floor":17.0,"key":"Swift Potion"},{"floor":19.0,"key":"EntropicBrew"},{"floor":24,"key":"Strength Potion"},{"floor":28,"key":"SkillPotion"},{"floor":39,"key":"HeartOfIron"}],"is_trial":false,"path_per_floor":["M","M","M","M","$","R","E","M","T","M","?","M","T","M","R","B",null,"M","M","?","$","M","R","M","R","T","R","M","M","E","M","R","B",null,"M","T","M","?","M","E"],"character_chosen":"IRONCLAD","items_purchased":["Evolve","Secret Technique","Fiend Fire"],"campfire_rested":4,"item_purchase_floors":[5,21,21],"current_hp_per_floor":[47,41,47,44,44,68,47,41,41,36,62,43,43,41,41,31,73,41,35,35,35,23,48,8,33,33,33,32,31,34,40,65,35,73,71,71,71,71,40,0,0],"gold":338,"neow_bonus":"ONE_RARE_RELIC","is_daily":false,"chose_seed":false,"campfire_upgraded":1,"win_rate":0.0,"timestamp":1609028972,"path_taken":["M","M","M","M","?","R","E","M","T","M","?","M","?","M","R","BOSS","M","M","?","$","M","R","M","R","T","R","M","M","E","M","R","BOSS","M","?","M","?","?","E"],"items_purchased_type":["Card","Card","Card"],"build_version":"2020-12-22","purchased_purges":0,"victory":false,"max_hp_per_floor":[80,80,80,80,80,80,80,80,80,80,80,80,80,80,80,80,85,85,85,85,85,85,85,85,85,85,85,85,85,85,85,85,85,85,85,85,85,85,85,85,85],"card_choices":[{"not_picked":["Clothesline","Hemokinesis"],"picked":"Headbutt","floor":1.0},{"not_picked":["True Grit","Rage"],"picked":"Wild Strike","floor":2.0},{"not_picked":["Heavy Blade","Rupture"],"picked":"Burning Pact","floor":3.0},{"not_picked":["Heavy Blade","Flex"],"picked":"Clothesline","floor":4.0},{"not_picked":["Ghostly Armor","Body Slam"],"picked":"Pommel Strike","floor":7.0},{"not_picked":["Thunderclap","Juggernaut","Flex"],"picked":"SKIP","floor":8.0},{"not_picked":["Evolve","Twin Strike"],"picked":"Reckless Charge","floor":10.0},{"not_picked":["Cleave","Body Slam","Headbutt"],"picked":"SKIP","floor":12.0},{"not_picked":["Blood for Blood","Clothesline"],"picked":"Disarm","floor":14.0},{"not_picked":["Bludgeon","Reaper"],"picked":"Immolate","floor":16.0},{"not_picked":["Hemokinesis+1","Thunderclap"],"picked":"Havoc","floor":18.0},{"not_picked":["Inflame+1","Havoc"],"picked":"Fire Breathing+1","floor":19.0},{"not_picked":["Havoc","Flex"],"picked":"Brutality","floor":22.0},{"not_picked":["Pommel Strike","Thunderclap","Armaments"],"picked":"SKIP","floor":24},{"not_picked":["Thunderclap","Cleave"],"picked":"Infernal Blade+1","floor":28},{"not_picked":["Havoc","Armaments+1"],"picked":"Infernal Blade+1","floor":29},{"not_picked":["Armaments","Cleave+1","Shrug It Off"],"picked":"SKIP","floor":30},{"not_picked":["Clothesline","Iron Wave"],"picked":"Sever Soul","floor":31},{"not_picked":["Cleave"],"picked":"SKIP","floor":35},{"not_picked":["Sword Boomerang"],"picked":"SKIP","floor":37},{"not_picked":[],"picked":"Sever Soul","floor":39}],"player_experience":377429,"relics_obtained":[{"floor":7.0,"key":"Lantern"},{"floor":9.0,"key":"Charon\u0027s Ashes"},{"floor":26,"key":"Red Skull"},{"floor":30,"key":"StoneCalendar"},{"floor":36,"key":"Smiling Mask"}],"event_choices":[{"damage_healed":26.0,"max_hp_gain":0.0,"max_hp_loss":0.0,"gold_gain":0.0,"event_name":"Big Fish","player_choice":"Banana","floor":11.0,"gold_loss":0.0,"damage_taken":0.0},{"damage_healed":0.0,"max_hp_gain":0.0,"max_hp_loss":0.0,"gold_gain":0.0,"event_name":"Duplicator","player_choice":"Copied","floor":20.0,"gold_loss":0.0,"damage_taken":0.0,"cards_obtained":["Fire Breathing"]},{"damage_healed":0,"gold_gain":0,"player_choice":"Forge","damage_taken":0,"max_hp_gain":0,"max_hp_loss":0,"event_name":"Accursed Blacksmith","floor":38,"gold_loss":0,"cards_upgraded":["Burning Pact"]}],"is_beta":false,"boss_relics":[{"not_picked":["Runic Dome","SacredBark"],"picked":"Tiny House"},{"not_picked":["Empty Cage","Runic Pyramid"],"picked":"Busted Crown"}],"items_purged_floors":[],"is_endless":false,"potions_floor_spawned":[2,3,7,8,10,14,19,24,28,39],"killed_by":"Giant Head","ascension_level":7}}