{"host":"30jsp143e4v19aze","time":1609091031,"event":{"mods":["BaseMod","Colored Map","Colored Powertips","Curses Come First","DeckTracker","Highlight Path","Minty Spire (QoL Compilation)","Quick Restart","Relic Stats","StSLib","everything is the same but u backflip on backflip","slay the spire mod where everything is the same but ironclad has a cowboy hat"],"gold_per_floor":[119,139,6,6,6,31,48,82,82,112,10,22,42,76,76,152,152,163,213,26,37,56,56,86,86,112,112,147,147,175,175,175,249,299,314,325,1324,1324,1334,1361,1361,1361,1361,1361,1361],"floor_reached":44,"playtime":2068,"items_purged":[],"score":1144,"play_id":"a24c19b6-a9b7-470d-91a7-b7938eb2e687","local_time":"20201227184351","is_ascension_mode":true,"campfire_choices":[{"data":"Bouncing Flask","floor":15,"key":"SMITH"},{"floor":23,"key":"REST"},{"data":"Noxious Fumes","floor":25,"key":"SMITH"},{"data":"Crippling Poison","floor":27,"key":"SMITH"},{"data":"Footwork","floor":32,"key":"SMITH"},{"data":"Wraith Form v2","floor":41,"key":"SMITH"}],"circlet_count":0,"master_deck":["AscendersBane","Defend_G","Defend_G","Defend_G","Defend_G","Defend_G","Survivor","Neutralize","Footwork","Leg Sweep","Bouncing Flask+1","Flying Knee","Adrenaline","Deadly Poison","Concentrate","Blur","Backflip","Poisoned Stab","Night Terror","Burst","Bane","Noxious Fumes+1","Crippling Poison+1","Footwork+1","Crippling Poison+1","Wraith Form v2+1","Ghostly","Ghostly","Ghostly","Doppelganger","Burst","Reflex","Tools of the Trade","Acrobatics","PiercingWail","Noxious Fumes","Bandage Up"],"relics":["Ring of the Snake","NeowsBlessing","Centennial Puzzle","Mummified Hand","The Courier","Gambling Chip","Bird Faced Urn","HoveringKite","Potion Belt","Omamori","Sundial","Boot","Tiny House","Smiling Mask"],"acts_visited":["Exordium","TheCity","TheBeyond"],"potions_floor_usage":[14,16,16,24,33,33],"damage_taken":[{"damage":0,"enemies":"Small Slimes","floor":1,"turns":1},{"damage":0,"enemies":"Jaw Worm","floor":2,"turns":1},{"damage":0,"enemies":"Gremlin Nob","floor":6,"turns":1},{"damage":0,"enemies":"Cultist","floor":7,"turns":4},{"damage":10,"enemies":"Lagavulin","floor":8,"turns":5},{"damage":14,"enemies":"Gremlin Nob","floor":10,"turns":4},{"damage":0,"enemies":"Exordium Wildlife","floor":12,"turns":5},{"damage":10,"enemies":"Large Slime","floor":13,"turns":7},{"damage":11,"enemies":"3 Sentries","floor":14,"turns":11},{"damage":8,"enemies":"The Guardian","floor":16,"turns":9},{"damage":0,"enemies":"Spheric Guardian","floor":18,"turns":1},{"damage":3,"enemies":"Chosen","floor":21,"turns":5},{"damage":31,"enemies":"Shelled Parasite and Fungi","floor":22,"turns":5},{"damage":5,"enemies":"Gremlin Leader","floor":24,"turns":6},{"damage":22,"enemies":"Book of Stabbing","floor":28,"turns":5},{"damage":12,"enemies":"Slavers","floor":30,"turns":6},{"damage":23,"enemies":"Champ","floor":33,"turns":12},{"damage":17,"enemies":"3 Darklings","floor":35,"turns":3},{"damage":8,"enemies":"Orb Walker","floor":36,"turns":4},{"damage":3,"enemies":"Sphere and 2 Shapes","floor":39,"turns":7},{"damage":16,"enemies":"Nemesis","floor":40,"turns":9},{"damage":30,"enemies":"Transient","floor":44,"turns":2}],"seed_played":"1323111292924863503","potions_obtained":[{"floor":2,"key":"SteroidPotion"},{"floor":6,"key":"Weak Potion"},{"floor":13,"key":"SkillPotion"},{"floor":14,"key":"Strength Potion"},{"floor":21,"key":"GamblersBrew"},{"floor":22,"key":"Dexterity Potion"},{"floor":24,"key":"GamblersBrew"},{"floor":30,"key":"FearPotion"},{"floor":33,"key":"DuplicationPotion"},{"floor":34,"key":"Fruit Juice"},{"floor":40,"key":"Poison Potion"}],"is_trial":false,"path_per_floor":["M","M","$","?","?","E","M","E","T","E","$","M","M","E","R","B",null,"M","?","$","M","M","R","E","R","T","R","E","?","E","?","R","B",null,"M","M","?","?","M","E","R","?","T","M"],"character_chosen":"THE_SILENT","items_purchased":["Bouncing Flask","Flying Knee","Blur","Backflip","Noxious Fumes","Crippling Poison","Footwork"],"campfire_rested":1,"item_purchase_floors":[3,3,11,11,20,20,20],"current_hp_per_floor":[59,59,59,52,52,52,52,42,42,28,28,28,18,7,7,1,50,50,50,50,53,28,47,48,48,48,48,32,32,24,24,24,9,32,19,19,19,19,26,20,20,20,20,0,0],"gold":1361,"neow_bonus":"THREE_ENEMY_KILL","is_daily":false,"chose_seed":false,"campfire_upgraded":5,"win_rate":0.0,"timestamp":1609091031,"path_taken":["M","M","$","?","?","E","M","E","T","E","$","M","?","E","R","BOSS","M","?","$","M","M","R","E","R","T","R","E","?","E","?","R","BOSS","M","M","?","?","?","E","R","?","T","M"],"items_purchased_type":["Card","Card","Card","Card","Card","Card","Card"],"build_version":"2020-12-22","purchased_purges":0,"victory":false,"max_hp_per_floor":[66,66,66,66,66,66,66,66,66,66,66,66,66,66,66,66,66,66,66,66,66,66,66,66,66,66,66,66,33,33,33,33,33,38,38,38,38,38,38,38,38,38,38,38,38],"relic_stats":{"Centennial Puzzle":[45],"counters":[22,113],"Mummified Hand":[49],"Sundial":[4],"Gambling Chip":[43],"Bird Faced Urn":[74],"HoveringKite":[29],"Boot":[20],"Smiling Mask":0,"obtain_stats":[{"Potion Belt":24,"Tiny House":34,"NeowsBlessing":0,"HoveringKite":17,"The Courier":9,"Omamori":26,"Boot":30,"Smiling Mask":40,"Centennial Puzzle":6,"Mummified Hand":8,"Sundial":28,"Gambling Chip":10,"Bird Faced Urn":14,"Ring of the Snake":0},{"Potion Belt":14,"Tiny House":17,"NeowsBlessing":0,"HoveringKite":10,"The Courier":5,"Omamori":14,"Boot":16,"Smiling Mask":21,"Centennial Puzzle":3,"Mummified Hand":5,"Sundial":15,"Gambling Chip":6,"Bird Faced Urn":9,"Ring of the Snake":0},{"Potion Belt":65,"Tiny House":88,"NeowsBlessing":0,"HoveringKite":48,"The Courier":12,"Omamori":65,"Boot":76,"Smiling Mask":111,"Centennial Puzzle":3,"Mummified Hand":12,"Sundial":70,"Gambling Chip":16,"Bird Faced Urn":39,"Ring of the Snake":0}],"Ring of the Snake":[44]},"card_choices":[{"not_picked":["Acrobatics","PiercingWail"],"picked":"Footwork","floor":1},{"not_picked":["Reflex","Choke"],"picked":"Leg Sweep","floor":2},{"not_picked":["Caltrops","Setup"],"picked":"Adrenaline","floor":6},{"not_picked":["Acrobatics","Outmaneuver"],"picked":"Deadly Poison","floor":7},{"not_picked":["Deadly Poison","Tactician"],"picked":"Concentrate","floor":8},{"not_picked":["Expertise","Distraction","Setup"],"picked":"SKIP","floor":10},{"not_picked":["Sucker Punch","Tactician","Prepared"],"picked":"SKIP","floor":12},{"not_picked":["Backstab","Quick Slash"],"picked":"Poisoned Stab","floor":13},{"not_picked":["Slice","Tactician"],"picked":"Night Terror","floor":14},{"not_picked":["Tools of the Trade","Adrenaline"],"picked":"Burst","floor":16},{"not_picked":["Dash+1","Deadly Poison+1"],"picked":"Bane","floor":18},{"not_picked":["Poisoned Stab","Blade Dance","Dagger Throw+1"],"picked":"SKIP","floor":21},{"not_picked":["Deadly Poison","Footwork"],"picked":"Crippling Poison+1","floor":22},{"not_picked":["Catalyst","All Out Attack"],"picked":"Wraith Form v2","floor":24},{"not_picked":["Riddle With Holes","Caltrops","Outmaneuver"],"picked":"SKIP","floor":28},{"not_picked":["Cloak And Dagger","Dagger Spray"],"picked":"Doppelganger","floor":30},{"not_picked":["After Image","Phantasmal Killer"],"picked":"Tools of the Trade","floor":33},{"not_picked":["Prepared","Masterful Stab"],"picked":"Acrobatics","floor":34},{"not_picked":["Slice+1","Choke","Prepared"],"picked":"SKIP","floor":35},{"not_picked":["Caltrops+1","Predator"],"picked":"PiercingWail","floor":36},{"not_picked":["Outmaneuver","Bouncing Flask","Flechettes+1"],"picked":"SKIP","floor":39},{"not_picked":["PiercingWail","Quick Slash+1"],"picked":"Noxious Fumes","floor":40},{"not_picked":["Impatience","PanicButton"],"picked":"Bandage Up","floor":42}],"player_experience":3269246,"relics_obtained":[{"floor":6,"key":"Centennial Puzzle"},{"floor":8,"key":"Mummified Hand"},{"floor":9,"key":"The Courier"},{"floor":10,"key":"Gambling Chip"},{"floor":14,"key":"Bird Faced Urn"},{"floor":24,"key":"Potion Belt"},{"floor":26,"key":"Omamori"},{"floor":28,"key":"Sundial"},{"floor":30,"key":"Boot"},{"floor":40,"key":"Smiling Mask"}],"event_choices":[{"cards_removed":["Strike_G"],"damage_healed":0,"gold_gain":0,"player_choice":"Card Removal","damage_taken":7,"max_hp_gain":0,"max_hp_loss":0,"event_name":"Golden Wing","floor":4,"gold_loss":0},{"cards_removed":["Strike_G"],"damage_healed":0,"gold_gain":0,"player_choice":"Offered Basic","damage_taken":0,"max_hp_gain":0,"max_hp_loss":0,"event_name":"Bonfire Elementals","floor":5,"gold_loss":0},{"damage_healed":0,"gold_gain":50,"player_choice":"Stole From Cult","damage_taken":0,"max_hp_gain":0,"max_hp_loss":0,"event_name":"Nest","floor":19,"gold_loss":0},{"damage_healed":0,"gold_gain":0,"player_choice":"Became a Ghost","damage_taken":0,"max_hp_gain":0,"max_hp_loss":33,"event_name":"Ghosts","floor":29,"gold_loss":0,"cards_obtained":["Ghostly","Ghostly","Ghostly"]},{"damage_healed":0,"gold_gain":0,"cards_transformed":["Strike_G","Strike_G"],"player_choice":"Became Test Subject","damage_taken":0,"max_hp_gain":0,"max_hp_loss":0,"event_name":"Drug Dealer","floor":31,"gold_loss":0,"cards_obtained":["Burst","Reflex"]},{"damage_healed":0,"gold_gain":999,"player_choice":"Gold","damage_taken":0,"max_hp_gain":0,"max_hp_loss":0,"event_name":"MindBloom","floor":37,"gold_loss":0,"cards_obtained":["Normality","Normality"]},{"cards_removed":["Strike_G"],"damage_healed":0,"gold_gain":0,"player_choice":"Removed Attack","damage_taken":0,"max_hp_gain":0,"max_hp_loss":0,"event_name":"Falling","floor":38,"gold_loss":0},{"damage_healed":0,"gold_gain":0,"player_choice":"Memory 1","damage_taken":0,"max_hp_gain":0,"max_hp_loss":0,"event_name":"SensoryStone","floor":42,"gold_loss":0}],"is_beta":false,"boss_relics":[{"not_picked":["Pandora\u0027s Box","Busted Crown"],"picked":"HoveringKite"},{"not_picked":["WristBlade","Runic Dome"],"picked":"Tiny House"}],"items_purged_floors":[],"is_endless":false,"potions_floor_spawned":[2,6,12,13,14,21,22,24,30,33,40],"killed_by":"Transient","ascension_level":20}}