{"host":"12piqfhmdln9x2la","time":1609073490,"event":{"mods":["2.2 Compatiblity","AchievementEnabler","BaseMod","BetterRewards","Colored Powertips","Minty Spire (QoL Compilation)","Quick Restart","SuperFastMode"],"gold_per_floor":[119,119,167,10,20,20,40,71,98,114,147,157,182,29,29,126,126,136,136,155,167,182,207,207,207,207],"floor_reached":25,"playtime":508,"items_purged":[],"score":255,"play_id":"76933657-0ebe-43ff-a779-216042c0ca26","local_time":"20201227215130","is_ascension_mode":true,"campfire_choices":[{"data":"Bouncing Flask","floor":6,"key":"SMITH"},{"floor":15,"key":"RECALL"}],"circlet_count":0,"master_deck":["Strike_G","Strike_G","Strike_G","Strike_G","Strike_G","Defend_G","Defend_G+1","Defend_G","Defend_G","Defend_G+1","Survivor","Neutralize","Bouncing Flask+1","Poisoned Stab","Poisoned Stab","Deflect","PiercingWail","Deadly Poison","Crippling Poison","Concentrate","Footwork","Outmaneuver","Burst","CurseOfTheBell","Writhe","PiercingWail","Corpse Explosion"],"relics":["Ring of the Snake","NeowsBlessing","Snake Skull","TwistedFunnel","Mercury Hourglass","Toy Ornithopter","Lantern","Orrery","Calling Bell","Pen Nib","Ornamental Fan","Tough Bandages","Anchor","Nunchaku"],"acts_visited":["Exordium","TheCity"],"potions_floor_usage":[13,16,16,22,22],"damage_taken":[{"damage":0,"enemies":"Small Slimes","floor":1,"turns":1},{"damage":0,"enemies":"Jaw Worm","floor":5,"turns":1},{"damage":0,"enemies":"Cultist","floor":7,"turns":1},{"damage":14,"enemies":"Gremlin Nob","floor":8,"turns":3},{"damage":0,"enemies":"Large Slime","floor":10,"turns":2},{"damage":19,"enemies":"3 Sentries","floor":11,"turns":4},{"damage":0,"enemies":"Exordium Wildlife","floor":12,"turns":2},{"damage":13,"enemies":"Lagavulin","floor":13,"turns":4},{"damage":18,"enemies":"The Guardian","floor":16,"turns":6},{"damage":7,"enemies":"Spheric Guardian","floor":18,"turns":3},{"damage":20,"enemies":"2 Thieves","floor":20,"turns":3},{"damage":0,"enemies":"Cultist and Chosen","floor":21,"turns":6},{"damage":16,"enemies":"Snecko","floor":22,"turns":5},{"damage":36,"enemies":"Slavers","floor":23,"turns":4},{"damage":2,"enemies":"Shelled Parasite and Fungi","floor":25,"turns":2}],"seed_played":"3398894717783253366","potions_obtained":[{"floor":1,"key":"Strength Potion"},{"floor":5,"key":"Energy Potion"},{"floor":11,"key":"Strength Potion"},{"floor":13,"key":"Strength Potion"},{"floor":21,"key":"EntropicBrew"},{"floor":24,"key":"Dexterity Potion"}],"is_trial":false,"path_per_floor":["M","?","T","$","M","R","M","E","T","M","E","M","E","$","R","B",null,"M","?","M","M","M","E","?","M"],"character_chosen":"THE_SILENT","items_purchased":["TwistedFunnel","Orrery"],"campfire_rested":0,"item_purchase_floors":[4,14],"current_hp_per_floor":[70,56,56,56,56,56,56,42,42,42,23,23,15,15,15,7,70,63,63,43,43,37,1,1,0,0],"gold":207,"neow_bonus":"THREE_ENEMY_KILL","is_daily":false,"chose_seed":false,"campfire_upgraded":1,"win_rate":0.0,"timestamp":1609073490,"path_taken":["M","?","?","?","?","R","?","E","T","M","E","M","E","$","R","BOSS","M","?","M","M","M","E","?","?"],"items_purchased_type":["Relic","Relic"],"build_version":"2020-12-22","purchased_purges":0,"victory":false,"max_hp_per_floor":[70,70,70,70,70,70,70,70,70,70,70,70,70,70,70,70,70,70,70,70,70,70,70,70,70,70],"card_choices":[{"not_picked":["Accuracy","Acrobatics"],"picked":"Bouncing Flask","floor":1},{"not_picked":["Crippling Poison","Backflip"],"picked":"Poisoned Stab","floor":5},{"not_picked":["Riddle With Holes","Bane"],"picked":"Poisoned Stab","floor":7},{"not_picked":["Sucker Punch","Acrobatics"],"picked":"Deflect","floor":8},{"not_picked":["Well Laid Plans","Masterful Stab","Flechettes"],"picked":"SKIP","floor":10},{"not_picked":["Acrobatics","Infinite Blades"],"picked":"PiercingWail","floor":11},{"not_picked":["Bane","PiercingWail"],"picked":"Deadly Poison","floor":12},{"not_picked":["Tactician","Night Terror"],"picked":"Crippling Poison","floor":13},{"not_picked":["Slice","Cloak And Dagger"],"picked":"Concentrate","floor":14},{"not_picked":["Heel Hook","Accuracy"],"picked":"Footwork","floor":14},{"not_picked":["Setup","Underhanded Strike"],"picked":"Outmaneuver","floor":14},{"not_picked":["Malaise","Phantasmal Killer"],"picked":"Burst","floor":16},{"not_picked":["Cloak And Dagger+1","Sucker Punch+1","Dagger Spray+1"],"picked":"SKIP","floor":18},{"not_picked":["All Out Attack","Infinite Blades","Setup"],"picked":"SKIP","floor":20},{"not_picked":["Expertise","Glass Knife"],"picked":"PiercingWail","floor":21},{"not_picked":["Blade Dance","Caltrops","Dash"],"picked":"SKIP","floor":22},{"not_picked":["Noxious Fumes+1","Deflect+1"],"picked":"Corpse Explosion","floor":23}],"player_experience":127355,"relics_obtained":[{"floor":3,"key":"Snake Skull"},{"floor":8,"key":"Mercury Hourglass"},{"floor":11,"key":"Toy Ornithopter"},{"floor":13,"key":"Lantern"},{"floor":17,"key":"Pen Nib"},{"floor":17,"key":"Ornamental Fan"},{"floor":17,"key":"Tough Bandages"},{"floor":23,"key":"Nunchaku"}],"event_choices":[{"damage_healed":0,"gold_gain":0,"player_choice":"Entered Light","damage_taken":14,"max_hp_gain":0,"max_hp_loss":0,"event_name":"Shining Light","floor":2,"gold_loss":0,"cards_upgraded":["Defend_G","Defend_G"]},{"damage_healed":0,"gold_gain":0,"player_choice":"Opened","damage_taken":0,"relics_obtained":["Anchor"],"max_hp_gain":0,"max_hp_loss":0,"event_name":"The Mausoleum","floor":19,"gold_loss":0,"cards_obtained":["Writhe"]},{"damage_healed":0,"gold_gain":0,"player_choice":"Got Potions","damage_taken":0,"max_hp_gain":0,"max_hp_loss":0,"event_name":"Lab","floor":24,"gold_loss":0}],"is_beta":false,"boss_relics":[{"not_picked":["Pandora\u0027s Box","Velvet Choker"],"picked":"Calling Bell"}],"items_purged_floors":[],"is_endless":false,"potions_floor_spawned":[1,5,11,13,21,22],"killed_by":"Shelled Parasite and Fungi","ascension_level":1}}