{"host":"wha9hktbkslqvblg","time":1609032683,"event":{"mods":["BaseMod","Colored Map","Minty Spire (QoL Compilation)","Relic Stats","SuperFastMode","everything is the same but u backflip on backflip"],"gold_per_floor":[116,116,41,55,55,86,86,86,86],"floor_reached":8,"playtime":96,"items_purged":["Strike_R"],"score":158,"play_id":"5e6ce77a-0708-4b60-a799-2465a0ce6c4a","local_time":"20201227103123","is_ascension_mode":true,"campfire_choices":[{"data":"Body Slam","floor":7,"key":"SMITH"}],"circlet_count":0,"master_deck":["AscendersBane","Strike_R","Strike_R","Strike_R","Strike_R","Defend_R","Defend_R","Defend_R","Defend_R","Bash","Body Slam+1","Second Wind"],"relics":["Burning Blood","NeowsBlessing","Potion Belt","Golden Idol","Red Skull"],"acts_visited":["Exordium"],"potions_floor_usage":[],"damage_taken":[{"damage":0,"enemies":"2 Louse","floor":1,"turns":1},{"damage":0,"enemies":"Cultist","floor":4,"turns":1},{"damage":0,"enemies":"Lagavulin","floor":6,"turns":1},{"damage":40,"enemies":"3 Sentries","floor":8,"turns":6}],"seed_played":"-6249139076578402961","potions_obtained":[],"is_trial":false,"path_per_floor":["M","?","$","M","?","E","R","E"],"character_chosen":"IRONCLAD","items_purchased":[],"campfire_rested":0,"item_purchase_floors":[],"current_hp_per_floor":[74,74,74,75,49,55,55,15,15],"gold":86,"neow_bonus":"THREE_ENEMY_KILL","is_daily":false,"chose_seed":false,"campfire_upgraded":1,"win_rate":0.0,"timestamp":1609032683,"path_taken":["M","?","?","M","?","E","R","E"],"items_purchased_type":[],"build_version":"2020-12-22","purchased_purges":1,"victory":false,"max_hp_per_floor":[75,75,75,75,75,75,75,75,75],"relic_stats":{"counters":[4,9],"Golden Idol":6,"obtain_stats":[{"Potion Belt":2,"NeowsBlessing":0,"Golden Idol":5,"Burning Blood":0,"Red Skull":6},{"Potion Belt":1,"NeowsBlessing":0,"Golden Idol":2,"Burning Blood":0,"Red Skull":3},{"Potion Belt":1,"NeowsBlessing":0,"Golden Idol":2,"Burning Blood":0,"Red Skull":3}],"Burning Blood":13},"card_choices":[{"not_picked":["Clothesline","Clash","Flex"],"picked":"SKIP","floor":1},{"not_picked":["Flame Barrier","Flex"],"picked":"Body Slam","floor":4},{"not_picked":["Inflame","Havoc"],"picked":"Second Wind","floor":6}],"player_experience":897728,"relics_obtained":[{"floor":2,"key":"Potion Belt"},{"floor":6,"key":"Red Skull"}],"event_choices":[{"damage_healed":0,"gold_gain":0,"player_choice":"Relic","damage_taken":0,"max_hp_gain":0,"max_hp_loss":0,"event_name":"Wheel of Change","floor":2,"gold_loss":0},{"damage_healed":0,"gold_gain":0,"player_choice":"Take Damage","damage_taken":26,"relics_obtained":["Golden Idol"],"max_hp_gain":0,"max_hp_loss":0,"event_name":"Golden Idol","floor":5,"gold_loss":0}],"is_beta":false,"boss_relics":[],"items_purged_floors":[3],"is_endless":false,"potions_floor_spawned":[],"killed_by":"3 Sentries","ascension_level":20}}