{"host":"g907ck67u7c3hrs6","time":1609092565,"event":{"mods":["BaseMod","DeckTracker","Highlight Path","Keyboard Shortcuts","Minty Spire (QoL Compilation)","Permanent Neow","Say the Spire","SuperFastMode"],"gold_per_floor":[110,110,110,130,155,155,176,176,176,209,79,104,140,140,140,260,260,285,285,285,87,102,145,145,180,180,180,198,211,230,266,266,394,394,410,215,215,548,564,564,584,584,584,619,633,650,667,685,685,685],"floor_reached":51,"playtime":1714,"items_purged":["Strike_B","Writhe","Strike_B"],"score":844,"play_id":"e907a41f-a983-40c5-9e4f-52d72d7b9d31","local_time":"20201228030925","is_ascension_mode":true,"campfire_choices":[{"data":"Zap","floor":6,"key":"SMITH"},{"data":"Dualcast","floor":8,"key":"SMITH"},{"data":"Electrodynamics","floor":15,"key":"SMITH"},{"data":"Steam Power","floor":24,"key":"SMITH"},{"data":"Chill","floor":27,"key":"SMITH"},{"data":"Defragment","floor":32,"key":"SMITH"},{"data":"Fusion","floor":40,"key":"SMITH"},{"data":"Strike_B","floor":42,"key":"PURGE"},{"data":"Seek","floor":49,"key":"SMITH"}],"circlet_count":0,"master_deck":["Defend_B","Defend_B","Defend_B","Defend_B","Zap+1","Dualcast+1","Rip and Tear","Conserve Battery","Self Repair","Electrodynamics+1","Steam Power+1","Capacitor","Skim","Seek+1","Fusion+1","Self Repair","Chill+1","Static Discharge+1","Loop","Coolheaded","Storm+1","Defragment+1","Echo Form","Conserve Battery+1","Echo Form","Tempest+1","Capacitor+1","White Noise+1","Thunder Strike","Hello World+1"],"relics":["Cracked Core","Smiling Mask","Mummified Hand","Bottled Lightning","Runic Dome","FossilizedHelix","DollysMirror","Peace Pipe","Symbiotic Virus","Orichalcum","Dream Catcher","Black Star","Lizard Tail","Oddly Smooth Stone"],"acts_visited":["Exordium","TheCity","TheBeyond"],"potions_floor_usage":[],"damage_taken":[{"damage":2,"enemies":"Jaw Worm","floor":1,"turns":4},{"damage":12,"enemies":"Small Slimes","floor":4,"turns":3},{"damage":0,"enemies":"2 Louse","floor":5,"turns":1},{"damage":4,"enemies":"Blue Slaver","floor":7,"turns":4},{"damage":12,"enemies":"3 Sentries","floor":10,"turns":5},{"damage":9,"enemies":"Red Slaver","floor":12,"turns":2},{"damage":1,"enemies":"Gremlin Nob","floor":13,"turns":3},{"damage":16,"enemies":"The Guardian","floor":16,"turns":10},{"damage":7,"enemies":"Chosen","floor":18,"turns":4},{"damage":16,"enemies":"Spheric Guardian","floor":22,"turns":4},{"damage":29,"enemies":"Slavers","floor":23,"turns":4},{"damage":32,"enemies":"Gremlin Leader","floor":25,"turns":7},{"damage":15,"enemies":"Shelled Parasite and Fungi","floor":28,"turns":5},{"damage":0,"enemies":"3 Cultists","floor":29,"turns":3},{"damage":11,"enemies":"Cultist and Chosen","floor":30,"turns":6},{"damage":13,"enemies":"Book of Stabbing","floor":31,"turns":4},{"damage":46,"enemies":"Champ","floor":33,"turns":10},{"damage":0,"enemies":"3 Darklings","floor":35,"turns":2},{"damage":0,"enemies":"Orb Walker","floor":39,"turns":2},{"damage":0,"enemies":"Transient","floor":41,"turns":5},{"damage":11,"enemies":"Nemesis","floor":44,"turns":4},{"damage":0,"enemies":"Sphere and 2 Shapes","floor":45,"turns":3},{"damage":0,"enemies":"Maw","floor":46,"turns":4},{"damage":15,"enemies":"Jaw Worm Horde","floor":47,"turns":3},{"damage":0,"enemies":"Transient","floor":48,"turns":5},{"damage":24,"enemies":"Time Eater","floor":50,"turns":6}],"seed_played":"-9109662448723675862","potions_obtained":[{"floor":1,"key":"PotionOfCapacity"},{"floor":10,"key":"CultistPotion"},{"floor":12,"key":"SmokeBomb"},{"floor":18,"key":"SkillPotion"},{"floor":30,"key":"PowerPotion"}],"is_trial":false,"path_per_floor":["M","?","?","M","M","R","M","R","T","E","$","M","E","?","R","B",null,"M","?","?","$","M","E","R","E","T","R","M","M","M","E","R","B",null,"M","$","?","?","M","R","M","R","T","E","M","M","M","M","R","B",null],"character_chosen":"DEFECT","items_purchased":["Capacitor","DollysMirror","Echo Form"],"campfire_rested":0,"item_purchase_floors":[11,21,36],"current_hp_per_floor":[66,44,37,25,25,25,28,28,28,16,16,14,20,20,20,11,89,89,89,89,89,87,72,72,54,54,54,53,67,70,71,71,39,89,89,89,89,89,89,89,89,89,89,89,89,89,88,89,89,79],"gold":685,"neow_bonus":"TWENTY_PERCENT_HP_BONUS","is_daily":false,"chose_seed":false,"campfire_upgraded":8,"win_rate":0.0,"timestamp":1609092565,"path_taken":["M","?","?","M","M","R","M","R","T","E","?","M","E","?","R","BOSS","M","?","?","$","M","E","R","E","T","R","M","M","M","E","R","BOSS","M","$","?","?","M","R","M","R","T","E","M","M","M","M","R","BOSS"],"items_purchased_type":["Card","Relic","Card"],"build_version":"2020-12-22","purchased_purges":3,"victory":true,"max_hp_per_floor":[89,89,89,89,89,89,89,89,89,89,89,89,89,89,89,89,89,89,89,89,89,89,89,89,89,89,89,89,89,89,89,89,89,89,89,89,89,89,89,89,89,89,89,89,89,89,89,89,89,89],"card_choices":[{"not_picked":["Ball Lightning","Conserve Battery"],"picked":"Rip and Tear","floor":1},{"not_picked":["Cold Snap","Steam"],"picked":"Conserve Battery","floor":4},{"not_picked":["Static Discharge","Conserve Battery"],"picked":"Self Repair","floor":5},{"not_picked":["Redo","Leap"],"picked":"Electrodynamics","floor":7},{"not_picked":["Cold Snap","Rebound"],"picked":"Steam Power","floor":10},{"not_picked":["Streamline","Beam Cell"],"picked":"Skim","floor":12},{"not_picked":["Hello World","Go for the Eyes","Stack"],"picked":"SKIP","floor":13},{"not_picked":["Fission","Hyperbeam"],"picked":"Seek","floor":16},{"not_picked":["Conserve Battery","Sweeping Beam"],"picked":"Fusion","floor":18},{"not_picked":["Cold Snap+1","Melter","Lockon"],"picked":"SKIP","floor":22},{"not_picked":["Streamline+1","Rebound"],"picked":"Chill","floor":23},{"not_picked":["Conserve Battery","Force Field"],"picked":"Static Discharge+1","floor":25},{"not_picked":["Hologram","Cold Snap"],"picked":"Loop","floor":28},{"not_picked":["Stack","Redo"],"picked":"Coolheaded","floor":29},{"not_picked":["Conserve Battery","Steam"],"picked":"Storm+1","floor":30},{"not_picked":["Creative AI","Redo"],"picked":"Defragment","floor":31},{"not_picked":["Buffer","Meteor Strike"],"picked":"Echo Form","floor":33},{"not_picked":["Aggregate","Go for the Eyes"],"picked":"Conserve Battery+1","floor":35},{"not_picked":["Cold Snap+1","Scrape+1"],"picked":"Tempest+1","floor":39},{"not_picked":["Redo","Lockon"],"picked":"Capacitor+1","floor":41},{"not_picked":["Stack","Steam","Redo"],"picked":"SKIP","floor":44},{"not_picked":["Compile Driver+1","Reprogram+1","Gash"],"picked":"SKIP","floor":45},{"not_picked":["Turbo+1","Sweeping Beam"],"picked":"White Noise+1","floor":46},{"not_picked":["Rip and Tear","Coolheaded"],"picked":"Thunder Strike","floor":47},{"not_picked":["Undo+1","Steam+1"],"picked":"Hello World+1","floor":48}],"player_experience":191438,"relics_obtained":[{"floor":9,"key":"Smiling Mask"},{"floor":10,"key":"Mummified Hand"},{"floor":13,"key":"Bottled Lightning"},{"floor":23,"key":"Peace Pipe"},{"floor":25,"key":"Symbiotic Virus"},{"floor":26,"key":"Orichalcum"},{"floor":31,"key":"Dream Catcher"},{"floor":44,"key":"Lizard Tail"},{"floor":44,"key":"Oddly Smooth Stone"}],"event_choices":[{"damage_healed":0,"gold_gain":0,"player_choice":"Take Damage","damage_taken":22,"relics_obtained":["Golden Idol"],"max_hp_gain":0,"max_hp_loss":0,"event_name":"Golden Idol","floor":2,"gold_loss":0},{"cards_removed":["Strike_B"],"damage_healed":0,"gold_gain":0,"player_choice":"Card Removal","damage_taken":7,"max_hp_gain":0,"max_hp_loss":0,"event_name":"Golden Wing","floor":3,"gold_loss":0},{"damage_healed":0,"gold_gain":0,"player_choice":"Ignored","damage_taken":0,"max_hp_gain":0,"max_hp_loss":0,"event_name":"Liars Game","floor":14,"gold_loss":0},{"damage_healed":0,"gold_gain":0,"player_choice":"Opened","damage_taken":0,"relics_obtained":["FossilizedHelix"],"max_hp_gain":0,"max_hp_loss":0,"event_name":"The Mausoleum","floor":19,"gold_loss":0,"cards_obtained":["Writhe"]},{"damage_healed":0,"gold_gain":0,"player_choice":"Ignored","damage_taken":0,"max_hp_gain":0,"max_hp_loss":0,"event_name":"Vampires","floor":20,"gold_loss":0},{"damage_healed":0,"gold_gain":0,"player_choice":"Ignored","damage_taken":0,"max_hp_gain":0,"max_hp_loss":0,"event_name":"Tomb of Lord Red Mask","floor":37,"gold_loss":0},{"damage_healed":0,"gold_gain":333,"player_choice":"Gave Idol","damage_taken":0,"max_hp_gain":0,"max_hp_loss":0,"event_name":"The Moai Head","floor":38,"relics_lost":["Golden Idol"],"gold_loss":0}],"is_beta":false,"boss_relics":[{"not_picked":["Inserter","Cursed Key"],"picked":"Runic Dome"},{"not_picked":["Philosopher\u0027s Stone","SacredBark"],"picked":"Black Star"}],"items_purged_floors":[11,21,36],"is_endless":false,"potions_floor_spawned":[1,10,12,16,18,23,25,30,39,45,46,47],"ascension_level":2}}