{"host":"6kpik4p6m02tzjjt","time":1609109237,"event":{"mods":["BaseMod","Colored Map","Downfall","Minty Spire (QoL Compilation)","Quick Restart","Relic Stats","Replay The Spire","StSLib"],"gold_per_floor":[99,111,111,125,34,34,61,76,104,119,119,138,138,138,157,255,255,255,271,287,237,2,2,2,2,13,13,13,26,26,53,53,53,53],"floor_reached":32,"playtime":3266,"items_purged":[],"score":260,"play_id":"c59a041d-39c0-4050-bed6-58d63459600b","local_time":"20201227174717","is_ascension_mode":false,"campfire_choices":[{"data":"1","floor":1.0,"key":"LIFT"},{"data":"2","floor":6.0,"key":"LIFT"},{"data":"3","floor":13.0,"key":"LIFT"},{"data":"champ:MurderStrike","floor":18.0,"key":"SMITH"},{"data":"champ:PerfectForm","floor":27,"key":"SMITH"},{"data":"champ:GladiatorsShout","floor":30,"key":"SMITH"}],"circlet_count":0,"master_deck":["champ:Strike","champ:Strike","champ:Strike","champ:Strike","champ:Defend","champ:Defend","champ:Defend","champ:Defend","champ:Execute","champ:Taunt","CurseOfTheBell","champ:BerserkersShout+1","champ:FanOfKnives","champ:PerfectedStrike","champ:IgnorePain","champ:StanceDance","champ:GladiatorsShout+1","champ:Lariat","champ:Encircle","champ:Backstep","champ:MurderStrike+1","champ:BerserkersShout","champ:PerfectForm+1","champ:AdrenalArmor+1","champ:ArenaPreparation","champ:Shatter","champ:BringItOn+1","champ:CrownThrow"],"relics":["Calling Bell","Simple Rune","Girya","ReplayTheSpireMod:Ninjato","Honey Jar","Bag of Preparation","champ:GladiatorsBookOfMartialProwess","Toxic Egg 2","downfall:RedIOU","Nloth\u0027s Gift","Bag of Marbles"],"acts_visited":["Exordium","TheCity"],"potions_floor_usage":[29,29,31],"damage_taken":[{"damage":10.0,"enemies":"Jaw Worm","floor":2.0,"turns":4.0},{"damage":15.0,"enemies":"Cultist","floor":4.0,"turns":3.0},{"damage":16.0,"enemies":"downfall:FleeingMerchant","floor":5.0,"turns":4.0},{"damage":0.0,"enemies":"Small Slimes","floor":8.0,"turns":2.0},{"damage":62.0,"enemies":"Lagavulin","floor":9.0,"turns":6.0},{"damage":13.0,"enemies":"2 Fungi Beasts","floor":10.0,"turns":4.0},{"damage":5.0,"enemies":"Blue Slaver","floor":12.0,"turns":3.0},{"damage":12.0,"enemies":"Large Slime","floor":15.0,"turns":3.0},{"damage":78.0,"enemies":"downfall:Silent","floor":16.0,"turns":8.0},{"damage":15.0,"enemies":"Chosen","floor":19.0,"turns":4.0},{"damage":43.0,"enemies":"Shelled Parasite and Fungi","floor":20.0,"turns":5.0},{"damage":17.0,"enemies":"downfall:FleeingMerchant","floor":22.0,"turns":4.0},{"damage":68.0,"enemies":"3 Cultists","floor":26.0,"turns":5.0},{"damage":23,"enemies":"Snake Plant","floor":29,"turns":3},{"damage":68,"enemies":"Gremlin Leader","floor":31,"turns":7},{"damage":5,"enemies":"Chosen and Byrds","floor":32,"turns":1}],"seed_played":"4210880492814157015","potions_obtained":[{"floor":8.0,"key":"Flashbang"},{"floor":9.0,"key":"champ:OpenerPotion"},{"floor":12.0,"key":"FearPotion"},{"floor":16.0,"key":"champ:CounterPotion"},{"floor":20.0,"key":"Fruit Juice"},{"floor":26.0,"key":"SpeedPotion"},{"floor":29,"key":"sneckomod:MuddlingPotion"},{"floor":31,"key":"Doom Potion"}],"is_trial":false,"path_per_floor":["R_BF","M","?","M","$","R","T","M","E","M","?","M","R","?","M","B",null,"R","M","M","?","$","?","T","?","M","R","?","M","R","E","M"],"character_chosen":"THE_CHAMP","items_purchased":["champ:IgnorePain","champ:ArenaPreparation","Bag of Preparation"],"campfire_rested":0,"item_purchase_floors":[5,22,22],"current_hp_per_floor":[90,90,90,86,85,85,85,85,51,47,77,77,77,77,76,24,90,90,90,69,95,82,82,82,82,43,43,43,38,38,2,0,0,0],"gold":53,"neow_bonus":"BOSS_RELIC","is_daily":false,"chose_seed":false,"campfire_upgraded":3,"win_rate":0.0,"timestamp":1609109237,"path_taken":["R_BF","M","?","M","?","R","T","M","E","M","?","M","R","?","M","BOSS","R","M","M","?","$","?","T","?","M","R","?","?","R","E","M"],"items_purchased_type":["Card","Card","Relic"],"build_version":"2020-12-22","purchased_purges":0,"victory":false,"max_hp_per_floor":[90,90,90,90,90,90,90,90,90,90,90,90,90,90,90,90,90,90,90,95,95,95,95,95,95,95,95,95,95,95,95,95,95,95],"relic_stats":{"counters":[16,66],"Bag of Preparation":[8],"Nloth\u0027s Gift":3,"obtain_stats":[{"Girya":0,"Lantern":7,"ReplayTheSpireMod:Ninjato":9,"champ:ChampionCrown":0,"Bag of Preparation":22,"champ:GladiatorsBookOfMartialProwess":23,"Calling Bell":0,"ReplayTheSpireMod:Shallot":0,"Honey Jar":17,"Simple Rune":0,"downfall:RedIOU":25,"Nloth\u0027s Gift":28,"Bag of Marbles":31,"Toxic Egg 2":24},{"Girya":0,"Lantern":3,"ReplayTheSpireMod:Ninjato":5,"champ:ChampionCrown":0,"Bag of Preparation":12,"champ:GladiatorsBookOfMartialProwess":12,"Calling Bell":0,"ReplayTheSpireMod:Shallot":0,"Honey Jar":9,"Simple Rune":0,"downfall:RedIOU":12,"Nloth\u0027s Gift":13,"Bag of Marbles":15,"Toxic Egg 2":12},{"Girya":0,"Lantern":11,"ReplayTheSpireMod:Ninjato":19,"champ:ChampionCrown":0,"Bag of Preparation":50,"champ:GladiatorsBookOfMartialProwess":50,"Calling Bell":0,"ReplayTheSpireMod:Shallot":0,"Honey Jar":37,"Simple Rune":0,"downfall:RedIOU":50,"Nloth\u0027s Gift":55,"Bag of Marbles":65,"Toxic Egg 2":50}]},"card_choices":[{"not_picked":["champ:TornadoPunch","champ:FocusedBerserking"],"picked":"champ:BerserkersShout","floor":2.0},{"not_picked":["champ:DefensiveShout","champ:TornadoPunch"],"picked":"champ:FanOfKnives","floor":4.0},{"not_picked":["champ:FlashCut","champ:EndlessRage"],"picked":"champ:PerfectedStrike","floor":5.0},{"not_picked":["champ:Devastate","champ:HeartStrike"],"picked":"champ:StanceDance","floor":8.0},{"not_picked":["champ:PerfectedStrike","champ:FightOn"],"picked":"champ:GladiatorsShout","floor":9.0},{"not_picked":["champ:FalseCounter","champ:DefensiveShout"],"picked":"champ:Lariat","floor":10.0},{"not_picked":["champ:BladeFlurry","champ:Circumvent"],"picked":"champ:Encircle","floor":12.0},{"not_picked":["champ:Lariat","champ:FalseCounter"],"picked":"champ:Backstep","floor":15.0},{"not_picked":["champ:PerfectForm","champ:Devastate"],"picked":"champ:MurderStrike","floor":16.0},{"not_picked":["champ:FanOfKnives","champ:CrookedStrike","champ:GladiatorStyle"],"picked":"champ:BerserkersShout","floor":19.0},{"not_picked":["champ:RapidStrikes","champ:Backstep+1","champ:DefensiveShout"],"picked":"champ:PerfectForm","floor":20.0},{"not_picked":["champ:FocusedGladiator+1","champ:BerserkersShout","champ:Circumvent"],"picked":"champ:AdrenalArmor+1","floor":22.0},{"not_picked":["champ:BladeFlurry","champ:Backstep+1","champ:FlashCut"],"picked":"champ:Shatter","floor":26.0},{"not_picked":["champ:ViciousMockery+1","champ:FlashCut+1","champ:HoldFirm+1"],"picked":"champ:BringItOn+1","floor":29},{"not_picked":["champ:ShieldThrow","champ:BringItOn+1","champ:ShieldSlam"],"picked":"champ:CrownThrow","floor":31}],"player_experience":46485,"relics_obtained":[{"floor":0.0,"key":"Simple Rune"},{"floor":0.0,"key":"ReplayTheSpireMod:Shallot"},{"floor":0.0,"key":"Girya"},{"floor":7.0,"key":"Lantern"},{"floor":9.0,"key":"ReplayTheSpireMod:Ninjato"},{"floor":24.0,"key":"Toxic Egg 2"},{"floor":31,"key":"Bag of Marbles"}],"event_choices":[{"damage_healed":0.0,"max_hp_gain":0.0,"max_hp_loss":0.0,"gold_gain":0.0,"event_name":"Accursed Blacksmith","player_choice":"Forge","floor":3.0,"gold_loss":0.0,"damage_taken":0.0,"cards_upgraded":["champ:BerserkersShout"]},{"damage_healed":30.0,"max_hp_gain":0.0,"max_hp_loss":0.0,"gold_gain":0.0,"event_name":"Big Fish","player_choice":"Banana","floor":11.0,"gold_loss":0.0,"damage_taken":0.0}],"is_beta":false,"boss_relics":[{"not_picked":["Kintsugi","downfall:Hecktoplasm"],"picked":"Honey Jar"}],"items_purged_floors":[],"is_endless":false,"potions_floor_spawned":[8,9,12,16,20,26,29,31],"killed_by":"Chosen and Byrds","ascension_level":0}}