{"host":"48zyk7qbyaqvksy3","time":1609075961,"event":{"mods":["Act Like it!","BaseMod","GifTheSpireLib","Marisa£®ÏF”Í°°ƒß¿Ì…≥£©","Minty Spire (QoL Compilation)","StSLib","The Servant 0.9.4","Waifu the Spire"],"gold_per_floor":[116,116,131,131,156,156,190,214,283,296,335,335,349,349,349,468,468,486,486,486,486],"floor_reached":20,"playtime":765,"items_purged":[],"score":202,"play_id":"49603ce3-3614-45dc-ab12-275121ab39f0","local_time":"20201227213241","is_ascension_mode":true,"campfire_choices":[{"data":"Perfected Strike","floor":6.0,"key":"SMITH"},{"data":"Carnage","floor":12.0,"key":"SMITH"},{"floor":15.0,"key":"REST"}],"circlet_count":0,"master_deck":["Bash+1","Dark Embrace","Havoc","Perfected Strike+1","Carnage+1","Limit Break","Shrug It Off","Carnage","Fiend Fire","Rage","Dark Embrace","Fiend Fire","Searing Blow","Sentinel","Sever Soul","Brutality","Searing Blow","Dropkick","Sentinel+1"],"relics":["Burning Blood","Bag of Marbles","Golden Idol","Incense Burner","Bottled Lightning","Bag of Preparation","Thread and Needle","Pandora\u0027s Box"],"acts_visited":["Exordium","TheCity"],"potions_floor_usage":[16],"damage_taken":[{"damage":0.0,"enemies":"Small Slimes","floor":1.0,"turns":3.0},{"damage":4.0,"enemies":"Jaw Worm","floor":3.0,"turns":3.0},{"damage":4.0,"enemies":"2 Louse","floor":5.0,"turns":3.0},{"damage":28.0,"enemies":"Lagavulin","floor":7.0,"turns":7.0},{"damage":1.0,"enemies":"Exordium Wildlife","floor":8.0,"turns":3.0},{"damage":11.0,"enemies":"Looter","floor":10.0,"turns":2.0},{"damage":27.0,"enemies":"3 Sentries","floor":11.0,"turns":7.0},{"damage":14.0,"enemies":"Lots of Slimes","floor":13.0,"turns":4.0},{"damage":38,"enemies":"Hexaghost","floor":16,"turns":13},{"damage":7,"enemies":"Shell Parasite","floor":18,"turns":9},{"damage":9,"enemies":"3 Byrds","floor":20,"turns":3}],"seed_played":"-8689819855073872104","potions_obtained":[{"floor":1.0,"key":"SkillPotion"},{"floor":7.0,"key":"Fruit Juice"},{"floor":13.0,"key":"ElixirPotion"},{"floor":16,"key":"SpeedPotion"}],"is_trial":false,"path_per_floor":["M","?","M","?","M","R","E","M","T","M","E","R","M","?","R","B",null,"M","?","M"],"character_chosen":"IRONCLAD","items_purchased":[],"campfire_rested":1,"item_purchase_floors":[],"current_hp_per_floor":[80,64,66,66,68,68,51,56,56,51,30,30,22,19,44,12,85,84,84,75,75],"gold":486,"neow_bonus":"RANDOM_COMMON_RELIC","is_daily":false,"chose_seed":false,"campfire_upgraded":2,"win_rate":0.0,"timestamp":1609075961,"path_taken":["M","?","M","?","M","R","E","M","T","M","E","R","M","?","R","BOSS","M","?","M"],"items_purchased_type":[],"build_version":"2020-12-22","purchased_purges":0,"victory":false,"max_hp_per_floor":[80,80,80,80,80,80,85,85,85,85,85,85,85,85,85,85,85,85,85,85,85],"card_choices":[{"not_picked":["Warcry","Wild Strike"],"picked":"Dark Embrace","floor":1.0},{"not_picked":["Hemokinesis","Combust"],"picked":"Havoc","floor":3.0},{"not_picked":["Headbutt","Armaments"],"picked":"Perfected Strike","floor":5.0},{"not_picked":["Body Slam","Twin Strike"],"picked":"Carnage","floor":7.0},{"not_picked":["Rage","Reckless Charge","Power Through"],"picked":"SKIP","floor":8.0},{"not_picked":["Shrug It Off","Dark Embrace"],"picked":"Limit Break","floor":10.0},{"not_picked":["Twin Strike","Anger"],"picked":"Shrug It Off","floor":11.0},{"not_picked":["Thunderclap","Whirlwind"],"picked":"Carnage","floor":13.0},{"not_picked":["Corruption","Reaper"],"picked":"Fiend Fire","floor":16},{"not_picked":["Power Through","Warcry"],"picked":"Sentinel+1","floor":18}],"player_experience":253571,"relics_obtained":[{"floor":7.0,"key":"Incense Burner"},{"floor":9.0,"key":"Bottled Lightning"},{"floor":11.0,"key":"Bag of Preparation"}],"event_choices":[{"damage_healed":0.0,"max_hp_gain":0.0,"max_hp_loss":0.0,"gold_gain":0.0,"event_name":"Shining Light","player_choice":"Entered Light","floor":2.0,"gold_loss":0.0,"damage_taken":16.0,"cards_upgraded":["Bash","Defend_R"]},{"damage_healed":0.0,"max_hp_gain":0.0,"max_hp_loss":0.0,"gold_gain":0.0,"event_name":"Golden Idol","player_choice":"Take Wound","floor":4.0,"gold_loss":0.0,"damage_taken":0.0,"relics_obtained":["Golden Idol"],"cards_obtained":["Injury"]},{"damage_healed":0.0,"max_hp_gain":0.0,"max_hp_loss":0.0,"gold_gain":0.0,"event_name":"Scrap Ooze","player_choice":"Success","floor":14.0,"gold_loss":0.0,"damage_taken":3.0,"relics_obtained":["Thread and Needle"]},{"cards_removed":["Injury"],"damage_healed":0,"gold_gain":0,"player_choice":"Elegance","damage_taken":0,"max_hp_gain":0,"max_hp_loss":0,"event_name":"Back to Basics","floor":19,"gold_loss":0}],"is_beta":false,"boss_relics":[{"not_picked":["Tiny House","Sozu"],"picked":"Pandora\u0027s Box"}],"items_purged_floors":[],"is_endless":false,"potions_floor_spawned":[1,7,13,16],"killed_by":"3 Byrds","ascension_level":2}}