{"host":"hkfd27larxvbrzdx","time":1609041028,"event":{"mods":["AchievementEnabler","BaseMod","Minty Spire (QoL Compilation)"],"gold_per_floor":[363,363,363,168,187,187,219,237,292,307,319,419,419,438,438,541,541,552,570,586,417,432,432,447,447,493,511,528,528,403,422,422,527,527,544,544,544,544,558,558,368,383,383,403,403,18,33,49,49,49],"floor_reached":51,"playtime":5934,"items_purged":["Strike_R","Strike_R","Strike_R","Defend_R"],"score":791,"play_id":"effc0012-d428-486e-b823-53bb08b8e969","local_time":"20201227115028","is_ascension_mode":true,"campfire_choices":[{"data":"Armaments","floor":6,"key":"SMITH"},{"data":"Rampage","floor":13,"key":"SMITH"},{"floor":15,"key":"REST"},{"data":"Evolve","floor":23,"key":"SMITH"},{"data":"Spot Weakness","floor":25,"key":"SMITH"},{"data":"Battle Trance","floor":29,"key":"SMITH"},{"data":"Heavy Blade","floor":32,"key":"SMITH"},{"data":"Uppercut","floor":40,"key":"SMITH"},{"floor":49,"key":"REST"}],"circlet_count":0,"master_deck":["Defend_R","Defend_R","Defend_R","Bash","Spot Weakness+1","Armaments+1","Cleave","Rampage+1","Uppercut+1","Reaper","Whirlwind+1","Evolve+1","Battle Trance+1","Inflame+1","Heavy Blade+1","Dramatic Entrance","Feel No Pain","Flame Barrier+1","Double Tap","Madness","Parasite","Shrug It Off"],"relics":["Burning Blood","Orichalcum","Ice Cream","Shuriken","Dream Catcher","Velvet Choker","Potion Belt","Cursed Key","Bronze Scales"],"acts_visited":["Exordium","TheCity","TheBeyond"],"potions_floor_usage":[11,19,33,33,33,44,50,50],"damage_taken":[{"damage":9,"enemies":"Jaw Worm","floor":1,"turns":5},{"damage":2,"enemies":"Small Slimes","floor":5,"turns":4},{"damage":36,"enemies":"Lagavulin","floor":7,"turns":7},{"damage":0,"enemies":"Cultist","floor":8,"turns":4},{"damage":2,"enemies":"Blue Slaver","floor":10,"turns":3},{"damage":19,"enemies":"Gremlin Gang","floor":11,"turns":4},{"damage":8,"enemies":"3 Louse","floor":14,"turns":2},{"damage":36,"enemies":"Hexaghost","floor":16,"turns":10},{"damage":6,"enemies":"Chosen","floor":18,"turns":3},{"damage":8,"enemies":"2 Thieves","floor":19,"turns":4},{"damage":18,"enemies":"Snake Plant","floor":20,"turns":3},{"damage":28,"enemies":"Chosen and Byrds","floor":22,"turns":6},{"damage":14,"enemies":"3 Cultists","floor":24,"turns":4},{"damage":13,"enemies":"Centurion and Healer","floor":27,"turns":6},{"damage":19,"enemies":"Snake Plant","floor":28,"turns":4},{"damage":2,"enemies":"Chosen and Byrds","floor":31,"turns":4},{"damage":62,"enemies":"Automaton","floor":33,"turns":8},{"damage":12,"enemies":"3 Shapes","floor":35,"turns":2},{"damage":7,"enemies":"Orb Walker","floor":39,"turns":3},{"damage":29,"enemies":"Spire Growth","floor":42,"turns":4},{"damage":41,"enemies":"Sphere and 2 Shapes","floor":44,"turns":4},{"damage":19,"enemies":"4 Shapes","floor":47,"turns":3},{"damage":35,"enemies":"Writhing Mass","floor":48,"turns":4},{"damage":86,"enemies":"Awakened One","floor":50,"turns":10}],"seed_played":"-539305884960647185","potions_obtained":[{"floor":5,"key":"FairyPotion"},{"floor":7,"key":"SteroidPotion"},{"floor":10,"key":"Regen Potion"},{"floor":18,"key":"Block Potion"},{"floor":20,"key":"BloodPotion"},{"floor":27,"key":"LiquidMemories"},{"floor":31,"key":"DuplicationPotion"},{"floor":35,"key":"SteroidPotion"},{"floor":42,"key":"LiquidBronze"}],"is_trial":false,"path_per_floor":["M","?","?","$","M","R","E","M","T","M","M","?","R","M","R","B",null,"M","M","M","$","M","R","M","R","T","M","M","R","$","M","R","B",null,"M","?","?","?","M","R","$","M","T","M","?","$","M","M","R","B",null],"character_chosen":"IRONCLAD","items_purchased":["Spot Weakness","Armaments","Evolve","Feel No Pain","Double Tap","Madness","Bronze Scales"],"campfire_rested":2,"item_purchase_floors":[4,4,21,41,46,46,46],"current_hp_per_floor":[69,62,62,62,66,66,36,42,42,46,45,45,45,43,64,34,72,72,72,60,60,47,47,59,59,59,62,53,53,53,57,57,45,72,66,66,66,66,72,72,72,49,49,32,32,32,72,56,72,58],"gold":49,"neow_bonus":"TWO_FIFTY_GOLD","is_daily":false,"chose_seed":false,"campfire_upgraded":7,"win_rate":0.0,"timestamp":1609041028,"path_taken":["M","?","?","$","M","R","E","M","T","?","M","?","R","M","R","BOSS","M","M","M","$","M","R","?","R","T","M","M","R","$","M","R","BOSS","M","?","?","?","?","R","$","M","T","M","?","$","M","M","R","BOSS"],"items_purchased_type":["Card","Card","Card","Card","Card","Card","Relic"],"build_version":"2020-12-22","purchased_purges":4,"victory":true,"max_hp_per_floor":[72,72,72,72,72,72,72,72,72,72,72,72,72,72,72,72,72,72,72,72,72,72,72,72,72,72,72,72,72,72,72,72,72,72,72,72,72,72,72,72,72,72,72,72,72,72,72,72,72,72],"card_choices":[{"not_picked":["Perfected Strike","Wild Strike"],"picked":"Sword Boomerang","floor":1},{"not_picked":["Sword Boomerang","Heavy Blade"],"picked":"Cleave","floor":5},{"not_picked":["Brutality","Dual Wield"],"picked":"Rampage","floor":7},{"not_picked":["Sword Boomerang","Warcry","Anger"],"picked":"SKIP","floor":8},{"not_picked":["Clash","Headbutt","Thunderclap"],"picked":"SKIP","floor":10},{"not_picked":["True Grit","Perfected Strike","Thunderclap"],"picked":"SKIP","floor":11},{"not_picked":["Seeing Red","Body Slam","Impervious"],"picked":"SKIP","floor":14},{"not_picked":["Body Slam","Seeing Red"],"picked":"Uppercut","floor":15},{"not_picked":["Immolate","Juggernaut"],"picked":"Reaper","floor":16},{"not_picked":["Uppercut+1","Twin Strike+1","Warcry"],"picked":"SKIP","floor":18},{"not_picked":["Seeing Red","Hemokinesis"],"picked":"Whirlwind+1","floor":19},{"not_picked":["Twin Strike+1","Flex","Rampage+1"],"picked":"SKIP","floor":20},{"not_picked":["Perfected Strike","Headbutt","Metallicize"],"picked":"SKIP","floor":22},{"not_picked":["Whirlwind","True Grit","Pommel Strike"],"picked":"SKIP","floor":24},{"not_picked":["Dropkick","Rupture"],"picked":"Battle Trance","floor":27},{"not_picked":["Perfected Strike","Burning Pact"],"picked":"Inflame+1","floor":28},{"not_picked":["Cleave","Twin Strike"],"picked":"Heavy Blade","floor":31},{"not_picked":["Flex","Evolve","Twin Strike"],"picked":"SKIP","floor":35},{"not_picked":["Impatience","Bandage Up"],"picked":"Dramatic Entrance","floor":37},{"not_picked":["Perfected Strike+1","Armaments+1","Whirlwind+1"],"picked":"SKIP","floor":39},{"not_picked":["Headbutt","Wild Strike"],"picked":"Flame Barrier+1","floor":42},{"not_picked":["Perfected Strike","Thunderclap","Fire Breathing+1"],"picked":"SKIP","floor":44},{"not_picked":["Intimidate","Double Tap","Flame Barrier"],"picked":"SKIP","floor":47},{"not_picked":["Power Through+1","Hemokinesis"],"picked":"Shrug It Off","floor":48}],"player_experience":95978,"relics_obtained":[{"floor":7,"key":"Shuriken"},{"floor":9,"key":"Dream Catcher"},{"floor":26,"key":"Potion Belt"}],"event_choices":[{"damage_healed":0,"gold_gain":0,"player_choice":"Success","damage_taken":7,"relics_obtained":["Orichalcum"],"max_hp_gain":0,"max_hp_loss":0,"event_name":"Scrap Ooze","floor":2,"gold_loss":0},{"cards_removed":["Sword Boomerang"],"damage_healed":0,"gold_gain":0,"player_choice":"Gave Card","damage_taken":0,"relics_obtained":["Ice Cream"],"max_hp_gain":0,"max_hp_loss":0,"event_name":"WeMeetAgain","floor":3,"gold_loss":0},{"damage_healed":0,"gold_gain":100,"player_choice":"Pray","damage_taken":0,"max_hp_gain":0,"max_hp_loss":0,"event_name":"Golden Shrine","floor":12,"gold_loss":0},{"cards_removed":["Strike_R"],"damage_healed":0,"gold_gain":0,"player_choice":"Removed Attack","damage_taken":0,"max_hp_gain":0,"max_hp_loss":0,"event_name":"Falling","floor":36,"gold_loss":0},{"damage_healed":0,"gold_gain":0,"player_choice":"Memory 1","damage_taken":0,"max_hp_gain":0,"max_hp_loss":0,"event_name":"SensoryStone","floor":37,"gold_loss":0},{"cards_removed":["Strike_R"],"damage_healed":0,"gold_gain":0,"player_choice":"Offered Basic","damage_taken":0,"max_hp_gain":0,"max_hp_loss":0,"event_name":"Bonfire Elementals","floor":38,"gold_loss":0},{"damage_healed":0,"gold_gain":0,"player_choice":"Ignored","damage_taken":0,"max_hp_gain":0,"max_hp_loss":0,"event_name":"Transmorgrifier","floor":45,"gold_loss":0}],"is_beta":false,"boss_relics":[{"not_picked":["Coffee Dripper","Astrolabe"],"picked":"Velvet Choker"},{"not_picked":["Busted Crown","Black Blood"],"picked":"Cursed Key"}],"items_purged_floors":[4,21,30,41],"is_endless":false,"potions_floor_spawned":[5,7,10,18,20,27,31,35,42],"ascension_level":2}}