{"host":"c1ih99nde5rm1bm8","time":1609064284,"event":{"mods":["Act Like it!","BaseMod","Become a monster ∞Ÿ±‰π÷","Gensokyo","Highlight Path","Marisa£®ÏF”Í°°ƒß¿Ì…≥£©","Minty Spire (QoL Compilation)","MostiFishMod","Railgun Mod","Reimu£®≤©¿ˆ¡È√Œ£©","Remilia_Scarlet Moed£®¿Ÿ√◊¿Ú—«°§Àπø®¿◊Ãÿ£©3.3.5","Remilia£®¿Ÿ√◊¿Ú—«£©","StSLib","The Servant 0.9.4","UnlockEverythingMod","Yakumo Yukari mod","Youmu£®ªÍ∆«—˝√Œ£©","Yuri Mod","Yuyuko","noobMod","°æ“≈ŒÔø®≈∆°øREMEMod","ÛÙª÷∏ƒœ"],"gold_per_floor":[116,132,132,82,93,121,48,48,48,48,48,60,60,79,79,179,179,179,179],"floor_reached":18,"playtime":1013,"items_purged":["Strike_P","Defend_P"],"score":160,"play_id":"65829763-30c7-449e-bf59-0a975491781c","local_time":"20201227181804","is_ascension_mode":false,"campfire_choices":[{"floor":15.0,"key":"REST"}],"circlet_count":0,"master_deck":["Strike_P","Strike_P+1","Defend_P","Defend_P","Defend_P","Eruption","Vigilance","KyokaiOfKami:ReiMu","FlyingSleeves","Collect","Consecrate+1","SignatureMove","Evaluate","MostiFishMod:StarOceanP","Wireheading","Vigilance","Impatience","Master of Strategy","Prostrate","REME_CRH","ReachHeaven","Regret","Parasite","EmptyBody","Apotheosis","REME_MagicPocketWatch","JustLucky","SignatureMove","MostiFishMod:FlowState","MostiFishMod:Nomercy+1","EmptyBody","SandsOfTime","LessonLearned"],"relics":["HolyWater","DaveBox","ice","REME_ComplimentaryCards","DiscerningMonocle","NeowsBlessing","SynthV:TestCard","Thread and Needle","yuri:PortableGlitches","DollysMirror","Bottled Tornado","Kunai","Frozen Egg 2","Akabeko","HandDrill","ImprovedEquipment","Whetstone"],"acts_visited":["Exordium","TheCity"],"potions_floor_usage":[],"damage_taken":[{"damage":0.0,"enemies":"Small Slimes","floor":1.0,"turns":1.0},{"damage":0.0,"enemies":"Jaw Worm","floor":2.0,"turns":1.0},{"damage":0.0,"enemies":"2 Louse","floor":5.0,"turns":1.0},{"damage":62.0,"enemies":"Gremlin Nob","floor":6.0,"turns":6.0},{"damage":5.0,"enemies":"Lots of Slimes","floor":12.0,"turns":3.0},{"damage":0.0,"enemies":"Exordium Wildlife","floor":14.0,"turns":3.0},{"damage":28,"enemies":"Hexaghost","floor":16,"turns":11},{"damage":0,"enemies":"Shell Parasite","floor":18,"turns":2}],"seed_played":"1448599624397484521","potions_obtained":[{"floor":1.0,"key":"ZuzhouPotion:ReiMu"},{"floor":2.0,"key":"StancePotion"},{"floor":16,"key":"Fruit Juice"}],"is_trial":false,"path_per_floor":["M","M","$","?","M","E","R","?","T","?","?","M","$","M","R","B",null,"M"],"character_chosen":"WATCHER","items_purchased":["Consecrate","SignatureMove","Evaluate","MostiFishMod:StarOceanP","Wireheading","Thread and Needle","yuri:PortableGlitches","DollysMirror","Impatience","Master of Strategy","LiquidMemories","ReachHeaven","HandDrill","ImprovedEquipment","Whetstone","Apotheosis","REME_MagicPocketWatch","JustLucky","SignatureMove","MostiFishMod:FlowState","MostiFishMod:Nomercy+1","EmptyBody","Swift Potion","CultistPotion"],"campfire_rested":1,"item_purchase_floors":[3,3,3,3,3,3,3,3,3,3,3,7,13,13,13,13,13,13,13,13,13,13,13,13],"current_hp_per_floor":[72,72,72,72,72,38,38,38,38,31,49,44,44,44,66,38,76,76,76],"gold":179,"neow_bonus":"THREE_ENEMY_KILL","is_daily":false,"chose_seed":false,"campfire_upgraded":0,"win_rate":0.0,"timestamp":1609064284,"path_taken":["M","M","$","?","M","E","R","?","T","?","?","M","$","M","R","BOSS","M"],"items_purchased_type":["Card","Card","Card","Card","Card","Relic","Relic","Relic","Card","Card","Potion","Card","Relic","Relic","Relic","Card","Card","Card","Card","Card","Card","Card","Potion","Potion"],"build_version":"2020-12-22","purchased_purges":2,"victory":false,"max_hp_per_floor":[72,72,72,72,72,73,73,73,73,73,73,75,75,76,76,76,76,76,76],"card_choices":[{"not_picked":["Evaluate","PathToVictory"],"picked":"FlyingSleeves","floor":1.0},{"not_picked":["Halt","ThirdEye","REME_MusicOfDeath","FlyingSleeves"],"picked":"Collect","floor":2.0},{"not_picked":["CutThroughFate","MostiFishMod:LegendTransform","FlurryOfBlows","Halt"],"picked":"Prostrate","floor":5.0},{"not_picked":["Crescendo","Fasting2","BowlingBash","REME_Repentance"],"picked":"REME_CRH","floor":6.0},{"not_picked":["JustLucky","Collect","REME_Repentance","DeceiveReality"],"picked":"EmptyBody","floor":12.0},{"not_picked":["Crescendo","Protect","MostiFishMod:LegendTransform+1","Evaluate"],"picked":"SandsOfTime","floor":14.0},{"not_picked":["Omniscience","MostiFishMod:StarHerder+1","MostiFishMod:Adaptation+1","Wish"],"picked":"LessonLearned","floor":16}],"player_experience":57689,"relics_obtained":[{"floor":1.0,"key":"SynthV:TestCard"},{"floor":6.0,"key":"Bottled Tornado"},{"floor":9.0,"key":"Frozen Egg 2"}],"event_choices":[{"cards_removed":["Strike_P"],"damage_healed":0.0,"max_hp_gain":0.0,"max_hp_loss":0.0,"gold_gain":0.0,"event_name":"The Cleric","player_choice":"Card Removal","floor":4.0,"gold_loss":50.0,"damage_taken":0.0},{"damage_healed":0.0,"max_hp_gain":0.0,"max_hp_loss":0.0,"gold_gain":0.0,"event_name":"Big Fish","player_choice":"Box","floor":8.0,"gold_loss":0.0,"damage_taken":0.0,"relics_obtained":["Kunai"],"cards_obtained":["Regret"]},{"damage_healed":0.0,"max_hp_gain":0.0,"max_hp_loss":0.0,"gold_gain":0.0,"event_name":"Scrap Ooze","player_choice":"Success","floor":10.0,"gold_loss":0.0,"damage_taken":7.0,"relics_obtained":["Akabeko"]},{"damage_healed":18.0,"max_hp_gain":0.0,"max_hp_loss":0.0,"gold_gain":0.0,"event_name":"Mushrooms","player_choice":"Healed and dodged fight","floor":11.0,"gold_loss":0.0,"damage_taken":0.0,"cards_obtained":["Parasite"]}],"is_beta":false,"boss_relics":[{"not_picked":["RhineFirstAidKit","Black Star"],"picked":"HolyWater"}],"items_purged_floors":[3,13],"is_endless":false,"potions_floor_spawned":[1,2,16],"killed_by":"Shell Parasite","ascension_level":0}}