{"host":"27tk4xseidcli2mr","time":1609082575,"event":{"mods":["2.2 Compatiblity","AchievementEnabler","Aspiration","BaseMod","Better Third Choice","Conspire","Custom Start","Hubris","Jorbs\u0027s Wanderer Trilogy","Minty Spire (QoL Compilation)","Replay The Spire","StSLib","SuperFastMode","[IsaacMod]????"],"gold_per_floor":[114,39,39,39,39,68,68,87,114,156,176,176,176,196,205,205,205],"floor_reached":16,"playtime":559,"items_purged":["Strike_B"],"score":216,"play_id":"aa965046-6ebb-4e51-a050-30665fa1dcf9","local_time":"20201227162255","is_ascension_mode":true,"campfire_choices":[{"floor":7.0,"key":"REST"},{"floor":15,"key":"REST"}],"circlet_count":0,"master_deck":["AscendersBane","Strike_B","Defend_B","Defend_B","Defend_B","Defend_B","Zap","Dualcast","BasicCrystalCard","Tempest","ReplayTheSpireMod:Calculation Training","Leap","FTL","Ball Lightning","Go for the Eyes"],"relics":["Cracked Core","HushsDoor","Chaos","aspiration:Nostalgia","Burning Blood","Pocketwatch","CeramicFish","hubris:OldNail","Replay:PocketPolymizer"],"acts_visited":["Exordium"],"potions_floor_usage":[16],"damage_taken":[{"damage":9.0,"enemies":"Jaw Worm","floor":1.0,"turns":4.0},{"damage":56.0,"enemies":"Gremlin Nob","floor":6.0,"turns":5.0},{"damage":12.0,"enemies":"Small Slimes","floor":8.0,"turns":2.0},{"damage":21.0,"enemies":"Lagavulin","floor":10.0,"turns":5.0},{"damage":3.0,"enemies":"2 Louse","floor":11.0,"turns":5.0},{"damage":11,"enemies":"Blue Slaver","floor":14,"turns":3},{"damage":42,"enemies":"Fading Forest","floor":16,"turns":13}],"seed_played":"-7044797109828982574","potions_obtained":[{"floor":6.0,"key":"PotionOfCapacity"},{"floor":11.0,"key":"ColorlessPotion"},{"floor":14,"key":"Energy Potion"}],"is_trial":false,"path_per_floor":["M","$","?","$","?","E","R","M","T","E","M","?","?","M","R","B"],"character_chosen":"DEFECT","items_purchased":[],"campfire_rested":2,"item_purchase_floors":[],"current_hp_per_floor":[61,61,61,61,61,11,32,26,26,11,14,14,14,9,30,0,0],"gold":205,"neow_bonus":"NOSTALGIA","is_daily":false,"chose_seed":false,"campfire_upgraded":0,"win_rate":0.0,"timestamp":1609082575,"path_taken":["M","$","?","$","?","E","R","M","T","E","?","?","?","?","R","BOSS"],"items_purchased_type":[],"build_version":"2020-12-22","purchased_purges":1,"victory":false,"max_hp_per_floor":[71,71,71,71,71,71,71,71,71,71,71,71,71,71,71,71,71],"card_choices":[{"not_picked":["Compile Driver","Bomb"],"picked":"BasicCrystalCard","floor":1.0},{"not_picked":["Hologram","Ball Lightning"],"picked":"ReplayTheSpireMod:Calculation Training","floor":6.0},{"not_picked":["Skim","Rebound"],"picked":"Leap","floor":8.0},{"not_picked":["Barrage","Go for the Eyes"],"picked":"FTL","floor":10.0},{"not_picked":["Hologram","Redo","ReplaySolidLightProjector"],"picked":"SKIP","floor":11.0},{"not_picked":["Rebound","BasicCrystalCard"],"picked":"Ball Lightning","floor":14}],"player_experience":1241547,"relics_obtained":[{"floor":6.0,"key":"Pocketwatch"},{"floor":9.0,"key":"CeramicFish"},{"floor":10.0,"key":"hubris:OldNail"}],"event_choices":[{"damage_healed":0.0,"max_hp_gain":0.0,"max_hp_loss":0.0,"gold_gain":0.0,"event_name":"WeMeetAgain","player_choice":"Gave Potion","floor":12.0,"gold_loss":0.0,"damage_taken":0.0,"relics_obtained":["Replay:PocketPolymizer"]},{"damage_healed":0,"gold_gain":0,"player_choice":"LEAVE","damage_taken":0,"max_hp_gain":0,"max_hp_loss":0,"event_name":"betterThird:BetterScrap","floor":13,"gold_loss":0,"cards_obtained":["WindmillStrike"]}],"is_beta":false,"boss_relics":[],"items_purged_floors":[2],"is_endless":false,"potions_floor_spawned":[6,11,14],"killed_by":"Fading Forest","ascension_level":20}}