{"host":"m99pr52ak2jwx2yo","time":1609090835,"event":{"mods":["BaseMod","Better Match","BetterRewards","Colored Map","Friendly Minions","Hermit","Hubris","Kiyohime£¨?ýï£©","Marisa£¨Ùöéë¡¡Øª×âÞÞ£©","Minty Spire (QoL Compilation)","Prisma Mod","Relic Stats","StSLib","SuperFastMode","Td1madao Mod","The Animator","The Cursed"],"gold_per_floor":[118,118,136,61,86,86,86],"floor_reached":6,"playtime":406,"items_purged":["animator:Defend"],"score":47,"play_id":"28431797-5f6a-4198-9d34-5dc4708cce21","local_time":"20201228024035","is_ascension_mode":true,"campfire_choices":[],"circlet_count":0,"master_deck":["animator:Strike_OnePunchMan","animator:Defend_OnePunchMan","animator:Strike","animator:Strike","animator:Strike","animator:Defend","animator:Defend","animator:Genos","animator:MumenRider","animator:DolaRiku","animator:IrohaTamaki","animator:Mitsurugi"],"relics":["animator:LivingPicture","animator:TheMissingPiece","Letter Opener","Mercury Hourglass","HandDrill","Pear"],"acts_visited":["Exordium"],"potions_floor_usage":[],"damage_taken":[{"damage":8,"enemies":"2 Louse","floor":1,"turns":2},{"damage":10,"enemies":"Cultist","floor":3,"turns":3},{"damage":13,"enemies":"Small Slimes","floor":5,"turns":2},{"damage":32,"enemies":"Gremlin Nob","floor":6,"turns":3}],"seed_played":"3455229285249629325","potions_obtained":[{"floor":1,"key":"PowerPotion"}],"is_trial":false,"path_per_floor":["M","?","M","$","M","E"],"character_chosen":"THE_ANIMATOR","items_purchased":["Letter Opener","Mercury Hourglass","HandDrill"],"campfire_rested":0,"item_purchase_floors":[0,0,0],"current_hp_per_floor":[44,54,44,44,31,0,0],"gold":86,"neow_bonus":"","is_daily":false,"chose_seed":false,"campfire_upgraded":0,"win_rate":0.0,"timestamp":1609090835,"path_taken":["M","?","M","$","M","E"],"items_purchased_type":["Relic","Relic","Relic"],"build_version":"2020-12-22","purchased_purges":1,"victory":false,"max_hp_per_floor":[66,76,76,76,76,76,76],"relic_stats":{"counters":[4,10],"HandDrill":[2],"Letter Opener":[0],"obtain_stats":[{"Pear":2,"animator:TheMissingPiece":0,"animator:LivingPicture":0,"HandDrill":0,"Letter Opener":0,"Mercury Hourglass":0},{"Pear":1,"animator:TheMissingPiece":0,"animator:LivingPicture":0,"HandDrill":0,"Letter Opener":0,"Mercury Hourglass":0},{"Pear":2,"animator:TheMissingPiece":0,"animator:LivingPicture":0,"HandDrill":0,"Letter Opener":0,"Mercury Hourglass":0}],"Mercury Hourglass":[40]},"card_choices":[{"not_picked":["animator:Hitei","animator:Verdia"],"picked":"animator:DolaRiku","floor":1},{"not_picked":["animator:TsurugaMeisai","animator:Megumin"],"picked":"animator:IrohaTamaki","floor":3},{"not_picked":["animator:KyokoSakura","animator:YuiTsuruno"],"picked":"animator:Mitsurugi","floor":5}],"player_experience":98262,"relics_obtained":[],"event_choices":[{"damage_healed":0,"gold_gain":0,"player_choice":"Gave Potion","damage_taken":0,"relics_obtained":["Pear"],"max_hp_gain":0,"max_hp_loss":0,"event_name":"WeMeetAgain","floor":2,"gold_loss":0}],"is_beta":false,"boss_relics":[],"items_purged_floors":[4],"is_endless":false,"potions_floor_spawned":[1],"killed_by":"Gremlin Nob","ascension_level":6}}