{"host":"6gwm7y0tp7acoxay","time":1609067445,"event":{"mods":["BaseMod","Colored Map","Keyboard Shortcuts","Minty Spire (QoL Compilation)","Quick Restart","StSLib","SuperFastMode","everything is the same but u backflip on backflip"],"gold_per_floor":[119,136,136,152,152,184,184,216,241,241,268,286,314,314,314,387,387,406,127,145,213,213,244,578,578,578,590,590,615,649,678,678,752,752,769,769,368,417,417,445,459,459,459,459,488,513,539,568,568,568,568,568,568,18,46,46],"floor_reached":57,"playtime":1621,"items_purged":["Doom and Gloom"],"score":3901,"play_id":"57a2c335-8438-415e-9ac1-4b20f27754d7","local_time":"20201227201045","daily_mods":["SealedDeck","Heirloom","Flight"],"is_ascension_mode":true,"campfire_choices":[{"data":"Coolheaded","floor":7.0,"key":"SMITH"},{"data":"Coolheaded","floor":10.0,"key":"SMITH"},{"data":"Go for the Eyes","floor":15.0,"key":"SMITH"},{"data":"Coolheaded","floor":28.0,"key":"SMITH"},{"data":"Panache","floor":32.0,"key":"SMITH"},{"floor":42,"key":"RECALL"},{"data":"Capacitor","floor":44,"key":"SMITH"},{"data":"1","floor":49,"key":"LIFT"},{"data":"Skim","floor":53,"key":"SMITH"}],"circlet_count":0,"master_deck":["AscendersBane","Reinforced Body","Conserve Battery","Go for the Eyes+1","Double Energy","Coolheaded+1","Gash","Gash","Coolheaded+1","Gash","Genetic Algorithm","Gash+1","Self Repair","Gash+1","Seek","Panache+1","Trip","Coolheaded+1","White Noise","Skim+1","Capacitor+1","Coolheaded+1"],"relics":["Cracked Core","Girya","Tiny Chest","Regal Pillow","Happy Flower","Calipers","Letter Opener","SlaversCollar","Sundial","HornCleat","Old Coin","Matryoshka","CaptainsWheel","Whetstone","Mango","Coffee Dripper","Ancient Tea Set","Lantern","Incense Burner","Thread and Needle","Blood Vial","Mummified Hand","Blue Candle","InkBottle","Oddly Smooth Stone","Vajra","Bottled Tornado","Nunchaku","Lizard Tail","Toy Ornithopter"],"acts_visited":["Exordium","TheCity","TheBeyond","TheEnding"],"potions_floor_usage":[56,56],"damage_taken":[{"damage":0.0,"enemies":"Cultist","floor":1.0,"turns":3.0},{"damage":5.0,"enemies":"Small Slimes","floor":2.0,"turns":3.0},{"damage":9.0,"enemies":"Jaw Worm","floor":4.0,"turns":3.0},{"damage":8.0,"enemies":"Lagavulin","floor":6.0,"turns":5.0},{"damage":5.0,"enemies":"Gremlin Nob","floor":8.0,"turns":4.0},{"damage":9.0,"enemies":"3 Sentries","floor":11.0,"turns":5.0},{"damage":0.0,"enemies":"Gremlin Gang","floor":12.0,"turns":3.0},{"damage":0.0,"enemies":"Lagavulin","floor":13.0,"turns":4.0},{"damage":0.0,"enemies":"Slime Boss","floor":16.0,"turns":2.0},{"damage":7.0,"enemies":"Spheric Guardian","floor":18.0,"turns":3.0},{"damage":0.0,"enemies":"3 Byrds","floor":20.0,"turns":2.0},{"damage":26.0,"enemies":"Slavers","floor":23.0,"turns":4.0},{"damage":1.0,"enemies":"Gremlin Leader","floor":24.0,"turns":4.0},{"damage":0.0,"enemies":"Snecko","floor":27.0,"turns":5.0},{"damage":14.0,"enemies":"Slavers","floor":29.0,"turns":4.0},{"damage":0.0,"enemies":"Gremlin Leader","floor":30.0,"turns":4.0},{"damage":0.0,"enemies":"Book of Stabbing","floor":31.0,"turns":4.0},{"damage":4.0,"enemies":"Champ","floor":33.0,"turns":5.0},{"damage":0.0,"enemies":"3 Shapes","floor":35.0,"turns":3.0},{"damage":10.0,"enemies":"2 Orb Walkers","floor":38.0,"turns":5.0},{"damage":0,"enemies":"Giant Head","floor":40,"turns":4},{"damage":0,"enemies":"3 Darklings","floor":41,"turns":3},{"damage":7,"enemies":"Reptomancer","floor":45,"turns":3},{"damage":0,"enemies":"Nemesis","floor":46,"turns":5},{"damage":0,"enemies":"Reptomancer","floor":48,"turns":3},{"damage":0,"enemies":"Awakened One","floor":50,"turns":4},{"damage":0,"enemies":"Time Eater","floor":51,"turns":6},{"damage":0,"enemies":"Shield and Spear","floor":55,"turns":3},{"damage":16,"enemies":"The Heart","floor":56,"turns":7}],"seed_played":"633162509711349968","potions_obtained":[{"floor":4.0,"key":"FocusPotion"},{"floor":11.0,"key":"SmokeBomb"},{"floor":14.0,"key":"ColorlessPotion"},{"floor":18.0,"key":"Dexterity Potion"}],"is_trial":true,"path_per_floor":["M","M","?","M","?","E","R","E","T","R","E","M","E","?","R","B",null,"M","$","M","T","?","E","E","T","T","M","R","E","E","E","R","B",null,"M","T","$","?","?","E","M","R","T","R","E","E","T","E","R","B","B",null,"R","$","E","B",null],"character_chosen":"DEFECT","items_purchased":["Panache","Trip","Incense Burner","Nunchaku","Lizard Tail","PowerPotion"],"campfire_rested":0,"item_purchase_floors":[19,19,37,54,54,54],"current_hp_per_floor":[64,59,59,57,81,80,80,81,81,81,79,81,81,81,81,81,81,81,81,81,81,81,62,68,68,68,75,75,68,75,95,95,95,95,95,95,95,92,92,95,95,95,95,95,95,95,95,95,95,95,95,95,95,95,95,86],"gold":46,"neow_bonus":"","is_daily":false,"chose_seed":false,"campfire_upgraded":7,"win_rate":0.0,"timestamp":1609067445,"path_taken":["M","?","?","?","?","E","R","E","T","R","E","?","E","?","R","BOSS","M","$","?","?","?","E","E","?","T","?","R","E","E","E","R","BOSS","M","?","$","?","?","E","?","R","T","R","E","E","?","E","R","BOSS","BOSS","R","$","E","BOSS"],"items_purchased_type":["Card","Card","Relic","Relic","Relic","Potion"],"build_version":"2020-12-22","purchased_purges":1,"victory":true,"max_hp_per_floor":[71,71,71,71,81,81,81,81,81,81,81,81,81,81,81,81,81,81,81,81,81,81,81,81,81,81,81,81,81,81,95,95,95,95,95,95,95,95,95,95,95,95,95,95,95,95,95,95,95,95,95,95,95,95,95,95],"card_choices":[{"not_picked":["Undo","Coolheaded"],"picked":"Genetic Algorithm","floor":1.0},{"not_picked":["Coolheaded","Loop"],"picked":"Gash","floor":2.0},{"not_picked":["Steam Power","Turbo"],"picked":"Gash","floor":4.0},{"not_picked":["Rebound","Turbo","Coolheaded"],"picked":"SKIP","floor":6.0},{"not_picked":["Lockon","Reprogram","Heatsinks"],"picked":"SKIP","floor":8.0},{"not_picked":["Undo","Steam","Coolheaded"],"picked":"SKIP","floor":11.0},{"not_picked":["Darkness","Auto Shields","Sunder"],"picked":"SKIP","floor":12.0},{"not_picked":["Machine Learning","Aggregate","Double Energy"],"picked":"SKIP","floor":13.0},{"not_picked":["Machine Learning","Aggregate","Double Energy"],"picked":"SKIP","floor":13.0},{"not_picked":["Machine Learning","Buffer"],"picked":"Seek","floor":16.0},{"not_picked":["Auto Shields","Cold Snap","Conserve Battery"],"picked":"SKIP","floor":18.0},{"not_picked":["Conserve Battery","Leap","Loop"],"picked":"SKIP","floor":20.0},{"not_picked":["Stack","Sunder","Biased Cognition"],"picked":"SKIP","floor":23.0},{"not_picked":["Sweeping Beam","Streamline","Meteor Strike"],"picked":"SKIP","floor":24.0},{"not_picked":["Compile Driver","Hologram","Double Energy"],"picked":"SKIP","floor":27.0},{"not_picked":["Coolheaded","Cold Snap"],"picked":"White Noise","floor":29.0},{"not_picked":["Auto Shields","Force Field","Barrage"],"picked":"SKIP","floor":30.0},{"not_picked":["Turbo","Reboot"],"picked":"Skim","floor":31.0},{"not_picked":["Redo","Ball Lightning"],"picked":"Capacitor","floor":35.0},{"not_picked":["Heatsinks+1","Hologram"],"picked":"Coolheaded+1","floor":40},{"not_picked":["Leap","Coolheaded","Redo"],"picked":"SKIP","floor":41},{"not_picked":["Meteor Strike","Loop","Turbo"],"picked":"SKIP","floor":45},{"not_picked":["Redo","Turbo","Compile Driver"],"picked":"SKIP","floor":46},{"not_picked":["Barrage","Static Discharge","Heatsinks"],"picked":"SKIP","floor":48},{"not_picked":["Rebound","Steam","Beam Cell"],"picked":"SKIP","floor":55}],"player_experience":4325809,"relics_obtained":[{"floor":6.0,"key":"Tiny Chest"},{"floor":8.0,"key":"Regal Pillow"},{"floor":9.0,"key":"Happy Flower"},{"floor":11.0,"key":"Calipers"},{"floor":13.0,"key":"Letter Opener"},{"floor":21.0,"key":"Sundial"},{"floor":23.0,"key":"HornCleat"},{"floor":24.0,"key":"Old Coin"},{"floor":26.0,"key":"Matryoshka"},{"floor":29.0,"key":"CaptainsWheel"},{"floor":30.0,"key":"Whetstone"},{"floor":31.0,"key":"Mango"},{"floor":36.0,"key":"Ancient Tea Set"},{"floor":36.0,"key":"Lantern"},{"floor":38.0,"key":"Thread and Needle"},{"floor":40,"key":"Blood Vial"},{"floor":43,"key":"Mummified Hand"},{"floor":43,"key":"Blue Candle"},{"floor":45,"key":"InkBottle"},{"floor":46,"key":"Oddly Smooth Stone"},{"floor":47,"key":"Vajra"},{"floor":48,"key":"Bottled Tornado"},{"floor":55,"key":"Toy Ornithopter"}],"event_choices":[{"damage_healed":0.0,"max_hp_gain":0.0,"max_hp_loss":0.0,"gold_gain":0.0,"event_name":"Match and Keep!","player_choice":"2 cards matched","floor":3.0,"gold_loss":0.0,"damage_taken":0.0,"cards_obtained":["Self Repair","Biased Cognition"]},{"cards_removed":["Biased Cognition"],"damage_healed":14.0,"max_hp_gain":10.0,"max_hp_loss":0.0,"gold_gain":0.0,"event_name":"Bonfire Elementals","player_choice":"Offered Rare","floor":5.0,"gold_loss":0.0,"damage_taken":0.0},{"damage_healed":0.0,"max_hp_gain":0.0,"max_hp_loss":0.0,"gold_gain":0.0,"event_name":"Lab","player_choice":"Got Potions","floor":14.0,"gold_loss":0.0,"damage_taken":0.0},{"damage_healed":0.0,"max_hp_gain":0.0,"max_hp_loss":0.0,"gold_gain":0.0,"event_name":"The Library","player_choice":"Read","floor":22.0,"gold_loss":0.0,"damage_taken":0.0,"cards_obtained":["Coolheaded"]},{"damage_healed":0.0,"max_hp_gain":0.0,"max_hp_loss":0.0,"gold_gain":0.0,"event_name":"Mysterious Sphere","player_choice":"Fight","floor":38.0,"gold_loss":0.0,"damage_taken":0.0},{"damage_healed":0,"gold_gain":0,"player_choice":"Memory 1","damage_taken":0,"max_hp_gain":0,"max_hp_loss":0,"event_name":"SensoryStone","floor":39,"gold_loss":0}],"is_beta":false,"boss_relics":[{"not_picked":["Cursed Key","Nuclear Battery"],"picked":"SlaversCollar"},{"not_picked":["Busted Crown","Runic Pyramid"],"picked":"Coffee Dripper"}],"items_purged_floors":[37],"is_endless":false,"potions_floor_spawned":[4,11,12,18,23,29,40,46],"ascension_level":20}}