{"host":"s0ikvqhe10eopvjn","time":1609085855,"event":{"mods":["BaseMod","Block Reminder","Colored Map","Colored Powertips","DeckTracker","Hermit","Highlight Path","Minty Spire (QoL Compilation)","Permanent Neow","StSLib","The Blue Laboratory","The Cursed"],"gold_per_floor":[113,132,132,144,45,45,70,70,70,70,88,108,108,126,126,229,229,241,99,111,125,144,144,174,174,221,221,232,242,268,300,300,398,398,415,431,481,500,65,65,0,0,54,66,117,128,51,51,51,51],"floor_reached":51,"playtime":3084,"items_purged":["Strike_R"],"score":664,"play_id":"6d5b01f9-6251-4cef-86f5-bbef83f3cc39","local_time":"20201227161735","is_ascension_mode":false,"campfire_choices":[{"data":"Thunderclap","floor":6,"key":"SMITH"},{"data":"Anger","floor":10,"key":"SMITH"},{"data":"Iron Wave","floor":15,"key":"SMITH"},{"data":"Bludgeon","floor":23,"key":"SMITH"},{"floor":25,"key":"REST"},{"floor":32,"key":"REST"},{"floor":40,"key":"REST"},{"floor":49,"key":"REST"}],"circlet_count":0,"master_deck":["Strike_R","Strike_R","Strike_R","Defend_R","Defend_R","Defend_R","Defend_R","Bash+1","Anger+1","Thunderclap+1","Battle Trance","Anger","Heavy Blade","Iron Wave+1","Shrug It Off","Twin Strike","Offering","Bludgeon+1","Shockwave","Intimidate","RitualDagger","Shrug It Off","Rampage+1","Bludgeon","Thunderclap+1","Disarm+1","Sadistic Nature","Inflame","Dropkick"],"relics":["Burning Blood","Self Forming Clay","GremlinMask","Blood Vial","Busted Crown","Lantern","Orichalcum","Regal Pillow","Nunchaku","Black Star","Ginger","Centennial Puzzle","Red Mask","Bag of Preparation","Incense Burner"],"acts_visited":["Exordium","TheCity","TheBeyond"],"potions_floor_usage":[16,18,20,24,31,33,33,33,46,50,50],"damage_taken":[{"damage":6,"enemies":"Jaw Worm","floor":1,"turns":3},{"damage":1,"enemies":"Cultist","floor":2,"turns":3},{"damage":2,"enemies":"2 Louse","floor":4,"turns":3},{"damage":21,"enemies":"Lagavulin","floor":7,"turns":6},{"damage":8,"enemies":"Gremlin Gang","floor":11,"turns":4},{"damage":7,"enemies":"Large Slime","floor":12,"turns":5},{"damage":2,"enemies":"Blue Slaver","floor":14,"turns":3},{"damage":19,"enemies":"Slime Boss","floor":16,"turns":9},{"damage":11,"enemies":"Spheric Guardian","floor":18,"turns":4},{"damage":20,"enemies":"Shell Parasite","floor":20,"turns":5},{"damage":2,"enemies":"Centurion and Healer","floor":21,"turns":4},{"damage":18,"enemies":"Shelled Parasite and Fungi","floor":22,"turns":4},{"damage":28,"enemies":"Slavers","floor":24,"turns":5},{"damage":23,"enemies":"Sentry and Sphere","floor":28,"turns":4},{"damage":5,"enemies":"Chosen and Byrds","floor":29,"turns":3},{"damage":25,"enemies":"Book of Stabbing","floor":31,"turns":5},{"damage":37,"enemies":"Collector","floor":33,"turns":10},{"damage":13,"enemies":"3 Shapes","floor":35,"turns":4},{"damage":10,"enemies":"Orb Walker","floor":36,"turns":4},{"damage":22,"enemies":"Mind Bloom Boss Battle","floor":37,"turns":7},{"damage":12,"enemies":"Jaw Worm Horde","floor":38,"turns":6},{"damage":22,"enemies":"Maw","floor":44,"turns":5},{"damage":17,"enemies":"2 Orb Walkers","floor":45,"turns":4},{"damage":17,"enemies":"3 Darklings","floor":46,"turns":4},{"damage":30,"enemies":"Donu and Deca","floor":50,"turns":6}],"seed_played":"2506492190133479577","potions_obtained":[{"floor":7,"key":"PowerPotion"},{"floor":11,"key":"Explosive Potion"},{"floor":16,"key":"blueLaboratory:LimitlessPotion"},{"floor":18,"key":"Swift Potion"},{"floor":21,"key":"blueLaboratory:ConflagurationPotion"},{"floor":28,"key":"blueLaboratory:BottledHope"},{"floor":29,"key":"Explosive Potion"},{"floor":31,"key":"Block Potion"},{"floor":33,"key":"blueLaboratory:HorrorPotion"},{"floor":45,"key":"Dexterity Potion"},{"floor":46,"key":"FairyPotion"}],"is_trial":false,"path_per_floor":["M","M","?","M","$","R","E","?","T","R","M","M","?","M","R","B",null,"M","$","M","M","M","R","E","R","T","?","M","M","T","E","R","B",null,"M","M","?","M","$","R","?","?","T","M","?","M","$","?","R","B",null],"character_chosen":"IRONCLAD","items_purchased":["Anger","Bludgeon","Rupture","Sadistic Nature","BloodPotion","Centennial Puzzle","blueLaboratory:SmithPotion"],"campfire_rested":4,"item_purchase_floors":[5,19,39,39,39,39,47],"current_hp_per_floor":[80,80,85,85,85,85,70,70,70,70,70,71,71,77,77,66,85,80,80,68,74,64,64,44,69,69,63,48,51,51,34,74,45,85,78,76,62,58,58,85,85,85,85,69,60,68,68,68,85,61],"gold":51,"neow_bonus":"UPGRADE_CARD","is_daily":false,"chose_seed":false,"campfire_upgraded":4,"win_rate":0.0,"timestamp":1609085855,"path_taken":["M","M","?","M","$","R","E","?","T","R","?","M","?","M","R","BOSS","M","$","?","M","?","R","E","R","T","?","M","M","?","E","R","BOSS","M","M","?","M","$","R","?","?","T","M","?","M","$","?","R","BOSS"],"items_purchased_type":["Card","Card","Card","Card","Potion","Relic","Potion"],"build_version":"2020-12-22","purchased_purges":1,"victory":true,"max_hp_per_floor":[80,80,85,85,85,85,85,85,85,85,85,85,85,85,85,85,85,85,85,85,85,85,85,85,85,85,85,85,85,85,85,85,85,85,85,85,85,85,85,85,85,85,85,85,85,85,85,85,85,85],"card_choices":[{"not_picked":["Flex","Uppercut"],"picked":"Anger","floor":1},{"not_picked":["Perfected Strike","Dark Embrace"],"picked":"Thunderclap","floor":2},{"not_picked":["Disarm","Corruption"],"picked":"Battle Trance","floor":4},{"not_picked":["True Grit","Burning Pact"],"picked":"Heavy Blade","floor":7},{"not_picked":["Heavy Blade","Body Slam"],"picked":"Iron Wave","floor":11},{"not_picked":["Fire Breathing","Cleave"],"picked":"Shrug It Off","floor":12},{"not_picked":["Shrug It Off","Fire Breathing"],"picked":"Twin Strike","floor":14},{"not_picked":["Corruption","Brutality"],"picked":"Offering","floor":16},{"not_picked":["True Grit"],"picked":"SKIP","floor":18},{"not_picked":[],"picked":"Shockwave","floor":20},{"not_picked":["Perfected Strike"],"picked":"SKIP","floor":21},{"not_picked":["Iron Wave"],"picked":"SKIP","floor":22},{"not_picked":[],"picked":"Intimidate","floor":24},{"not_picked":["Warcry"],"picked":"SKIP","floor":28},{"not_picked":[],"picked":"Shrug It Off","floor":29},{"not_picked":[],"picked":"Rampage+1","floor":31},{"not_picked":[],"picked":"Bludgeon","floor":33},{"not_picked":[],"picked":"Thunderclap+1","floor":35},{"not_picked":["Clash"],"picked":"SKIP","floor":36},{"not_picked":[],"picked":"Disarm+1","floor":38},{"not_picked":["Headbutt"],"picked":"SKIP","floor":44},{"not_picked":[],"picked":"Inflame","floor":45},{"not_picked":[],"picked":"Dropkick","floor":46}],"player_experience":36293,"relics_obtained":[{"floor":7,"key":"Self Forming Clay"},{"floor":9,"key":"Blood Vial"},{"floor":24,"key":"Lantern"},{"floor":26,"key":"Orichalcum"},{"floor":30,"key":"Regal Pillow"},{"floor":31,"key":"Nunchaku"},{"floor":37,"key":"Ginger"},{"floor":43,"key":"Bag of Preparation"},{"floor":45,"key":"Incense Burner"}],"event_choices":[{"damage_healed":0,"gold_gain":0,"player_choice":"Donut","damage_taken":0,"max_hp_gain":5,"max_hp_loss":0,"event_name":"Big Fish","floor":3,"gold_loss":0},{"damage_healed":0,"gold_gain":0,"player_choice":"Trade","damage_taken":0,"relics_obtained":["GremlinMask"],"max_hp_gain":0,"max_hp_loss":0,"event_name":"FaceTrader","floor":8,"gold_loss":0},{"cards_removed":["Strike_R"],"damage_healed":0,"gold_gain":0,"player_choice":"Purged","damage_taken":0,"max_hp_gain":0,"max_hp_loss":0,"event_name":"Purifier","floor":13,"gold_loss":0},{"damage_healed":0,"gold_gain":0,"player_choice":"Joined the Cult","damage_taken":6,"max_hp_gain":0,"max_hp_loss":0,"event_name":"Nest","floor":27,"gold_loss":0,"cards_obtained":["RitualDagger"]},{"damage_healed":0,"gold_gain":0,"player_choice":"Fight","damage_taken":0,"max_hp_gain":0,"max_hp_loss":0,"event_name":"MindBloom","floor":37,"gold_loss":0},{"damage_healed":0,"gold_gain":0,"player_choice":"Paid","damage_taken":0,"relics_obtained":["Red Mask"],"max_hp_gain":0,"max_hp_loss":0,"event_name":"Tomb of Lord Red Mask","floor":41,"gold_loss":65},{"damage_healed":0,"gold_gain":0,"player_choice":"Memory 1","damage_taken":0,"max_hp_gain":0,"max_hp_loss":0,"event_name":"SensoryStone","floor":42,"gold_loss":0},{"damage_healed":0,"gold_gain":0,"player_choice":"Fight","damage_taken":0,"max_hp_gain":0,"max_hp_loss":0,"event_name":"Mysterious Sphere","floor":45,"gold_loss":0},{"cards_removed":["Rupture"],"damage_healed":0,"gold_gain":0,"player_choice":"Removed Power","damage_taken":0,"max_hp_gain":0,"max_hp_loss":0,"event_name":"Falling","floor":48,"gold_loss":0}],"is_beta":false,"boss_relics":[{"not_picked":["Mark of Pain","Runic Pyramid"],"picked":"Busted Crown"},{"not_picked":["Empty Cage","Snecko Eye"],"picked":"Black Star"}],"items_purged_floors":[5],"is_endless":false,"potions_floor_spawned":[7,11,16,18,21,28,29,31,33,45,46],"ascension_level":0}}