{"host":"uyrebrj0204enqpc","time":1609091317,"event":{"mods":["Act Like it!","Bard","BaseMod","Block Reminder","Challenge The Spire","Colored Map","Colored Powertips","DeckTracker","Downfall","GifTheSpireLib","HexUI Lib","Highlight Path","Hubris","Infinite Spire","Minty Spire (QoL Compilation)","Pale of the Ancients","Quick Restart","Random Character Button","Relic Sorter","Relic Stats","Replay The Spire","Shop Mod","StSLib","The Blue Laboratory","The Bug Knight","The Cursed","The Jungle","The Marked","Wandering Minibosses"],"gold_per_floor":[113,129,79,90,90,115,115,140,140,166,185,204,204,219,219,317,317,336,336,336,370,226,226,258,258,285,285,304,304,304,316,316,415,465,481,499,98,117,137,163,163,163,189,223,237,272,286,493,493,493,493],"floor_reached":50,"playtime":1818,"items_purged":["Strike_R","Strike_R"],"score":885,"play_id":"51937380-62b4-4c8f-bb8d-2745559653b5","local_time":"20201227124837","is_ascension_mode":true,"campfire_choices":[{"data":"Combust","floor":7.0,"key":"SMITH"},{"data":"infinitespire:OneForAll","floor":15.0,"key":"SMITH"},{"data":"Feed","floor":23.0,"key":"SMITH"},{"data":"Limit Break","floor":25.0,"key":"SMITH"},{"data":"Demon Form","floor":27.0,"key":"SMITH"},{"data":"Shrug It Off","floor":30,"key":"SMITH"},{"data":"Rupture","floor":32,"key":"SMITH"},{"data":"Flex","floor":41,"key":"SMITH"},{"floor":49,"key":"REST"}],"circlet_count":0,"master_deck":["Strike_R","Strike_R","Strike_R","Defend_R+1","Defend_R","Defend_R","Bash","Combust+1","Sword Boomerang","infinitespire:OneForAll+1","Feed+1","Rupture+1","Demon Form+1","ReplayTheSpireMod:Limb From Limb","Limit Break+1","Shrug It Off+1","Double Tap","Flex+1","Hemogenesis"],"relics":["Burning Blood","hubris:Icosahedron","Art of War","NeowsBlessing","Ring of Searing","Ring of Panic","Garlic","Replay:Wax Seal","hubris:Metronome","hubris:ScarierMask","hubris:CrackedHourglass","Sundial","Red Mask","infinitespire:PuzzleCube","Replay:Rubber Ducky","Dream Catcher","Tiny House","Prayer Wheel","Unceasing Top","hubris:Towel","ReplayTheSpireMod:TigerMarble","infinitespire:EmpoweringShard","Replay:Bottled Flurry"],"acts_visited":["Exordium","TheCity","TheBeyond"],"potions_floor_usage":[50,50,50,50,50,50,50,50],"damage_taken":[{"damage":0.0,"enemies":"Cultist","floor":1.0,"turns":1.0},{"damage":0.0,"enemies":"2 Louse","floor":2.0,"turns":1.0},{"damage":0.0,"enemies":"Small Slimes","floor":4.0,"turns":1.0},{"damage":36.0,"enemies":"3 Sentries","floor":6.0,"turns":5.0},{"damage":3.0,"enemies":"Gremlin Nob","floor":8.0,"turns":3.0},{"damage":13.0,"enemies":"3 Sentries","floor":10.0,"turns":4.0},{"damage":10.0,"enemies":"Exordium Thugs","floor":11.0,"turns":4.0},{"damage":10.0,"enemies":"Large Slime","floor":12.0,"turns":3.0},{"damage":0.0,"enemies":"2 Fungi Beasts","floor":14.0,"turns":2.0},{"damage":45.0,"enemies":"The Guardian","floor":16.0,"turns":9.0},{"damage":35.0,"enemies":"Shell Parasite","floor":18.0,"turns":5.0},{"damage":6.0,"enemies":"Masked Bandits","floor":21.0,"turns":3.0},{"damage":13.0,"enemies":"Book of Stabbing","floor":24.0,"turns":3.0},{"damage":0,"enemies":"3 Byrds","floor":28,"turns":3},{"damage":2,"enemies":"Snake Plant","floor":31,"turns":3},{"damage":0,"enemies":"Automaton","floor":33,"turns":6},{"damage":5,"enemies":"Orb Walker","floor":35,"turns":2},{"damage":19,"enemies":"3 Shapes","floor":36,"turns":4},{"damage":25,"enemies":"Maw","floor":38,"turns":5},{"damage":0,"enemies":"Jaw Worm Horde","floor":39,"turns":3},{"damage":20,"enemies":"Nemesis","floor":40,"turns":3},{"damage":36,"enemies":"Reptomancer","floor":44,"turns":4},{"damage":0,"enemies":"Sphere and 2 Shapes","floor":45,"turns":2},{"damage":2,"enemies":"HollowMod:StalkingDevout","floor":46,"turns":2},{"damage":0,"enemies":"4 Shapes","floor":47,"turns":2}],"seed_played":"112363910506607214","potions_obtained":[{"floor":1.0,"key":"blueLaboratory:HorrorPotion"},{"floor":8.0,"key":"Energy Potion"},{"floor":10.0,"key":"PowerPotion"},{"floor":33,"key":"Doom Potion"},{"floor":40,"key":"EntropicBrew"},{"floor":44,"key":"EntropicBrew"}],"is_trial":false,"path_per_floor":["M","M","?","M","?","E","R","E","T","E","M","M","?","M","R","B",null,"M","AVR","?","?","$","R","E","R","T","R","M","T","R","M","R","B",null,"M","M","$","M","M","E","R","?","T","E","M","E","M","?","R","B"],"character_chosen":"IRONCLAD","items_purchased":["ReplayTheSpireMod:Limb From Limb","Prayer Wheel"],"campfire_rested":1,"item_purchase_floors":[22,37],"current_hp_per_floor":[80,80,80,80,80,50,50,53,53,46,42,41,41,50,50,14,89,60,60,60,60,60,60,53,53,53,53,63,63,63,67,67,77,102,102,93,93,78,84,74,74,74,74,48,58,62,82,51,88,0,0],"gold":493,"neow_bonus":"THREE_ENEMY_KILL","is_daily":false,"chose_seed":false,"campfire_upgraded":8,"win_rate":0.0,"timestamp":1609091317,"path_taken":["M","?","?","M","?","E","R","E","T","E","M","M","?","?","R","BOSS","M","AVR","?","?","$","R","E","R","T","R","M","?","R","?","R","BOSS","M","M","$","M","M","E","R","?","T","E","M","E","M","?","R","BOSS"],"items_purchased_type":["Card","Relic"],"build_version":"2020-12-22","purchased_purges":2,"victory":false,"max_hp_per_floor":[80,80,80,80,80,80,80,80,80,80,80,83,83,86,86,89,89,89,89,89,89,89,89,89,89,89,89,93,93,93,93,93,97,102,102,106,106,110,110,114,114,114,114,118,122,122,126,126,126,126,126],"relic_stats":{"Dream Catcher":1,"counters":[26,89],"Sundial":[4],"Prayer Wheel":6,"Art of War":[5],"obtain_stats":[{"hubris:Metronome":9,"Tiny House":34,"NeowsBlessing":0,"hubris:Towel":42,"Burning Blood":0,"Ring of Searing":5,"Replay:Rubber Ducky":26,"Dream Catcher":29,"hubris:Icosahedron":13,"Sundial":19,"hubris:ScarierMask":17,"Prayer Wheel":37,"Garlic":6,"Art of War":10,"Red Mask":21,"ReplayTheSpireMod:TigerMarble":43,"infinitespire:EmpoweringShard":44,"Replay:Bottled Flurry":46,"Ring of Panic":5,"Replay:Wax Seal":8,"hubris:CrackedHourglass":19,"infinitespire:PuzzleCube":24,"Unceasing Top":40},{"hubris:Metronome":5,"Tiny House":16,"NeowsBlessing":0,"hubris:Towel":21,"Burning Blood":0,"Ring of Searing":3,"Replay:Rubber Ducky":13,"Dream Catcher":14,"hubris:Icosahedron":8,"Sundial":11,"hubris:ScarierMask":10,"Prayer Wheel":18,"Garlic":4,"Art of War":6,"Red Mask":12,"ReplayTheSpireMod:TigerMarble":21,"infinitespire:EmpoweringShard":22,"Replay:Bottled Flurry":24,"Ring of Panic":3,"Replay:Wax Seal":5,"hubris:CrackedHourglass":11,"infinitespire:PuzzleCube":13,"Unceasing Top":21},{"hubris:Metronome":11,"Tiny House":56,"NeowsBlessing":0,"hubris:Towel":73,"Burning Blood":0,"Ring of Searing":3,"Replay:Rubber Ducky":44,"Dream Catcher":47,"hubris:Icosahedron":22,"Sundial":38,"hubris:ScarierMask":33,"Prayer Wheel":62,"Garlic":8,"Art of War":15,"Red Mask":41,"ReplayTheSpireMod:TigerMarble":73,"infinitespire:EmpoweringShard":77,"Replay:Bottled Flurry":81,"Ring of Panic":3,"Replay:Wax Seal":11,"hubris:CrackedHourglass":38,"infinitespire:PuzzleCube":44,"Unceasing Top":73}],"Burning Blood":131,"Unceasing Top":[0]},"card_choices":[{"not_picked":["Twin Strike","True Grit"],"picked":"Combust","floor":1.0},{"not_picked":["Pommel Strike","Run Through","Rage"],"picked":"SKIP","floor":2.0},{"not_picked":["Sever Soul","Run Through"],"picked":"Sword Boomerang","floor":4.0},{"not_picked":["Havoc","Anger","Second Wind"],"picked":"SKIP","floor":6.0},{"not_picked":["Evolve","Pommel Strike","hubris:CleavingFinish"],"picked":"SKIP","floor":8.0},{"not_picked":["Headbutt","Rampage"],"picked":"infinitespire:OneForAll","floor":10.0},{"not_picked":["Heavy Blade","Headbutt"],"picked":"Feed","floor":11.0},{"not_picked":["Reckless Charge","Anger"],"picked":"Rupture","floor":12.0},{"not_picked":["Twin Strike","Thunderclap","Defy Death"],"picked":"SKIP","floor":14.0},{"not_picked":["Bludgeon","Feed"],"picked":"Demon Form","floor":16.0},{"not_picked":["Iron Wave","ReplayTheSpireMod:Strike From Hell","Twin Strike"],"picked":"SKIP","floor":18.0},{"not_picked":["Pommel Strike","Flame Barrier"],"picked":"Limit Break","floor":24.0},{"not_picked":["Warcry","Shrug It Off","Replay:Undeath\u0027s Touch"],"picked":"SKIP","floor":28},{"not_picked":["Warcry","Replay:Undeath\u0027s Touch"],"picked":"Shrug It Off","floor":28},{"not_picked":["Blood for Blood","Perfected Strike","Rampage+1"],"picked":"SKIP","floor":31},{"not_picked":["Replay:Many Hands","Eclipse"],"picked":"Double Tap","floor":33},{"not_picked":["Sentinel+1","Anger+1","Defy Death"],"picked":"SKIP","floor":35},{"not_picked":["Wild Strike+1","Pommel Strike+1","Power Through"],"picked":"SKIP","floor":36},{"not_picked":["Perfected Strike","Headbutt"],"picked":"Flex","floor":38},{"not_picked":["Rupture","Anger+1","Pommel Strike+1"],"picked":"SKIP","floor":38},{"not_picked":["Clash+1","Carnage","Body Slam"],"picked":"SKIP","floor":39},{"not_picked":["Power Through","Wild Strike+1","Headbutt+1"],"picked":"SKIP","floor":39},{"not_picked":["Armaments+1","Flex+1","Replay:Undeath\u0027s Touch"],"picked":"SKIP","floor":40},{"not_picked":["Rampage","Warcry+1","Havoc+1"],"picked":"SKIP","floor":44},{"not_picked":["Feel No Pain+1","Life Link"],"picked":"Hemogenesis","floor":45},{"not_picked":["ReplayReversal","hubris:ReadiedAction","Twin Strike+1"],"picked":"SKIP","floor":45},{"not_picked":["Uppercut+1","Sentinel","Carnage"],"picked":"SKIP","floor":46},{"not_picked":["Blood for Blood","Anger+1","ReplayTheSpireMod:Limb From Limb"],"picked":"SKIP","floor":47},{"not_picked":["Bloodletting+1","Twin Strike+1","Armaments"],"picked":"SKIP","floor":47},{"not_picked":["Blood for Blood","Anger+1","ReplayTheSpireMod:Limb From Limb"],"picked":"SKIP","floor":47},{"not_picked":["Bloodletting+1","Twin Strike+1","Armaments"],"picked":"SKIP","floor":47}],"player_experience":949604,"relics_obtained":[{"floor":5.0,"key":"Ring of Searing"},{"floor":5.0,"key":"Ring of Panic"},{"floor":6.0,"key":"Garlic"},{"floor":8.0,"key":"Replay:Wax Seal"},{"floor":9.0,"key":"hubris:Metronome"},{"floor":10.0,"key":"Art of War"},{"floor":21.0,"key":"Red Mask"},{"floor":24.0,"key":"infinitespire:PuzzleCube"},{"floor":26.0,"key":"Replay:Rubber Ducky"},{"floor":29,"key":"Dream Catcher"},{"floor":40,"key":"Unceasing Top"},{"floor":43,"key":"ReplayTheSpireMod:TigerMarble"},{"floor":44,"key":"infinitespire:EmpoweringShard"},{"floor":46,"key":"Replay:Bottled Flurry"}],"event_choices":[{"cards_removed":["Defend_R"],"damage_healed":0.0,"max_hp_gain":0.0,"max_hp_loss":0.0,"gold_gain":0.0,"event_name":"The Cleric","player_choice":"Card Removal","floor":3.0,"gold_loss":50.0,"damage_taken":0.0},{"damage_healed":0.0,"max_hp_gain":0.0,"max_hp_loss":0.0,"gold_gain":0.0,"event_name":"Masked Bandits","player_choice":"Fought Bandits","floor":21.0,"gold_loss":0.0,"damage_taken":0.0}],"is_beta":false,"boss_relics":[{"not_picked":["Replay:Drink Me","Ectoplasm"],"picked":"hubris:ScarierMask"},{"not_picked":["Runic Pyramid","Cursed Key"],"picked":"Tiny House"}],"items_purged_floors":[22,37],"is_endless":false,"potions_floor_spawned":[1,8,10,12,14,33,36,40,44,46],"killed_by":"infinitespire:MassOfShapes","ascension_level":1}}