{"host":"ggy1mjjy92c62u6a","time":1609080604,"event":{"mods":["10 clothes from DAL","BaseMod","LazyManMod","Minty Spire (QoL Compilation)","Quick Restart","Relic Stats","Shop Mod","Spicy Shops","StSLib","【功能Mod】混沌之环修复补丁","【遗物Mod】死灵法师NEW","【遗物卡牌】REMEMod"],"gold_per_floor":[117,130,130,148,323,323,13,13,13,13,51,71,71,91,91,121,121],"floor_reached":16,"playtime":545,"items_purged":[],"score":100,"play_id":"69c37fb7-aa7a-4fbd-a8ec-7c7e9575ecec","local_time":"20201227225004","is_ascension_mode":false,"campfire_choices":[{"data":"White Noise","floor":6.0,"key":"SMITH"},{"data":"Corrupt","floor":8.0,"key":"SMITH"},{"data":"Bone_Armory","floor":10.0,"key":"SMITH"},{"data":"dwlrmod:PowerOverwhelming","floor":15.0,"key":"SMITH"}],"circlet_count":0,"master_deck":["Strike_W","Strike_W","Strike_W","Defend_W","Defend_W","Defend_W","Defend_W","Negative_Energy_Arrows","Bone_Wall","White Noise+1","Blood_Is_Power","dwlrmod:PowerOverwhelming+1","Bone_Armory","Bone_Armory+1","Doubt","Corrupt+1"],"relics":["Vampire_Amulet","REME_ComplimentaryCards","NeowsBlessing","dwlrmod:ProjectRecorder","Golden Idol","UndeadPower","Question Card","Shuriken","Pocketwatch"],"acts_visited":["Exordium"],"potions_floor_usage":[16],"damage_taken":[{"damage":0.0,"enemies":"Jaw Worm","floor":1.0,"turns":1.0},{"damage":0.0,"enemies":"Small Slimes","floor":2.0,"turns":1.0},{"damage":2.0,"enemies":"2 Louse","floor":4.0,"turns":1.0},{"damage":7.0,"enemies":"Gremlin Nob","floor":11.0,"turns":4.0},{"damage":8.0,"enemies":"Large Slime","floor":12.0,"turns":3.0},{"damage":7.0,"enemies":"Red Slaver","floor":14.0,"turns":4.0},{"damage":22,"enemies":"The Guardian","floor":16,"turns":5}],"seed_played":"-6821707044432036207","potions_obtained":[{"floor":1.0,"key":"Block Potion"},{"floor":4.0,"key":"Block Potion"},{"floor":12.0,"key":"REME_GoldPotion"}],"is_trial":false,"path_per_floor":["M","M","?","M","?","R","$","R","T","R","E","M","?","M","R","B"],"character_chosen":"NECROMANCER","items_purchased":["UndeadPower","Question Card","Corrupt"],"campfire_rested":0,"item_purchase_floors":[7,7,7],"current_hp_per_floor":[75,75,57,55,55,55,55,55,55,55,48,40,33,26,26,4,4],"gold":121,"neow_bonus":"THREE_ENEMY_KILL","is_daily":false,"chose_seed":false,"campfire_upgraded":4,"win_rate":0.0,"timestamp":1609080604,"path_taken":["M","M","?","M","?","R","$","R","T","R","E","M","?","M","R","BOSS"],"items_purchased_type":["Relic","Relic","Card"],"build_version":"2020-12-22","purchased_purges":0,"victory":false,"max_hp_per_floor":[75,75,75,75,75,75,75,75,75,75,75,75,75,75,75,75,75],"relic_stats":{"counters":[7,19],"Golden Idol":20,"Shuriken":[1],"Question Card":5,"obtain_stats":[{"dwlrmod:ProjectRecorder":1,"NeowsBlessing":0,"UndeadPower":7,"Golden Idol":3,"Shuriken":9,"Vampire_Amulet":0,"Question Card":7,"REME_ComplimentaryCards":0,"Pocketwatch":11},{"dwlrmod:ProjectRecorder":1,"NeowsBlessing":0,"UndeadPower":3,"Golden Idol":2,"Shuriken":3,"Vampire_Amulet":0,"Question Card":3,"REME_ComplimentaryCards":0,"Pocketwatch":4},{"dwlrmod:ProjectRecorder":1,"NeowsBlessing":0,"UndeadPower":3,"Golden Idol":2,"Shuriken":3,"Vampire_Amulet":0,"Question Card":3,"REME_ComplimentaryCards":0,"Pocketwatch":7}],"Pocketwatch":[18]},"card_choices":[{"not_picked":["PosionRing","Scare"],"picked":"Blood_Is_Power","floor":1.0},{"not_picked":["dwlrmod:FeignDeath","dwlrmod:Punpa"],"picked":"dwlrmod:PowerOverwhelming","floor":2.0},{"not_picked":["Negative_Energy_Sphere","PosionWeak2"],"picked":"Bone_Armory","floor":2.0},{"not_picked":["Shade_Step","Life_Tap"],"picked":"Bone_Armory","floor":4.0},{"not_picked":["Bone_Armory","Hellfire","Kotodama","Pandemic"],"picked":"SKIP","floor":11.0},{"not_picked":["Bone_Spikes","Toxic_Smoke_Screen","finger_Of_Death","Bone_Armory"],"picked":"SKIP","floor":12.0},{"not_picked":["Bone_Armory","Blood_Whip","Corrupt","Siphon_Strength"],"picked":"SKIP","floor":14.0}],"player_experience":43329,"relics_obtained":[{"floor":1.0,"key":"dwlrmod:ProjectRecorder"},{"floor":9.0,"key":"Shuriken"},{"floor":11.0,"key":"Pocketwatch"}],"event_choices":[{"damage_healed":0.0,"max_hp_gain":0.0,"max_hp_loss":0.0,"gold_gain":0.0,"event_name":"Golden Idol","player_choice":"Take Damage","floor":3.0,"gold_loss":0.0,"damage_taken":18.0,"relics_obtained":["Golden Idol"]},{"damage_healed":0.0,"max_hp_gain":0.0,"max_hp_loss":0.0,"gold_gain":175.0,"event_name":"Liars Game","player_choice":"AGREE","floor":5.0,"gold_loss":0.0,"damage_taken":0.0,"cards_obtained":["Doubt"]},{"cards_removed":["Strike_W"],"damage_healed":0.0,"max_hp_gain":0.0,"max_hp_loss":0.0,"gold_gain":0.0,"event_name":"Golden Wing","player_choice":"Card Removal","floor":13.0,"gold_loss":0.0,"damage_taken":7.0}],"is_beta":false,"boss_relics":[],"items_purged_floors":[],"is_endless":false,"potions_floor_spawned":[1,4,12],"killed_by":"The Guardian","ascension_level":0}}