{"host":"qa029bqsloh3rj2z","time":1609109891,"event":{"mods":["AchievementEnabler","BaseMod","Colored Powertips","DeckTracker","Minty Spire (QoL Compilation)"],"gold_per_floor":[115,131,206,253,253,283,296,72,98,112,112,129,148,168,168,271,271,281,196,44,44,55,55,82,82,164,177,177,177,177,197,197,197,197],"floor_reached":33,"playtime":4724,"items_purged":[],"score":267,"play_id":"14cd2577-25fb-44c6-9127-85669b7990b6","local_time":"20201227175811","is_ascension_mode":false,"campfire_choices":[{"data":"Sucker Punch","floor":11,"key":"SMITH"},{"floor":15,"key":"REST"},{"floor":23,"key":"REST"},{"floor":25,"key":"REST"},{"floor":28,"key":"REST"},{"floor":30,"key":"REST"},{"floor":32,"key":"REST"}],"circlet_count":0,"master_deck":["Strike_G","Strike_G","Strike_G","Strike_G","Defend_G+1","Defend_G","Defend_G+1","Defend_G","Defend_G","Survivor","Neutralize+1","Underhanded Strike","Sucker Punch+1","Blade Dance","Underhanded Strike","Heel Hook","PiercingWail","Backflip","Skewer","Outmaneuver","Die Die Die","Eviscerate","Sucker Punch","Acrobatics","Bullet Time","Endless Agony","Infinite Blades","Backstab+1","Choke","Acrobatics","Poisoned Stab"],"relics":["Ring of the Snake","War Paint","Ice Cream","Lantern","Boot","Runic Pyramid","Dream Catcher","Strange Spoon","Nunchaku","Bottled Lightning"],"acts_visited":["Exordium","TheCity"],"potions_floor_usage":[16,16,24],"damage_taken":[{"damage":2.0,"enemies":"Cultist","floor":1.0,"turns":5.0},{"damage":2.0,"enemies":"Jaw Worm","floor":2.0,"turns":6.0},{"damage":22.0,"enemies":"Lagavulin","floor":6.0,"turns":12.0},{"damage":0.0,"enemies":"Small Slimes","floor":7.0,"turns":3.0},{"damage":2,"enemies":"Exordium Thugs","floor":10,"turns":4},{"damage":0,"enemies":"Red Slaver","floor":12,"turns":3},{"damage":0,"enemies":"Gremlin Gang","floor":13,"turns":5},{"damage":1,"enemies":"Large Slime","floor":14,"turns":5},{"damage":51,"enemies":"Hexaghost","floor":16,"turns":11},{"damage":18,"enemies":"Spheric Guardian","floor":18,"turns":5},{"damage":22,"enemies":"3 Byrds","floor":22,"turns":5},{"damage":81,"enemies":"Book of Stabbing","floor":24,"turns":9},{"damage":2,"enemies":"Centurion and Healer","floor":27,"turns":5},{"damage":19,"enemies":"Sentry and Sphere","floor":31,"turns":3},{"damage":63,"enemies":"Automaton","floor":33,"turns":7}],"seed_played":"4076591268804667752","potions_obtained":[{"floor":7.0,"key":"FairyPotion"},{"floor":10,"key":"DuplicationPotion"},{"floor":13,"key":"Weak Potion"},{"floor":14,"key":"LiquidMemories"},{"floor":16,"key":"ColorlessPotion"},{"floor":27,"key":"SpeedPotion"},{"floor":31,"key":"Poison Potion"}],"is_trial":false,"path_per_floor":["M","M","?","T","?","E","M","$","T","M","R","M","M","M","R","B",null,"M","?","$","?","M","R","E","R","T","M","R","$","R","M","R","B"],"character_chosen":"THE_SILENT","items_purchased":["Heel Hook","Lantern","Strange Spoon"],"campfire_rested":6,"item_purchase_floors":[8,8,20],"current_hp_per_floor":[75,73,62,62,62,40,40,40,40,38,38,38,38,37,60,9,77,59,59,59,59,37,60,3,26,26,24,47,47,70,51,74,11,11],"gold":197,"neow_bonus":"TEN_PERCENT_HP_BONUS","is_daily":false,"chose_seed":false,"campfire_upgraded":1,"win_rate":0.0,"timestamp":1609109891,"path_taken":["M","M","?","?","?","E","M","$","T","?","R","M","M","M","R","BOSS","M","?","$","?","?","R","E","R","T","M","R","?","R","?","R","BOSS"],"items_purchased_type":["Card","Relic","Relic"],"build_version":"2020-12-22","purchased_purges":0,"victory":false,"max_hp_per_floor":[77,77,77,77,77,77,77,77,77,77,77,77,77,77,77,77,77,77,77,77,77,77,77,77,77,77,77,77,77,77,77,77,77,77],"card_choices":[{"not_picked":["Prepared","Quick Slash"],"picked":"Underhanded Strike","floor":1.0},{"not_picked":["Dash","Prepared"],"picked":"Sucker Punch","floor":2.0},{"not_picked":["Leg Sweep","Deflect"],"picked":"Blade Dance","floor":6.0},{"not_picked":["Distraction","Dodge and Roll"],"picked":"Underhanded Strike","floor":7.0},{"not_picked":["Underhanded Strike","Blade Dance"],"picked":"PiercingWail","floor":10},{"not_picked":["Masterful Stab","Leg Sweep"],"picked":"Backflip","floor":12},{"not_picked":["Dodge and Roll","Bouncing Flask"],"picked":"Skewer","floor":13},{"not_picked":["Poisoned Stab","Slice"],"picked":"Outmaneuver","floor":14},{"not_picked":["Bullet Time","Envenom"],"picked":"Die Die Die","floor":16},{"not_picked":["Blade Dance+1","Deflect+1"],"picked":"Eviscerate","floor":18},{"not_picked":["Quick Slash","Dagger Spray"],"picked":"Sucker Punch","floor":22},{"not_picked":["Reflex","Quick Slash"],"picked":"Acrobatics","floor":23},{"not_picked":["Well Laid Plans","Malaise"],"picked":"Bullet Time","floor":24},{"not_picked":["Deadly Poison+1","Sucker Punch+1"],"picked":"Endless Agony","floor":25},{"not_picked":["Backflip","Skewer+1"],"picked":"Infinite Blades","floor":27},{"not_picked":["PiercingWail","Dash"],"picked":"Backstab+1","floor":28},{"not_picked":["Sucker Punch","Well Laid Plans"],"picked":"Choke","floor":30},{"not_picked":["Deflect+1","Choke"],"picked":"Acrobatics","floor":31},{"not_picked":["Slice","Well Laid Plans+1"],"picked":"Poisoned Stab","floor":32}],"player_experience":5041,"relics_obtained":[{"floor":4.0,"key":"War Paint"},{"floor":6.0,"key":"Ice Cream"},{"floor":9.0,"key":"Boot"},{"floor":24,"key":"Nunchaku"},{"floor":26,"key":"Bottled Lightning"}],"event_choices":[{"damage_healed":0.0,"max_hp_gain":0.0,"max_hp_loss":0.0,"gold_gain":75.0,"event_name":"World of Goop","player_choice":"Gather Gold","floor":3.0,"gold_loss":0.0,"damage_taken":11.0},{"damage_healed":0.0,"max_hp_gain":0.0,"max_hp_loss":0.0,"gold_gain":0.0,"event_name":"Accursed Blacksmith","player_choice":"Forge","floor":5.0,"gold_loss":0.0,"damage_taken":0.0,"cards_upgraded":["Neutralize"]},{"damage_healed":0,"gold_gain":0,"player_choice":"Obtained Relic","damage_taken":0,"relics_obtained":["Dream Catcher"],"max_hp_gain":0,"max_hp_loss":0,"event_name":"Addict","floor":19,"gold_loss":85},{"cards_removed":["Strike_G"],"damage_healed":0,"gold_gain":0,"player_choice":"Offered Basic","damage_taken":0,"max_hp_gain":0,"max_hp_loss":0,"event_name":"Bonfire Elementals","floor":21,"gold_loss":0}],"is_beta":false,"boss_relics":[{"not_picked":["Ring of the Serpent","Ectoplasm"],"picked":"Runic Pyramid"}],"items_purged_floors":[],"is_endless":false,"potions_floor_spawned":[7,10,13,14,16,27,31],"killed_by":"Automaton","ascension_level":0}}