{"host":"0ueeacaatm8t6jyh","time":1609097059,"event":{"mods":["AchievementEnabler","BaseMod","Colored Powertips","Minty Spire (QoL Compilation)","Rare Cards Sparkle","StSLib"],"gold_per_floor":[109,109,34,45,55,82,82,101,101,101,114,114,144,158,158,260,260,274,136,136,155,155,180,180,55,80,155,170,170,186,206,206,302,302,315,187,187,206,34,34,334,368,368,379,391,401,401,434,434,434,434],"floor_reached":50,"playtime":2350,"items_purged":["Defend_P","Strike_P","Vigilance","Consecrate+1"],"score":865,"play_id":"25b751d0-032f-46a1-b153-e622232090c4","local_time":"20201228032419","is_ascension_mode":true,"campfire_choices":[{"floor":10.0,"key":"REST"},{"data":"Devotion","floor":12.0,"key":"SMITH"},{"data":"Scrawl","floor":15.0,"key":"SMITH"},{"data":"Wireheading","floor":24.0,"key":"SMITH"},{"floor":29.0,"key":"REST"},{"data":"Scrawl","floor":32.0,"key":"SMITH"},{"floor":40.0,"key":"RECALL"},{"floor":49.0,"key":"REST"}],"circlet_count":0,"master_deck":["Defend_P+1","Eruption+1","Meditate","Halt+1","Vengeance+1","Devotion+1","Wireheading+1","Scrawl+1","LessonLearned","Blasphemy+1","EmptyFist+1","Nirvana+1","TalkToTheHand+1","Adaptation+1","BowlingBash+1","Scrawl+1","Tantrum+1","Brilliance","Prostrate","WheelKick+1","DeusExMachina+1","CurseOfTheBell","Bandage Up+1","WreathOfFlame+1","Crescendo+1","Pray+1"],"relics":["PureWater","TeardropLocket","Blood Vial","The Courier","Astrolabe","Pantograph","Orrery","Smiling Mask","Calling Bell","MealTicket","Blue Candle","Pocketwatch","Potion Belt","Question Card","Letter Opener","Sundial"],"acts_visited":["Exordium","TheCity","TheBeyond"],"potions_floor_usage":[50,50],"damage_taken":[{"damage":6.0,"enemies":"Cultist","floor":1.0,"turns":4.0},{"damage":12.0,"enemies":"Jaw Worm","floor":4.0,"turns":2.0},{"damage":0.0,"enemies":"Small Slimes","floor":5.0,"turns":2.0},{"damage":23.0,"enemies":"Lagavulin","floor":6.0,"turns":8.0},{"damage":15.0,"enemies":"Red Slaver","floor":8.0,"turns":4.0},{"damage":10.0,"enemies":"2 Fungi Beasts","floor":11.0,"turns":4.0},{"damage":2.0,"enemies":"3 Louse","floor":14.0,"turns":3.0},{"damage":0.0,"enemies":"Slime Boss","floor":16.0,"turns":6.0},{"damage":13.0,"enemies":"Shell Parasite","floor":18.0,"turns":3.0},{"damage":17.0,"enemies":"2 Thieves","floor":21.0,"turns":2.0},{"damage":0.0,"enemies":"Gremlin Leader","floor":23.0,"turns":1.0},{"damage":17.0,"enemies":"Centurion and Healer","floor":28.0,"turns":3.0},{"damage":0.0,"enemies":"Snecko","floor":30.0,"turns":2.0},{"damage":16.0,"enemies":"Snake Plant","floor":31.0,"turns":2.0},{"damage":0.0,"enemies":"Automaton","floor":33.0,"turns":2.0},{"damage":1.0,"enemies":"3 Darklings","floor":35.0,"turns":2.0},{"damage":0.0,"enemies":"Orb Walker","floor":38.0,"turns":2.0},{"damage":0.0,"enemies":"Reptomancer","floor":42.0,"turns":2.0},{"damage":28.0,"enemies":"Spire Growth","floor":44.0,"turns":3.0},{"damage":27.0,"enemies":"Transient","floor":45.0,"turns":5.0},{"damage":0.0,"enemies":"Sphere and 2 Shapes","floor":46.0,"turns":2.0},{"damage":46.0,"enemies":"Nemesis","floor":48.0,"turns":3.0},{"damage":71,"enemies":"Time Eater","floor":50,"turns":3}],"seed_played":"-6976064607593943139","potions_obtained":[{"floor":4.0,"key":"Dexterity Potion"},{"floor":8.0,"key":"PowerPotion"},{"floor":16.0,"key":"Swift Potion"},{"floor":18.0,"key":"GamblersBrew"},{"floor":23.0,"key":"SteroidPotion"},{"floor":30.0,"key":"LiquidMemories"},{"floor":33.0,"key":"AttackPotion"},{"floor":35.0,"key":"Regen Potion"},{"floor":42.0,"key":"CultistPotion"},{"floor":48.0,"key":"Block Potion"}],"is_trial":false,"path_per_floor":["M","T","$","M","M","E","?","M","T","R","M","R","?","M","R","B",null,"M","$","?","M","?","E","R","$","T","?","M","R","M","M","R","B",null,"M","$","?","M","$","R","?","E","T","M","M","M","?","E","R","B"],"character_chosen":"WATCHER","items_purchased":["TalkToTheHand","Orrery","SmokeBomb","Potion Belt"],"campfire_rested":3,"item_purchase_floors":[19,25,36,39],"current_hp_per_floor":[66,66,66,54,54,31,31,18,18,39,31,31,31,31,31,33,62,51,51,51,36,36,38,38,38,38,31,16,37,39,25,25,52,67,68,72,72,72,72,72,72,72,72,48,29,37,37,8,29,0,0],"gold":434,"neow_bonus":"THREE_CARDS","is_daily":false,"chose_seed":false,"campfire_upgraded":4,"win_rate":0.0,"timestamp":1609097059,"path_taken":["M","?","$","M","M","E","?","M","T","R","?","R","?","M","R","BOSS","M","$","?","M","?","E","R","$","T","?","M","R","?","M","R","BOSS","M","$","?","M","$","R","?","E","T","M","M","?","?","E","R","BOSS"],"items_purchased_type":["Card","Relic","Potion","Relic"],"build_version":"2020-12-22","purchased_purges":4,"victory":false,"max_hp_per_floor":[72,72,72,72,72,72,72,72,72,72,72,72,72,72,72,72,72,72,72,72,72,72,72,72,72,72,72,72,72,72,72,72,72,72,72,72,72,72,72,72,72,72,72,72,72,72,72,72,72,72,72],"card_choices":[{"not_picked":["ClearTheMind","EmptyFist"],"picked":"Meditate","floor":0.0},{"not_picked":["FollowUp","Evaluate","JustLucky"],"picked":"SKIP","floor":1.0},{"not_picked":["Study","FlyingSleeves"],"picked":"Wallop","floor":4.0},{"not_picked":["CrushJoints","BowlingBash"],"picked":"Halt","floor":5.0},{"not_picked":["Evaluate","CrushJoints"],"picked":"Vengeance","floor":6.0},{"not_picked":["DeceiveReality","Meditate"],"picked":"Wireheading","floor":8.0},{"not_picked":["Worship","ThirdEye"],"picked":"Scrawl","floor":11.0},{"not_picked":["CutThroughFate","Conclude","FlyingSleeves"],"picked":"SKIP","floor":14.0},{"not_picked":["MasterReality","Scrawl"],"picked":"LessonLearned","floor":16.0},{"not_picked":["FollowUp","JustLucky"],"picked":"Nirvana","floor":18.0},{"not_picked":["Weave","Meditate","Protect"],"picked":"SKIP","floor":21.0},{"not_picked":["WreathOfFlame","JustLucky"],"picked":"Tantrum","floor":23.0},{"not_picked":["CrushJoints","CutThroughFate"],"picked":"Brilliance","floor":25.0},{"not_picked":["Alpha","Wallop"],"picked":"Prostrate","floor":25.0},{"not_picked":["BowlingBash","Swivel"],"picked":"WheelKick+1","floor":25.0},{"not_picked":["FlurryOfBlows","Wireheading","WindmillStrike"],"picked":"SKIP","floor":28.0},{"not_picked":["SignatureMove","Crescendo","Halt"],"picked":"SKIP","floor":30.0},{"not_picked":["Evaluate+1","SashWhip+1","Scrawl"],"picked":"SKIP","floor":31.0},{"not_picked":["Vault","Blasphemy"],"picked":"DeusExMachina","floor":33.0},{"not_picked":["FlyingSleeves","WindmillStrike","ThirdEye+1"],"picked":"SKIP","floor":35.0},{"not_picked":["Flash of Steel","Sadistic Nature"],"picked":"Bandage Up","floor":37.0},{"not_picked":["FollowUp+1","JustLucky"],"picked":"WreathOfFlame+1","floor":38.0},{"not_picked":["BowlingBash","Devotion","SashWhip+1"],"picked":"SKIP","floor":42.0},{"not_picked":["Sanctity","Evaluate+1","Collect"],"picked":"Crescendo+1","floor":44.0},{"not_picked":["ThirdEye+1","SashWhip","Study+1","FlyingSleeves"],"picked":"SKIP","floor":45.0},{"not_picked":["ThirdEye","Study","Halt+1"],"picked":"Pray+1","floor":46.0},{"not_picked":["BowlingBash","Evaluate+1","Conclude+1","Prostrate+1"],"picked":"SKIP","floor":48.0}],"player_experience":317587,"relics_obtained":[{"floor":2.0,"key":"TeardropLocket"},{"floor":6.0,"key":"Blood Vial"},{"floor":9.0,"key":"The Courier"},{"floor":23.0,"key":"Pantograph"},{"floor":26.0,"key":"Smiling Mask"},{"floor":34.0,"key":"MealTicket"},{"floor":34.0,"key":"Blue Candle"},{"floor":34.0,"key":"Pocketwatch"},{"floor":42.0,"key":"Question Card"},{"floor":43.0,"key":"Letter Opener"},{"floor":48.0,"key":"Sundial"}],"event_choices":[{"damage_healed":0.0,"max_hp_gain":0.0,"max_hp_loss":0.0,"gold_gain":0.0,"cards_transformed":["Wallop"],"event_name":"Transmorgrifier","player_choice":"Transformed","floor":7.0,"gold_loss":0.0,"damage_taken":0.0,"cards_obtained":["Devotion"]},{"damage_healed":0.0,"max_hp_gain":0.0,"max_hp_loss":0.0,"gold_gain":30.0,"event_name":"Dead Adventurer","player_choice":"Searched \u00271\u0027 times","floor":13.0,"gold_loss":0.0,"damage_taken":0.0},{"damage_healed":0.0,"max_hp_gain":0.0,"max_hp_loss":0.0,"gold_gain":0.0,"event_name":"The Library","player_choice":"Read","floor":20.0,"gold_loss":0.0,"damage_taken":0.0,"cards_obtained":["Adaptation"]},{"damage_healed":0.0,"max_hp_gain":0.0,"max_hp_loss":0.0,"gold_gain":0.0,"cards_transformed":["Defend_P","Strike_P"],"event_name":"Drug Dealer","player_choice":"Became Test Subject","floor":22.0,"gold_loss":0.0,"damage_taken":0.0,"cards_obtained":["BowlingBash","Scrawl"]},{"damage_healed":0.0,"max_hp_gain":0.0,"max_hp_loss":0.0,"gold_gain":75.0,"event_name":"FaceTrader","player_choice":"Touch","floor":27.0,"gold_loss":0.0,"damage_taken":7.0},{"damage_healed":0.0,"max_hp_gain":0.0,"max_hp_loss":0.0,"gold_gain":0.0,"event_name":"SensoryStone","player_choice":"Memory 1","floor":37.0,"gold_loss":0.0,"damage_taken":0.0},{"damage_healed":0.0,"max_hp_gain":0.0,"max_hp_loss":0.0,"gold_gain":300.0,"event_name":"Wheel of Change","player_choice":"Gold","floor":41.0,"gold_loss":0.0,"damage_taken":0.0},{"damage_healed":0.0,"max_hp_gain":0.0,"max_hp_loss":0.0,"gold_gain":0.0,"event_name":"Match and Keep!","player_choice":"0 cards matched","floor":47.0,"gold_loss":0.0,"damage_taken":0.0,"cards_obtained":[]}],"is_beta":false,"boss_relics":[{"not_picked":["Tiny House","Coffee Dripper"],"picked":"Astrolabe"},{"not_picked":["Runic Dome","Velvet Choker"],"picked":"Calling Bell"}],"items_purged_floors":[3,19,36,39],"is_endless":false,"potions_floor_spawned":[4,8,16,18,23,30,33,35,42,48],"killed_by":"Time Eater","ascension_level":5}}