{"host":"z9grmtg2w0nmz8n1","time":1609086384,"event":{"mods":["Aspiration","Bard","BaseMod","Beaked The Cultist","Better Altar","Better Match","Better Note","Better Sensory Stone","Better Skull","Better Third Choice","BetterRewards","CCEM","Colored Map","Conspire","Downfall","GifTheSpireLib","Googly Eyes","Halation","Hermit","Highlight Path","Hubris","Hunter ??","Jedi Mod","Jorbs\u0027s Wanderer Trilogy","Mad Scientist","Marisa????????","Minty Spire (QoL Compilation)","Permanent Neow","Replay The Spire","Shade Mod","Shop Mod","Spicy Shops","StSLib","Stuff the Spire","The Bug Knight","The Construct","The Necromancer","The Runesmith","The Witch"],"gold_per_floor":[113,113,113,126,145,178,188,188,262,293,65,90,90,102,102,201,301,317,317,9,9,9,42,52,70,95,95,95,95],"floor_reached":28,"playtime":3157,"items_purged":["Strike_B","Strike_B"],"score":282,"play_id":"50a46898-2d43-421d-b057-c9bedd43d547","local_time":"20201227142624","is_ascension_mode":true,"campfire_choices":[{"floor":8,"key":"REST"},{"floor":13,"key":"RECALL"},{"floor":15,"key":"REST"},{"data":"Zap","floor":27,"key":"SMITH"}],"circlet_count":0,"master_deck":["Strike_B","Defend_B","Defend_B","Defend_B","Defend_B","Zap+1","Dualcast","Ball Lightning","Ball Lightning","Self Repair","Ball Lightning","ReplayTheSpireMod:Calculation Training","Defragment","Pot Of Greed","Pot Of Greed","Defragment"],"relics":["Cracked Core","Lizard Tail","StuffTheSpire:Gunfinga","CCEMRelics:DissonantTune","Sling","Omamori","Replay:Wanted Poster","Gremlin Food","Sundial","Grinning Jar","Replay:Wax Seal"],"acts_visited":["Exordium","TheCity"],"potions_floor_usage":[7,12,24],"damage_taken":[{"damage":10,"enemies":"2 Louse","floor":1,"turns":3},{"damage":6,"enemies":"Cultist","floor":4,"turns":3},{"damage":0,"enemies":"Small Slimes","floor":5,"turns":2},{"damage":22,"enemies":"3 Sentries","floor":6,"turns":8},{"damage":11,"enemies":"Exordium Wildlife","floor":7,"turns":4},{"damage":17,"enemies":"HollowMod:MossKnight","floor":10,"turns":5},{"damage":9,"enemies":"Lagavulin","floor":12,"turns":5},{"damage":3,"enemies":"Blue Slaver","floor":14,"turns":3},{"damage":34,"enemies":"Fading Forest","floor":16,"turns":11},{"damage":29,"enemies":"3 Byrds","floor":18,"turns":5},{"damage":27,"enemies":"HollowMod:Nosk","floor":23,"turns":6},{"damage":18,"enemies":"Shell Parasite","floor":24,"turns":3},{"damage":43,"enemies":"Sentry and Sphere","floor":25,"turns":5},{"damage":28,"enemies":"Gremlin Leader","floor":28,"turns":1}],"seed_played":"-1051547689682960439","potions_obtained":[{"floor":1,"key":"BlessingOfTheForge"},{"floor":6,"key":"PowerPotion"},{"floor":12,"key":"conspire:TimeTravelPotion"},{"floor":16,"key":"Weak Potion"},{"floor":23,"key":"Swift Potion"}],"is_trial":false,"path_per_floor":["M","?","?","M","M","E","M","R","T","E","$","E","R","M","R","B",null,"M","?","$","?","?","E","M","M","T","R","E"],"character_chosen":"DEFECT","items_purchased":["Sling","Defragment","Sundial"],"campfire_rested":2,"item_purchase_floors":[11,20,20],"current_hp_per_floor":[44,44,44,38,38,16,5,27,27,10,10,11,11,15,37,20,75,53,53,53,53,53,33,22,26,26,26,0,0],"gold":95,"neow_bonus":"ONE_RARE_RELIC","is_daily":false,"chose_seed":false,"campfire_upgraded":1,"win_rate":0.0,"timestamp":1609086384,"path_taken":["M","?","?","?","M","E","M","R","T","E","$","E","R","M","R","BOSS","M","?","$","?","?","E","M","?","T","R","E"],"items_purchased_type":["Relic","Card","Relic"],"build_version":"2020-12-22","purchased_purges":2,"victory":false,"max_hp_per_floor":[75,75,75,75,75,75,75,75,75,75,75,75,75,75,75,75,75,75,75,75,75,75,75,75,75,75,75,75,75],"card_choices":[{"not_picked":["StuffTheSpire:Rend","Cold Snap"],"picked":"Ball Lightning","floor":1},{"not_picked":["Turbo","conspire:SharedLibrary"],"picked":"Ball Lightning","floor":4},{"not_picked":["Go for the Eyes","Doom and Gloom","ReplaySort"],"picked":"SKIP","floor":5},{"not_picked":["ReplayTheSpireMod:System Scan","ReplayTheSpireMod:GoodbyeWorld","StuffTheSpire:SnapShoot"],"picked":"SKIP","floor":6},{"not_picked":["Stack","Gash","Redo"],"picked":"SKIP","floor":7},{"not_picked":["StuffTheSpire:CleanHardDrive","Go for the Eyes"],"picked":"Self Repair","floor":10},{"not_picked":["Force Field","Chaos"],"picked":"Ball Lightning","floor":12},{"not_picked":["Auto Shields","Leap"],"picked":"ReplayTheSpireMod:Calculation Training","floor":14},{"not_picked":["Go for the Eyes","Gash+1","BasicCrystalCard"],"picked":"SKIP","floor":18},{"not_picked":["jedi:BurstLightning","Beam Cell","StuffTheSpire:ShieldGenerator+1"],"picked":"SKIP","floor":23},{"not_picked":["jedi:spotbugs","Stack"],"picked":"Defragment","floor":24},{"not_picked":["Redo+1","Steam+1","Lockon"],"picked":"SKIP","floor":25}],"player_experience":727211,"relics_obtained":[{"floor":6,"key":"StuffTheSpire:Gunfinga"},{"floor":10,"key":"CCEMRelics:DissonantTune"},{"floor":12,"key":"Omamori"},{"floor":23,"key":"Grinning Jar"},{"floor":26,"key":"Replay:Wax Seal"}],"event_choices":[{"damage_healed":0,"gold_gain":0,"player_choice":"Disagree","damage_taken":0,"max_hp_gain":0,"max_hp_loss":0,"event_name":"conspire:LoneGhost","floor":2,"gold_loss":0},{"cards_removed":["Strike_B"],"damage_healed":0,"gold_gain":0,"player_choice":"Purged","damage_taken":0,"max_hp_gain":0,"max_hp_loss":0,"event_name":"Purifier","floor":3,"gold_loss":0},{"damage_healed":0,"gold_gain":0,"player_choice":"Adaptability","damage_taken":0,"max_hp_gain":0,"max_hp_loss":0,"event_name":"betterThird:BetterWriting","floor":21,"gold_loss":0},{"damage_healed":0,"gold_gain":0,"player_choice":"Ignored","damage_taken":0,"max_hp_gain":0,"max_hp_loss":0,"event_name":"Vampires","floor":22,"gold_loss":0}],"is_beta":false,"boss_relics":[{"not_picked":["hubris:RunicObelisk","aspiration:FutureDiary"],"picked":"Replay:Wanted Poster"}],"items_purged_floors":[11,20],"is_endless":false,"potions_floor_spawned":[1,6,12,16,23],"killed_by":"Gremlin Leader","ascension_level":2}}