{"host":"y89x8uui45kcjy42","time":1609043353,"event":{"mods":["2.2 Compatiblity","BaseMod","CapriCore","Colored Map","Colored Powertips","Custom Start","Friendly Minions","Hermit","Highlight Path","Keyboard Shortcuts","Minty Spire (QoL Compilation)","Relic Stats","Slay the Relics Exporter","StSLib","SuperFastMode","Waifu the Spire"],"gold_per_floor":[114,264,264,4,79,79,110,141,141,166,195,31,59,59,59,135,185,196,210,210,210,225,251,278,306,306,337,366,366,366,401,401,478,478,498,498,523,179,479,505,530,565,565,600,156,156,0,0,0,0,0],"floor_reached":52,"playtime":1784,"items_purged":[],"score":3170,"play_id":"a3ddd1c2-dbec-48ac-a1f5-f5ec70f0447f","local_time":"20201227132913","daily_mods":["Flight","Elite Swarm"],"is_ascension_mode":true,"campfire_choices":[{"data":"hermit:Malice","floor":6,"key":"SMITH"},{"floor":15,"key":"REST"},{"data":"hermit:RoundhouseKick","floor":30,"key":"SMITH"},{"data":"Regret","floor":32,"key":"PURGE"},{"data":"1","floor":46,"key":"LIFT"},{"data":"2","floor":49,"key":"LIFT"}],"circlet_count":0,"master_deck":["hermit:Roughhouse+1","hermit:Snapshot+1","hermit:Headshot+1","hermit:SprayPray+1","hermit:GoldenBullet+1","hermit:Covet+1","hermit:Snipe+1","hermit:FlashPowder+1","hermit:FlashPowder+1","hermit:FlashPowder+1","hermit:FlashPowder+1","hermit:Gestalt+1","hermit:TakeAim+1","hermit:Brawl+1","hermit:Malice+1","hermit:RoundhouseKick+1","hermit:GhostlyPresence+1"],"relics":["hermit:Momento","hermit:ClaspedLocket","hermit:CharredGlove","hermit:BartenderGlass","hermit:PetGhost","hermit:RyeStalk","hermit:Horseshoe","Torii","TungstenRod","Potion Belt","Lantern","Singing Bowl","Bag of Preparation","Calipers","Unceasing Top","Juzu Bracelet","Tiny Chest","Gremlin Horn","Anchor","Prayer Wheel","Tiny House","Coffee Dripper","MutagenicStrength","Mummified Hand","PreservedInsect","Art of War","Sundial","Regal Pillow","The Courier","Peace Pipe","Coffee Dripper","Du-Vu Doll","Membership Card","Toxic Egg 2","hermit:Spyglass","Bird Faced Urn","Ancient Tea Set","InkBottle","Eternal Feather","Blue Candle","Girya","hermit:RedScarf","Toy Ornithopter","Boot","Blood Vial","Red Mask"],"acts_visited":["Exordium","TheCity","TheBeyond"],"potions_floor_usage":[51,51,51,51,51,51],"damage_taken":[{"damage":0,"enemies":"Small Slimes","floor":1,"turns":3},{"damage":0,"enemies":"Gremlin Nob","floor":7,"turns":4},{"damage":5,"enemies":"3 Sentries","floor":8,"turns":7},{"damage":0,"enemies":"Lagavulin","floor":10,"turns":4},{"damage":0,"enemies":"Gremlin Nob","floor":11,"turns":3},{"damage":0,"enemies":"3 Sentries","floor":13,"turns":5},{"damage":0,"enemies":"Hexaghost","floor":16,"turns":8},{"damage":0,"enemies":"Shell Parasite","floor":18,"turns":3},{"damage":10,"enemies":"Spheric Guardian","floor":19,"turns":4},{"damage":0,"enemies":"Snecko","floor":22,"turns":3},{"damage":0,"enemies":"Book of Stabbing","floor":23,"turns":5},{"damage":0,"enemies":"Gremlin Leader","floor":25,"turns":2},{"damage":0,"enemies":"Book of Stabbing","floor":27,"turns":4},{"damage":0,"enemies":"Gremlin Leader","floor":28,"turns":3},{"damage":0,"enemies":"Book of Stabbing","floor":31,"turns":4},{"damage":0,"enemies":"Automaton","floor":33,"turns":9},{"damage":0,"enemies":"3 Shapes","floor":35,"turns":2},{"damage":0,"enemies":"Mind Bloom Boss Battle","floor":37,"turns":6},{"damage":0,"enemies":"Giant Head","floor":40,"turns":7},{"damage":12,"enemies":"Reptomancer","floor":42,"turns":4},{"damage":0,"enemies":"Giant Head","floor":44,"turns":6},{"damage":50,"enemies":"Awakened One","floor":50,"turns":12},{"damage":0,"enemies":"Donu and Deca","floor":51,"turns":7}],"seed_played":"8136335333266311160","potions_obtained":[{"floor":7,"key":"SpeedPotion"},{"floor":11,"key":"Dexterity Potion"},{"floor":16,"key":"AttackPotion"},{"floor":17,"key":"FearPotion"},{"floor":18,"key":"Strength Potion"},{"floor":22,"key":"Ancient Potion"}],"is_trial":true,"path_per_floor":["M","?","?","$","?","R","E","E","T","E","E","$","E","$","R","B",null,"M","M","?","?","M","E","T","E","T","E","E","?","R","E","R","B",null,"M","$","?","$","?","E","T","E","T","E","$","R","?","?","R","B","B",null],"character_chosen":"HERMIT","items_purchased":["hermit:Malice","Bag of Preparation","Anchor","Membership Card","Toxic Egg 2","hermit:Spyglass","Girya","hermit:RedScarf","Toy Ornithopter","Boot","Blood Vial"],"campfire_rested":1,"item_purchase_floors":[4,4,12,38,38,38,45,45,45,45,45],"current_hp_per_floor":[64,64,64,64,54,54,56,53,53,55,57,57,59,59,81,83,90,94,84,84,84,88,90,90,92,92,94,96,65,65,67,67,69,104,108,108,110,110,110,112,112,106,106,112,112,121,121,121,127,79,127],"gold":0,"neow_bonus":"","is_daily":false,"chose_seed":false,"campfire_upgraded":2,"win_rate":0.0,"timestamp":1609043353,"path_taken":["M","?","?","$","?","R","E","E","T","E","E","$","E","?","R","BOSS","M","M","?","?","M","E","?","E","T","E","E","?","R","E","R","BOSS","M","$","?","$","?","E","?","E","T","E","$","R","?","?","R","BOSS","BOSS"],"items_purchased_type":["Card","Relic","Relic","Relic","Relic","Relic","Relic","Relic","Relic","Relic","Relic"],"build_version":"2020-12-22","purchased_purges":0,"victory":true,"max_hp_per_floor":[71,71,71,71,71,71,73,75,75,77,79,79,81,81,81,83,90,94,94,94,94,98,100,100,102,102,104,106,111,111,113,113,115,115,119,119,121,121,121,123,123,125,125,127,127,127,127,127,127,127,127],"relic_stats":{"Regal Pillow":0,"Torii":11,"Singing Bowl":46,"Gremlin Horn":[18,18],"counters":[23,115],"Blue Candle":[2],"Eternal Feather":15,"PreservedInsect":507,"Bag of Preparation":[44],"Juzu Bracelet":2,"Boot":[0],"Peace Pipe":1,"Blood Vial":2,"Mummified Hand":[26],"Sundial":[20],"Bird Faced Urn":[14],"Tiny Chest":2,"Prayer Wheel":4,"Art of War":[2],"obtain_stats":[{"hermit:ClaspedLocket":0,"Lantern":0,"Regal Pillow":27,"Calipers":7,"Tiny House":17,"Torii":0,"Singing Bowl":3,"Gremlin Horn":11,"Bag of Preparation":4,"Juzu Bracelet":9,"Ancient Tea Set":41,"Boot":45,"Blood Vial":45,"hermit:RyeStalk":0,"Mummified Hand":23,"Sundial":26,"Tiny Chest":10,"Prayer Wheel":13,"Red Mask":47,"hermit:RedScarf":45,"Toxic Egg 2":38,"hermit:Spyglass":38,"InkBottle":42,"Potion Belt":0,"Girya":45,"Blue Candle":44,"Eternal Feather":43,"PreservedInsect":24,"The Courier":28,"Peace Pipe":31,"Du-Vu Doll":37,"Anchor":12,"hermit:PetGhost":0,"hermit:CharredGlove":0,"MutagenicStrength":21,"Bird Faced Urn":40,"hermit:BartenderGlass":0,"Coffee Dripper":17,"Art of War":25,"Membership Card":38,"hermit:Horseshoe":0,"hermit:Momento":0,"TungstenRod":0,"Unceasing Top":8,"Toy Ornithopter":45},{"hermit:ClaspedLocket":0,"Lantern":0,"Regal Pillow":13,"Calipers":2,"Tiny House":7,"Torii":0,"Singing Bowl":1,"Gremlin Horn":5,"Bag of Preparation":1,"Juzu Bracelet":3,"Ancient Tea Set":19,"Boot":21,"Blood Vial":21,"hermit:RyeStalk":0,"Mummified Hand":11,"Sundial":12,"Tiny Chest":4,"Prayer Wheel":6,"Red Mask":21,"hermit:RedScarf":21,"Toxic Egg 2":18,"hermit:Spyglass":18,"InkBottle":20,"Potion Belt":0,"Girya":21,"Blue Candle":21,"Eternal Feather":20,"PreservedInsect":11,"The Courier":14,"Peace Pipe":15,"Du-Vu Doll":18,"Anchor":5,"hermit:PetGhost":0,"hermit:CharredGlove":0,"MutagenicStrength":9,"Bird Faced Urn":19,"hermit:BartenderGlass":0,"Coffee Dripper":7,"Art of War":12,"Membership Card":18,"hermit:Horseshoe":0,"hermit:Momento":0,"TungstenRod":0,"Unceasing Top":3,"Toy Ornithopter":21},{"hermit:ClaspedLocket":0,"Lantern":0,"Regal Pillow":55,"Calipers":7,"Tiny House":34,"Torii":0,"Singing Bowl":3,"Gremlin Horn":21,"Bag of Preparation":3,"Juzu Bracelet":14,"Ancient Tea Set":86,"Boot":96,"Blood Vial":96,"hermit:RyeStalk":0,"Mummified Hand":49,"Sundial":51,"Tiny Chest":18,"Prayer Wheel":26,"Red Mask":96,"hermit:RedScarf":96,"Toxic Egg 2":79,"hermit:Spyglass":79,"InkBottle":90,"Potion Belt":0,"Girya":96,"Blue Candle":96,"Eternal Feather":90,"PreservedInsect":49,"The Courier":58,"Peace Pipe":62,"Du-Vu Doll":79,"Anchor":21,"hermit:PetGhost":0,"hermit:CharredGlove":0,"MutagenicStrength":41,"Bird Faced Urn":86,"hermit:BartenderGlass":0,"Coffee Dripper":34,"Art of War":51,"Membership Card":79,"hermit:Horseshoe":0,"hermit:Momento":0,"TungstenRod":0,"Unceasing Top":14,"Toy Ornithopter":96}],"TungstenRod":44,"Unceasing Top":[12],"InkBottle":[11],"Toy Ornithopter":30},"card_choices":[{"not_picked":["hermit:HoleUp","hermit:Headshot","hermit:Manifest"],"picked":"SKIP","floor":1},{"not_picked":["hermit:Dissolve","hermit:Reprieve","hermit:Roughhouse"],"picked":"Singing Bowl","floor":7},{"not_picked":["hermit:OverwhelmingPower","hermit:DeadOrAlive","hermit:FatalDesire"],"picked":"Singing Bowl","floor":8},{"not_picked":["hermit:Adapt","hermit:Reprieve","hermit:Dissolve"],"picked":"Singing Bowl","floor":10},{"not_picked":["hermit:Magnum","hermit:FromBeyond","hermit:HeroicBravado"],"picked":"Singing Bowl","floor":11},{"not_picked":["hermit:EternalForm","hermit:DeadOrAlive","hermit:HighNoon"],"picked":"Singing Bowl","floor":13},{"not_picked":["hermit:Purgatory","hermit:FatalDesire","hermit:BlackWind"],"picked":"Singing Bowl","floor":16},{"not_picked":["hermit:WideOpen","hermit:NoHoldsBarred","hermit:Ricochet"],"picked":"Singing Bowl","floor":17},{"not_picked":["hermit:CalledShot","hermit:HighCaliber","hermit:Quickdraw"],"picked":"Singing Bowl","floor":18},{"not_picked":["hermit:LoneWolf","hermit:Headshot","hermit:Ricochet"],"picked":"Singing Bowl","floor":18},{"not_picked":["hermit:NoHoldsBarred","hermit:TrackingShot"],"picked":"hermit:RoundhouseKick","floor":19},{"not_picked":["hermit:Ricochet","hermit:LowProfile"],"picked":"hermit:GhostlyPresence","floor":19},{"not_picked":["hermit:GhostlyPresence","hermit:Headshot","hermit:Dive"],"picked":"Singing Bowl","floor":22},{"not_picked":["hermit:Dive","hermit:HighCaliber","hermit:Feint"],"picked":"Singing Bowl","floor":22},{"not_picked":["hermit:EternalForm","hermit:FatalDesire","hermit:FinalCanter"],"picked":"Singing Bowl","floor":23},{"not_picked":["hermit:EternalForm","hermit:Adapt","hermit:HeroicBravado"],"picked":"Singing Bowl","floor":25},{"not_picked":["hermit:FinalCanter","hermit:DeadOrAlive","hermit:OverwhelmingPower"],"picked":"Singing Bowl","floor":27},{"not_picked":["hermit:Reprieve","hermit:RoundhouseKick","hermit:Dissolve"],"picked":"Singing Bowl","floor":28},{"not_picked":["hermit:FromBeyond","hermit:Magnum","hermit:Roughhouse"],"picked":"Singing Bowl","floor":31},{"not_picked":["hermit:Magnum","hermit:HighNoon","hermit:Purgatory"],"picked":"Singing Bowl","floor":33},{"not_picked":["hermit:Ricochet","hermit:Feint+1","hermit:Glare"],"picked":"Singing Bowl","floor":35},{"not_picked":["hermit:CalledShot","hermit:HoleUp+1","hermit:Spite"],"picked":"Singing Bowl","floor":35},{"not_picked":["hermit:LowProfile+1","hermit:HighCaliber","hermit:HeroicBravado"],"picked":"Singing Bowl","floor":37},{"not_picked":["hermit:Gambit+1","hermit:Reprieve+1","hermit:FromBeyond+1"],"picked":"Singing Bowl","floor":40},{"not_picked":["hermit:Adapt","hermit:FromBeyond+1","hermit:Reprieve+1"],"picked":"Singing Bowl","floor":42},{"not_picked":["hermit:DeadOrAlive","hermit:Dissolve+1","hermit:HeroicBravado+1"],"picked":"Singing Bowl","floor":44}],"player_experience":532818,"relics_obtained":[{"floor":7,"key":"Calipers"},{"floor":8,"key":"Unceasing Top"},{"floor":9,"key":"Juzu Bracelet"},{"floor":10,"key":"Tiny Chest"},{"floor":11,"key":"Gremlin Horn"},{"floor":13,"key":"Prayer Wheel"},{"floor":23,"key":"Mummified Hand"},{"floor":24,"key":"PreservedInsect"},{"floor":25,"key":"Art of War"},{"floor":26,"key":"Sundial"},{"floor":27,"key":"Regal Pillow"},{"floor":28,"key":"The Courier"},{"floor":31,"key":"Peace Pipe"},{"floor":37,"key":"Du-Vu Doll"},{"floor":40,"key":"Bird Faced Urn"},{"floor":41,"key":"Ancient Tea Set"},{"floor":42,"key":"InkBottle"},{"floor":43,"key":"Eternal Feather"},{"floor":44,"key":"Blue Candle"}],"event_choices":[{"damage_healed":0,"gold_gain":150,"player_choice":"AGREE","damage_taken":0,"max_hp_gain":0,"max_hp_loss":0,"event_name":"Liars Game","floor":2,"gold_loss":0,"cards_obtained":["Doubt"]},{"damage_healed":0,"gold_gain":0,"player_choice":"Box","damage_taken":0,"relics_obtained":["Singing Bowl"],"max_hp_gain":0,"max_hp_loss":0,"event_name":"Big Fish","floor":3,"gold_loss":0,"cards_obtained":["Regret"]},{"damage_healed":0,"gold_gain":75,"player_choice":"Gather Gold","damage_taken":11,"max_hp_gain":0,"max_hp_loss":0,"event_name":"World of Goop","floor":5,"gold_loss":0},{"cards_removed":["Doubt"],"damage_healed":0,"gold_gain":0,"player_choice":"Elegance","damage_taken":0,"max_hp_gain":0,"max_hp_loss":0,"event_name":"Back to Basics","floor":20,"gold_loss":0},{"damage_healed":0,"gold_gain":0,"player_choice":"Inject Mutagens","damage_taken":0,"relics_obtained":["MutagenicStrength"],"max_hp_gain":0,"max_hp_loss":0,"event_name":"Drug Dealer","floor":21,"gold_loss":0},{"damage_healed":0,"gold_gain":0,"player_choice":"Shed Blood","damage_taken":37,"max_hp_gain":5,"max_hp_loss":0,"event_name":"Forgotten Altar","floor":29,"gold_loss":0},{"damage_healed":0,"gold_gain":0,"player_choice":"Fight","damage_taken":0,"max_hp_gain":0,"max_hp_loss":0,"event_name":"MindBloom","floor":37,"gold_loss":0},{"damage_healed":0,"gold_gain":300,"player_choice":"Gold","damage_taken":0,"max_hp_gain":0,"max_hp_loss":0,"event_name":"Wheel of Change","floor":39,"gold_loss":0},{"damage_healed":0,"gold_gain":0,"player_choice":"Paid","damage_taken":0,"relics_obtained":["Red Mask"],"max_hp_gain":0,"max_hp_loss":0,"event_name":"Tomb of Lord Red Mask","floor":47,"gold_loss":156},{"damage_healed":0,"gold_gain":0,"player_choice":"Forge","damage_taken":0,"max_hp_gain":0,"max_hp_loss":0,"event_name":"Accursed Blacksmith","floor":48,"gold_loss":0,"cards_upgraded":["hermit:GhostlyPresence"]}],"is_beta":false,"boss_relics":[{"not_picked":["hermit:BartenderGlass","Sozu"],"picked":"Tiny House"},{"not_picked":["Runic Pyramid","Philosopher\u0027s Stone"],"picked":"Coffee Dripper"}],"items_purged_floors":[],"is_endless":false,"potions_floor_spawned":[7,11,16,18,22,28,37,40],"ascension_level":20}}