{"host":"z9811rt50ti81n54","time":1609039406,"event":{"mods":["BaseMod","Minty Spire (QoL Compilation)"],"gold_per_floor":[20,39,59,69,19,19,33,53,103,126,145,1,36,48,48,147,147,158,169,6,6,6,6,38,38,38,38,66,78,104,131,131,131,131],"floor_reached":33,"playtime":1176,"items_purged":["Strike_B"],"score":338,"play_id":"5e31ca3e-e3fd-4f15-8c4a-c59702e0b7db","local_time":"20201227122326","is_ascension_mode":true,"campfire_choices":[{"data":"Zap","floor":6.0,"key":"SMITH"},{"data":"Defragment","floor":15.0,"key":"SMITH"},{"data":"Loop","floor":23.0,"key":"SMITH"},{"data":"Biased Cognition","floor":25,"key":"SMITH"},{"data":"Electrodynamics","floor":27,"key":"SMITH"},{"data":"Rainbow","floor":32,"key":"SMITH"}],"circlet_count":0,"master_deck":["Strike_B","Strike_B","Defend_B","Defend_B","Defend_B","Defend_B","Zap+1","Dualcast","Core Surge","Hologram","Steam Power","Doom and Gloom","BootSequence","Hello World","Coolheaded","Streamline","Loop+1","Defragment+1","Conserve Battery","Sweeping Beam","Electrodynamics+1","Rainbow+1","Gash","Bandage Up","Cold Snap","Biased Cognition+1","Core Surge","Hologram","Core Surge"],"relics":["Anchor","Odd Mushroom","Meat on the Bone","Inserter","Nloth\u0027s Gift","Bottled Flame","Oddly Smooth Stone","Shuriken","Happy Flower"],"acts_visited":["Exordium","TheCity"],"potions_floor_usage":[28,33],"damage_taken":[{"damage":2.0,"enemies":"2 Louse","floor":1.0,"turns":2.0},{"damage":0.0,"enemies":"Small Slimes","floor":2.0,"turns":2.0},{"damage":7.0,"enemies":"Jaw Worm","floor":3.0,"turns":3.0},{"damage":16.0,"enemies":"Exordium Thugs","floor":4.0,"turns":5.0},{"damage":0.0,"enemies":"Red Slaver","floor":7.0,"turns":2.0},{"damage":0.0,"enemies":"2 Fungi Beasts","floor":8.0,"turns":2.0},{"damage":12.0,"enemies":"The Mushroom Lair","floor":10.0,"turns":4.0},{"damage":4.0,"enemies":"Exordium Thugs","floor":11.0,"turns":3.0},{"damage":23.0,"enemies":"Lagavulin","floor":13.0,"turns":5.0},{"damage":1.0,"enemies":"Looter","floor":14.0,"turns":3.0},{"damage":6.0,"enemies":"Hexaghost","floor":16.0,"turns":8.0},{"damage":6.0,"enemies":"3 Byrds","floor":18.0,"turns":4.0},{"damage":16.0,"enemies":"Shell Parasite","floor":19.0,"turns":6.0},{"damage":44.0,"enemies":"Book of Stabbing","floor":24.0,"turns":6.0},{"damage":6,"enemies":"Slavers","floor":28,"turns":3},{"damage":3,"enemies":"Snake Plant","floor":29,"turns":5},{"damage":28,"enemies":"Gremlin Leader","floor":30,"turns":5},{"damage":51,"enemies":"Automaton","floor":33,"turns":6}],"seed_played":"5735211381677777129","potions_obtained":[{"floor":7.0,"key":"DuplicationPotion"},{"floor":8.0,"key":"SpeedPotion"},{"floor":10.0,"key":"FocusPotion"},{"floor":11.0,"key":"SmokeBomb"},{"floor":16.0,"key":"Fruit Juice"},{"floor":24.0,"key":"SkillPotion"},{"floor":30,"key":"Swift Potion"}],"is_trial":false,"path_per_floor":["M","M","M","M","?","R","M","M","T","?","M","$","E","M","R","B",null,"M","M","$","?","$","R","E","R","T","R","E","M","E","T","R","B"],"character_chosen":"DEFECT","items_purchased":["Defragment","Gash","Bandage Up","Cold Snap"],"campfire_rested":0,"item_purchase_floors":[12,20,20,20],"current_hp_per_floor":[73,73,66,50,50,50,50,50,50,38,34,34,11,22,22,33,80,74,58,58,58,58,58,30,30,30,30,36,49,37,37,37,0,0],"gold":131,"neow_bonus":"THREE_RARE_CARDS","is_daily":false,"chose_seed":false,"campfire_upgraded":6,"win_rate":0.0,"timestamp":1609039406,"path_taken":["M","M","M","M","?","R","M","M","T","?","M","$","E","M","R","BOSS","M","M","$","?","?","R","E","R","T","R","E","?","E","?","R","BOSS"],"items_purchased_type":["Card","Card","Card","Card"],"build_version":"2020-12-22","purchased_purges":1,"victory":false,"max_hp_per_floor":[75,75,75,75,75,75,75,75,75,75,75,75,75,75,75,80,80,80,80,80,80,80,80,80,80,80,80,80,80,80,80,80,80,80],"card_choices":[{"not_picked":["Machine Learning","Buffer"],"picked":"Core Surge","floor":0.0},{"not_picked":["Leap","Storm"],"picked":"Hologram","floor":1.0},{"not_picked":["Steam","Gash"],"picked":"Steam Power","floor":2.0},{"not_picked":["Consume","Gash"],"picked":"Doom and Gloom","floor":3.0},{"not_picked":["Redo","Reprogram"],"picked":"BootSequence","floor":4.0},{"not_picked":["Chaos","Undo"],"picked":"Hello World","floor":7.0},{"not_picked":["Ball Lightning","Conserve Battery"],"picked":"Coolheaded","floor":8.0},{"not_picked":["Tempest","Compile Driver"],"picked":"Streamline","floor":10.0},{"not_picked":["Coolheaded","Stack"],"picked":"Loop","floor":11.0},{"not_picked":["Rebound","Tempest"],"picked":"Conserve Battery","floor":13.0},{"not_picked":["Compile Driver","Go for the Eyes"],"picked":"Sweeping Beam","floor":14.0},{"not_picked":["Echo Form","All For One"],"picked":"Electrodynamics","floor":16.0},{"not_picked":["Sweeping Beam","Scrape","Cold Snap"],"picked":"SKIP","floor":18.0},{"not_picked":["Gash+1","Stack+1"],"picked":"Rainbow","floor":19.0},{"not_picked":["Stack","Consume"],"picked":"Biased Cognition","floor":24.0},{"not_picked":["Recycle","Hello World"],"picked":"Core Surge","floor":28},{"not_picked":["Steam","Storm"],"picked":"Hologram","floor":29},{"not_picked":["FTL","Consume"],"picked":"Core Surge","floor":30}],"player_experience":237307,"relics_obtained":[{"floor":9.0,"key":"Anchor"},{"floor":10.0,"key":"Odd Mushroom"},{"floor":13.0,"key":"Meat on the Bone"},{"floor":24.0,"key":"Bottled Flame"},{"floor":28,"key":"Oddly Smooth Stone"},{"floor":30,"key":"Shuriken"},{"floor":31,"key":"Happy Flower"}],"event_choices":[{"cards_removed":["Strike_B"],"damage_healed":0.0,"max_hp_gain":0.0,"max_hp_loss":0.0,"gold_gain":0.0,"event_name":"The Cleric","player_choice":"Card Removal","floor":5.0,"gold_loss":50.0,"damage_taken":0.0},{"damage_healed":0.0,"max_hp_gain":0.0,"max_hp_loss":0.0,"gold_gain":0.0,"event_name":"Mushrooms","player_choice":"Fought Mushrooms","floor":10.0,"gold_loss":0.0,"damage_taken":0.0},{"damage_healed":0.0,"max_hp_gain":0.0,"max_hp_loss":0.0,"gold_gain":0.0,"event_name":"N\u0027loth","player_choice":"Traded Relic","floor":21.0,"relics_lost":["Cracked Core"],"gold_loss":0.0,"damage_taken":0.0,"relics_obtained":["Nloth\u0027s Gift"]}],"is_beta":false,"boss_relics":[{"not_picked":["Runic Pyramid","Cursed Key"],"picked":"Inserter"}],"items_purged_floors":[12],"is_endless":false,"potions_floor_spawned":[7,8,10,11,16,24,30],"killed_by":"Automaton","ascension_level":2}}