{"host":"a1eatafr7pisesky","time":1609079490,"event":{"mods":["BaseMod","Colored Map","DeckTracker","Highlight Path","Keyboard Shortcuts","Minty Spire (QoL Compilation)","Permanent Neow","Random Character Button","StSLib","SuperFastMode","everything is the same but u backflip on backflip"],"gold_per_floor":[117,117,137,149,149,149,167,196,196,196,196,196,214,214,214,316,316,332,342,267,267,286,286,286,286,311,311,311,331,331,331],"floor_reached":30,"playtime":665,"items_purged":["Doubt"],"score":288,"play_id":"0397e052-db85-475e-a26a-887c3f3cab24","local_time":"20201227233130","is_ascension_mode":true,"campfire_choices":[{"floor":6.0,"key":"DIG"},{"floor":10.0,"key":"DIG"},{"floor":12.0,"key":"DIG"},{"floor":15.0,"key":"REST"},{"floor":23,"key":"DIG"},{"floor":28,"key":"DIG"}],"circlet_count":0,"master_deck":["Strike_G","Strike_G","Strike_G","Strike_G","Defend_G","Defend_G","Defend_G","Defend_G","Defend_G","Survivor","Neutralize","Deadly Poison","Footwork","Cloak And Dagger","All Out Attack","Dagger Spray","Venomology","Blade Dance+1","Noxious Fumes","PiercingWail","Dagger Spray"],"relics":["Ring of the Snake","Shovel","Happy Flower","Eternal Feather","Tiny Chest","Akabeko","Shuriken","Philosopher\u0027s Stone","Letter Opener","Toxic Egg 2","Smiling Mask","Nloth\u0027s Gift","Ornamental Fan"],"acts_visited":["Exordium","TheCity"],"potions_floor_usage":[22,24,24,29,30],"damage_taken":[{"damage":1.0,"enemies":"2 Louse","floor":1.0,"turns":4.0},{"damage":2.0,"enemies":"Cultist","floor":3.0,"turns":4.0},{"damage":2.0,"enemies":"Small Slimes","floor":4.0,"turns":3.0},{"damage":19.0,"enemies":"Exordium Wildlife","floor":7.0,"turns":8.0},{"damage":35.0,"enemies":"3 Sentries","floor":8.0,"turns":14.0},{"damage":3.0,"enemies":"Looter","floor":13.0,"turns":3.0},{"damage":26.0,"enemies":"The Guardian","floor":16.0,"turns":13.0},{"damage":26.0,"enemies":"2 Thieves","floor":18.0,"turns":5.0},{"damage":0.0,"enemies":"3 Byrds","floor":19.0,"turns":2.0},{"damage":26,"enemies":"Centurion and Healer","floor":22,"turns":4},{"damage":0,"enemies":"Shelled Parasite and Fungi","floor":24,"turns":2},{"damage":21,"enemies":"Snake Plant","floor":29,"turns":4},{"damage":1,"enemies":"Book of Stabbing","floor":30,"turns":2}],"seed_played":"4835934604306054296","potions_obtained":[{"floor":1.0,"key":"Regen Potion"},{"floor":4.0,"key":"FearPotion"},{"floor":18.0,"key":"Fire Potion"},{"floor":22,"key":"SmokeBomb"}],"is_trial":false,"path_per_floor":["M","?","M","M","?","R","M","E","T","R","?","R","M","?","R","B",null,"M","M","$","T","M","R","M","?","T","?","R","M","E"],"character_chosen":"THE_SILENT","items_purchased":[],"campfire_rested":1,"item_purchase_floors":[],"current_hp_per_floor":[69,69,67,65,58,58,39,4,4,13,13,22,19,24,55,29,64,38,38,38,38,12,24,24,10,10,10,22,1,0,0],"gold":331,"neow_bonus":"ONE_RARE_RELIC","is_daily":false,"chose_seed":false,"campfire_upgraded":0,"win_rate":0.0,"timestamp":1609079490,"path_taken":["M","?","M","?","?","R","M","E","T","R","?","R","?","?","R","BOSS","M","M","$","?","M","R","M","?","T","?","R","?","E"],"items_purchased_type":[],"build_version":"2020-12-22","purchased_purges":1,"victory":false,"max_hp_per_floor":[70,70,70,70,70,70,70,70,70,70,70,70,70,75,75,75,75,75,75,75,75,75,75,75,80,80,80,80,80,80,80],"card_choices":[{"not_picked":["Outmaneuver","Calculated Gamble"],"picked":"Deadly Poison","floor":1.0},{"not_picked":["Bane","Flying Knee","Heel Hook"],"picked":"SKIP","floor":3.0},{"not_picked":["Bane","Flying Knee"],"picked":"Footwork","floor":4.0},{"not_picked":["Prepared","Slice"],"picked":"Cloak And Dagger","floor":7.0},{"not_picked":["Outmaneuver","Prepared"],"picked":"All Out Attack","floor":8.0},{"not_picked":["Escape Plan","Tools of the Trade"],"picked":"Dagger Spray","floor":13.0},{"not_picked":["Wraith Form v2","Phantasmal Killer"],"picked":"Venomology","floor":16.0},{"not_picked":["Acrobatics","Dagger Spray"],"picked":"Blade Dance+1","floor":18.0},{"not_picked":["Outmaneuver","Predator+1"],"picked":"Noxious Fumes","floor":19.0},{"not_picked":["Underhanded Strike","Caltrops+1"],"picked":"PiercingWail","floor":22},{"not_picked":["All Out Attack+1","A Thousand Cuts"],"picked":"Dagger Spray","floor":29}],"player_experience":259543,"relics_obtained":[{"floor":6.0,"key":"Eternal Feather"},{"floor":8.0,"key":"Tiny Chest"},{"floor":9.0,"key":"Akabeko"},{"floor":10.0,"key":"Shuriken"},{"floor":12.0,"key":"Ancient Tea Set"},{"floor":21.0,"key":"Letter Opener"},{"floor":23,"key":"Toxic Egg 2"},{"floor":26,"key":"Smiling Mask"},{"floor":28,"key":"Ornamental Fan"}],"event_choices":[{"damage_healed":0.0,"max_hp_gain":0.0,"max_hp_loss":0.0,"gold_gain":0.0,"event_name":"WeMeetAgain","player_choice":"Gave Potion","floor":2.0,"gold_loss":0.0,"damage_taken":0.0,"relics_obtained":["Happy Flower"]},{"cards_removed":["Strike_G"],"damage_healed":0.0,"max_hp_gain":0.0,"max_hp_loss":0.0,"gold_gain":0.0,"event_name":"Golden Wing","player_choice":"Card Removal","floor":5.0,"gold_loss":0.0,"damage_taken":7.0},{"damage_healed":0.0,"max_hp_gain":0.0,"max_hp_loss":0.0,"gold_gain":0.0,"event_name":"Dead Adventurer","player_choice":"Searched \u00270\u0027 times","floor":11.0,"gold_loss":0.0,"damage_taken":0.0},{"damage_healed":0.0,"max_hp_gain":5.0,"max_hp_loss":0.0,"gold_gain":0.0,"event_name":"Big Fish","player_choice":"Donut","floor":14.0,"gold_loss":0.0,"damage_taken":0.0},{"damage_healed":0,"gold_gain":0,"player_choice":"Shed Blood","damage_taken":19,"max_hp_gain":5,"max_hp_loss":0,"event_name":"Forgotten Altar","floor":25,"gold_loss":0},{"damage_healed":0,"gold_gain":0,"player_choice":"Traded Relic","damage_taken":0,"relics_obtained":["Nloth\u0027s Gift"],"max_hp_gain":0,"max_hp_loss":0,"event_name":"N\u0027loth","floor":27,"relics_lost":["Ancient Tea Set"],"gold_loss":0}],"is_beta":false,"boss_relics":[{"not_picked":["SacredBark","SlaversCollar"],"picked":"Philosopher\u0027s Stone"}],"items_purged_floors":[20],"is_endless":false,"potions_floor_spawned":[1,4,18,22,24],"killed_by":"Book of Stabbing","ascension_level":5}}