{"host":"l15sdf2mmi0nobpi","time":1609049301,"event":{"mods":["ATMod(°¢èªMod)","BaseMod","Highlight Path","Minty Spire (QoL Compilation)","Quick Restart","StSLib","The Alterego","¡¾¹¦ÄÜMod¡¿Neow½±Àø"],"gold_per_floor":[10,25,25,42,59,92,92,105,105,136,146,166,198,210,210,314,314,332,332,257,270,18,18,48,48,75,104,104,104,119,129,129,231,231,245,259,259,45,96,96,113,148,148,73,73,87,87,97,97,97,97,97,9,43,43],"floor_reached":56,"playtime":2701,"items_purged":["alterego_mod:Strike","alterego_mod:Skirt+1","alterego_mod:Complex+1","alterego_mod:Impale","alterego_mod:RocketPunch"],"score":1339,"play_id":"a14acd6f-cca0-47e0-bfd4-6e8bf2bde9e4","local_time":"20201227140821","is_ascension_mode":false,"campfire_choices":[{"data":"alterego_mod:TrashNCrash","floor":7.0,"key":"SMITH"},{"data":"AT_ChampionKick","floor":15.0,"key":"SMITH"},{"data":"alterego_mod:Venus","floor":23.0,"key":"SMITH"},{"data":"alterego_mod:Nekomimi","floor":25.0,"key":"SMITH"},{"data":"alterego_mod:Punishment","floor":32.0,"key":"SMITH"},{"data":"alterego_mod:ChallengeComplete","floor":40.0,"key":"SMITH"},{"floor":47.0,"key":"RECALL"},{"data":"alterego_mod:MagicResistance","floor":49.0,"key":"SMITH"},{"data":"alterego_mod:BrynhildrsRune","floor":52.0,"key":"SMITH"}],"circlet_count":0,"master_deck":["alterego_mod:Defend","alterego_mod:Defend","alterego_mod:Defend","alterego_mod:BrynhildrsRune+1","AT_ChampionKick+1","alterego_mod:Punishment+1","alterego_mod:TrashNCrash+1","alterego_mod:Nekomimi+1","alterego_mod:MagicResistance+1","alterego_mod:ChallengeComplete+1","alterego_mod:Cushion+1","alterego_mod:Venus+1","alterego_mod:TrashNCrash+1","alterego_mod:Cushion+1","J.A.X.+1","alterego_mod:Pet+1","alterego_mod:Clones+1"],"relics":["alterego_mod:MasochisticConstitution","AT_ATBox","Darkstone Periapt","Toxic Egg 2","Nunchaku","Astrolabe","alterego_mod:SistersRibbon","Bag of Marbles","AT_EbonyIvory","AT_TrinityForce","Membership Card","StoneCalendar","CaptainsWheel","Thread and Needle","Kunai"],"acts_visited":["Exordium","TheCity","TheBeyond","TheEnding"],"potions_floor_usage":[55,55,55,55,55],"damage_taken":[{"damage":9.0,"enemies":"Cultist","floor":1.0,"turns":5.0},{"damage":0.0,"enemies":"2 Louse","floor":2.0,"turns":3.0},{"damage":6.0,"enemies":"Jaw Worm","floor":4.0,"turns":4.0},{"damage":10.0,"enemies":"Large Slime","floor":5.0,"turns":4.0},{"damage":9.0,"enemies":"Lagavulin","floor":6.0,"turns":8.0},{"damage":2.0,"enemies":"Blue Slaver","floor":8.0,"turns":5.0},{"damage":19.0,"enemies":"Gremlin Nob","floor":10.0,"turns":4.0},{"damage":7.0,"enemies":"Lots of Slimes","floor":11.0,"turns":3.0},{"damage":12.0,"enemies":"Looter","floor":12.0,"turns":4.0},{"damage":7.0,"enemies":"3 Sentries","floor":13.0,"turns":3.0},{"damage":0.0,"enemies":"Large Slime","floor":14.0,"turns":4.0},{"damage":4.0,"enemies":"The Guardian","floor":16.0,"turns":9.0},{"damage":10.0,"enemies":"Chosen","floor":18.0,"turns":6.0},{"damage":9.0,"enemies":"Shell Parasite","floor":21.0,"turns":4.0},{"damage":18.0,"enemies":"Slavers","floor":24.0,"turns":3.0},{"damage":23.0,"enemies":"Book of Stabbing","floor":27.0,"turns":4.0},{"damage":6.0,"enemies":"Snake Plant","floor":30.0,"turns":3.0},{"damage":10.0,"enemies":"Centurion and Healer","floor":31.0,"turns":5.0},{"damage":15.0,"enemies":"Champ","floor":33.0,"turns":6.0},{"damage":4.0,"enemies":"3 Darklings","floor":35.0,"turns":4.0},{"damage":0.0,"enemies":"3 Shapes","floor":36.0,"turns":3.0},{"damage":2.0,"enemies":"2 Orb Walkers","floor":39.0,"turns":2.0},{"damage":0.0,"enemies":"Transient","floor":41.0,"turns":5.0},{"damage":7.0,"enemies":"Nemesis","floor":42.0,"turns":7.0},{"damage":5.0,"enemies":"Jaw Worm Horde","floor":46.0,"turns":2.0},{"damage":0.0,"enemies":"Spire Growth","floor":48.0,"turns":3.0},{"damage":4.0,"enemies":"Time Eater","floor":50.0,"turns":7.0},{"damage":2,"enemies":"Shield and Spear","floor":54,"turns":7},{"damage":23,"enemies":"The Heart","floor":55,"turns":9}],"seed_played":"6130737312561506483","potions_obtained":[{"floor":1.0,"key":"Regen Potion"},{"floor":2.0,"key":"SpeedPotion"},{"floor":8.0,"key":"DistilledChaos"},{"floor":11.0,"key":"EntropicBrew"},{"floor":30.0,"key":"AttackPotion"},{"floor":39.0,"key":"DuplicationPotion"},{"floor":48.0,"key":"PowerPotion"}],"is_trial":false,"path_per_floor":["M","M","$","M","M","E","R","M","T","E","M","M","E","M","R","B",null,"M","?","$","M","$","R","E","R","T","E","?","?","M","M","R","B",null,"M","M","?","$","?","R","M","E","T","$","?","M","R","M","R","B",null,"R","$","E","B",null],"character_chosen":"The_Alterego","items_purchased":["alterego_mod:SistersRibbon","Membership Card"],"campfire_rested":0,"item_purchase_floors":[22,38],"current_hp_per_floor":[62,62,62,57,69,68,68,74,74,56,50,46,40,40,40,44,80,71,71,71,70,70,70,74,74,74,59,43,43,38,29,29,15,92,89,89,89,89,88,88,88,89,89,89,89,85,85,92,92,96,97,97,97,96,81],"gold":43,"neow_bonus":"TRANSFORM_TWO_CARDS","is_daily":false,"chose_seed":false,"campfire_upgraded":8,"win_rate":0.0,"timestamp":1609049301,"path_taken":["M","M","?","M","M","E","R","?","T","E","M","M","E","M","R","BOSS","M","?","$","?","$","R","E","R","T","E","?","?","M","M","R","BOSS","M","M","?","$","?","R","M","E","T","$","?","M","R","M","R","BOSS","R","$","E","BOSS"],"items_purchased_type":["Relic","Relic"],"build_version":"2020-12-22","purchased_purges":5,"victory":true,"max_hp_per_floor":[71,71,71,72,73,74,74,75,75,76,77,78,79,79,79,80,80,81,81,81,82,82,82,83,83,83,84,89,89,90,91,91,92,92,93,93,93,93,94,94,94,95,95,95,95,96,96,96,96,97,97,97,97,98,99],"card_choices":[{"not_picked":["alterego_mod:MaintainEyeContact","alterego_mod:Stockings"],"picked":"alterego_mod:TrashNCrash","floor":1.0},{"not_picked":["alterego_mod:Clones","alterego_mod:Complex"],"picked":"alterego_mod:Nekomimi","floor":2.0},{"not_picked":["alterego_mod:Santa","alterego_mod:Jiggle"],"picked":"alterego_mod:MagicResistance","floor":4.0},{"not_picked":["alterego_mod:BiFurious","alterego_mod:Jiggle"],"picked":"alterego_mod:ChallengeComplete","floor":5.0},{"not_picked":["alterego_mod:Table","alterego_mod:Maid","alterego_mod:MagicResistance"],"picked":"SKIP","floor":6.0},{"not_picked":["alterego_mod:Lingerie","alterego_mod:DustData","alterego_mod:Complex"],"picked":"SKIP","floor":8.0},{"not_picked":["alterego_mod:Jiggle+1","alterego_mod:BeGentle+1","alterego_mod:RocketPunch"],"picked":"SKIP","floor":10.0},{"not_picked":["alterego_mod:BusterCard","alterego_mod:Jiggle+1"],"picked":"alterego_mod:Mirror+1","floor":11.0},{"not_picked":["alterego_mod:Table+1","alterego_mod:SideboobHour"],"picked":"alterego_mod:Cushion+1","floor":12.0},{"not_picked":["alterego_mod:Valentines+1","alterego_mod:Jiggle+1","alterego_mod:1TonWallop"],"picked":"SKIP","floor":13.0},{"not_picked":["alterego_mod:BustOut","alterego_mod:Jiggle+1","alterego_mod:BiFurious"],"picked":"SKIP","floor":14.0},{"not_picked":["alterego_mod:Lift","alterego_mod:ClassAdvantage"],"picked":"alterego_mod:Venus","floor":16.0},{"not_picked":["alterego_mod:PurpleHair+1","alterego_mod:Stockings","alterego_mod:Jiggle+1"],"picked":"SKIP","floor":18.0},{"not_picked":["alterego_mod:PurpleHair+1","alterego_mod:Stockings","alterego_mod:Jiggle+1"],"picked":"SKIP","floor":18.0},{"not_picked":["alterego_mod:DeftHands","alterego_mod:PerceptionDisorder+1","alterego_mod:Jiggle+1"],"picked":"SKIP","floor":21.0},{"not_picked":["alterego_mod:GIGAMILK+1","alterego_mod:1TonWallop","alterego_mod:PresenceConcealment+1"],"picked":"SKIP","floor":24.0},{"not_picked":["alterego_mod:Maid","alterego_mod:Undulate+1"],"picked":"alterego_mod:Cushion+1","floor":27.0},{"not_picked":["alterego_mod:Bounce","alterego_mod:PerceptionDisorder"],"picked":"alterego_mod:Pet+1","floor":30.0},{"not_picked":["alterego_mod:Nekomimi","alterego_mod:MagicResistance+1","alterego_mod:Stockings+1"],"picked":"SKIP","floor":31.0},{"not_picked":["alterego_mod:Nekomimi","alterego_mod:MagicResistance+1","alterego_mod:Stockings+1"],"picked":"SKIP","floor":31.0},{"not_picked":["alterego_mod:Cycle+1","alterego_mod:TrashNCrash+1"],"picked":"alterego_mod:Clones+1","floor":35.0},{"not_picked":["alterego_mod:Clap+1","alterego_mod:GoddessCore+1","alterego_mod:Punishment+1"],"picked":"SKIP","floor":36.0},{"not_picked":["alterego_mod:Pet+1","alterego_mod:Swimsuit","alterego_mod:Table+1"],"picked":"SKIP","floor":41.0},{"not_picked":["alterego_mod:Cushion+1","alterego_mod:Skirt+1","alterego_mod:BoobPocket+1"],"picked":"SKIP","floor":42.0},{"not_picked":["alterego_mod:GoddessCore+1","alterego_mod:Skirt","alterego_mod:SakuraLabyrinth+1"],"picked":"SKIP","floor":46.0},{"not_picked":["alterego_mod:Rip+1","alterego_mod:Complex","alterego_mod:Pet+1"],"picked":"SKIP","floor":48.0},{"not_picked":["alterego_mod:Table+1","alterego_mod:DestructionOfProperty+1","alterego_mod:DeftHands"],"picked":"SKIP","floor":54}],"player_experience":434061,"relics_obtained":[{"floor":6.0,"key":"Darkstone Periapt"},{"floor":9.0,"key":"Toxic Egg 2"},{"floor":10.0,"key":"Nunchaku"},{"floor":24.0,"key":"Bag of Marbles"},{"floor":27.0,"key":"AT_EbonyIvory"},{"floor":39.0,"key":"StoneCalendar"},{"floor":42.0,"key":"CaptainsWheel"},{"floor":43.0,"key":"Thread and Needle"},{"floor":54,"key":"Kunai"}],"event_choices":[{"damage_healed":0.0,"max_hp_gain":0.0,"max_hp_loss":0.0,"gold_gain":0.0,"event_name":"Lab","player_choice":"Got Potions","floor":19.0,"gold_loss":0.0,"damage_taken":0.0},{"damage_healed":0.0,"max_hp_gain":5.0,"max_hp_loss":0.0,"gold_gain":0.0,"event_name":"Forgotten Altar","player_choice":"Shed Blood","floor":28.0,"gold_loss":0.0,"damage_taken":21.0},{"damage_healed":0.0,"max_hp_gain":0.0,"max_hp_loss":0.0,"gold_gain":0.0,"event_name":"Drug Dealer","player_choice":"Obtain J.A.X.","floor":29.0,"gold_loss":0.0,"damage_taken":0.0,"cards_obtained":["J.A.X."]},{"damage_healed":0.0,"max_hp_gain":0.0,"max_hp_loss":0.0,"gold_gain":0.0,"event_name":"Tomb of Lord Red Mask","player_choice":"Ignored","floor":37.0,"gold_loss":0.0,"damage_taken":0.0},{"damage_healed":0.0,"max_hp_gain":0.0,"max_hp_loss":0.0,"gold_gain":0.0,"event_name":"Mysterious Sphere","player_choice":"Fight","floor":39.0,"gold_loss":0.0,"damage_taken":0.0},{"cards_removed":["alterego_mod:Mirror"],"damage_healed":0.0,"max_hp_gain":0.0,"max_hp_loss":0.0,"gold_gain":0.0,"event_name":"Purifier","player_choice":"Purged","floor":45.0,"gold_loss":0.0,"damage_taken":0.0}],"is_beta":false,"boss_relics":[{"not_picked":["Pandora\u0027s Box","Calling Bell"],"picked":"Astrolabe"},{"not_picked":["Cursed Key","SlaversCollar"],"picked":"AT_TrinityForce"}],"items_purged_floors":[20,22,38,44,53],"is_endless":false,"potions_floor_spawned":[1,2,8,11,12,18,30,31,35,36,39,48,54],"ascension_level":0}}