{"host":"t179ovrkr5k1gnfh","time":1609076226,"event":{"mods":["AchievementEnabler","BaseMod","Colored Map","Minty Spire (QoL Compilation)"],"gold_per_floor":[116,136,149,164,8,8,25,54,127,138,138,157,184,184,184,308,308,326,347,88,103,116,154,166,194,206,218,230,258,270,302,314,326,326],"floor_reached":33,"playtime":1645,"items_purged":["Defend_G"],"score":339,"play_id":"3240d79a-9728-441f-88ab-f7d573ae6939","local_time":"20201227143706","is_ascension_mode":true,"campfire_choices":[{"floor":6,"key":"REST"},{"data":"Dash","floor":11,"key":"SMITH"},{"floor":15,"key":"REST"},{"data":"Phantasmal Killer","floor":24,"key":"SMITH"},{"data":"Storm of Steel","floor":27,"key":"SMITH"},{"data":"Neutralize","floor":32,"key":"SMITH"}],"circlet_count":0,"master_deck":["Strike_G","Strike_G","Strike_G","Strike_G","Defend_G","Defend_G","Defend_G","Defend_G","Survivor","Neutralize+1","Dagger Throw","Dagger Throw","Tactician","Dash+1","Tactician","Backstab","Heel Hook","Reflex","Storm of Steel+1","Dagger Throw","Backflip","Reflex","Phantasmal Killer+1","Accuracy","Backstab"],"relics":["Ring of the Snake","Anchor","Bottled Lightning","Gremlin Horn","CaptainsWheel","Golden Idol","WristBlade","Bronze Scales","MawBank","Tiny Chest"],"acts_visited":["Exordium","TheCity"],"potions_floor_usage":[4,8,16,16,31,33,33,33],"damage_taken":[{"damage":62,"enemies":"Small Slimes","floor":1,"turns":8},{"damage":0,"enemies":"2 Louse","floor":2,"turns":2},{"damage":0,"enemies":"Cultist","floor":3,"turns":3},{"damage":0,"enemies":"3 Louse","floor":4,"turns":4},{"damage":1,"enemies":"Large Slime","floor":7,"turns":5},{"damage":11,"enemies":"Lagavulin","floor":8,"turns":8},{"damage":0,"enemies":"Lots of Slimes","floor":10,"turns":3},{"damage":0,"enemies":"Exordium Wildlife","floor":12,"turns":2},{"damage":0,"enemies":"3 Sentries","floor":13,"turns":7},{"damage":27,"enemies":"Hexaghost","floor":16,"turns":12},{"damage":5,"enemies":"Spheric Guardian","floor":18,"turns":4},{"damage":6,"enemies":"2 Thieves","floor":19,"turns":4},{"damage":0,"enemies":"Chosen and Byrds","floor":21,"turns":3},{"damage":1,"enemies":"Snake Plant","floor":22,"turns":2},{"damage":12,"enemies":"Book of Stabbing","floor":23,"turns":6},{"damage":0,"enemies":"Sentry and Sphere","floor":25,"turns":2},{"damage":0,"enemies":"Chosen and Byrds","floor":29,"turns":3},{"damage":0,"enemies":"3 Cultists","floor":31,"turns":6},{"damage":64,"enemies":"Champ","floor":33,"turns":8}],"seed_played":"-8066783017752554134","potions_obtained":[{"floor":1,"key":"LiquidMemories"},{"floor":3,"key":"EssenceOfSteel"},{"floor":7,"key":"BlessingOfTheForge"},{"floor":10,"key":"GamblersBrew"},{"floor":12,"key":"DistilledChaos"},{"floor":22,"key":"Fire Potion"},{"floor":23,"key":"SpeedPotion"},{"floor":31,"key":"Swift Potion"}],"is_trial":false,"path_per_floor":["M","M","M","M","$","R","M","E","T","M","R","M","E","?","R","B",null,"M","M","$","M","M","E","R","M","T","R","?","M","?","M","R","B"],"character_chosen":"THE_SILENT","items_purchased":["Anchor","Reflex","Bronze Scales"],"campfire_rested":2,"item_purchase_floors":[5,20,20],"current_hp_per_floor":[1,1,1,1,1,26,25,14,14,14,14,14,14,14,37,10,78,73,67,67,67,66,54,54,54,54,54,54,54,54,54,54,0,0],"gold":326,"neow_bonus":"TWENTY_PERCENT_HP_BONUS","is_daily":false,"chose_seed":false,"campfire_upgraded":4,"win_rate":0.0,"timestamp":1609076226,"path_taken":["M","M","M","M","$","R","M","E","T","M","R","M","E","?","R","BOSS","M","M","$","M","M","E","R","M","T","R","?","M","?","?","R","BOSS"],"items_purchased_type":["Relic","Card","Relic"],"build_version":"2020-12-22","purchased_purges":1,"victory":false,"max_hp_per_floor":[84,84,84,84,84,84,84,84,84,84,84,84,84,78,78,78,78,78,78,78,78,78,78,78,78,78,78,78,78,78,78,78,78,78],"card_choices":[{"not_picked":["Dagger Spray","Quick Slash"],"picked":"Dagger Throw","floor":1},{"not_picked":["Underhanded Strike","PiercingWail"],"picked":"Dagger Throw","floor":2},{"not_picked":["Terror","Endless Agony","Bane"],"picked":"SKIP","floor":3},{"not_picked":["Quick Slash","Deadly Poison"],"picked":"Tactician","floor":4},{"not_picked":["Terror","Unload"],"picked":"Dash","floor":7},{"not_picked":["PiercingWail","Caltrops"],"picked":"Tactician","floor":8},{"not_picked":["Slice","Deadly Poison"],"picked":"Backstab","floor":10},{"not_picked":["Bane","Slice"],"picked":"Heel Hook","floor":12},{"not_picked":["All Out Attack","Predator"],"picked":"Reflex","floor":13},{"not_picked":["Bullet Time","Die Die Die"],"picked":"Storm of Steel","floor":16},{"not_picked":["Deflect","Masterful Stab"],"picked":"Dagger Throw","floor":18},{"not_picked":["Deadly Poison","Outmaneuver"],"picked":"Backflip","floor":19},{"not_picked":["Dash","Deadly Poison+1"],"picked":"Phantasmal Killer","floor":21},{"not_picked":["Dodge and Roll","Endless Agony","Crippling Poison"],"picked":"SKIP","floor":22},{"not_picked":["Prepared","Dodge and Roll"],"picked":"Accuracy","floor":23},{"not_picked":["Masterful Stab","Dodge and Roll","Finisher"],"picked":"SKIP","floor":25},{"not_picked":["Flying Knee","Dagger Throw","Phantasmal Killer"],"picked":"SKIP","floor":29},{"not_picked":["Dagger Throw","Poisoned Stab","Backstab"],"picked":"SKIP","floor":31}],"player_experience":55843,"relics_obtained":[{"floor":8,"key":"Bottled Lightning"},{"floor":9,"key":"Gremlin Horn"},{"floor":13,"key":"CaptainsWheel"},{"floor":23,"key":"MawBank"},{"floor":26,"key":"Tiny Chest"}],"event_choices":[{"damage_healed":0,"gold_gain":0,"player_choice":"Lose Max HP","damage_taken":0,"relics_obtained":["Golden Idol"],"max_hp_gain":0,"max_hp_loss":6,"event_name":"Golden Idol","floor":14,"gold_loss":0},{"cards_removed":["Strike_G"],"damage_healed":0,"gold_gain":0,"player_choice":"Elegance","damage_taken":0,"max_hp_gain":0,"max_hp_loss":0,"event_name":"Back to Basics","floor":28,"gold_loss":0},{"damage_healed":0,"gold_gain":0,"player_choice":"Copied","damage_taken":0,"max_hp_gain":0,"max_hp_loss":0,"event_name":"Duplicator","floor":30,"gold_loss":0,"cards_obtained":["Backstab"]}],"is_beta":false,"boss_relics":[{"not_picked":["Fusion Hammer","Busted Crown"],"picked":"WristBlade"}],"items_purged_floors":[20],"is_endless":false,"potions_floor_spawned":[1,3,7,10,12,22,23,31],"killed_by":"Champ","ascension_level":2}}