{"host":"baymyijz6sxaqj5s","time":1609063289,"event":{"mods":["AchievementEnabler","BaseMod","Colored Map","Colored Powertips","DeckTracker","KOR Keyword Fix","Keyboard Shortcuts","Minty Spire (QoL Compilation)","Quick Restart","StSLib","SuperFastMode"],"gold_per_floor":[110,61,61,61,75,22,22,35,87,106,106,116,133,37,37,137,137,148,165,165,165],"floor_reached":20,"playtime":443,"items_purged":[],"score":183,"play_id":"6a6a99f6-d78e-4e6b-a52d-78d1afae4ebf","local_time":"20201227190129","is_ascension_mode":true,"campfire_choices":[{"data":"Body Slam","floor":7,"key":"SMITH"},{"data":"Entrench","floor":11,"key":"SMITH"},{"data":"Heavy Blade","floor":15,"key":"SMITH"}],"circlet_count":0,"master_deck":["Strike_R","Strike_R","Strike_R+1","Strike_R","Strike_R","Defend_R","Defend_R","Defend_R","Defend_R","Bash","Armaments+1","Shrug It Off","Entrench+1","Body Slam+1","Whirlwind+1","Inflame","Heavy Blade+1","Trip","Barricade","Twin Strike"],"relics":["Burning Blood","Whetstone","SacredBark"],"acts_visited":["Exordium","TheCity"],"potions_floor_usage":[10,16,19,20],"damage_taken":[{"damage":6,"enemies":"2 Louse","floor":1,"turns":4},{"damage":3,"enemies":"Jaw Worm","floor":5,"turns":4},{"damage":0,"enemies":"Small Slimes","floor":8,"turns":4},{"damage":16,"enemies":"Gremlin Gang","floor":10,"turns":2},{"damage":3,"enemies":"Blue Slaver","floor":12,"turns":4},{"damage":9,"enemies":"2 Fungi Beasts","floor":13,"turns":2},{"damage":55,"enemies":"Hexaghost","floor":16,"turns":10},{"damage":55,"enemies":"Spheric Guardian","floor":18,"turns":11},{"damage":16,"enemies":"3 Byrds","floor":19,"turns":2},{"damage":74,"enemies":"Shelled Parasite and Fungi","floor":20,"turns":5}],"seed_played":"-5731604615289877806","potions_obtained":[{"floor":8,"key":"AttackPotion"},{"floor":10,"key":"BloodPotion"},{"floor":12,"key":"Weak Potion"},{"floor":16,"key":"BlessingOfTheForge"},{"floor":18,"key":"LiquidBronze"},{"floor":19,"key":"Dexterity Potion"}],"is_trial":false,"path_per_floor":["M","$","?","?","M","$","R","M","T","M","R","M","M","$","R","B",null,"M","M","M"],"character_chosen":"IRONCLAD","items_purchased":["Shrug It Off","Body Slam","Trip"],"campfire_rested":0,"item_purchase_floors":[2,6,14],"current_hp_per_floor":[88,88,88,88,88,88,88,88,88,78,78,81,78,78,78,29,88,39,29,0,0],"gold":165,"neow_bonus":"TEN_PERCENT_HP_BONUS","is_daily":false,"chose_seed":false,"campfire_upgraded":3,"win_rate":0.0,"timestamp":1609063289,"path_taken":["M","$","?","?","M","?","R","M","T","M","R","M","M","?","R","BOSS","M","M","M"],"items_purchased_type":["Card","Card","Card"],"build_version":"2020-12-22","purchased_purges":0,"victory":false,"max_hp_per_floor":[88,88,88,88,88,88,88,88,88,88,88,88,88,88,88,88,88,88,88,88,88],"card_choices":[{"not_picked":["Flex","Evolve"],"picked":"Armaments","floor":1},{"not_picked":["Clash","Headbutt"],"picked":"Entrench","floor":5},{"not_picked":["Havoc","Body Slam"],"picked":"Whirlwind","floor":8},{"not_picked":["Dual Wield","Pommel Strike"],"picked":"Inflame","floor":10},{"not_picked":["Sentinel","Disarm","True Grit"],"picked":"SKIP","floor":12},{"not_picked":["Rupture","Wild Strike"],"picked":"Heavy Blade","floor":13},{"not_picked":["Offering","Limit Break"],"picked":"Barricade","floor":16},{"not_picked":["Pummel","Bloodletting"],"picked":"Twin Strike","floor":18},{"not_picked":["Evolve","Clothesline","Intimidate"],"picked":"SKIP","floor":19}],"player_experience":262735,"relics_obtained":[{"floor":9,"key":"Whetstone"}],"event_choices":[{"damage_healed":0,"gold_gain":0,"player_choice":"Ignored","damage_taken":0,"max_hp_gain":0,"max_hp_loss":0,"event_name":"Liars Game","floor":3,"gold_loss":0},{"damage_healed":0,"gold_gain":0,"player_choice":"Grow","damage_taken":0,"max_hp_gain":0,"max_hp_loss":0,"event_name":"Living Wall","floor":4,"gold_loss":0,"cards_upgraded":["Armaments"]}],"is_beta":false,"boss_relics":[{"not_picked":["Pandora\u0027s Box","Snecko Eye"],"picked":"SacredBark"}],"items_purged_floors":[],"is_endless":false,"potions_floor_spawned":[8,10,12,16,18,19],"killed_by":"Shelled Parasite and Fungi","ascension_level":2}}