{"host":"ya062ahhhuj9au1o","time":1609085081,"event":{"mods":["BaseMod","Better Third Choice","Filter the Spire","Hermit","Minty Spire (QoL Compilation)","Random Character Button","Robot Space Explorer","Somnambulant","StSLib","The Bug Knight","The Cursed","The Servant 0.9.4"],"gold_per_floor":[119,119,38,49,49,49,68,68,92,104,114,145,158,177,177,275,275,290,52,52,64,64,64,64,64,90,102,102,120,120,140,140,243,243,253,303,303,317,333,333,363,363,363,363,379,399,399,429,429,429],"floor_reached":51,"playtime":2664,"items_purged":["RobotSpaceExplorer:Strike"],"score":1114,"play_id":"8156baad-08e8-4c1a-9242-6625685a12df","local_time":"20201227110441","is_ascension_mode":true,"campfire_choices":[{"data":"RobotSpaceExplorer:LuckyStrike","floor":6.0,"key":"SMITH"},{"data":"RobotSpaceExplorer:MiniDrones","floor":8.0,"key":"SMITH"},{"data":"RobotSpaceExplorer:MetalStrike","floor":15.0,"key":"SMITH"},{"data":"RobotSpaceExplorer:FreezeRay","floor":23.0,"key":"SMITH"},{"data":"RobotSpaceExplorer:Multitool","floor":25.0,"key":"SMITH"},{"data":"RobotSpaceExplorer:FreezeRay","floor":28.0,"key":"SMITH"},{"data":"RobotSpaceExplorer:ExhaustFan","floor":32.0,"key":"SMITH"},{"data":"RobotSpaceExplorer:ChargingLaser","floor":40.0,"key":"SMITH"},{"data":"Trip","floor":42.0,"key":"SMITH"},{"data":"RobotSpaceExplorer:MetalStrike","floor":44.0,"key":"SMITH"},{"floor":47.0,"key":"REST"},{"floor":49.0,"key":"REST"}],"circlet_count":0,"master_deck":["RobotSpaceExplorer:Scan","RobotSpaceExplorer:MiniLasers","RobotSpaceExplorer:LuckyStrike+1","RobotSpaceExplorer:RigExplosive","RobotSpaceExplorer:MiniDrones+1","RobotSpaceExplorer:ShovelStrike","RobotSpaceExplorer:FreezeRay+1","RobotSpaceExplorer:ChargingLaser+1","RobotSpaceExplorer:MetalStrike+1","RobotSpaceExplorer:DoubleFind+1","RobotSpaceExplorer:GlueSpray+1","RobotSpaceExplorer:SlimeMissile+1","RobotSpaceExplorer:MetalStrike+1","RobotSpaceExplorer:FreezeRay+1","Trip+1","RobotSpaceExplorer:ExhaustFan+1","RobotSpaceExplorer:MiniDrones","RobotSpaceExplorer:JunkDive+1","RobotSpaceExplorer:ScrapShield","RobotSpaceExplorer:FrostMissile+1","RobotSpaceExplorer:MiniDrones+1","RobotSpaceExplorer:ScrapMissile+1","RobotSpaceExplorer:FrostMissile+1","RobotSpaceExplorer:Autoloader","RobotSpaceExplorer:DualCore+1"],"relics":["RobotSpaceExplorer:RoboCore","Nunchaku","Bronze Scales","Astrolabe","MutagenicStrength","Bag of Preparation","Runic Pyramid","RobotSpaceExplorer:ToughPlating","TungstenRod","Dream Catcher","InkBottle"],"acts_visited":["Exordium","TheCity","TheBeyond"],"potions_floor_usage":[50,50,50,50],"damage_taken":[{"damage":0.0,"enemies":"2 Louse","floor":1.0,"turns":4.0},{"damage":1.0,"enemies":"Cultist","floor":4.0,"turns":4.0},{"damage":0.0,"enemies":"Small Slimes","floor":7.0,"turns":3.0},{"damage":0.0,"enemies":"Gremlin Gang","floor":10.0,"turns":2.0},{"damage":0.0,"enemies":"Blue Slaver","floor":11.0,"turns":1.0},{"damage":0.0,"enemies":"Gremlin Nob","floor":12.0,"turns":2.0},{"damage":4.0,"enemies":"Red Slaver","floor":13.0,"turns":2.0},{"damage":0.0,"enemies":"Large Slime","floor":14.0,"turns":4.0},{"damage":19.0,"enemies":"Hexaghost","floor":16.0,"turns":5.0},{"damage":0.0,"enemies":"Spheric Guardian","floor":18.0,"turns":3.0},{"damage":14.0,"enemies":"Shell Parasite","floor":21.0,"turns":4.0},{"damage":7.0,"enemies":"Shelled Parasite and Fungi","floor":27.0,"turns":2.0},{"damage":0.0,"enemies":"3 Cultists","floor":29.0,"turns":3.0},{"damage":0.0,"enemies":"Centurion and Healer","floor":31.0,"turns":2.0},{"damage":26.0,"enemies":"Automaton","floor":33.0,"turns":7.0},{"damage":0.0,"enemies":"3 Shapes","floor":35.0,"turns":2.0},{"damage":15.0,"enemies":"Mind Bloom Boss Battle","floor":36.0,"turns":3.0},{"damage":0.0,"enemies":"Orb Walker","floor":38.0,"turns":1.0},{"damage":0.0,"enemies":"Transient","floor":39.0,"turns":5.0},{"damage":0.0,"enemies":"HollowMod:StalkingDevout","floor":41.0,"turns":4.0},{"damage":1.0,"enemies":"Maw","floor":45.0,"turns":4.0},{"damage":0.0,"enemies":"Sphere and 2 Shapes","floor":46.0,"turns":3.0},{"damage":0.0,"enemies":"Reptomancer","floor":48.0,"turns":3.0},{"damage":25,"enemies":"Awakened One","floor":50,"turns":7}],"seed_played":"8869102134577702800","potions_obtained":[{"floor":1.0,"key":"Block Potion"},{"floor":12.0,"key":"DuplicationPotion"},{"floor":13.0,"key":"Block Potion"},{"floor":18.0,"key":"FearPotion"},{"floor":35.0,"key":"RobotSpaceExplorer:PlasmaFlask"}],"is_trial":false,"path_per_floor":["M","?","$","M","?","R","M","R","T","M","M","E","M","M","R","B",null,"M","$","?","M","?","R","$","R","T","M","R","M","?","M","R","B",null,"M","?","?","M","M","R","E","R","T","R","M","M","R","E","R","B",null],"character_chosen":"RobotSpaceExplorer","items_purchased":["RobotSpaceExplorer:RigExplosive","RobotSpaceExplorer:FreezeRay","Trip"],"campfire_rested":2,"item_purchase_floors":[3,19,19],"current_hp_per_floor":[50,50,50,49,49,49,49,49,49,49,49,49,45,49,49,34,65,69,69,69,59,59,59,59,59,59,52,52,56,56,56,56,30,64,64,49,49,49,49,49,49,49,49,49,48,48,70,70,75,50],"gold":429,"neow_bonus":"REMOVE_TWO","is_daily":false,"chose_seed":false,"campfire_upgraded":10,"win_rate":0.0,"timestamp":1609085081,"path_taken":["M","?","?","M","?","R","?","R","T","M","M","E","M","?","R","BOSS","M","$","?","?","?","R","?","R","T","M","R","M","?","M","R","BOSS","M","?","?","M","M","R","E","R","T","R","M","M","R","E","R","BOSS"],"items_purchased_type":["Card","Card","Card"],"build_version":"2020-12-22","purchased_purges":1,"victory":true,"max_hp_per_floor":[75,75,75,75,75,75,75,75,75,75,75,75,75,75,75,75,75,75,75,75,75,75,75,75,75,75,75,75,75,75,75,75,75,75,75,75,75,75,75,75,75,75,75,75,75,75,75,75,75,75],"card_choices":[{"not_picked":["RobotSpaceExplorer:JunkDive","RobotSpaceExplorer:Calculate"],"picked":"RobotSpaceExplorer:LuckyStrike","floor":1.0},{"not_picked":["RobotSpaceExplorer:SurgingStrike","RobotSpaceExplorer:Ammunition","RobotSpaceExplorer:ShockKick"],"picked":"SKIP","floor":4.0},{"not_picked":["RobotSpaceExplorer:Pulsar","RobotSpaceExplorer:Probe"],"picked":"RobotSpaceExplorer:MiniDrones","floor":7.0},{"not_picked":["RobotSpaceExplorer:Ammunition","RobotSpaceExplorer:ShockKick"],"picked":"RobotSpaceExplorer:ShovelStrike","floor":10.0},{"not_picked":["RobotSpaceExplorer:SurgingShield","RobotSpaceExplorer:StarDust"],"picked":"RobotSpaceExplorer:FreezeRay","floor":11.0},{"not_picked":["RobotSpaceExplorer:FrostMissile","RobotSpaceExplorer:IronShell"],"picked":"RobotSpaceExplorer:ChargingLaser","floor":12.0},{"not_picked":["RobotSpaceExplorer:SurgingStrike","RobotSpaceExplorer:FreezingShield"],"picked":"RobotSpaceExplorer:Fix","floor":13.0},{"not_picked":["RobotSpaceExplorer:ShovelStrike","RobotSpaceExplorer:Pulsar"],"picked":"RobotSpaceExplorer:MetalStrike","floor":14.0},{"not_picked":["RobotSpaceExplorer:TrailblazerForm","RobotSpaceExplorer:Explosion"],"picked":"RobotSpaceExplorer:Multitool","floor":16.0},{"not_picked":["RobotSpaceExplorer:SwiftStep","RobotSpaceExplorer:SlimeMissile"],"picked":"RobotSpaceExplorer:MetalStrike","floor":18.0},{"not_picked":["RobotSpaceExplorer:LuckyStrike+1","RobotSpaceExplorer:GlueShot"],"picked":"RobotSpaceExplorer:MiniDrones","floor":21.0},{"not_picked":["RobotSpaceExplorer:BigMissile+1","RobotSpaceExplorer:Reload+1","RobotSpaceExplorer:FreezingShield"],"picked":"SKIP","floor":27.0},{"not_picked":["RobotSpaceExplorer:StarLightning","RobotSpaceExplorer:Fix","RobotSpaceExplorer:MetalStrike"],"picked":"SKIP","floor":29.0},{"not_picked":["RobotSpaceExplorer:StarLightning","RobotSpaceExplorer:DoubleBlock"],"picked":"RobotSpaceExplorer:JunkDive+1","floor":31.0},{"not_picked":["RobotSpaceExplorer:ToxicBomb","RobotSpaceExplorer:SlimeMissile"],"picked":"RobotSpaceExplorer:ScrapShield","floor":35.0},{"not_picked":["RobotSpaceExplorer:Pulsar","RobotSpaceExplorer:Electropulse"],"picked":"RobotSpaceExplorer:FrostMissile+1","floor":38.0},{"not_picked":["RobotSpaceExplorer:ShockKick","RobotSpaceExplorer:GlueShot","RobotSpaceExplorer:PlasmaMissile"],"picked":"SKIP","floor":39.0},{"not_picked":["RobotSpaceExplorer:Probe","RobotSpaceExplorer:LuckyStrike+1"],"picked":"RobotSpaceExplorer:MiniDrones+1","floor":41.0},{"not_picked":["RobotSpaceExplorer:FreezingShield+1","RobotSpaceExplorer:Reload+1","RobotSpaceExplorer:Calculate"],"picked":"SKIP","floor":45.0},{"not_picked":["RobotSpaceExplorer:TrailblazerForm","RobotSpaceExplorer:DualCore+1"],"picked":"RobotSpaceExplorer:ScrapMissile+1","floor":46.0},{"not_picked":["RobotSpaceExplorer:LuckyStrike+1","RobotSpaceExplorer:MiniDrones"],"picked":"RobotSpaceExplorer:FrostMissile+1","floor":47.0},{"not_picked":["RobotSpaceExplorer:MakeshiftVolley","RobotSpaceExplorer:SwiftStep"],"picked":"RobotSpaceExplorer:Autoloader","floor":48.0},{"not_picked":["RobotSpaceExplorer:GlueShot","RobotSpaceExplorer:MetalStrike+1"],"picked":"RobotSpaceExplorer:DualCore+1","floor":49.0}],"player_experience":1684748,"relics_obtained":[{"floor":9.0,"key":"Nunchaku"},{"floor":12.0,"key":"Bronze Scales"},{"floor":26.0,"key":"Bag of Preparation"},{"floor":36.0,"key":"RobotSpaceExplorer:ToughPlating"},{"floor":41.0,"key":"TungstenRod"},{"floor":43.0,"key":"Dream Catcher"},{"floor":48.0,"key":"InkBottle"}],"event_choices":[{"damage_healed":0.0,"max_hp_gain":0.0,"max_hp_loss":0.0,"gold_gain":0.0,"event_name":"The Woman in Blue","player_choice":"Bought 0 Potions","floor":2.0,"gold_loss":0.0,"damage_taken":0.0},{"cards_removed":["RobotSpaceExplorer:Defend"],"damage_healed":0.0,"max_hp_gain":0.0,"max_hp_loss":0.0,"gold_gain":0.0,"event_name":"Purifier","player_choice":"Purged","floor":5.0,"gold_loss":0.0,"damage_taken":0.0},{"damage_healed":0.0,"max_hp_gain":0.0,"max_hp_loss":0.0,"gold_gain":0.0,"cards_transformed":["RobotSpaceExplorer:Strike"],"event_name":"Transmorgrifier","player_choice":"Transformed","floor":20.0,"gold_loss":0.0,"damage_taken":0.0,"cards_obtained":["RobotSpaceExplorer:ExhaustFan"]},{"damage_healed":0.0,"max_hp_gain":0.0,"max_hp_loss":0.0,"gold_gain":0.0,"event_name":"Drug Dealer","player_choice":"Inject Mutagens","floor":22.0,"gold_loss":0.0,"damage_taken":0.0,"relics_obtained":["MutagenicStrength"]},{"cards_removed":["RobotSpaceExplorer:Fix"],"damage_healed":0.0,"max_hp_gain":0.0,"max_hp_loss":0.0,"gold_gain":0.0,"event_name":"Purifier","player_choice":"Purged","floor":30.0,"gold_loss":0.0,"damage_taken":0.0},{"damage_healed":0.0,"max_hp_gain":0.0,"max_hp_loss":0.0,"gold_gain":0.0,"event_name":"MindBloom","player_choice":"Fight","floor":36.0,"gold_loss":0.0,"damage_taken":0.0},{"cards_removed":["RobotSpaceExplorer:Multitool"],"damage_healed":0.0,"max_hp_gain":0.0,"max_hp_loss":0.0,"gold_gain":0.0,"event_name":"Falling","player_choice":"Removed Power","floor":37.0,"gold_loss":0.0,"damage_taken":0.0}],"is_beta":false,"boss_relics":[{"not_picked":["Tiny House","RobotSpaceExplorer:TurboCore"],"picked":"Astrolabe"},{"not_picked":["Runic Dome","Cursed Key"],"picked":"Runic Pyramid"}],"items_purged_floors":[19],"is_endless":false,"potions_floor_spawned":[1,12,13,16,18,27,35,38,39,41],"ascension_level":9}}