{"host":"a4s27ghlnr83kbqz","time":1609074921,"event":{"mods":["AchievementEnabler","BaseMod","Colored Map","Minty Spire (QoL Compilation)","Permanent Neow","SuperFastMode"],"gold_per_floor":[367,377,377,527,540,540,552,552,552,566,566,566],"floor_reached":11,"playtime":181,"items_purged":[],"score":114,"play_id":"82937eca-dc80-4535-a5be-daa87b3303d1","local_time":"20201227211521","is_ascension_mode":true,"campfire_choices":[{"data":"Zap","floor":6,"key":"SMITH"},{"data":"Streamline","floor":8,"key":"SMITH"}],"circlet_count":0,"master_deck":["AscendersBane","Strike_B","Strike_B","Strike_B","Strike_B","Defend_B","Defend_B","Defend_B","Defend_B","Zap+1","Dualcast","Coolheaded","Steam","Doubt","Seek","Streamline+1","Coolheaded"],"relics":["Cracked Core","TungstenRod","Du-Vu Doll"],"acts_visited":["Exordium"],"potions_floor_usage":[11,11],"damage_taken":[{"damage":0,"enemies":"Cultist","floor":1,"turns":4},{"damage":3,"enemies":"2 Louse","floor":2,"turns":3},{"damage":0,"enemies":"Jaw Worm","floor":5,"turns":3},{"damage":18,"enemies":"Lots of Slimes","floor":7,"turns":4},{"damage":0,"enemies":"3 Louse","floor":10,"turns":4},{"damage":16,"enemies":"Lagavulin","floor":11,"turns":3}],"seed_played":"-1266815680839721606","potions_obtained":[{"floor":7,"key":"CultistPotion"},{"floor":10,"key":"FearPotion"}],"is_trial":false,"path_per_floor":["M","M","?","?","M","R","M","R","T","M","E"],"character_chosen":"DEFECT","items_purchased":[],"campfire_rested":0,"item_purchase_floors":[],"current_hp_per_floor":[46,43,32,32,32,32,14,14,14,14,0,0],"gold":566,"neow_bonus":"TWO_FIFTY_GOLD","is_daily":false,"chose_seed":false,"campfire_upgraded":2,"win_rate":0.0,"timestamp":1609074921,"path_taken":["M","M","?","?","M","R","M","R","T","M","E"],"items_purchased_type":[],"build_version":"2020-12-22","purchased_purges":0,"victory":false,"max_hp_per_floor":[71,71,71,71,71,71,71,71,71,71,71,71],"card_choices":[{"not_picked":["Hologram","Rebound"],"picked":"Coolheaded","floor":1},{"not_picked":["Turbo","Loop"],"picked":"Steam","floor":2},{"not_picked":["Barrage","Redo"],"picked":"Seek","floor":5},{"not_picked":["Steam","Heatsinks"],"picked":"Streamline","floor":7},{"not_picked":["Aggregate","Stack"],"picked":"Coolheaded","floor":10}],"player_experience":1052790,"relics_obtained":[{"floor":9,"key":"Du-Vu Doll"}],"event_choices":[{"damage_healed":0,"gold_gain":0,"player_choice":"Success","damage_taken":11,"relics_obtained":["TungstenRod"],"max_hp_gain":0,"max_hp_loss":0,"event_name":"Scrap Ooze","floor":3,"gold_loss":0},{"damage_healed":0,"gold_gain":150,"player_choice":"AGREE","damage_taken":0,"max_hp_gain":0,"max_hp_loss":0,"event_name":"Liars Game","floor":4,"gold_loss":0,"cards_obtained":["Doubt"]}],"is_beta":false,"boss_relics":[],"items_purged_floors":[],"is_endless":false,"potions_floor_spawned":[7,10],"killed_by":"Lagavulin","ascension_level":15}}