{"host":"me5zrznhexxkd3qy","time":1609101135,"event":{"mods":["2.2 Compatiblity","AchievementEnabler","BaseMod","Colored Map","Colored Powertips","Highlight Path","Minty Spire (QoL Compilation)","Replay The Spire","StSLib","The Animator","Waifu the Spire"],"gold_per_floor":[113,198,148,148,5,5,23,39,39,39,58,86,86,120,120,120,120,225,225,244,260,30,30,30,30],"floor_reached":24,"playtime":1073,"items_purged":[],"score":202,"play_id":"b39a4694-af31-4468-b7db-af3076e0bbcd","local_time":"20201227123215","is_ascension_mode":false,"campfire_choices":[{"data":"Perfected Strike","floor":6,"key":"SMITH"},{"data":"Bash","floor":10,"key":"SMITH"},{"floor":17,"key":"REST"}],"circlet_count":0,"master_deck":["Strike_R","Strike_R","Strike_R","Strike_R","Strike_R","Defend_R","Defend_R","Defend_R","Defend_R","Bash+1","Good Instincts","Perfected Strike+1","Ghostly Armor","Sword Boomerang+1","Heavy Blade+1","Heavy Blade+1","Twin Strike+1","Clash+1","Carnage+1","Barricade","Replay:Undeath\u0027s Touch+1","Run Through+1","Inflame","Inflame","Flex","Shame"],"relics":["Burning Blood","Dream Catcher","Molten Egg 2","Lantern","ReplayTheSpireMod:Ninjato","Magic Flower","Ring of Chaos","DollysMirror","Quantum Egg"],"acts_visited":["Exordium","TheCity"],"potions_floor_usage":[14,18,18,21,21,24],"damage_taken":[{"damage":11,"enemies":"Jaw Worm","floor":1,"turns":5},{"damage":10,"enemies":"Small Slimes","floor":7,"turns":3},{"damage":0,"enemies":"2 Louse","floor":8,"turns":3},{"damage":0,"enemies":"Looter","floor":11,"turns":2},{"damage":20,"enemies":"Gremlin Nob","floor":12,"turns":4},{"damage":13,"enemies":"3 Sentries","floor":14,"turns":6},{"damage":32,"enemies":"Fading Forest","floor":18,"turns":11},{"damage":47,"enemies":"Shell Parasite","floor":20,"turns":7},{"damage":40,"enemies":"2 Thieves","floor":21,"turns":4},{"damage":16,"enemies":"Snake Plant","floor":24,"turns":1}],"seed_played":"-2357988556880793408","potions_obtained":[{"floor":2,"key":"Venom Potion"},{"floor":2,"key":"SteroidPotion"},{"floor":7,"key":"Elixir"},{"floor":8,"key":"GamblersBrew"},{"floor":14,"key":"Strength Potion"},{"floor":18,"key":"FearPotion"},{"floor":20,"key":"BlessingOfTheForge"}],"is_trial":false,"path_per_floor":["M","?","?","T","$","R","M","M","T","R","M","E","?","E","R_BF","PTL","R","B",null,"M","M","$","?","M"],"character_chosen":"IRONCLAD","items_purchased":["Lantern","Inflame","DollysMirror","Flex"],"campfire_rested":1,"item_purchase_floors":[5,22,22,22],"current_hp_per_floor":[75,75,75,75,75,75,71,77,77,77,80,66,71,64,64,64,85,62,85,47,16,16,16,0,0],"gold":30,"neow_bonus":"RANDOM_COLORLESS","is_daily":false,"chose_seed":false,"campfire_upgraded":2,"win_rate":0.0,"timestamp":1609101135,"path_taken":["M","?","?","?","$","R","M","M","T","R","?","E","?","E","R_BF","PTL","R","BOSS","M","M","$","?","M"],"items_purchased_type":["Relic","Card","Relic","Card"],"build_version":"2020-12-22","purchased_purges":0,"victory":false,"max_hp_per_floor":[80,80,80,80,80,80,80,80,80,80,80,80,85,85,85,85,85,85,85,85,85,85,85,85,85],"card_choices":[{"not_picked":["Purity","PanicButton"],"picked":"Good Instincts","floor":0},{"not_picked":["Headbutt","Anger"],"picked":"Perfected Strike","floor":1},{"not_picked":["Twin Strike","ReplayTheSpireMod:Strike From Hell"],"picked":"Ghostly Armor","floor":2},{"not_picked":["Brutality","Anger+1"],"picked":"Sword Boomerang+1","floor":7},{"not_picked":["Carnage+1","Burning Pact"],"picked":"Heavy Blade+1","floor":8},{"not_picked":["Run Through+1","True Grit"],"picked":"Heavy Blade+1","floor":11},{"not_picked":["ReplayTheSpireMod:Strike From Hell+1","Demonic Infusion"],"picked":"Twin Strike+1","floor":12},{"not_picked":["True Grit","Body Slam+1"],"picked":"Clash+1","floor":14},{"not_picked":["Iron Wave+1","Entrench"],"picked":"Carnage+1","floor":17},{"not_picked":["Juggernaut","Demon Form"],"picked":"Barricade","floor":18},{"not_picked":["Hemokinesis+1","Iron Wave+1"],"picked":"Replay:Undeath\u0027s Touch+1","floor":20},{"not_picked":["Power Through","Burning Pact"],"picked":"Run Through+1","floor":21}],"player_experience":13596,"relics_obtained":[{"floor":2,"key":"Dream Catcher"},{"floor":4,"key":"Molten Egg 2"},{"floor":12,"key":"ReplayTheSpireMod:Ninjato"},{"floor":14,"key":"Magic Flower"}],"event_choices":[{"cards_removed":["ReplayTheSpireMod:Splinters"],"damage_healed":0,"gold_gain":0,"player_choice":"Card Removal","damage_taken":0,"max_hp_gain":0,"max_hp_loss":0,"event_name":"The Cleric","floor":3,"gold_loss":50},{"damage_healed":0,"gold_gain":0,"player_choice":"Donut","damage_taken":0,"max_hp_gain":5,"max_hp_loss":0,"event_name":"Big Fish","floor":13,"gold_loss":0},{"damage_healed":0,"gold_gain":0,"player_choice":"Stole Relic","damage_taken":0,"relics_obtained":["Quantum Egg"],"max_hp_gain":0,"max_hp_loss":0,"event_name":"Addict","floor":23,"gold_loss":0,"cards_obtained":["Shame"]}],"is_beta":false,"boss_relics":[{"not_picked":["Replay:Drink Me","Fusion Hammer"],"picked":"Ring of Chaos"}],"items_purged_floors":[],"is_endless":false,"potions_floor_spawned":[7,8,11,14,18,20],"killed_by":"Snake Plant","ascension_level":0}}