{"host":"d8d3jqle49sogkjv","time":1609068631,"event":{"mods":["BaseMod","Colored Map","Colored Powertips","Minty Spire (QoL Compilation)","StSLib"],"gold_per_floor":[20,20,20,20,31,31,50,50,50,78,93,93,93,59,59,158,158,174,174,174],"floor_reached":19,"playtime":709,"items_purged":[],"score":223,"play_id":"4725edb0-a2ef-499d-aef9-7dbba97e8391","local_time":"20201227123031","is_ascension_mode":true,"campfire_choices":[{"data":"Machine Learning","floor":6,"key":"SMITH"},{"data":"Defragment","floor":8,"key":"SMITH"},{"floor":13,"key":"REST"},{"data":"Loop","floor":15,"key":"SMITH"}],"circlet_count":0,"master_deck":["Strike_B","Strike_B","Strike_B","Defend_B","Defend_B","Defend_B","Zap","Dualcast","Machine Learning+1","Coolheaded","Skim","Self Repair","Defragment+1","Static Discharge","Streamline","Loop+1","Echo Form","Heatsinks"],"relics":["Cracked Core","Art of War","Question Card","Symbiotic Virus","Inserter"],"acts_visited":["Exordium","TheCity"],"potions_floor_usage":[10,10,19],"damage_taken":[{"damage":3,"enemies":"2 Louse","floor":1,"turns":2},{"damage":11,"enemies":"Jaw Worm","floor":5,"turns":4},{"damage":10,"enemies":"Small Slimes","floor":7,"turns":4},{"damage":6,"enemies":"Gremlin Nob","floor":10,"turns":3},{"damage":16,"enemies":"Exordium Wildlife","floor":11,"turns":3},{"damage":34,"enemies":"Slime Boss","floor":16,"turns":6},{"damage":18,"enemies":"Shell Parasite","floor":18,"turns":5},{"damage":63,"enemies":"Masked Bandits","floor":19,"turns":3}],"seed_played":"-1992228737971131624","potions_obtained":[{"floor":1,"key":"DistilledChaos"},{"floor":7,"key":"DistilledChaos"},{"floor":10,"key":"CultistPotion"}],"is_trial":false,"path_per_floor":["M","?","?","$","M","R","M","R","T","E","M","?","R","$","R","B",null,"M","?"],"character_chosen":"DEFECT","items_purchased":["Loop"],"campfire_rested":1,"item_purchase_floors":[14],"current_hp_per_floor":[65,65,58,58,47,47,44,44,44,45,36,29,51,51,51,24,62,51,0,0],"gold":174,"neow_bonus":"THREE_RARE_CARDS","is_daily":false,"chose_seed":false,"campfire_upgraded":3,"win_rate":0.0,"timestamp":1609068631,"path_taken":["M","?","?","$","?","R","M","R","T","E","M","?","R","?","R","BOSS","M","?"],"items_purchased_type":["Card"],"build_version":"2020-12-22","purchased_purges":0,"victory":false,"max_hp_per_floor":[75,75,75,75,75,75,75,75,75,75,75,75,75,75,75,75,75,75,75,75],"card_choices":[{"not_picked":["Core Surge","Creative AI"],"picked":"Machine Learning","floor":0},{"not_picked":["Reinforced Body","Rebound"],"picked":"Coolheaded","floor":1},{"not_picked":["Turbo","Barrage"],"picked":"Self Repair","floor":5},{"not_picked":["Gash","Rebound"],"picked":"Defragment","floor":7},{"not_picked":["FTL","Ball Lightning"],"picked":"Static Discharge","floor":10},{"not_picked":["Leap","Rebound","Hologram"],"picked":"Streamline","floor":11},{"not_picked":["Multi-Cast","Reboot","Electrodynamics"],"picked":"Echo Form","floor":16},{"not_picked":["Beam Cell","Barrage","Aggregate+1"],"picked":"Heatsinks","floor":18}],"player_experience":326323,"relics_obtained":[{"floor":9,"key":"Art of War"},{"floor":10,"key":"Question Card"}],"event_choices":[{"damage_healed":0,"gold_gain":0,"cards_transformed":["Strike_B"],"player_choice":"Change","damage_taken":0,"max_hp_gain":0,"max_hp_loss":0,"event_name":"Living Wall","floor":2,"gold_loss":0,"cards_obtained":["Skim"]},{"cards_removed":["Defend_B"],"damage_healed":0,"gold_gain":0,"player_choice":"Card Removal","damage_taken":7,"max_hp_gain":0,"max_hp_loss":0,"event_name":"Golden Wing","floor":3,"gold_loss":0},{"damage_healed":0,"gold_gain":0,"player_choice":"Success","damage_taken":7,"relics_obtained":["Symbiotic Virus"],"max_hp_gain":0,"max_hp_loss":0,"event_name":"Scrap Ooze","floor":12,"gold_loss":0},{"damage_healed":0,"gold_gain":0,"player_choice":"Fought Bandits","damage_taken":0,"max_hp_gain":0,"max_hp_loss":0,"event_name":"Masked Bandits","floor":19,"gold_loss":0}],"is_beta":false,"boss_relics":[{"not_picked":["Velvet Choker","Astrolabe"],"picked":"Inserter"}],"items_purged_floors":[],"is_endless":false,"potions_floor_spawned":[1,7,10],"killed_by":"Masked Bandits","ascension_level":7}}