{"host":"lgcfsflrbypvnipj","time":1609042365,"event":{"mods":["2.2 Compatiblity","BaseMod","Bestiary","Block Reminder","Colored Map","Colored Powertips","Hermit","Minty Spire (QoL Compilation)","Quick Restart","Rare Cards Sparkle","Relic Stats","StSLib","everything is the same but u backflip on backflip"],"gold_per_floor":[118,118,138,148,42,70,70,85,85,118,132,132,162,177,177,281,281,291,302,321,321,15,41,41,76,76,88,13,13,13,13,13,115,115,130,144,194,194,204,204,217,243,243,243,243,243,270,290,290,290],"floor_reached":51,"playtime":1985,"items_purged":[],"score":865,"play_id":"0e2dbace-5d41-4641-b464-471a7615a7ea","local_time":"20201226231245","is_ascension_mode":false,"campfire_choices":[{"data":"1","floor":7,"key":"LIFT"},{"data":"2","floor":15,"key":"LIFT"},{"data":"3","floor":24,"key":"LIFT"},{"data":"Bludgeon","floor":32,"key":"SMITH"},{"floor":40,"key":"REST"},{"floor":45,"key":"REST"},{"floor":49,"key":"REST"}],"circlet_count":0,"master_deck":["Strike_R","Strike_R+1","Defend_R","Defend_R","Defend_R","Defend_R","Bash","Flame Barrier+1","Cleave","Uppercut","Inflame","Twin Strike","Feed","Thunderclap","Whirlwind","Clothesline","Double Tap","Ghostly Armor","True Grit","Entrench","Battle Trance","Impervious","Bludgeon+1","Double Tap","Dark Embrace","Corruption","Uppercut+1","True Grit+1","Inflame+1","Dual Wield","Offering","Shockwave+1","Metallicize","Demon Form","Rage+1","Fiend Fire"],"relics":["Burning Blood","Girya","WingedGreaves","Boot","Snecko Eye","Nloth\u0027s Gift","Vajra","Orichalcum","Dream Catcher","Torii","Ornamental Fan","Fusion Hammer","Gambling Chip","Unceasing Top","Paper Frog","Toxic Egg 2"],"acts_visited":["Exordium","TheCity","TheBeyond"],"potions_floor_usage":[16,16,23,47,47,48],"damage_taken":[{"damage":0,"enemies":"2 Louse","floor":1,"turns":3},{"damage":3,"enemies":"Small Slimes","floor":3,"turns":3},{"damage":0,"enemies":"Cultist","floor":4,"turns":5},{"damage":19,"enemies":"Lagavulin","floor":6,"turns":8},{"damage":0,"enemies":"2 Fungi Beasts","floor":8,"turns":3},{"damage":15,"enemies":"Gremlin Nob","floor":10,"turns":4},{"damage":2,"enemies":"Blue Slaver","floor":11,"turns":4},{"damage":17,"enemies":"3 Sentries","floor":13,"turns":7},{"damage":1,"enemies":"3 Louse","floor":14,"turns":3},{"damage":31,"enemies":"The Guardian","floor":16,"turns":12},{"damage":5,"enemies":"3 Byrds","floor":18,"turns":3},{"damage":5,"enemies":"2 Thieves","floor":19,"turns":4},{"damage":20,"enemies":"Shelled Parasite and Fungi","floor":20,"turns":8},{"damage":20,"enemies":"Slavers","floor":23,"turns":6},{"damage":0,"enemies":"Gremlin Leader","floor":25,"turns":7},{"damage":0,"enemies":"Snecko","floor":27,"turns":3},{"damage":83,"enemies":"Champ","floor":33,"turns":10},{"damage":0,"enemies":"Orb Walker","floor":35,"turns":2},{"damage":8,"enemies":"3 Darklings","floor":36,"turns":4},{"damage":0,"enemies":"Mind Bloom Boss Battle","floor":37,"turns":4},{"damage":0,"enemies":"Transient","floor":39,"turns":5},{"damage":6,"enemies":"4 Shapes","floor":41,"turns":2},{"damage":13,"enemies":"Giant Head","floor":42,"turns":5},{"damage":26,"enemies":"Nemesis","floor":47,"turns":5},{"damage":29,"enemies":"Sphere and 2 Shapes","floor":48,"turns":4},{"damage":63,"enemies":"Awakened One","floor":50,"turns":7}],"seed_played":"-8311260753200451003","potions_obtained":[{"floor":1,"key":"FairyPotion"},{"floor":6,"key":"AttackPotion"},{"floor":8,"key":"HeartOfIron"},{"floor":16,"key":"Block Potion"},{"floor":18,"key":"PowerPotion"},{"floor":33,"key":"EssenceOfSteel"},{"floor":42,"key":"Block Potion"},{"floor":47,"key":"Explosive Potion"}],"is_trial":false,"path_per_floor":["M","?","M","M","$","E","R","M","T","E","M","?","E","M","R","B",null,"M","M","M","?","$","E","R","E","T","M","?","?","?","$","R","B",null,"M","M","?","?","M","R","M","E","T","?","R","?","E","M","R","B",null],"character_chosen":"IRONCLAD","items_purchased":["Inflame","Twin Strike","Vajra","Orichalcum"],"campfire_rested":3,"item_purchase_floors":[5,5,22,22],"current_hp_per_floor":[80,64,67,73,73,60,60,66,66,60,64,64,53,61,61,39,89,92,92,81,81,81,70,70,79,79,85,85,85,85,85,85,8,101,104,105,107,107,107,107,107,103,103,103,104,104,84,61,92,38],"gold":290,"neow_bonus":"","is_daily":false,"chose_seed":false,"campfire_upgraded":1,"win_rate":0.0,"timestamp":1609042365,"path_taken":["M","?","M","M","$","E","R","M","T","E","M","?","E","M","R","BOSS","M","M","M","?","$","E","R","E","T","?","?","?","?","$","R","BOSS","M","M","?","?","M","R","M","E","T","?","R","?","E","M","R","BOSS"],"items_purchased_type":["Card","Card","Relic","Relic"],"build_version":"2020-12-22","purchased_purges":0,"victory":true,"max_hp_per_floor":[80,80,80,80,80,80,80,80,80,83,83,83,83,86,86,89,89,92,92,95,95,95,98,98,101,101,101,101,101,101,101,101,101,101,104,107,107,107,107,107,107,110,110,104,104,104,104,104,104,107],"relic_stats":{"Dream Catcher":3,"Torii":10,"counters":[26,131],"Ornamental Fan":[80],"Gambling Chip":[22],"Snecko Eye":[158,152,154,139],"Nloth\u0027s Gift":2,"Orichalcum":[96],"Boot":[37],"obtain_stats":[{"Girya":6,"Torii":25,"Vajra":22,"Orichalcum":22,"Boot":13,"Burning Blood":0,"Peace Pipe":9,"Dream Catcher":23,"Ornamental Fan":26,"Gambling Chip":37,"Snecko Eye":17,"WingedGreaves":10,"Fusion Hammer":34,"Nloth\u0027s Gift":21,"Toxic Egg 2":47,"Unceasing Top":42,"Paper Frog":43},{"Girya":4,"Torii":15,"Vajra":13,"Orichalcum":13,"Boot":8,"Burning Blood":0,"Peace Pipe":5,"Dream Catcher":14,"Ornamental Fan":15,"Gambling Chip":20,"Snecko Eye":10,"WingedGreaves":6,"Fusion Hammer":17,"Nloth\u0027s Gift":13,"Toxic Egg 2":24,"Unceasing Top":23,"Paper Frog":23},{"Girya":19,"Torii":80,"Vajra":67,"Orichalcum":67,"Boot":37,"Burning Blood":0,"Peace Pipe":22,"Dream Catcher":73,"Ornamental Fan":80,"Gambling Chip":103,"Snecko Eye":52,"WingedGreaves":26,"Fusion Hammer":93,"Nloth\u0027s Gift":67,"Toxic Egg 2":120,"Unceasing Top":115,"Paper Frog":115}],"Burning Blood":132,"Unceasing Top":[1]},"card_choices":[{"not_picked":["Perfected Strike","Clash"],"picked":"Flame Barrier","floor":1},{"not_picked":["Sword Boomerang","Infernal Blade"],"picked":"Cleave","floor":3},{"not_picked":["Second Wind","Iron Wave"],"picked":"Uppercut","floor":4},{"not_picked":["Power Through","Combust"],"picked":"Feed","floor":6},{"not_picked":["Twin Strike","Feel No Pain","Iron Wave"],"picked":"SKIP","floor":8},{"not_picked":["Headbutt","Fire Breathing","Flex"],"picked":"SKIP","floor":10},{"not_picked":["Iron Wave","Clothesline"],"picked":"Thunderclap","floor":11},{"not_picked":["Rampage","Barricade"],"picked":"Whirlwind","floor":13},{"not_picked":["Sword Boomerang","Perfected Strike"],"picked":"Clothesline","floor":14},{"not_picked":["Corruption","Barricade"],"picked":"Double Tap","floor":16},{"not_picked":["Iron Wave","Headbutt"],"picked":"Ghostly Armor","floor":18},{"not_picked":["Flex+1","Perfected Strike+1"],"picked":"True Grit","floor":19},{"not_picked":["Twin Strike","Flex"],"picked":"Entrench","floor":20},{"not_picked":["Body Slam+1","Seeing Red"],"picked":"Pommel Strike","floor":23},{"not_picked":["Sword Boomerang","Fire Breathing"],"picked":"Battle Trance","floor":25},{"not_picked":["Flex+1","True Grit"],"picked":"Impervious","floor":27},{"not_picked":["Bludgeon","Berserk"],"picked":"Corruption","floor":33},{"not_picked":["Twin Strike+1","Dropkick+1"],"picked":"Uppercut+1","floor":35},{"not_picked":["Clothesline+1","Blood for Blood+1"],"picked":"True Grit+1","floor":36},{"not_picked":["Body Slam+1","Sword Boomerang"],"picked":"Inflame+1","floor":37},{"not_picked":["Clothesline+1","Fire Breathing"],"picked":"Dual Wield","floor":39},{"not_picked":["Iron Wave","Bloodletting"],"picked":"Offering","floor":40},{"not_picked":["Iron Wave+1","Inflame"],"picked":"Shockwave+1","floor":41},{"not_picked":["Flex+1","Seeing Red+1","Whirlwind+1"],"picked":"SKIP","floor":42},{"not_picked":["Pommel Strike","Flex"],"picked":"Metallicize","floor":45},{"not_picked":["Anger+1","True Grit+1","Cleave+1"],"picked":"SKIP","floor":47},{"not_picked":["Clash","Entrench+1"],"picked":"Rage+1","floor":48},{"not_picked":["Armaments+1","Twin Strike"],"picked":"Fiend Fire","floor":49}],"player_experience":0,"relics_obtained":[{"floor":6,"key":"Girya"},{"floor":9,"key":"Peace Pipe"},{"floor":10,"key":"WingedGreaves"},{"floor":13,"key":"Boot"},{"floor":23,"key":"Dream Catcher"},{"floor":25,"key":"Torii"},{"floor":26,"key":"Ornamental Fan"},{"floor":37,"key":"Gambling Chip"},{"floor":42,"key":"Unceasing Top"},{"floor":43,"key":"Paper Frog"},{"floor":47,"key":"Toxic Egg 2"}],"event_choices":[{"damage_healed":0,"gold_gain":0,"player_choice":"Entered Light","damage_taken":16,"max_hp_gain":0,"max_hp_loss":0,"event_name":"Shining Light","floor":2,"gold_loss":0,"cards_upgraded":["Strike_R","Flame Barrier"]},{"damage_healed":0,"gold_gain":0,"player_choice":"Ignored","damage_taken":0,"max_hp_gain":0,"max_hp_loss":0,"event_name":"Liars Game","floor":12,"gold_loss":0},{"damage_healed":0,"gold_gain":0,"player_choice":"Traded Relic","damage_taken":0,"relics_obtained":["Nloth\u0027s Gift"],"max_hp_gain":0,"max_hp_loss":0,"event_name":"N\u0027loth","floor":21,"relics_lost":["Peace Pipe"],"gold_loss":0},{"cards_removed":["Strike_R"],"damage_healed":0,"gold_gain":0,"player_choice":"Gave Gold","damage_taken":0,"max_hp_gain":0,"max_hp_loss":0,"event_name":"Beggar","floor":28,"gold_loss":75},{"damage_healed":0,"gold_gain":0,"player_choice":"Read","damage_taken":0,"max_hp_gain":0,"max_hp_loss":0,"event_name":"The Library","floor":29,"gold_loss":0,"cards_obtained":["Bludgeon"]},{"damage_healed":0,"gold_gain":0,"cards_transformed":["Strike_R","Strike_R"],"player_choice":"Became Test Subject","damage_taken":0,"max_hp_gain":0,"max_hp_loss":0,"event_name":"Drug Dealer","floor":30,"gold_loss":0,"cards_obtained":["Double Tap","Dark Embrace"]},{"damage_healed":0,"gold_gain":0,"player_choice":"Fight","damage_taken":0,"max_hp_gain":0,"max_hp_loss":0,"event_name":"MindBloom","floor":37,"gold_loss":0},{"cards_removed":["Pommel Strike"],"damage_healed":0,"gold_gain":0,"player_choice":"Removed Attack","damage_taken":0,"max_hp_gain":0,"max_hp_loss":0,"event_name":"Falling","floor":38,"gold_loss":0},{"damage_healed":0,"gold_gain":0,"player_choice":"Max HP","damage_taken":0,"max_hp_gain":0,"max_hp_loss":6,"event_name":"Winding Halls","floor":44,"gold_loss":0},{"damage_healed":0,"gold_gain":0,"player_choice":"1 cards matched","damage_taken":0,"max_hp_gain":0,"max_hp_loss":0,"event_name":"Match and Keep!","floor":46,"gold_loss":0,"cards_obtained":["Demon Form"]}],"is_beta":false,"boss_relics":[{"not_picked":["Astrolabe","Empty Cage"],"picked":"Snecko Eye"},{"not_picked":["Black Blood","Cursed Key"],"picked":"Fusion Hammer"}],"items_purged_floors":[],"is_endless":false,"potions_floor_spawned":[1,6,8,14,16,18,19,33,35,39,42,47],"ascension_level":0}}