{"host":"dcj2yvrgcvh5dl2s","time":1609063460,"event":{"mods":["BaseMod","Better Note","Block Reminder","Colored Powertips","DeckTracker","Minty Spire (QoL Compilation)","Quick Restart","Rare Cards Sparkle","Relic Stats","StSLib"],"gold_per_floor":[117,192,192,10,27,57,57,77,77,77,77,36,63,3,3,75,75,85,10,25,25,43,43,43,43],"floor_reached":24,"playtime":1014,"items_purged":["Strike_R"],"score":377,"play_id":"66925dcf-00e8-4e05-ab2f-2accb7b4fda5","local_time":"20201227200420","is_ascension_mode":true,"campfire_choices":[{"data":"Body Slam","floor":7,"key":"SMITH"},{"data":"Armaments","floor":10,"key":"SMITH"},{"floor":15,"key":"REST"},{"data":"Body Slam","floor":23,"key":"SMITH"}],"circlet_count":0,"master_deck":["AscendersBane","Defend_R","Defend_R","Defend_R","Defend_R","Bash","Sword Boomerang","Body Slam+1","Metallicize","Armaments+1","Shrug It Off","Double Tap","Shockwave","Reaper","Disarm","Shame","Body Slam+1"],"relics":["Burning Blood","Paper Frog","Juzu Bracelet","Pen Nib","Ornamental Fan","Busted Crown","Meat on the Bone"],"acts_visited":["Exordium","TheCity"],"potions_floor_usage":[6,13,16,24,24],"damage_taken":[{"damage":11,"enemies":"Jaw Worm","floor":1,"turns":4},{"damage":13,"enemies":"2 Louse","floor":5,"turns":3},{"damage":21,"enemies":"Lagavulin","floor":6,"turns":7},{"damage":1,"enemies":"Small Slimes","floor":8,"turns":4},{"damage":23,"enemies":"Exordium Thugs","floor":12,"turns":5},{"damage":13,"enemies":"Gremlin Nob","floor":13,"turns":4},{"damage":24,"enemies":"The Guardian","floor":16,"turns":12},{"damage":22,"enemies":"Chosen","floor":18,"turns":5},{"damage":9,"enemies":"Shell Parasite","floor":20,"turns":6},{"damage":33,"enemies":"Shelled Parasite and Fungi","floor":22,"turns":8},{"damage":85,"enemies":"Gremlin Leader","floor":24,"turns":7}],"seed_played":"1536564077991918433","potions_obtained":[{"floor":1,"key":"SteroidPotion"},{"floor":6,"key":"BlessingOfTheForge"},{"floor":12,"key":"BlessingOfTheForge"},{"floor":20,"key":"ElixirPotion"},{"floor":22,"key":"BlessingOfTheForge"}],"is_trial":false,"path_per_floor":["M","?","?","$","M","E","R","M","T","R","?","M","E","?","R","B",null,"M","?","M","?","M","R","E"],"character_chosen":"IRONCLAD","items_purchased":["Body Slam","Metallicize"],"campfire_rested":1,"item_purchase_floors":[4,4],"current_hp_per_floor":[45,34,59,59,52,37,37,42,42,42,42,25,18,18,40,22,62,59,59,64,64,54,54,0,0],"gold":43,"neow_bonus":"REMOVE_TWO","is_daily":false,"chose_seed":false,"campfire_upgraded":3,"win_rate":0.0,"timestamp":1609063460,"path_taken":["M","?","?","?","M","E","R","M","T","R","?","M","E","?","R","BOSS","M","?","M","?","M","R","E"],"items_purchased_type":["Card","Card"],"build_version":"2020-12-22","purchased_purges":1,"victory":false,"max_hp_per_floor":[75,75,75,75,75,75,75,75,75,75,75,75,75,75,75,75,75,75,75,75,75,75,75,75,75],"relic_stats":{"Busted Crown":6,"counters":[11,65],"Ornamental Fan":[16],"Pen Nib":[5],"Juzu Bracelet":2,"obtain_stats":[{"Busted Crown":17,"Ornamental Fan":14,"Pen Nib":13,"Juzu Bracelet":9,"Burning Blood":0,"Paper Frog":6,"Meat on the Bone":21},{"Busted Crown":7,"Ornamental Fan":6,"Pen Nib":6,"Juzu Bracelet":4,"Burning Blood":0,"Paper Frog":3,"Meat on the Bone":9},{"Busted Crown":39,"Ornamental Fan":27,"Pen Nib":27,"Juzu Bracelet":18,"Burning Blood":0,"Paper Frog":14,"Meat on the Bone":50}],"Burning Blood":60,"Meat on the Bone":12},"card_choices":[{"not_picked":["Power Through","Wild Strike"],"picked":"Sword Boomerang","floor":1},{"not_picked":["Carnage","Sword Boomerang"],"picked":"Armaments","floor":5},{"not_picked":["Wild Strike","Sword Boomerang"],"picked":"Shrug It Off","floor":6},{"not_picked":["True Grit","Armaments","Combust"],"picked":"SKIP","floor":8},{"not_picked":["Hemokinesis","True Grit"],"picked":"Double Tap","floor":12},{"not_picked":["Dual Wield","Havoc"],"picked":"Shockwave","floor":13},{"not_picked":["Feed","Brutality"],"picked":"Reaper","floor":16},{"not_picked":["Clothesline"],"picked":"SKIP","floor":18},{"not_picked":[],"picked":"Disarm","floor":20},{"not_picked":[],"picked":"Body Slam","floor":22}],"player_experience":2071082,"relics_obtained":[{"floor":6,"key":"Paper Frog"},{"floor":9,"key":"Juzu Bracelet"},{"floor":13,"key":"Pen Nib"}],"event_choices":[{"damage_healed":0,"gold_gain":75,"player_choice":"Gather Gold","damage_taken":11,"max_hp_gain":0,"max_hp_loss":0,"event_name":"World of Goop","floor":2,"gold_loss":0},{"damage_healed":25,"gold_gain":0,"player_choice":"Banana","damage_taken":0,"max_hp_gain":0,"max_hp_loss":0,"event_name":"Big Fish","floor":3,"gold_loss":0},{"cards_removed":["Strike_R"],"damage_healed":0,"gold_gain":0,"player_choice":"Purged","damage_taken":0,"max_hp_gain":0,"max_hp_loss":0,"event_name":"Purifier","floor":11,"gold_loss":0},{"damage_healed":0,"gold_gain":0,"player_choice":"Paid Gold","damage_taken":0,"relics_obtained":["Ornamental Fan"],"max_hp_gain":0,"max_hp_loss":0,"event_name":"WeMeetAgain","floor":14,"gold_loss":60},{"cards_removed":["Strike_R"],"damage_healed":0,"gold_gain":0,"player_choice":"Gave Gold","damage_taken":0,"max_hp_gain":0,"max_hp_loss":0,"event_name":"Beggar","floor":19,"gold_loss":75},{"damage_healed":0,"gold_gain":0,"player_choice":"Stole Relic","damage_taken":0,"relics_obtained":["Meat on the Bone"],"max_hp_gain":0,"max_hp_loss":0,"event_name":"Addict","floor":21,"gold_loss":0,"cards_obtained":["Shame"]}],"is_beta":false,"boss_relics":[{"not_picked":["Calling Bell","SlaversCollar"],"picked":"Busted Crown"}],"items_purged_floors":[4],"is_endless":false,"potions_floor_spawned":[1,6,12,20,22],"killed_by":"Gremlin Leader","ascension_level":17}}