{"host":"tfkz8stxzb1up54p","time":1609051299,"event":{"mods":["AchievementEnabler","BaseMod","Block Reminder","Colored Powertips","Disable Question Mark Monsters","Emptier Cage","Gold Saver","Gremlin Skip","Highlight Path","Minty Spire (QoL Compilation)","Permanent Neow","StSLib"],"gold_per_floor":[7238,7238,7256,7267,7287,7287,7287,6762,6762,6798,6401,6415,6444,6463,6463,6542,6542,6556,6004,6004,6018,6018,6050,6050,6068,6093,6093,6112,6147,5713,5741,5741,5812,5812,5829,5829,5280,5291,5309,5335,5335,5335,5335,5335,5365,5378,5427,5460,5460,5460,5460,5460],"floor_reached":51,"playtime":5035,"items_purged":["Strike_B","Strike_B","Strike_B","Defend_B","Defend_B"],"score":1840,"play_id":"d0e45074-3006-420d-8c5a-a25a1da2b451","local_time":"20201227064139","is_ascension_mode":true,"campfire_choices":[{"floor":6,"key":"REST"},{"data":"Chill","floor":15,"key":"SMITH"},{"floor":24,"key":"REST"},{"floor":27,"key":"REST"},{"data":"Mind Blast","floor":32,"key":"SMITH"},{"data":"1","floor":41,"key":"LIFT"},{"floor":49,"key":"REST"}],"circlet_count":0,"master_deck":["AscendersBane","Zap+1","Dualcast","Ball Lightning","Zap+1","Cold Snap","Chill+1","Ball Lightning","Cold Snap","Reinforced Body","Genetic Algorithm","Ball Lightning","Beam Cell","Conserve Battery","White Noise","Electrodynamics","Go for the Eyes+1","Capacitor","Panache","Mind Blast+1","RitualDagger","Conserve Battery","Defragment","Capacitor+1","Loop","Steam","Ball Lightning","Seek","Dramatic Entrance","Good Instincts","Discovery","Defragment","Panache","Scrape","Conserve Battery+1","Defragment","Cold Snap+1","Beam Cell+1","Fusion+1"],"relics":["Cracked Core","Membership Card","Bag of Marbles","MealTicket","Question Card","Happy Flower","Centennial Puzzle","Frozen Eye","Ornamental Fan","Black Star","Blood Vial","InkBottle","OrangePellets","Unceasing Top","Tiny Chest","Regal Pillow","Juzu Bracelet","Akabeko","Mummified Hand","Bag of Preparation","Turnip","Bronze Scales","Symbiotic Virus","Empty Cage","Boot","Matryoshka","Chemical X","Girya","Gambling Chip","Molten Egg 2","Strawberry","Kunai","Art of War","Anchor","Ancient Tea Set","Gremlin Horn","Toxic Egg 2"],"acts_visited":["Exordium","TheCity","TheBeyond"],"potions_floor_usage":[4,10,10,12,13,14,16,21,25,29,31,33,40,48,50],"damage_taken":[{"damage":7,"enemies":"Small Slimes","floor":1,"turns":3},{"damage":0,"enemies":"Cultist","floor":3,"turns":3},{"damage":2,"enemies":"2 Louse","floor":4,"turns":2},{"damage":16,"enemies":"Exordium Thugs","floor":5,"turns":4},{"damage":0,"enemies":"Exordium Wildlife","floor":10,"turns":2},{"damage":0,"enemies":"3 Louse","floor":12,"turns":3},{"damage":10,"enemies":"Gremlin Nob","floor":13,"turns":4},{"damage":8,"enemies":"Red Slaver","floor":14,"turns":2},{"damage":4,"enemies":"Slime Boss","floor":16,"turns":6},{"damage":0,"enemies":"3 Byrds","floor":18,"turns":1},{"damage":4,"enemies":"Spheric Guardian","floor":21,"turns":4},{"damage":59,"enemies":"Gremlin Leader","floor":23,"turns":8},{"damage":0,"enemies":"Snecko","floor":25,"turns":3},{"damage":2,"enemies":"3 Cultists","floor":28,"turns":5},{"damage":8,"enemies":"Book of Stabbing","floor":29,"turns":5},{"damage":0,"enemies":"Gremlin Leader","floor":31,"turns":4},{"damage":55,"enemies":"Champ","floor":33,"turns":8},{"damage":0,"enemies":"3 Darklings","floor":35,"turns":2},{"damage":0,"enemies":"Orb Walker","floor":38,"turns":1},{"damage":0,"enemies":"3 Darklings","floor":39,"turns":2},{"damage":13,"enemies":"Reptomancer","floor":40,"turns":4},{"damage":0,"enemies":"Giant Head","floor":45,"turns":5},{"damage":2,"enemies":"4 Shapes","floor":46,"turns":3},{"damage":0,"enemies":"Reptomancer","floor":48,"turns":4},{"damage":0,"enemies":"Donu and Deca","floor":50,"turns":6},{"damage":85,"enemies":"Awakened One","floor":51,"turns":10}],"seed_played":"-1399708316256432624","potions_obtained":[{"floor":3,"key":"Weak Potion"},{"floor":13,"key":"EssenceOfSteel"},{"floor":14,"key":"BlessingOfTheForge"},{"floor":16,"key":"Ancient Potion"},{"floor":18,"key":"SmokeBomb"},{"floor":28,"key":"SkillPotion"},{"floor":29,"key":"Energy Potion"},{"floor":35,"key":"EssenceOfDarkness"},{"floor":39,"key":"FocusPotion"},{"floor":45,"key":"PowerPotion"}],"is_trial":false,"path_per_floor":["M","?","M","M","M","R","?","$","T","M","$","M","E","M","R","B",null,"M","$","?","M","T","E","R","M","T","R","M","E","$","E","R","B",null,"M","?","$","M","M","E","R","?","T","?","E","M","T","E","R","B","B"],"character_chosen":"DEFECT","items_purchased":["Membership Card","Bag of Marbles","MealTicket","Ball Lightning","Cold Snap","Reinforced Body","DuplicationPotion","ColorlessPotion","Happy Flower","Centennial Puzzle","Frozen Eye","Ball Lightning","PowerPotion","Ancient Potion","Blood Vial","InkBottle","OrangePellets","Capacitor","Panache","BlessingOfTheForge","Mind Blast","Bag of Preparation","Turnip","Loop","Steam","DuplicationPotion","Defragment","Boot","Matryoshka","Chemical X","Panache","FearPotion"],"campfire_rested":4,"item_purchase_floors":[8,8,8,8,8,8,8,8,11,11,11,11,11,11,19,19,19,19,19,19,19,30,30,30,30,30,37,37,37,37,37,37],"current_hp_per_floor":[57,57,57,55,39,60,60,60,60,60,71,71,61,53,53,49,66,66,71,65,63,63,6,42,44,44,71,69,63,71,71,71,16,57,59,49,64,66,68,57,57,57,64,64,66,66,66,68,78,78,0,0],"gold":5460,"neow_bonus":"UPGRADE_CARD","is_daily":false,"chose_seed":false,"campfire_upgraded":2,"win_rate":0.0,"timestamp":1609051299,"path_taken":["M","?","?","M","M","R","?","$","T","?","$","M","E","M","R","BOSS","M","$","?","M","?","E","R","M","T","R","M","E","$","E","R","BOSS","M","?","$","M","M","E","R","?","T","?","E","M","?","E","R","BOSS","BOSS"],"items_purchased_type":["Relic","Relic","Relic","Card","Card","Card","Potion","Potion","Relic","Relic","Relic","Card","Potion","Potion","Relic","Relic","Relic","Card","Card","Potion","Card","Relic","Relic","Card","Card","Potion","Card","Relic","Relic","Relic","Card","Potion"],"build_version":"2020-12-22","purchased_purges":5,"victory":false,"max_hp_per_floor":[71,71,71,71,71,71,71,71,71,71,71,71,71,71,71,71,71,71,71,71,71,71,71,71,71,71,71,71,71,71,71,71,71,71,71,71,71,71,71,71,71,71,78,78,78,78,78,78,78,78,78,78],"card_choices":[{"not_picked":["Redo","Lockon"],"picked":"Ball Lightning","floor":1},{"not_picked":["Sweeping Beam","Glacier"],"picked":"Cold Snap","floor":3},{"not_picked":["Gash","Sweeping Beam"],"picked":"Go for the Eyes","floor":4},{"not_picked":["Streamline","Steam Power"],"picked":"Chill","floor":5},{"not_picked":["Streamline","Leap","Ball Lightning"],"picked":"Genetic Algorithm","floor":10},{"not_picked":["Leap","Hello World","Sweeping Beam"],"picked":"Beam Cell","floor":12},{"not_picked":["Rainbow","Rebound","Hologram"],"picked":"Conserve Battery","floor":13},{"not_picked":["Chaos","Turbo","Loop"],"picked":"White Noise","floor":14},{"not_picked":["Core Surge","Multi-Cast","All For One"],"picked":"Electrodynamics","floor":16},{"not_picked":["Barrage","Gash","Sweeping Beam+1"],"picked":"Go for the Eyes+1","floor":18},{"not_picked":["Reprogram","Rebound","Redo"],"picked":"Conserve Battery","floor":21},{"not_picked":["Sweeping Beam","Blizzard","Core Surge"],"picked":"Defragment","floor":23},{"not_picked":["Rebound","Undo","Streamline","Hologram"],"picked":"SKIP","floor":25},{"not_picked":["Sweeping Beam","Genetic Algorithm","Redo","Leap"],"picked":"SKIP","floor":28},{"not_picked":["Static Discharge+1","Darkness","FTL"],"picked":"Capacitor+1","floor":29},{"not_picked":["Barrage","Reprogram","Darkness"],"picked":"Ball Lightning","floor":31},{"not_picked":["Core Surge","Biased Cognition","Fission"],"picked":"Seek","floor":33},{"not_picked":["Static Discharge","Ball Lightning","Turbo","Stack"],"picked":"SKIP","floor":35},{"not_picked":["Deep Breath","Master of Strategy","Impatience"],"picked":"Dramatic Entrance","floor":36},{"not_picked":["Thinking Ahead","Finesse","Metamorphosis"],"picked":"Good Instincts","floor":36},{"not_picked":["PanicButton","Mind Blast","Violence"],"picked":"Discovery","floor":36},{"not_picked":["Steam","Stack","Redo"],"picked":"Scrape","floor":38},{"not_picked":["Steam+1","Darkness","Genetic Algorithm"],"picked":"Conserve Battery+1","floor":39},{"not_picked":["Reprogram+1","Turbo","All For One"],"picked":"Defragment","floor":40},{"not_picked":["Sweeping Beam+1","Redo","Biased Cognition"],"picked":"Cold Snap+1","floor":45},{"not_picked":["Coolheaded","Rebound+1","Steam"],"picked":"Beam Cell+1","floor":46},{"not_picked":["Electrodynamics","Fission+1","Heatsinks"],"picked":"Fusion+1","floor":48}],"player_experience":1238954,"relics_obtained":[{"floor":9,"key":"Question Card"},{"floor":13,"key":"Ornamental Fan"},{"floor":22,"key":"Unceasing Top"},{"floor":23,"key":"Tiny Chest"},{"floor":23,"key":"Regal Pillow"},{"floor":26,"key":"Juzu Bracelet"},{"floor":29,"key":"Akabeko"},{"floor":29,"key":"Mummified Hand"},{"floor":31,"key":"Bronze Scales"},{"floor":31,"key":"Symbiotic Virus"},{"floor":40,"key":"Girya"},{"floor":40,"key":"Gambling Chip"},{"floor":43,"key":"Molten Egg 2"},{"floor":43,"key":"Strawberry"},{"floor":45,"key":"Kunai"},{"floor":45,"key":"Art of War"},{"floor":47,"key":"Anchor"},{"floor":47,"key":"Ancient Tea Set"},{"floor":48,"key":"Gremlin Horn"},{"floor":48,"key":"Toxic Egg 2"}],"event_choices":[{"damage_healed":0,"gold_gain":0,"player_choice":"1 cards matched","damage_taken":0,"max_hp_gain":0,"max_hp_loss":0,"event_name":"Match and Keep!","floor":2,"gold_loss":0,"cards_obtained":["Zap"]},{"damage_healed":0,"gold_gain":0,"player_choice":"Upgraded","damage_taken":0,"max_hp_gain":0,"max_hp_loss":0,"event_name":"Upgrade Shrine","floor":7,"gold_loss":0,"cards_upgraded":["Zap"]},{"damage_healed":0,"gold_gain":0,"player_choice":"Joined the Cult","damage_taken":6,"max_hp_gain":0,"max_hp_loss":0,"event_name":"Nest","floor":20,"gold_loss":0,"cards_obtained":["RitualDagger"]},{"damage_healed":0,"gold_gain":0,"player_choice":"Memory 3","damage_taken":10,"max_hp_gain":0,"max_hp_loss":0,"event_name":"SensoryStone","floor":36,"gold_loss":0},{"cards_removed":["Go for the Eyes"],"damage_healed":0,"gold_gain":0,"player_choice":"Removed Attack","damage_taken":0,"max_hp_gain":0,"max_hp_loss":0,"event_name":"Falling","floor":42,"gold_loss":0},{"damage_healed":0,"gold_gain":0,"player_choice":"Ignored","damage_taken":0,"max_hp_gain":0,"max_hp_loss":0,"event_name":"SecretPortal","floor":44,"gold_loss":0}],"is_beta":false,"boss_relics":[{"not_picked":["Runic Pyramid","Cursed Key"],"picked":"Black Star"},{"not_picked":["Snecko Eye","Pandora\u0027s Box"],"picked":"Empty Cage"}],"items_purged_floors":[8,11,19,30,37],"is_endless":false,"potions_floor_spawned":[3,13,14,16,18,28,29,35,39,45],"killed_by":"Awakened One","ascension_level":20}}