{"host":"8qb550oiisecbnz6","time":1609091210,"event":{"mods":["AchievementEnabler","BaseMod","Colored Map","Colored Powertips","Minty Spire (QoL Compilation)","Quick Restart","Slay-I","StSLib"],"gold_per_floor":[119,132,207,207,220,251,251,251,251,267,267,285,26,61,61,165,165,185,185,85,97,97,126,126,225,225,225,276,303,317,342,342,446,446,466,483,557,179,197,197,47,79,79,79,111,156,156,173,173,173,173,173,22,54,54,54],"floor_reached":55,"playtime":5555,"items_purged":["Strike_P","Strike_P","WreathOfFlame+1","Eruption+1"],"score":1018,"play_id":"9cdf12bd-b2a3-4f61-a2f7-48ccabe17159","local_time":"20201227184650","is_ascension_mode":true,"campfire_choices":[{"data":"Eruption","floor":8.0,"key":"SMITH"},{"data":"ForeignInfluence","floor":11.0,"key":"SMITH"},{"floor":15.0,"key":"REST"},{"data":"DevaForm","floor":24.0,"key":"SMITH"},{"data":"TalkToTheHand","floor":32.0,"key":"SMITH"},{"data":"MasterReality","floor":40.0,"key":"SMITH"},{"floor":49,"key":"RECALL"},{"data":"TalkToTheHand","floor":52,"key":"SMITH"}],"circlet_count":0,"master_deck":["Vigilance","Conclude","ForeignInfluence+1","Weave","Tantrum","DevaForm+1","EmptyBody+1","Alpha+1","Vault+1","SandsOfTime+1","BowlingBash+1","TalkToTheHand+1","JustLucky+1","ThirdEye+1","TalkToTheHand+1","MasterReality+1","Consecrate","Wallop","Sanctity+1","PathToVictory+1","Fasting2+1","Adaptation","Nirvana"],"relics":["Runic Pyramid","Centennial Puzzle","Unceasing Top","Toxic Egg 2","Sling","Potion Belt","Astrolabe","Blood Vial","Lizard Tail","MealTicket","Ice Cream","Pandora\u0027s Box","Shuriken","TeardropLocket","Incense Burner","Molten Egg 2","StrikeDummy","Bird Faced Urn","Damaru","TungstenRod"],"acts_visited":["Exordium","TheCity","TheBeyond","TheEnding"],"potions_floor_usage":[50],"damage_taken":[{"damage":0.0,"enemies":"Cultist","floor":1.0,"turns":2.0},{"damage":0.0,"enemies":"2 Louse","floor":2.0,"turns":2.0},{"damage":0.0,"enemies":"Small Slimes","floor":5.0,"turns":1.0},{"damage":42.0,"enemies":"Lagavulin","floor":6.0,"turns":6.0},{"damage":7.0,"enemies":"2 Fungi Beasts","floor":10.0,"turns":3.0},{"damage":0.0,"enemies":"Exordium Thugs","floor":12.0,"turns":1.0},{"damage":8.0,"enemies":"Gremlin Nob","floor":14.0,"turns":3.0},{"damage":13.0,"enemies":"Slime Boss","floor":16.0,"turns":7.0},{"damage":19.0,"enemies":"2 Thieves","floor":18.0,"turns":3.0},{"damage":1.0,"enemies":"Spheric Guardian","floor":21.0,"turns":3.0},{"damage":6.0,"enemies":"Slavers","floor":23.0,"turns":2.0},{"damage":6.0,"enemies":"Book of Stabbing","floor":29.0,"turns":3.0},{"damage":10.0,"enemies":"Snake Plant","floor":30.0,"turns":5.0},{"damage":8.0,"enemies":"Gremlin Leader","floor":31.0,"turns":5.0},{"damage":6.0,"enemies":"Champ","floor":33.0,"turns":8.0},{"damage":9.0,"enemies":"3 Shapes","floor":35.0,"turns":6.0},{"damage":8.0,"enemies":"Orb Walker","floor":36.0,"turns":4.0},{"damage":17.0,"enemies":"4 Shapes","floor":39.0,"turns":4.0},{"damage":38.0,"enemies":"Nemesis","floor":42.0,"turns":6.0},{"damage":0.0,"enemies":"Giant Head","floor":45.0,"turns":6.0},{"damage":15.0,"enemies":"2 Orb Walkers","floor":46.0,"turns":6.0},{"damage":30.0,"enemies":"Writhing Mass","floor":48.0,"turns":5.0},{"damage":9,"enemies":"Donu and Deca","floor":50,"turns":6},{"damage":39,"enemies":"Shield and Spear","floor":54,"turns":7},{"damage":111,"enemies":"The Heart","floor":55,"turns":7}],"seed_played":"-2647646710163532533","potions_obtained":[{"floor":1.0,"key":"Block Potion"},{"floor":2.0,"key":"Explosive Potion"},{"floor":6.0,"key":"SkillPotion"},{"floor":16.0,"key":"Fire Potion"},{"floor":18.0,"key":"SneckoOil"},{"floor":23.0,"key":"Weak Potion"},{"floor":35.0,"key":"LiquidMemories"},{"floor":42.0,"key":"SpeedPotion"},{"floor":45.0,"key":"FearPotion"},{"floor":54,"key":"FearPotion"}],"is_trial":false,"path_per_floor":["M","M","?","?","M","E","?","R","T","M","R","M","$","E","R","B",null,"M","?","$","M","$","E","R","?","T","?","T","E","M","E","R","B",null,"M","M","T","$","M","R","$","E","T","$","E","?","?","M","R","B",null,"R","$","E","B"],"character_chosen":"WATCHER","items_purchased":["Sling","EmptyBody+1","TeardropLocket","Damaru"],"campfire_rested":1,"item_purchase_floors":[13,13,38,53],"current_hp_per_floor":[65,65,54,47,47,5,29,29,29,22,22,22,22,14,35,22,60,41,65,65,64,64,58,58,58,58,58,58,54,46,40,40,36,63,56,50,50,65,50,50,65,29,29,44,46,33,33,13,13,16,58,58,72,39,0,0],"gold":54,"neow_bonus":"BOSS_RELIC","is_daily":false,"chose_seed":false,"campfire_upgraded":6,"win_rate":0.0,"timestamp":1609091210,"path_taken":["M","?","?","?","M","E","?","R","T","M","R","M","$","E","R","BOSS","M","?","$","M","$","E","R","?","T","?","?","E","M","E","R","BOSS","M","M","?","$","M","R","$","E","T","$","E","?","?","M","R","BOSS","R","$","E","BOSS"],"items_purchased_type":["Relic","Card","Relic","Relic"],"build_version":"2020-12-22","purchased_purges":4,"victory":false,"max_hp_per_floor":[72,72,72,72,72,72,72,72,72,72,72,72,72,72,72,72,72,72,72,72,72,72,72,72,72,72,72,72,72,72,72,72,72,72,72,72,72,72,72,72,72,72,72,72,72,72,72,72,72,72,72,72,72,72,72,72],"card_choices":[{"not_picked":["MentalFortress","ClearTheMind"],"picked":"Conclude","floor":1.0},{"not_picked":["PathToVictory","FollowUp"],"picked":"ForeignInfluence","floor":2.0},{"not_picked":["Protect","Crescendo"],"picked":"Weave","floor":5.0},{"not_picked":["Wireheading","BowlingBash"],"picked":"Tantrum","floor":6.0},{"not_picked":["FollowUp","SashWhip","CarveReality"],"picked":"SKIP","floor":10.0},{"not_picked":["EmptyFist","EmptyMind+1"],"picked":"DevaForm","floor":12.0},{"not_picked":["EmptyFist","Study","SignatureMove"],"picked":"SKIP","floor":14.0},{"not_picked":["MasterReality","Scrawl+1"],"picked":"Alpha+1","floor":16.0},{"not_picked":["Fasting2","BowlingBash"],"picked":"TalkToTheHand","floor":18.0},{"not_picked":["Wallop","FollowUp+1"],"picked":"JustLucky+1","floor":21.0},{"not_picked":["Alpha+1","Crescendo+1"],"picked":"ThirdEye+1","floor":23.0},{"not_picked":["SashWhip","ClearTheMind+1"],"picked":"TalkToTheHand","floor":29.0},{"not_picked":["Crescendo+1","Consecrate","Protect+1"],"picked":"SKIP","floor":30.0},{"not_picked":["TalkToTheHand","Evaluate+1","Tantrum"],"picked":"SKIP","floor":31.0},{"not_picked":["Judgement+1","Alpha+1"],"picked":"MasterReality","floor":33.0},{"not_picked":["MentalFortress","WheelKick+1"],"picked":"Sanctity+1","floor":35.0},{"not_picked":["EmptyBody+1","Prostrate+1","PathToVictory+1"],"picked":"SKIP","floor":36.0},{"not_picked":["EmptyBody+1","CrushJoints+1"],"picked":"PathToVictory+1","floor":39.0},{"not_picked":["EmptyFist","Crescendo+1","ConjureBlade+1"],"picked":"SKIP","floor":42.0},{"not_picked":["ClearTheMind+1","Sanctity+1"],"picked":"Fasting2+1","floor":45.0},{"not_picked":["Study","Meditate+1"],"picked":"Adaptation","floor":46.0},{"not_picked":["BattleHymn","Swivel+1","Collect+1"],"picked":"SKIP","floor":48.0},{"not_picked":["Wireheading","Halt+1"],"picked":"Nirvana","floor":54}],"player_experience":408323,"relics_obtained":[{"floor":6.0,"key":"Unceasing Top"},{"floor":9.0,"key":"Toxic Egg 2"},{"floor":14.0,"key":"Potion Belt"},{"floor":23.0,"key":"Blood Vial"},{"floor":26.0,"key":"Lizard Tail"},{"floor":29.0,"key":"MealTicket"},{"floor":31.0,"key":"Ice Cream"},{"floor":37.0,"key":"Shuriken"},{"floor":42.0,"key":"Incense Burner"},{"floor":43.0,"key":"Molten Egg 2"},{"floor":45.0,"key":"StrikeDummy"},{"floor":46.0,"key":"Bird Faced Urn"},{"floor":54,"key":"TungstenRod"}],"event_choices":[{"damage_healed":0.0,"max_hp_gain":0.0,"max_hp_loss":0.0,"gold_gain":75.0,"event_name":"World of Goop","player_choice":"Gather Gold","floor":3.0,"gold_loss":0.0,"damage_taken":11.0},{"damage_healed":0.0,"max_hp_gain":0.0,"max_hp_loss":0.0,"gold_gain":0.0,"event_name":"Scrap Ooze","player_choice":"Success","floor":4.0,"gold_loss":0.0,"damage_taken":7.0,"relics_obtained":["Centennial Puzzle"]},{"damage_healed":24.0,"max_hp_gain":0.0,"max_hp_loss":0.0,"gold_gain":0.0,"event_name":"Big Fish","player_choice":"Banana","floor":7.0,"gold_loss":0.0,"damage_taken":0.0},{"damage_healed":24.0,"max_hp_gain":0.0,"max_hp_loss":0.0,"gold_gain":0.0,"event_name":"The Library","player_choice":"Heal","floor":19.0,"gold_loss":0.0,"damage_taken":0.0},{"damage_healed":0.0,"max_hp_gain":0.0,"max_hp_loss":0.0,"gold_gain":99.0,"event_name":"Nest","player_choice":"Stole From Cult","floor":25.0,"gold_loss":0.0,"damage_taken":0.0},{"damage_healed":0.0,"max_hp_gain":0.0,"max_hp_loss":0.0,"gold_gain":0.0,"event_name":"Vampires","player_choice":"Ignored","floor":27.0,"gold_loss":0.0,"damage_taken":0.0},{"damage_healed":0.0,"max_hp_gain":0.0,"max_hp_loss":0.0,"gold_gain":0.0,"event_name":"Mysterious Sphere","player_choice":"Fight","floor":46.0,"gold_loss":0.0,"damage_taken":0.0},{"damage_healed":0.0,"max_hp_gain":0.0,"max_hp_loss":0.0,"gold_gain":0.0,"event_name":"Tomb of Lord Red Mask","player_choice":"Ignored","floor":47.0,"gold_loss":0.0,"damage_taken":0.0}],"is_beta":false,"boss_relics":[{"not_picked":["Cursed Key","Coffee Dripper"],"picked":"Astrolabe"},{"not_picked":["Sozu","Snecko Eye"],"picked":"Pandora\u0027s Box"}],"items_purged_floors":[13,20,38,41],"is_endless":false,"potions_floor_spawned":[1,2,6,16,18,23,35,42,45,54],"killed_by":"The Heart","ascension_level":6}}