{"host":"1c52r9kaxdyo25eq","time":1609078531,"event":{"mods":["AchievementEnabler","BaseMod","Minty Spire (QoL Compilation)","Rare Cards Sparkle","SuperFastMode","everything is the same but u backflip on backflip"],"gold_per_floor":[118,118,118,43,58,87,87,100,125,190,90,117,136,153,153,228,228,245,245,245,9,25,25,25,25],"floor_reached":24,"playtime":575,"items_purged":["Defend_G","Defend_G","Strike_G"],"score":438,"play_id":"ad8bc241-b60e-4e70-82ad-692665bad5f3","local_time":"20201227231531","is_ascension_mode":true,"campfire_choices":[{"data":"Skewer","floor":7.0,"key":"SMITH"},{"floor":15.0,"key":"REST"},{"floor":23,"key":"REST"}],"circlet_count":0,"master_deck":["AscendersBane","Strike_G","Strike_G","Strike_G","Defend_G+1","Defend_G","Defend_G+1","Survivor","Neutralize","Tactician","Skewer+1","Die Die Die","Backflip","Reflex","Bouncing Flask","Calculated Gamble"],"relics":["Ring of the Snake","NeowsBlessing","Juzu Bracelet","War Paint","White Beast Statue","Odd Mushroom","SacredBark","Membership Card"],"acts_visited":["Exordium","TheCity"],"potions_floor_usage":[24],"damage_taken":[{"damage":0.0,"enemies":"Cultist","floor":1.0,"turns":1.0},{"damage":0.0,"enemies":"Jaw Worm","floor":5.0,"turns":1.0},{"damage":0.0,"enemies":"Lagavulin","floor":6.0,"turns":1.0},{"damage":7.0,"enemies":"Small Slimes","floor":8.0,"turns":3.0},{"damage":26.0,"enemies":"Gremlin Nob","floor":10.0,"turns":4.0},{"damage":13.0,"enemies":"The Mushroom Lair","floor":12.0,"turns":4.0},{"damage":0.0,"enemies":"3 Louse","floor":13.0,"turns":1.0},{"damage":1.0,"enemies":"2 Fungi Beasts","floor":14.0,"turns":3.0},{"damage":16.0,"enemies":"The Guardian","floor":16.0,"turns":10.0},{"damage":58.0,"enemies":"3 Byrds","floor":18.0,"turns":9.0},{"damage":15,"enemies":"Spheric Guardian","floor":22,"turns":5},{"damage":34,"enemies":"Centurion and Healer","floor":24,"turns":10}],"seed_played":"6770754883303193594","potions_obtained":[{"floor":1.0,"key":"ColorlessPotion"},{"floor":6.0,"key":"AttackPotion"},{"floor":10.0,"key":"Weak Potion"},{"floor":12.0,"key":"Dexterity Potion"},{"floor":16.0,"key":"Fruit Juice"},{"floor":18.0,"key":"SpeedPotion"},{"floor":22,"key":"Strength Potion"}],"is_trial":false,"path_per_floor":["M","?","?","$","M","E","R","M","T","?","$","?","M","M","R","B",null,"M","?","?","$","M","R","M"],"character_chosen":"THE_SILENT","items_purchased":["Membership Card"],"campfire_rested":2,"item_purchase_floors":[21],"current_hp_per_floor":[59,52,52,52,52,52,52,45,45,19,19,6,6,5,24,8,62,4,4,19,19,4,26,0,0],"gold":25,"neow_bonus":"THREE_ENEMY_KILL","is_daily":false,"chose_seed":false,"campfire_upgraded":1,"win_rate":0.0,"timestamp":1609078531,"path_taken":["M","?","?","$","M","E","R","M","T","?","$","?","M","M","R","BOSS","M","?","?","$","M","R","M"],"items_purchased_type":["Relic"],"build_version":"2020-12-22","purchased_purges":3,"victory":false,"max_hp_per_floor":[66,66,66,66,66,66,66,66,66,66,66,66,66,66,66,66,76,76,76,76,76,76,76,76,76],"card_choices":[{"not_picked":["Masterful Stab","Infinite Blades"],"picked":"Tactician","floor":1.0},{"not_picked":["Outmaneuver","Deflect","Dash"],"picked":"SKIP","floor":5.0},{"not_picked":["Outmaneuver","Eviscerate","Riddle With Holes"],"picked":"SKIP","floor":6.0},{"not_picked":["Dagger Spray","Blade Dance"],"picked":"Backflip","floor":8.0},{"not_picked":["Outmaneuver","Slice"],"picked":"Reflex","floor":10.0},{"not_picked":["Footwork","Dagger Throw"],"picked":"Bouncing Flask","floor":12.0},{"not_picked":["Quick Slash","Deadly Poison"],"picked":"Calculated Gamble","floor":13.0},{"not_picked":["Infinite Blades","Finisher","Sucker Punch"],"picked":"SKIP","floor":14.0},{"not_picked":["Escape Plan","Distraction","Sucker Punch"],"picked":"SKIP","floor":18.0},{"not_picked":["Deadly Poison","Well Laid Plans","Setup"],"picked":"SKIP","floor":22}],"player_experience":521929,"relics_obtained":[{"floor":6.0,"key":"Juzu Bracelet"},{"floor":9.0,"key":"War Paint"},{"floor":10.0,"key":"White Beast Statue"},{"floor":12.0,"key":"Odd Mushroom"}],"event_choices":[{"cards_removed":["Strike_G"],"damage_healed":0.0,"max_hp_gain":0.0,"max_hp_loss":0.0,"gold_gain":0.0,"event_name":"Golden Wing","player_choice":"Card Removal","floor":2.0,"gold_loss":0.0,"damage_taken":7.0},{"damage_healed":0.0,"max_hp_gain":0.0,"max_hp_loss":0.0,"gold_gain":0.0,"event_name":"Match and Keep!","player_choice":"2 cards matched","floor":3.0,"gold_loss":0.0,"damage_taken":0.0,"cards_obtained":["Skewer","Die Die Die"]},{"damage_healed":0.0,"max_hp_gain":0.0,"max_hp_loss":0.0,"gold_gain":0.0,"event_name":"Dead Adventurer","player_choice":"Searched \u00271\u0027 times","floor":10.0,"gold_loss":0.0,"damage_taken":0.0},{"damage_healed":0.0,"max_hp_gain":0.0,"max_hp_loss":0.0,"gold_gain":0.0,"event_name":"Mushrooms","player_choice":"Fought Mushrooms","floor":12.0,"gold_loss":0.0,"damage_taken":0.0},{"damage_healed":0.0,"max_hp_gain":0.0,"max_hp_loss":0.0,"gold_gain":0.0,"event_name":"The Mausoleum","player_choice":"Ignored","floor":19.0,"gold_loss":0.0,"damage_taken":0.0},{"damage_healed":15.0,"max_hp_gain":0.0,"max_hp_loss":0.0,"gold_gain":0.0,"event_name":"The Library","player_choice":"Heal","floor":20.0,"gold_loss":0.0,"damage_taken":0.0}],"is_beta":false,"boss_relics":[{"not_picked":["Velvet Choker","Fusion Hammer"],"picked":"SacredBark"}],"items_purged_floors":[4,11,21],"is_endless":false,"potions_floor_spawned":[1,6,10,12,13,14,16,18,22],"killed_by":"Centurion and Healer","ascension_level":20}}