{"host":"2461dio7vetlq1z3","time":1609066507,"event":{"mods":["2.2 Compatiblity","AchievementEnabler","Aspiration","Bard","BaseMod","Better Third Choice","Friendly Minions","Hermit","Minty Spire (QoL Compilation)","Relic Stats","Spicy Shops","StSLib","Waifu the Spire"],"gold_per_floor":[111,111,127,141,159,159,186,186,186,186,206,225,237,263,263,362,362,379,4,4,19,38,38,66,66,66,91,111,111,111,111,111,214,214,233,251,251],"floor_reached":36,"playtime":3168,"items_purged":["Parasite"],"score":466,"play_id":"5accc82a-c018-43fd-a27f-4eaada38f759","local_time":"20201227115507","is_ascension_mode":false,"campfire_choices":[{"data":"bard:EchoEcho","floor":6,"key":"SMITH"},{"data":"bard:Blink","floor":8,"key":"SMITH"},{"data":"bard:Thunderwave","floor":10,"key":"SMITH"},{"data":"bard:StudiedStrike","floor":15,"key":"SMITH"},{"data":"bard:HideousLaughter","floor":23,"key":"SMITH"},{"data":"bard:CuttingWords","floor":25,"key":"SMITH"},{"data":"bard:Strike","floor":29,"key":"PURGE"},{"data":"bard:Defend","floor":32,"key":"PURGE"}],"circlet_count":0,"master_deck":["bard:Defend","bard:Defend","bard:Defend","bard:Riposte","bard:Inspire","bard:Blink+1","bard:Thunderwave+1","bard:PhantasmalForce","bard:EchoEcho+1","bard:Demoralize","bard:StudiedStrike+1","bard:ViciousMockery","bard:MagnumOpus","bard:HideousLaughter+1","bard:Shout","bard:Demoralize","bard:StudiedStrike+1","bard:CuttingWords+1","bard:PhantasmalForce","Bite","Bite","Bite","Bite","Bite","bard:MnemonicVestments"],"relics":["bard:PitchPipe","bard:BagPipes","bard:EchoChamber","Oddly Smooth Stone","Lantern","Orichalcum","bard:DeepVero","Membership Card","Peace Pipe","Ginger","Calipers","Singing Bowl","SlaversCollar"],"acts_visited":["Exordium","TheCity","TheBeyond"],"potions_floor_usage":[7,16,28,33],"damage_taken":[{"damage":0,"enemies":"2 Louse","floor":1,"turns":3},{"damage":1,"enemies":"Cultist","floor":3,"turns":3},{"damage":0,"enemies":"Jaw Worm","floor":4,"turns":4},{"damage":1,"enemies":"Blue Slaver","floor":5,"turns":4},{"damage":15,"enemies":"Lagavulin","floor":7,"turns":11},{"damage":1,"enemies":"Looter","floor":11,"turns":3},{"damage":0,"enemies":"Red Slaver","floor":12,"turns":4},{"damage":0,"enemies":"Lots of Slimes","floor":13,"turns":3},{"damage":11,"enemies":"Gremlin Nob","floor":14,"turns":4},{"damage":2,"enemies":"The Guardian","floor":16,"turns":14},{"damage":0,"enemies":"Chosen","floor":18,"turns":5},{"damage":0,"enemies":"Shell Parasite","floor":21,"turns":4},{"damage":0,"enemies":"Chosen and Byrds","floor":22,"turns":5},{"damage":5,"enemies":"Gremlin Leader","floor":24,"turns":5},{"damage":4,"enemies":"Book of Stabbing","floor":27,"turns":4},{"damage":3,"enemies":"Snake Plant","floor":28,"turns":3},{"damage":28,"enemies":"Collector","floor":33,"turns":10},{"damage":12,"enemies":"3 Darklings","floor":35,"turns":5},{"damage":12,"enemies":"Orb Walker","floor":36,"turns":5}],"seed_played":"409358191854722084","potions_obtained":[{"floor":2,"key":"SmokeBomb"},{"floor":2,"key":"EssenceOfSteel"},{"floor":2,"key":"Explosive Potion"},{"floor":3,"key":"Dexterity Potion"},{"floor":14,"key":"Fruit Juice"},{"floor":16,"key":"Block Potion"},{"floor":22,"key":"Fire Potion"},{"floor":33,"key":"AttackPotion"}],"is_trial":false,"path_per_floor":["M","?","M","M","M","R","E","R","T","R","M","M","M","E","R","B",null,"M","$","?","M","M","R","E","R","T","E","M","R","?","?","R","B",null,"M","M"],"character_chosen":"BARD","items_purchased":["Membership Card","Peace Pipe","bard:Shout"],"campfire_rested":0,"item_purchase_floors":[19,19,19],"current_hp_per_floor":[70,70,69,69,68,68,53,53,53,53,52,52,52,41,41,44,75,75,72,72,72,72,72,67,67,67,65,62,62,51,43,43,31,56,50,46,46],"gold":251,"neow_bonus":"ONE_RARE_RELIC","is_daily":false,"chose_seed":false,"campfire_upgraded":6,"win_rate":0.0,"timestamp":1609066507,"path_taken":["M","?","M","?","M","R","E","R","T","R","M","M","M","E","R","BOSS","M","$","?","M","M","R","E","R","T","E","M","R","?","?","R","BOSS","M","M"],"items_purchased_type":["Relic","Relic","Card"],"build_version":"2020-12-22","purchased_purges":1,"victory":false,"max_hp_per_floor":[70,70,70,70,70,70,70,70,70,70,70,70,70,70,70,75,75,75,72,72,72,72,72,72,72,72,74,74,74,51,56,56,56,56,58,58,58],"relic_stats":{"Peace Pipe":2,"Singing Bowl":4,"counters":[19,99],"Ginger":[5],"Orichalcum":[144],"obtain_stats":[{"bard:BagPipes":0,"Lantern":9,"Calipers":26,"bard:PitchPipe":0,"Singing Bowl":27,"Oddly Smooth Stone":7,"Ginger":24,"Orichalcum":14,"Peace Pipe":19,"SlaversCollar":34,"bard:DeepVero":17,"bard:EchoChamber":0,"Membership Card":19},{"bard:BagPipes":0,"Lantern":5,"Calipers":14,"bard:PitchPipe":0,"Singing Bowl":15,"Oddly Smooth Stone":5,"Ginger":14,"Orichalcum":9,"Peace Pipe":11,"SlaversCollar":17,"bard:DeepVero":10,"bard:EchoChamber":0,"Membership Card":11},{"bard:BagPipes":0,"Lantern":25,"Calipers":72,"bard:PitchPipe":0,"Singing Bowl":76,"Oddly Smooth Stone":25,"Ginger":72,"Orichalcum":39,"Peace Pipe":58,"SlaversCollar":89,"bard:DeepVero":53,"bard:EchoChamber":0,"Membership Card":58}]},"card_choices":[{"not_picked":["bard:QuickSong","bard:Heroism"],"picked":"bard:Blink","floor":1},{"not_picked":["bard:Sift","bard:HideousLaughter"],"picked":"bard:Thunderwave","floor":3},{"not_picked":["bard:LocateObject","bard:PowerWordStun"],"picked":"bard:PhantasmalForce","floor":4},{"not_picked":["bard:LingeringPerformance","bard:Doot"],"picked":"bard:EchoEcho","floor":5},{"not_picked":["bard:TinyHut","bard:InspiringSong","bard:PowerWordStun"],"picked":"SKIP","floor":7},{"not_picked":["bard:LingeringPerformance","bard:InspiringSong"],"picked":"bard:Demoralize","floor":11},{"not_picked":["bard:Parry","bard:LingeringEcho"],"picked":"bard:StudiedStrike","floor":12},{"not_picked":["bard:Fermata","bard:FeastOnFear"],"picked":"bard:ViciousMockery","floor":13},{"not_picked":["bard:SongBolt","bard:Fermata","bard:Encore"],"picked":"SKIP","floor":14},{"not_picked":["bard:Encore","bard:Focused"],"picked":"bard:MagnumOpus","floor":16},{"not_picked":["bard:BucklerBash","bard:EchoEcho"],"picked":"bard:HideousLaughter","floor":18},{"not_picked":["bard:HideousLaughter","bard:Improv"],"picked":"bard:StudiedStrike+1","floor":21},{"not_picked":["bard:Accelerando","bard:Fermata","bard:EnGarde+1"],"picked":"SKIP","floor":22},{"not_picked":["bard:LingeringEcho","bard:Thunderwave"],"picked":"bard:CuttingWords","floor":24},{"not_picked":["bard:BestowCurse","bard:HarmoniousVoice","bard:Gamble"],"picked":"Singing Bowl","floor":27},{"not_picked":["bard:InspiringSong","bard:Sift"],"picked":"bard:PhantasmalForce","floor":28},{"not_picked":["bard:MagnumOpus","bard:PowerWordStun"],"picked":"bard:MnemonicVestments","floor":33},{"not_picked":["bard:QuickSong+1","bard:Rest+1","bard:Gamble+1"],"picked":"Singing Bowl","floor":35}],"player_experience":960634,"relics_obtained":[{"floor":7,"key":"Oddly Smooth Stone"},{"floor":9,"key":"Lantern"},{"floor":14,"key":"Orichalcum"},{"floor":24,"key":"Ginger"},{"floor":26,"key":"Calipers"},{"floor":27,"key":"Singing Bowl"}],"event_choices":[{"damage_healed":0,"gold_gain":0,"player_choice":"Got Potions","damage_taken":0,"max_hp_gain":0,"max_hp_loss":0,"event_name":"Lab","floor":2,"gold_loss":0},{"damage_healed":0,"gold_gain":0,"player_choice":"Read","damage_taken":0,"max_hp_gain":0,"max_hp_loss":0,"event_name":"The Library","floor":20,"gold_loss":0,"cards_obtained":["bard:Demoralize"]},{"damage_healed":0,"gold_gain":0,"player_choice":"Became a vampire","damage_taken":0,"max_hp_gain":0,"max_hp_loss":23,"event_name":"Vampires","floor":30,"gold_loss":0,"cards_obtained":["Bite","Bite","Bite","Bite","Bite"]},{"damage_healed":0,"gold_gain":0,"player_choice":"Shed Blood","damage_taken":13,"max_hp_gain":5,"max_hp_loss":0,"event_name":"Forgotten Altar","floor":31,"gold_loss":0}],"is_beta":false,"boss_relics":[{"not_picked":["Pandora\u0027s Box","aspiration:FutureDiary"],"picked":"bard:DeepVero"},{"not_picked":["Calling Bell","Philosopher\u0027s Stone"],"picked":"SlaversCollar"}],"items_purged_floors":[19],"is_endless":false,"potions_floor_spawned":[3,5,14,16,22,27,33],"killed_by":"Orb Walker","ascension_level":0}}