{"host":"6bwtrub3a9tcyr4n","time":1609042414,"event":{"mods":["AchievementEnabler","BaseMod","Colored Map","Colored Powertips","FTL Soundtrack","Minty Spire (QoL Compilation)","Quick Restart","StSLib","SuperFastMode"],"gold_per_floor":[118,68,68,82,82,109,184,184,184,0,0,31,31,55,55,55,55],"floor_reached":16,"playtime":587,"items_purged":["Strike_R"],"score":104,"play_id":"0efeb12d-2bd5-49c8-8459-9d16c4f271b3","local_time":"20201226231334","is_ascension_mode":false,"campfire_choices":[{"data":"Pummel","floor":8,"key":"SMITH"},{"data":"Bash","floor":11,"key":"SMITH"},{"floor":15,"key":"REST"}],"circlet_count":0,"master_deck":["Strike_R","Strike_R","Strike_R","Defend_R","Defend_R","Defend_R","Defend_R","Bash+1","Pummel+1","Pummel","Sword Boomerang"],"relics":["Burning Blood","NlothsMask","Kunai","Strawberry","Membership Card","Anchor","PreservedInsect"],"acts_visited":["Exordium"],"potions_floor_usage":[4,6,12],"damage_taken":[{"damage":0,"enemies":"Small Slimes","floor":1,"turns":4},{"damage":1,"enemies":"Jaw Worm","floor":4,"turns":2},{"damage":50,"enemies":"3 Sentries","floor":6,"turns":14},{"damage":13,"enemies":"Lagavulin","floor":12,"turns":3},{"damage":56,"enemies":"The Guardian","floor":16,"turns":7}],"seed_played":"-4824297286897851203","potions_obtained":[{"floor":1,"key":"DistilledChaos"},{"floor":4,"key":"DistilledChaos"},{"floor":6,"key":"SteroidPotion"}],"is_trial":false,"path_per_floor":["M","?","?","M","?","E","?","R","T","$","R","E","?","T","R","B"],"character_chosen":"IRONCLAD","items_purchased":["Membership Card"],"campfire_rested":1,"item_purchase_floors":[10],"current_hp_per_floor":[80,80,80,80,73,36,25,25,25,25,25,18,18,18,44,0,0],"gold":55,"neow_bonus":"","is_daily":false,"chose_seed":false,"campfire_upgraded":2,"win_rate":0.0,"timestamp":1609042414,"path_taken":["M","?","?","?","?","E","?","R","T","?","R","E","?","?","R","BOSS"],"items_purchased_type":["Relic"],"build_version":"2020-12-22","purchased_purges":1,"victory":false,"max_hp_per_floor":[80,80,80,80,80,87,87,87,87,87,87,87,87,87,87,87,87],"card_choices":[{"not_picked":["Rupture","Body Slam"],"picked":"Pummel","floor":1},{"not_picked":["Flex","True Grit","Warcry"],"picked":"SKIP","floor":4},{"not_picked":["Combust","Burning Pact"],"picked":"Pummel","floor":6},{"not_picked":["Second Wind","Clash"],"picked":"Sword Boomerang","floor":12}],"player_experience":0,"relics_obtained":[{"floor":6,"key":"Strawberry"},{"floor":12,"key":"Anchor"},{"floor":14,"key":"PreservedInsect"}],"event_choices":[{"cards_removed":["Strike_R"],"damage_healed":0,"gold_gain":0,"player_choice":"Card Removal","damage_taken":0,"max_hp_gain":0,"max_hp_loss":0,"event_name":"The Cleric","floor":2,"gold_loss":50},{"damage_healed":0,"gold_gain":0,"player_choice":"Trade","damage_taken":0,"relics_obtained":["NlothsMask"],"max_hp_gain":0,"max_hp_loss":0,"event_name":"FaceTrader","floor":3,"gold_loss":0},{"damage_healed":0,"gold_gain":0,"player_choice":"Success","damage_taken":7,"relics_obtained":["Kunai"],"max_hp_gain":0,"max_hp_loss":0,"event_name":"Scrap Ooze","floor":5,"gold_loss":0},{"damage_healed":0,"gold_gain":75,"player_choice":"Gather Gold","damage_taken":11,"max_hp_gain":0,"max_hp_loss":0,"event_name":"World of Goop","floor":7,"gold_loss":0},{"damage_healed":0,"gold_gain":0,"player_choice":"Ignored","damage_taken":0,"max_hp_gain":0,"max_hp_loss":0,"event_name":"Liars Game","floor":13,"gold_loss":0}],"is_beta":false,"boss_relics":[],"items_purged_floors":[10],"is_endless":false,"potions_floor_spawned":[1,4,6],"killed_by":"The Guardian","ascension_level":0}}