{"host":"ktoxvvst1mwxww91","time":1609089893,"event":{"mods":["BaseMod","Hermit","Minty Spire (QoL Compilation)","StSLib","The Hierophant","The Mystic","The Necromancer"],"gold_per_floor":[114,14,14,0,0,30,30,43,43,77,87,87,87,99,99,199,249,219,233,86,86,4,31,31,41,88,98,108,108,108],"floor_reached":29,"playtime":1250,"items_purged":["Strike_G"],"score":405,"play_id":"e61a4124-b694-4e7d-b9ec-4747107f5c90","local_time":"20201227182453","is_ascension_mode":true,"campfire_choices":[{"floor":7,"key":"REST"},{"floor":12,"key":"REST"},{"floor":15,"key":"REST"},{"floor":24,"key":"REST"}],"circlet_count":0,"master_deck":["AscendersBane","Strike_G","Strike_G","Strike_G","Defend_G","Defend_G","Defend_G","Defend_G","Defend_G","Survivor","Neutralize","Sucker Punch+1","Blade Dance","Footwork","Well Laid Plans","Slice","Acrobatics","Footwork","Corpse Explosion","Deadly Poison","Cloak And Dagger","Leg Sweep","Noxious Fumes","Caltrops","Blade Dance","Envenom","Bouncing Flask"],"relics":["Ring of the Snake","Strawberry","Lantern","Pantograph","Ninja Scroll","Ornamental Fan","Tiny House","Dream Catcher","Akabeko"],"acts_visited":["Exordium","TheCity"],"potions_floor_usage":[10,16,18,23,29,29,29],"damage_taken":[{"damage":1,"enemies":"Cultist","floor":1,"turns":5},{"damage":26,"enemies":"3 Sentries","floor":6,"turns":12},{"damage":0,"enemies":"Jaw Worm","floor":8,"turns":5},{"damage":29,"enemies":"Gremlin Nob","floor":10,"turns":5},{"damage":0,"enemies":"Small Slimes","floor":11,"turns":2},{"damage":1,"enemies":"Exordium Thugs","floor":14,"turns":5},{"damage":29,"enemies":"The Guardian","floor":16,"turns":16},{"damage":6,"enemies":"2 Thieves","floor":18,"turns":5},{"damage":3,"enemies":"3 Byrds","floor":19,"turns":5},{"damage":41,"enemies":"Gremlin Leader","floor":23,"turns":9},{"damage":13,"enemies":"Centurion and Healer","floor":25,"turns":7},{"damage":24,"enemies":"Sentry and Sphere","floor":27,"turns":10},{"damage":8,"enemies":"Snecko","floor":28,"turns":6},{"damage":4,"enemies":"Slavers","floor":29,"turns":4}],"seed_played":"-1266257554370759058","potions_obtained":[{"floor":6,"key":"Block Potion"},{"floor":11,"key":"Fire Potion"},{"floor":16,"key":"Poison Potion"},{"floor":17,"key":"Block Potion"},{"floor":28,"key":"EntropicBrew"}],"is_trial":false,"path_per_floor":["M","$","?","?","$","E","R","M","T","E","M","R","?","M","R","B",null,"M","M","$","?","$","E","R","M","T","M","M","E"],"character_chosen":"THE_SILENT","items_purchased":["Blade Dance","Footwork","Noxious Fumes","Caltrops"],"campfire_rested":4,"item_purchase_floors":[2,2,20,22],"current_hp_per_floor":[69,69,44,44,44,18,41,41,41,12,12,35,35,34,57,48,75,69,66,66,66,66,25,49,36,36,12,4,0,0],"gold":108,"neow_bonus":"RANDOM_COMMON_RELIC","is_daily":false,"chose_seed":false,"campfire_upgraded":0,"win_rate":0.0,"timestamp":1609089893,"path_taken":["M","$","?","?","?","E","R","M","T","E","?","R","?","M","R","BOSS","M","M","$","?","$","E","R","?","T","M","M","E"],"items_purchased_type":["Card","Card","Card","Card"],"build_version":"2020-12-22","purchased_purges":1,"victory":false,"max_hp_per_floor":[77,77,77,77,77,77,77,77,77,77,77,77,77,77,77,77,82,82,82,82,82,82,82,82,82,82,82,82,82,82],"card_choices":[{"not_picked":["PiercingWail","Deflect"],"picked":"Sucker Punch","floor":1},{"not_picked":["Catalyst","Prepared"],"picked":"Well Laid Plans","floor":6},{"not_picked":["Predator","Well Laid Plans"],"picked":"Slice","floor":8},{"not_picked":["Distraction","Outmaneuver"],"picked":"Acrobatics","floor":10},{"not_picked":["Setup","Prepared","Bane"],"picked":"SKIP","floor":11},{"not_picked":["Escape Plan","Quick Slash"],"picked":"Footwork","floor":14},{"not_picked":["Unload","Burst"],"picked":"Corpse Explosion","floor":16},{"not_picked":["Tactician","Flying Knee"],"picked":"Deadly Poison","floor":17},{"not_picked":["Acrobatics","Quick Slash+1"],"picked":"Cloak And Dagger","floor":18},{"not_picked":["All Out Attack","Dagger Spray"],"picked":"Leg Sweep","floor":19},{"not_picked":["Dagger Spray","PiercingWail","Poisoned Stab"],"picked":"SKIP","floor":23},{"not_picked":["Expertise","Flechettes"],"picked":"Blade Dance","floor":25},{"not_picked":["Deadly Poison","Dash"],"picked":"Envenom","floor":27},{"not_picked":["Acrobatics","Backflip"],"picked":"Bouncing Flask","floor":28}],"player_experience":934822,"relics_obtained":[{"floor":6,"key":"Pantograph"},{"floor":9,"key":"Ninja Scroll"},{"floor":10,"key":"Ornamental Fan"},{"floor":23,"key":"Dream Catcher"},{"floor":26,"key":"Akabeko"}],"event_choices":[{"damage_healed":0,"gold_gain":0,"player_choice":"Success","damage_taken":25,"relics_obtained":["Lantern"],"max_hp_gain":0,"max_hp_loss":0,"event_name":"Scrap Ooze","floor":3,"gold_loss":0},{"damage_healed":0,"gold_gain":0,"player_choice":"Left Gold","damage_taken":0,"max_hp_gain":0,"max_hp_loss":0,"event_name":"World of Goop","floor":4,"gold_loss":14},{"cards_removed":["Strike_G"],"damage_healed":0,"gold_gain":0,"player_choice":"Forget","damage_taken":0,"max_hp_gain":0,"max_hp_loss":0,"event_name":"Living Wall","floor":13,"gold_loss":0},{"damage_healed":0,"gold_gain":0,"player_choice":"Bought 0 Potions","damage_taken":0,"max_hp_gain":0,"max_hp_loss":0,"event_name":"The Woman in Blue","floor":21,"gold_loss":0}],"is_beta":false,"boss_relics":[{"not_picked":["HoveringKite","SacredBark"],"picked":"Tiny House"}],"items_purged_floors":[20],"is_endless":false,"potions_floor_spawned":[6,11,16,28],"killed_by":"Slavers","ascension_level":12}}