{"host":"dcj2yvrgcvh5dl2s","time":1609070856,"event":{"mods":["BaseMod","Better Note","Block Reminder","Colored Powertips","DeckTracker","Minty Spire (QoL Compilation)","Quick Restart","Rare Cards Sparkle","Relic Stats","StSLib"],"gold_per_floor":[368,38,55,65,76,107,119,119,119,119,119],"floor_reached":10,"playtime":577,"items_purged":["Doubt"],"score":130,"play_id":"2b50fc32-3eb8-4500-9377-bfd2e6c6021d","local_time":"20201227220736","is_ascension_mode":true,"campfire_choices":[{"floor":8,"key":"REST"}],"circlet_count":0,"master_deck":["AscendersBane","Strike_R","Strike_R","Strike_R","Strike_R","Strike_R","Defend_R","Defend_R","Defend_R","Defend_R","Bash","Shrug It Off","Disarm","Battle Trance","Pommel Strike","Pummel","Impervious","Thunderclap"],"relics":["Burning Blood","ClockworkSouvenir","Omamori","Mercury Hourglass"],"acts_visited":["Exordium"],"potions_floor_usage":[6,10,10],"damage_taken":[{"damage":2,"enemies":"2 Louse","floor":1,"turns":2},{"damage":12,"enemies":"Small Slimes","floor":3,"turns":3},{"damage":4,"enemies":"Jaw Worm","floor":4,"turns":5},{"damage":13,"enemies":"2 Fungi Beasts","floor":5,"turns":4},{"damage":35,"enemies":"3 Sentries","floor":6,"turns":5},{"damage":27,"enemies":"Exordium Wildlife","floor":7,"turns":8},{"damage":36,"enemies":"Gremlin Nob","floor":10,"turns":3}],"seed_played":"6157953949163378973","potions_obtained":[{"floor":3,"key":"BlessingOfTheForge"},{"floor":4,"key":"Weak Potion"},{"floor":5,"key":"PowerPotion"},{"floor":6,"key":"SkillPotion"}],"is_trial":false,"path_per_floor":["M","$","M","M","M","E","M","R","T","E"],"character_chosen":"IRONCLAD","items_purchased":["ClockworkSouvenir","Disarm"],"campfire_rested":1,"item_purchase_floors":[2,2],"current_hp_per_floor":[72,72,66,68,61,32,11,33,33,0,0],"gold":119,"neow_bonus":"TWO_FIFTY_GOLD","is_daily":false,"chose_seed":false,"campfire_upgraded":0,"win_rate":0.0,"timestamp":1609070856,"path_taken":["M","$","M","M","M","E","M","R","T","E"],"items_purchased_type":["Relic","Card"],"build_version":"2020-12-22","purchased_purges":1,"victory":false,"max_hp_per_floor":[75,75,75,75,75,75,75,75,75,75,75],"relic_stats":{"counters":[7,30],"obtain_stats":[{"Omamori":6,"Burning Blood":0,"ClockworkSouvenir":2,"Mercury Hourglass":9},{"Omamori":5,"Burning Blood":0,"ClockworkSouvenir":1,"Mercury Hourglass":6},{"Omamori":19,"Burning Blood":0,"ClockworkSouvenir":2,"Mercury Hourglass":27}],"Burning Blood":36,"Mercury Hourglass":[9]},"card_choices":[{"not_picked":["Power Through","Iron Wave"],"picked":"Shrug It Off","floor":1},{"not_picked":["Combust","Rupture"],"picked":"Battle Trance","floor":3},{"not_picked":["Power Through","Sentinel"],"picked":"Pommel Strike","floor":4},{"not_picked":["Clothesline","Havoc"],"picked":"Pummel","floor":5},{"not_picked":["Warcry","Anger"],"picked":"Impervious","floor":6},{"not_picked":["Fire Breathing","Clothesline"],"picked":"Thunderclap","floor":7}],"player_experience":2071082,"relics_obtained":[{"floor":6,"key":"Omamori"},{"floor":9,"key":"Mercury Hourglass"}],"event_choices":[],"is_beta":false,"boss_relics":[],"items_purged_floors":[2],"is_endless":false,"potions_floor_spawned":[3,4,5,6],"killed_by":"Gremlin Nob","ascension_level":17}}