{"host":"6ko66ogg91i6g7xq","time":1609069732,"event":{"mods":["AchievementEnabler","Act Like it!","BaseMod","Colored Map","Colored Powertips","Downfall","Hermit","Minty Spire (QoL Compilation)","Quick Restart","Relic Stats","StSLib","The Jungle","everything is the same but u backflip on backflip"],"gold_per_floor":[116,116,49,62,62,62,72,72,153,182,182,214,214,229,229,334,334,348,447,407,424,339,339,365,365,365,383,414,431,465,482,482,587,587,603,603,614,461,471,471,471,500,526,551,551,280,280,315,315,315,315,315,24,52,52,52],"floor_reached":55,"playtime":4108,"items_purged":["Reflex"],"score":886,"play_id":"b7b7e558-11d1-4b25-8d1e-f0925ea6341f","local_time":"20201227064852","is_ascension_mode":true,"campfire_choices":[{"floor":6.0,"key":"RECALL"},{"data":"Noxious Fumes","floor":11.0,"key":"SMITH"},{"data":"Noxious Fumes","floor":13.0,"key":"SMITH"},{"data":"Catalyst","floor":15.0,"key":"SMITH"},{"data":"Caltrops","floor":23.0,"key":"SMITH"},{"floor":32.0,"key":"REST"},{"data":"Noxious Fumes","floor":40,"key":"SMITH"},{"data":"Phantasmal Killer","floor":45,"key":"SMITH"},{"data":"Deadly Poison","floor":47,"key":"SMITH"},{"data":"Backflip","floor":49,"key":"SMITH"},{"data":"Neutralize","floor":52,"key":"SMITH"}],"circlet_count":0,"master_deck":["Strike_G","Strike_G+1","Strike_G+1","Strike_G","Defend_G","Defend_G+1","Defend_G","Defend_G+1","Defend_G","Survivor+1","Neutralize+1","Noxious Fumes+1","Noxious Fumes+1","Deadly Poison+1","Phantasmal Killer+1","Catalyst+1","Burst+1","Poisoned Stab+1","Caltrops+1","Deadly Poison+1","Backflip+1","Corpse Explosion","Noxious Fumes+1","Backflip+1","Venomology+1","Blur+1","Catalyst+1","Deadly Poison+1"],"relics":["Ring of the Snake","NeowsBlessing","Oddly Smooth Stone","Mummified Hand","Anchor","Eternal Feather","SlaversCollar","Pen Nib","Toy Ornithopter","Bottled Lightning","Pear","Bag of Preparation","HoveringKite","Art of War","Vajra","Bottled Tornado","Orichalcum","Whetstone","Mercury Hourglass","War Paint"],"acts_visited":["Exordium","TheCity","TheBeyond","TheEnding"],"potions_floor_usage":[37,39,42,42,42,42,44,48,50,55,55],"damage_taken":[{"damage":0.0,"enemies":"Jaw Worm","floor":1.0,"turns":1.0},{"damage":0.0,"enemies":"Small Slimes","floor":4.0,"turns":1.0},{"damage":0.0,"enemies":"Cultist","floor":7.0,"turns":1.0},{"damage":7.0,"enemies":"Lagavulin","floor":10.0,"turns":6.0},{"damage":12.0,"enemies":"3 Sentries","floor":12.0,"turns":6.0},{"damage":1.0,"enemies":"Blue Slaver","floor":14.0,"turns":4.0},{"damage":30.0,"enemies":"The Guardian","floor":16.0,"turns":6.0},{"damage":0.0,"enemies":"Shell Parasite","floor":18.0,"turns":5.0},{"damage":0.0,"enemies":"Chosen","floor":21.0,"turns":3.0},{"damage":21.0,"enemies":"Gremlin Leader","floor":24.0,"turns":6.0},{"damage":0.0,"enemies":"Centurion and Healer","floor":27.0,"turns":4.0},{"damage":0.0,"enemies":"Book of Stabbing","floor":28.0,"turns":2.0},{"damage":39.0,"enemies":"Sentry and Sphere","floor":29.0,"turns":5.0},{"damage":18.0,"enemies":"Gremlin Leader","floor":30.0,"turns":5.0},{"damage":0.0,"enemies":"Cultist and Chosen","floor":31.0,"turns":2.0},{"damage":26.0,"enemies":"Collector","floor":33.0,"turns":6.0},{"damage":0,"enemies":"3 Shapes","floor":35,"turns":4},{"damage":9,"enemies":"Orb Walker","floor":37,"turns":4},{"damage":44,"enemies":"Spire Growth","floor":39,"turns":5},{"damage":0,"enemies":"Giant Head","floor":42,"turns":7},{"damage":36,"enemies":"Nemesis","floor":44,"turns":5},{"damage":23,"enemies":"Reptomancer","floor":48,"turns":4},{"damage":12,"enemies":"Donu and Deca","floor":50,"turns":3},{"damage":34,"enemies":"Shield and Spear","floor":54,"turns":4},{"damage":57,"enemies":"The Heart","floor":55,"turns":3}],"seed_played":"3703267235329908690","potions_obtained":[{"floor":1.0,"key":"Explosive Potion"},{"floor":10.0,"key":"Swift Potion"},{"floor":16.0,"key":"CunningPotion"},{"floor":24.0,"key":"Poison Potion"},{"floor":31.0,"key":"Swift Potion"},{"floor":33.0,"key":"SpeedPotion"},{"floor":37,"key":"Block Potion"},{"floor":39,"key":"FearPotion"},{"floor":48,"key":"BlessingOfTheForge"}],"is_trial":false,"path_per_floor":["M","?","$","M","?","R","M","?","T","E","R","E","R","M","R","B",null,"M","?","?","M","?","R","E","?","T","M","E","M","E","M","R","B",null,"M","?","M","$","M","R","?","E","T","E","R","$","R","E","R","B",null,"R","$","E","B"],"character_chosen":"THE_SILENT","items_purchased":["Noxious Fumes","Art of War","Orichalcum","Block Potion","Mercury Hourglass","AttackPotion"],"campfire_rested":1,"item_purchase_floors":[3,38,46,46,53,53],"current_hp_per_floor":[70,56,56,56,70,70,70,70,70,63,63,51,60,59,68,38,70,70,70,70,70,70,70,49,49,49,54,64,25,7,7,46,25,80,80,80,76,76,36,51,51,71,71,40,55,55,70,52,67,60,80,80,80,46,0,0],"gold":52,"neow_bonus":"THREE_ENEMY_KILL","is_daily":false,"chose_seed":false,"campfire_upgraded":9,"win_rate":0.0,"timestamp":1609069732,"path_taken":["M","?","$","M","?","R","?","?","T","E","R","E","R","?","R","BOSS","M","?","?","?","?","R","E","?","T","M","E","M","E","?","R","BOSS","M","?","M","$","?","R","?","E","T","E","R","$","R","E","R","BOSS","R","$","E","BOSS"],"items_purchased_type":["Card","Relic","Relic","Potion","Relic","Potion"],"build_version":"2020-12-22","purchased_purges":1,"victory":false,"max_hp_per_floor":[70,70,70,70,70,70,70,70,70,70,70,70,70,70,70,70,70,70,70,70,70,70,70,70,70,70,70,80,80,80,80,80,80,80,80,80,80,80,80,80,80,80,80,80,80,80,80,80,80,80,80,80,80,80,80,80],"relic_stats":{"counters":[25,102],"HoveringKite":[3],"Eternal Feather":93,"Pen Nib":[7],"Bag of Preparation":[22],"Whetstone":["Strike_G","Poisoned Stab"],"Orichalcum":[18],"War Paint":["Defend_G","Defend_G"],"Mercury Hourglass":[24],"Mummified Hand":[58],"Art of War":[6],"obtain_stats":[{"Pear":28,"NeowsBlessing":0,"Oddly Smooth Stone":8,"HoveringKite":34,"Vajra":42,"Eternal Feather":12,"Pen Nib":22,"Bag of Preparation":30,"Whetstone":48,"Bottled Tornado":44,"Orichalcum":46,"War Paint":54,"Mercury Hourglass":53,"SlaversCollar":17,"Anchor":10,"Mummified Hand":9,"Art of War":38,"Bottled Lightning":26,"Toy Ornithopter":24,"Ring of the Snake":0},{"Pear":12,"NeowsBlessing":0,"Oddly Smooth Stone":3,"HoveringKite":16,"Vajra":20,"Eternal Feather":5,"Pen Nib":9,"Bag of Preparation":14,"Whetstone":22,"Bottled Tornado":21,"Orichalcum":21,"War Paint":24,"Mercury Hourglass":23,"SlaversCollar":7,"Anchor":4,"Mummified Hand":3,"Art of War":18,"Bottled Lightning":10,"Toy Ornithopter":10,"Ring of the Snake":0},{"Pear":45,"NeowsBlessing":0,"Oddly Smooth Stone":3,"HoveringKite":63,"Vajra":83,"Eternal Feather":15,"Pen Nib":33,"Bag of Preparation":55,"Whetstone":92,"Bottled Tornado":88,"Orichalcum":88,"War Paint":99,"Mercury Hourglass":95,"SlaversCollar":25,"Anchor":9,"Mummified Hand":3,"Art of War":71,"Bottled Lightning":39,"Toy Ornithopter":39,"Ring of the Snake":0}],"Toy Ornithopter":64,"Ring of the Snake":[50]},"card_choices":[{"not_picked":["Expertise","Bane"],"picked":"Noxious Fumes","floor":1.0},{"not_picked":["PiercingWail","Underhanded Strike"],"picked":"Deadly Poison","floor":4.0},{"not_picked":["Setup","Acrobatics","Flying Knee"],"picked":"SKIP","floor":7.0},{"not_picked":["Dodge and Roll","PiercingWail"],"picked":"Phantasmal Killer","floor":10.0},{"not_picked":["Masterful Stab","PiercingWail","Riddle With Holes"],"picked":"SKIP","floor":12.0},{"not_picked":["Cloak And Dagger","Blade Dance"],"picked":"Catalyst","floor":14.0},{"not_picked":["Glass Knife","Bullet Time"],"picked":"Burst","floor":16.0},{"not_picked":["Bane","Quick Slash"],"picked":"Poisoned Stab","floor":18.0},{"not_picked":["Prepared+1","Tactician+1"],"picked":"Caltrops","floor":21.0},{"not_picked":["Expertise+1","Unload","Sucker Punch"],"picked":"SKIP","floor":24.0},{"not_picked":["Cloak And Dagger","Caltrops"],"picked":"Deadly Poison+1","floor":27.0},{"not_picked":["Reflex","Tactician"],"picked":"Backflip+1","floor":28.0},{"not_picked":["Acrobatics","Dagger Throw"],"picked":"Corpse Explosion","floor":29.0},{"not_picked":["Prepared","Backflip"],"picked":"Noxious Fumes","floor":30.0},{"not_picked":["Sucker Punch","Outmaneuver"],"picked":"Backflip","floor":31.0},{"not_picked":["Glass Knife","Wraith Form v2"],"picked":"Venomology","floor":33.0},{"not_picked":["Quick Slash+1","Backflip+1"],"picked":"Blur+1","floor":35},{"not_picked":["Slice+1","Finisher+1","Dagger Spray+1"],"picked":"SKIP","floor":37},{"not_picked":["Skewer","Bouncing Flask+1","Terror+1"],"picked":"SKIP","floor":39},{"not_picked":["Escape Plan","Sucker Punch"],"picked":"Deadly Poison+1","floor":42},{"not_picked":["Setup","Distraction","Underhanded Strike+1"],"picked":"SKIP","floor":44},{"not_picked":["PiercingWail+1","Bullet Time","Riddle With Holes+1"],"picked":"SKIP","floor":48},{"not_picked":["Flying Knee+1","Finisher+1","Prepared+1"],"picked":"SKIP","floor":54}],"player_experience":260574,"relics_obtained":[{"floor":9.0,"key":"Mummified Hand"},{"floor":10.0,"key":"Anchor"},{"floor":12.0,"key":"Eternal Feather"},{"floor":24.0,"key":"Toy Ornithopter"},{"floor":26.0,"key":"Bottled Lightning"},{"floor":28.0,"key":"Pear"},{"floor":30.0,"key":"Bag of Preparation"},{"floor":42,"key":"Vajra"},{"floor":44,"key":"Bottled Tornado"},{"floor":48,"key":"Whetstone"},{"floor":54,"key":"War Paint"}],"event_choices":[{"damage_healed":0.0,"max_hp_gain":0.0,"max_hp_loss":0.0,"gold_gain":0.0,"event_name":"Shining Light","player_choice":"Entered Light","floor":2.0,"gold_loss":0.0,"damage_taken":14.0,"cards_upgraded":["Survivor","Strike_G"]},{"damage_healed":14.0,"max_hp_gain":0.0,"max_hp_loss":0.0,"gold_gain":0.0,"event_name":"Wheel of Change","player_choice":"Full Heal","floor":5.0,"gold_loss":0.0,"damage_taken":0.0},{"damage_healed":0.0,"max_hp_gain":0.0,"max_hp_loss":0.0,"gold_gain":0.0,"event_name":"WeMeetAgain","player_choice":"Gave Potion","floor":8.0,"gold_loss":0.0,"damage_taken":0.0,"relics_obtained":["Oddly Smooth Stone"]},{"damage_healed":0.0,"max_hp_gain":0.0,"max_hp_loss":0.0,"gold_gain":99.0,"event_name":"Nest","player_choice":"Stole From Cult","floor":19.0,"gold_loss":0.0,"damage_taken":0.0},{"damage_healed":0.0,"max_hp_gain":0.0,"max_hp_loss":0.0,"gold_gain":0.0,"event_name":"Designer","player_choice":"Upgrade","floor":20.0,"gold_loss":40.0,"damage_taken":0.0,"cards_upgraded":["Burst"]},{"damage_healed":0.0,"max_hp_gain":0.0,"max_hp_loss":0.0,"gold_gain":0.0,"event_name":"Addict","player_choice":"Obtained Relic","floor":22.0,"gold_loss":85.0,"damage_taken":0.0,"relics_obtained":["Pen Nib"]},{"damage_healed":0.0,"max_hp_gain":0.0,"max_hp_loss":0.0,"gold_gain":0.0,"cards_transformed":["Strike_G"],"event_name":"Transmorgrifier","player_choice":"Transformed","floor":25.0,"gold_loss":0.0,"damage_taken":0.0,"cards_obtained":["Reflex"]},{"damage_healed":0,"gold_gain":0,"player_choice":"Copied","damage_taken":0,"max_hp_gain":0,"max_hp_loss":0,"event_name":"Duplicator","floor":36,"gold_loss":0,"cards_obtained":["Catalyst"]},{"damage_healed":0,"gold_gain":0,"player_choice":"Forge","damage_taken":0,"max_hp_gain":0,"max_hp_loss":0,"event_name":"Accursed Blacksmith","floor":41,"gold_loss":0,"cards_upgraded":["Venomology"]}],"is_beta":false,"boss_relics":[{"not_picked":["Astrolabe","Fusion Hammer"],"picked":"SlaversCollar"},{"not_picked":["Coffee Dripper","Runic Pyramid"],"picked":"HoveringKite"}],"items_purged_floors":[46],"is_endless":false,"potions_floor_spawned":[1,10,16,24,31,33,37,39,48],"killed_by":"The Heart","ascension_level":1}}