{"host":"k0kjm4m87pwj4phr","time":1609098140,"event":{"mods":["Arknights The Spire","BaseMod","Colored Map","Colored Powertips","Minty Spire (QoL Compilation)","Permanent Neow","Quick Restart","Relic Stats","StSLib"],"gold_per_floor":[112,112,123,123,137,162,173,173,227,227,227,227,240,240,240,365,365,386,163,176,27,40,40],"floor_reached":22,"playtime":767,"items_purged":["ats:Strike V"],"score":186,"play_id":"f76fd849-062a-479a-8cdd-514c3a3bce42","local_time":"20201228034220","is_ascension_mode":false,"campfire_choices":[{"floor":11,"key":"REST"},{"data":"ats:Burning Ground","floor":15,"key":"SMITH"}],"circlet_count":0,"master_deck":["ats:Strike C","ats:Strike G","ats:Strike S","ats:Armor Crushing Shot","ats:Defend","ats:Defend","ats:Defend","ats:Emotion Absorption","ats:Hammer On","ats:Leaping Hammer","ats:Wolf Pack","ats:Sunburst","ats:Burning Ground+1","ats:Roar Of Ursus","ats:Burning Ground","ats:Chain Hook+1"],"relics":["ats:Sanity","NeowsBlessing","ats:Originium","InkBottle","Bronze Scales","Mango","Golden Idol","ats:Tactical Delivery","ats:MaxSp1","ats:MaxSp4"],"acts_visited":["Exordium","TheCity"],"potions_floor_usage":[16,22],"damage_taken":[{"damage":0,"enemies":"Jaw Worm","floor":1,"turns":1},{"damage":0,"enemies":"Small Slimes","floor":3,"turns":1},{"damage":0,"enemies":"2 Louse","floor":5,"turns":1},{"damage":32,"enemies":"Gremlin Nob","floor":6,"turns":4},{"damage":13,"enemies":"Exordium Wildlife","floor":7,"turns":5},{"damage":2,"enemies":"Blue Slaver","floor":13,"turns":3},{"damage":39,"enemies":"Hexaghost","floor":16,"turns":10},{"damage":20,"enemies":"2 Thieves","floor":18,"turns":4},{"damage":22,"enemies":"Shell Parasite","floor":20,"turns":4},{"damage":9,"enemies":"Snake Plant","floor":22,"turns":4}],"seed_played":"3182147951655631953","potions_obtained":[{"floor":1,"key":"Weak Potion"},{"floor":5,"key":"Weak Potion"},{"floor":16,"key":"ats:Top Emergency Sanity Potion"},{"floor":20,"key":"ColorlessPotion"}],"is_trial":false,"path_per_floor":["M","?","M","$","M","E","M","?","T","T","R","?","M","?","R","B",null,"M","$","M","$","M"],"character_chosen":"DOCTOR_CLASS","items_purchased":["ats:MaxSp1","ats:MaxSp4"],"campfire_rested":1,"item_purchase_floors":[19,21],"current_hp_per_floor":[72,65,65,65,65,33,20,8,8,22,47,47,45,45,45,6,80,60,60,38,38,29,29],"gold":40,"neow_bonus":"THREE_ENEMY_KILL","is_daily":false,"chose_seed":false,"campfire_upgraded":1,"win_rate":0.0,"timestamp":1609098140,"path_taken":["M","?","M","$","M","E","M","?","T","?","R","?","?","?","R","BOSS","M","$","M","?","M"],"items_purchased_type":["Relic","Relic"],"build_version":"2020-12-22","purchased_purges":1,"victory":false,"max_hp_per_floor":[72,72,72,72,72,72,72,72,72,86,86,80,80,80,80,80,80,80,80,80,80,80,80],"relic_stats":{"counters":[10,37],"Golden Idol":38,"Bronze Scales":[72],"obtain_stats":[{"ats:MaxSp1":19,"NeowsBlessing":0,"ats:Originium":6,"Golden Idol":12,"Bronze Scales":8,"ats:MaxSp4":21,"Mango":10,"ats:Tactical Delivery":17,"ats:Sanity":0,"InkBottle":6},{"ats:MaxSp1":8,"NeowsBlessing":0,"ats:Originium":4,"Golden Idol":5,"Bronze Scales":5,"ats:MaxSp4":9,"Mango":5,"ats:Tactical Delivery":7,"ats:Sanity":0,"InkBottle":4},{"ats:MaxSp1":29,"NeowsBlessing":0,"ats:Originium":7,"Golden Idol":12,"Bronze Scales":12,"ats:MaxSp4":33,"Mango":12,"ats:Tactical Delivery":25,"ats:Sanity":0,"InkBottle":7}],"InkBottle":[10]},"card_choices":[{"not_picked":["ats:Powerful Strike","ats:Blood Oath"],"picked":"ats:Hammer On","floor":1},{"not_picked":["ats:Curse Doll","ats:Shell Defense"],"picked":"ats:Leaping Hammer","floor":3},{"not_picked":["ats:Leaping Hammer","ats:Consecutive Shot Auto","ats:Spore Proliferation"],"picked":"SKIP","floor":5},{"not_picked":["ats:Sunburst","ats:Shell Defense"],"picked":"ats:Wolf Pack","floor":6},{"not_picked":["ats:Hammer On","ats:Guardian Obelisk"],"picked":"ats:Sunburst","floor":7},{"not_picked":["ats:LN2 Cannon","ats:Curse Doll"],"picked":"ats:Burning Ground","floor":13},{"not_picked":["ats:Wolf Pack","ats:Calcification"],"picked":"ats:Roar Of Ursus","floor":16},{"not_picked":["ats:Directed Diagnosis","ats:Rapid Magazine+1","ats:Revitalization"],"picked":"SKIP","floor":18},{"not_picked":["ats:Beaten Up","ats:Flame Of Heaven"],"picked":"ats:Burning Ground","floor":20},{"not_picked":["ats:Shell Defense+1","ats:Leaping Hammer"],"picked":"ats:Chain Hook+1","floor":22}],"player_experience":433545,"relics_obtained":[{"floor":6,"key":"ats:Originium"},{"floor":6,"key":"InkBottle"},{"floor":10,"key":"Mango"}],"event_choices":[{"cards_removed":["ats:Defend"],"damage_healed":0,"gold_gain":0,"player_choice":"Card Removal","damage_taken":7,"max_hp_gain":0,"max_hp_loss":0,"event_name":"Golden Wing","floor":2,"gold_loss":0},{"damage_healed":0,"gold_gain":0,"player_choice":"Success","damage_taken":12,"relics_obtained":["Bronze Scales"],"max_hp_gain":0,"max_hp_loss":0,"event_name":"Scrap Ooze","floor":8,"gold_loss":0},{"damage_healed":0,"gold_gain":0,"player_choice":"Lose Max HP","damage_taken":0,"relics_obtained":["Golden Idol"],"max_hp_gain":0,"max_hp_loss":6,"event_name":"Golden Idol","floor":12,"gold_loss":0},{"damage_healed":0,"gold_gain":0,"player_choice":"Bought 0 Potions","damage_taken":0,"max_hp_gain":0,"max_hp_loss":0,"event_name":"The Woman in Blue","floor":14,"gold_loss":0}],"is_beta":false,"boss_relics":[{"not_picked":["Busted Crown","SlaversCollar"],"picked":"ats:Tactical Delivery"}],"items_purged_floors":[19],"is_endless":false,"potions_floor_spawned":[1,5,16,20],"killed_by":"Snake Plant","ascension_level":0}}