{"host":"z34yzn8hj4ic20ef","time":1609059237,"event":{"mods":["AchievementEnabler","BaseMod","Minty Spire (QoL Compilation)","StSLib","SuperFastMode"],"gold_per_floor":[110,110,110,35,35,63,76,76,102,119,146,162,62,82,82,156,156,169,13,26,45,45,45,61,61,61,79,79,79],"floor_reached":28,"playtime":983,"items_purged":["Regret","Strike_G"],"score":610,"play_id":"e4d1ccbe-189c-4a26-b5d0-5ad26f94a85c","local_time":"20201227175357","is_ascension_mode":true,"campfire_choices":[{"data":"Tactician","floor":8.0,"key":"SMITH"},{"floor":15.0,"key":"DIG"},{"floor":23.0,"key":"DIG"},{"floor":25.0,"key":"REST"}],"circlet_count":0,"master_deck":["AscendersBane","Strike_G","Strike_G","Strike_G","Defend_G","Defend_G+1","Defend_G","Defend_G","Defend_G","Survivor","Neutralize","Blade Dance+1","Dagger Throw","Flechettes","Tactician+1","Leg Sweep","Blade Dance","Terror","Doppelganger","Night Terror","Discovery+1","Backflip","Well Laid Plans","Escape Plan"],"relics":["Ring of the Snake","NeowsBlessing","Tiny Chest","Shovel","Strawberry","Pen Nib","War Paint","Sozu","Lantern","Calipers"],"acts_visited":["Exordium","TheCity"],"potions_floor_usage":[28],"damage_taken":[{"damage":0.0,"enemies":"2 Louse","floor":1.0,"turns":1.0},{"damage":0.0,"enemies":"Gremlin Nob","floor":6.0,"turns":1.0},{"damage":0.0,"enemies":"Jaw Worm","floor":7.0,"turns":1.0},{"damage":0.0,"enemies":"Cultist","floor":10.0,"turns":3.0},{"damage":32.0,"enemies":"3 Sentries","floor":11.0,"turns":11.0},{"damage":18.0,"enemies":"Large Slime","floor":12.0,"turns":6.0},{"damage":1.0,"enemies":"Blue Slaver","floor":14.0,"turns":3.0},{"damage":0.0,"enemies":"Hexaghost","floor":16.0,"turns":4.0},{"damage":18.0,"enemies":"2 Thieves","floor":18.0,"turns":4.0},{"damage":4.0,"enemies":"3 Byrds","floor":20.0,"turns":4.0},{"damage":16.0,"enemies":"Snake Plant","floor":21.0,"turns":5.0},{"damage":0.0,"enemies":"3 Cultists","floor":24.0,"turns":3.0},{"damage":6.0,"enemies":"Centurion and Healer","floor":27.0,"turns":8.0},{"damage":43,"enemies":"Gremlin Leader","floor":28,"turns":5}],"seed_played":"5739383137715886176","potions_obtained":[{"floor":11.0,"key":"Swift Potion"},{"floor":12.0,"key":"SteroidPotion"},{"floor":16.0,"key":"CunningPotion"}],"is_trial":false,"path_per_floor":["M","?","?","$","$","E","M","R","T","M","E","M","$","M","R","B",null,"M","$","M","M","?","R","M","R","T","M","E"],"character_chosen":"THE_SILENT","items_purchased":["Discovery","Backflip"],"campfire_rested":1,"item_purchase_floors":[19,19],"current_hp_per_floor":[59,59,59,59,59,59,59,59,66,66,34,16,16,15,15,15,59,41,41,37,21,21,21,21,42,42,36,0,0],"gold":79,"neow_bonus":"THREE_ENEMY_KILL","is_daily":false,"chose_seed":false,"campfire_upgraded":1,"win_rate":0.0,"timestamp":1609059237,"path_taken":["M","?","?","?","$","E","M","R","T","M","E","M","$","M","R","BOSS","M","$","M","M","?","R","M","R","T","?","E"],"items_purchased_type":["Card","Card"],"build_version":"2020-12-22","purchased_purges":2,"victory":false,"max_hp_per_floor":[66,66,66,66,66,66,66,66,73,73,73,73,73,73,73,73,73,73,73,73,73,73,73,73,73,73,73,73,73],"card_choices":[{"not_picked":["Quick Slash","Endless Agony"],"picked":"Blade Dance","floor":1.0},{"not_picked":["Heel Hook","Prepared"],"picked":"Flechettes","floor":6.0},{"not_picked":["Escape Plan","Underhanded Strike"],"picked":"Tactician","floor":7.0},{"not_picked":["Dodge and Roll","Underhanded Strike"],"picked":"Leg Sweep","floor":10.0},{"not_picked":["Outmaneuver","Escape Plan"],"picked":"Blade Dance","floor":11.0},{"not_picked":["Sucker Punch","Slice"],"picked":"Terror","floor":12.0},{"not_picked":["PiercingWail","Infinite Blades"],"picked":"Doppelganger","floor":14.0},{"not_picked":["Die Die Die","Storm of Steel"],"picked":"Night Terror","floor":16.0},{"not_picked":["Eviscerate","Prepared","Bane"],"picked":"SKIP","floor":18.0},{"not_picked":["Dodge and Roll","Backflip"],"picked":"Well Laid Plans","floor":20.0},{"not_picked":["Deadly Poison","Eviscerate","Poisoned Stab"],"picked":"SKIP","floor":21.0},{"not_picked":["Leg Sweep","Dagger Throw","Endless Agony"],"picked":"SKIP","floor":24.0},{"not_picked":["Eviscerate","Escape Plan","Masterful Stab"],"picked":"SKIP","floor":27.0},{"not_picked":["Eviscerate","Masterful Stab"],"picked":"Escape Plan","floor":27.0}],"player_experience":676550,"relics_obtained":[{"floor":6.0,"key":"Shovel"},{"floor":9.0,"key":"Strawberry"},{"floor":11.0,"key":"Pen Nib"},{"floor":15.0,"key":"War Paint"},{"floor":23.0,"key":"Lantern"},{"floor":26.0,"key":"Calipers"}],"event_choices":[{"damage_healed":0.0,"max_hp_gain":0.0,"max_hp_loss":0.0,"gold_gain":0.0,"cards_transformed":["Strike_G"],"event_name":"Living Wall","player_choice":"Change","floor":2.0,"gold_loss":0.0,"damage_taken":0.0,"cards_obtained":["Dagger Throw"]},{"damage_healed":0.0,"max_hp_gain":0.0,"max_hp_loss":0.0,"gold_gain":0.0,"event_name":"Big Fish","player_choice":"Box","floor":3.0,"gold_loss":0.0,"damage_taken":0.0,"relics_obtained":["Tiny Chest"],"cards_obtained":["Regret"]},{"damage_healed":0.0,"max_hp_gain":0.0,"max_hp_loss":0.0,"gold_gain":0.0,"event_name":"Upgrade Shrine","player_choice":"Upgraded","floor":22.0,"gold_loss":0.0,"damage_taken":0.0,"cards_upgraded":["Discovery"]}],"is_beta":false,"boss_relics":[{"not_picked":["Ectoplasm","HoveringKite"],"picked":"Sozu"}],"items_purged_floors":[4,13],"is_endless":false,"potions_floor_spawned":[11,12,16,24,27],"killed_by":"Gremlin Leader","ascension_level":20}}