{"host":"uwh382mre4waz4ff","time":1609056166,"event":{"mods":["AchievementEnabler","BaseMod","Better Note","Better Third Choice","BetterRewards","HololiveMod","Minty Spire (QoL Compilation)","Quick Restart","Shop Mod","StSLib"],"gold_per_floor":[85,85,98,117,117,149,162,183,183,183,183,183,183,207,207,305,305,328,328,190,216,228,228,243,81,81,81,81,81,92,116,116,232,232,247,267,267,267,283,283,283,283,283,211,211,44,58,74,74,74,74],"floor_reached":50,"playtime":1269,"items_purged":["Hololive_Strike","Hololive_Strike","Hololive_Defend"],"score":792,"play_id":"35f4f10e-6539-4454-bfcb-800b02f2fcc9","local_time":"20201227160246","is_ascension_mode":false,"campfire_choices":[{"data":"Hololive_CallShiroganeNoel","floor":12,"key":"SMITH"},{"data":"Hololive_StrengthChampion","floor":15,"key":"SMITH"},{"data":"Hololive_CallUsadaPekora","floor":23,"key":"SMITH"},{"data":"Enlightenment","floor":29,"key":"SMITH"},{"data":"Ghostly","floor":32,"key":"SMITH"},{"data":"Ghostly","floor":40,"key":"SMITH"},{"data":"Ghostly","floor":45,"key":"SMITH"},{"data":"Ghostly","floor":49,"key":"SMITH"}],"circlet_count":0,"master_deck":["Hololive_CallHoushouMarine","Hololive_CallShiroganeNoel+1","Hololive_CallUruhaRushia","Hololive_CallShiranuiFlare","Hololive_CallUsadaPekora+1","Hololive_StrengthChampion+1","Hololive_CallAmaneKanata","Hololive_CallArtia","Hololive_CallTokoyamiTowa","Hololive_CallAiraniIofifteen","Hololive_StrengthChampion","Hololive_CallKiryuuCoco","Hololive_CallSpadeEcho","Hololive_CallOkamiMio","Hololive_CallYozoraMel","Hololive_CallKiryuuCoco","Hololive_Spy","Hololive_CallYuzukiChoco","Hololive_CallAkaiHaato","Hololive_CallYukihanaLamy","Hololive_CallInugamiKorone","Enlightenment+1","Ghostly+1","Ghostly+1","Ghostly+1","Ghostly+1","Ghostly+1","Hololive_CallNakiriAyame","Hololive_Rebirth","Hololive_CocoNews+1","Hololive_CallMomosuzuNene+4","Hololive_CallAmaneKanata","Secret Weapon","Parasite","Hololive_CallYuzukiChoco+1"],"relics":["Hololive_TheStar"],"acts_visited":["Exordium","TheCity","TheBeyond"],"potions_floor_usage":[],"damage_taken":[{"damage":0,"enemies":"Small Slimes","floor":1,"turns":3},{"damage":0,"enemies":"2 Louse","floor":3,"turns":2},{"damage":0,"enemies":"Cultist","floor":4,"turns":2},{"damage":0,"enemies":"Gremlin Nob","floor":6,"turns":3},{"damage":0,"enemies":"3 Louse","floor":7,"turns":3},{"damage":0,"enemies":"The Mushroom Lair","floor":8,"turns":3},{"damage":0,"enemies":"Exordium Wildlife","floor":14,"turns":3},{"damage":0,"enemies":"Slime Boss","floor":16,"turns":5},{"damage":0,"enemies":"Shell Parasite","floor":18,"turns":3},{"damage":0,"enemies":"2 Thieves","floor":21,"turns":4},{"damage":0,"enemies":"Snecko","floor":22,"turns":3},{"damage":0,"enemies":"Shelled Parasite and Fungi","floor":24,"turns":4},{"damage":0,"enemies":"Chosen and Byrds","floor":30,"turns":3},{"damage":0,"enemies":"Cultist and Chosen","floor":31,"turns":3},{"damage":0,"enemies":"Champ","floor":33,"turns":10},{"damage":0,"enemies":"Orb Walker","floor":35,"turns":3},{"damage":0,"enemies":"3 Darklings","floor":36,"turns":6},{"damage":0,"enemies":"4 Shapes","floor":39,"turns":4},{"damage":0,"enemies":"Writhing Mass","floor":47,"turns":5},{"damage":0,"enemies":"Spire Growth","floor":48,"turns":4},{"damage":28,"enemies":"Awakened One","floor":50,"turns":3}],"seed_played":"-684378491504958760","potions_obtained":[{"floor":1,"key":"BlessingOfTheForge"},{"floor":7,"key":"SmokeBomb"},{"floor":16,"key":"LiquidMemories"},{"floor":18,"key":"BlessingOfTheForge"},{"floor":24,"key":"Energy Potion"},{"floor":47,"key":"Energy Potion"}],"is_trial":false,"path_per_floor":["M","?","M","M","?","E","M","?","T","?","T","R","?","M","R","B",null,"M","?","$","M","M","R","M","$","T","?","T","R","M","M","R","B",null,"M","M","?","?","M","R","?","?","T","$","R","$","M","M","R","B"],"character_chosen":"Hololive_HololiveCharacter","items_purchased":["Hololive_CallAmaneKanata","Hololive_CallArtia","Hololive_CallTokoyamiTowa","Hololive_CallKiryuuCoco","Hololive_Spy","Hololive_CallInugamiKorone","Enlightenment","Hololive_CallAmaneKanata","Secret Weapon"],"campfire_rested":0,"item_purchase_floors":[0,0,0,20,20,25,25,44,46],"current_hp_per_floor":[21,14,14,14,14,14,14,14,14,14,14,14,14,14,14,14,35,35,35,35,35,35,35,35,35,35,17,17,17,17,17,17,17,17,17,17,17,17,17,17,16,16,16,16,16,16,16,16,16,0,0],"gold":74,"neow_bonus":"","is_daily":false,"chose_seed":false,"campfire_upgraded":8,"win_rate":0.0,"timestamp":1609056166,"path_taken":["M","?","M","M","?","E","M","?","T","?","?","R","?","M","R","BOSS","M","?","$","M","?","R","M","$","T","?","?","R","M","?","R","BOSS","M","M","?","?","M","R","?","?","T","$","R","$","?","M","R","BOSS"],"items_purchased_type":["Card","Card","Card","Card","Card","Card","Card","Card","Card"],"build_version":"2020-12-22","purchased_purges":3,"victory":false,"max_hp_per_floor":[35,35,35,35,35,35,35,35,35,35,35,35,35,35,35,35,35,35,35,35,35,35,35,35,35,35,17,17,17,17,17,17,17,17,17,17,17,17,17,17,16,16,16,16,16,16,16,16,16,16,16],"card_choices":[{"not_picked":["Hololive_Drill","Hololive_Watashimo","Hololive_HuntDinosaur","Hololive_RevenueBasedLive"],"picked":"SKIP","floor":1},{"not_picked":["Hololive_FlyingPonyTail","Hololive_Breathe","Hololive_Psychosis","Hololive_Sequa"],"picked":"SKIP","floor":3},{"not_picked":["Hololive_CallSakuraMiko","Hololive_BringToTrial","Hololive_CandyCastle"],"picked":"Hololive_CallAiraniIofifteen","floor":4},{"not_picked":["Hololive_CallArtia","Hololive_Trident","Hololive_Drill"],"picked":"Hololive_StrengthChampion","floor":6},{"not_picked":["Hololive_ManjiGathering","Hololive_HuntDinosaur","Hololive_Drill"],"picked":"Hololive_CallKiryuuCoco","floor":7},{"not_picked":["Hololive_Breathe","Hololive_HuntDinosaur","Hololive_StrengthChampion"],"picked":"Hololive_CallSpadeEcho","floor":8},{"not_picked":["Hololive_CallUruhaRushia","Hololive_CocoNews","Hololive_StrengthChampion"],"picked":"Hololive_CallOkamiMio","floor":14},{"not_picked":["Hololive_Trident","Hololive_Psychosis","Hololive_CallMoonaHoshinova"],"picked":"Hololive_CallYozoraMel","floor":18},{"not_picked":["Hololive_CallAmaneKanata+1","Hololive_CallNekomataOkayu","Hololive_StrengthChampion"],"picked":"Hololive_CallYuzukiChoco","floor":21},{"not_picked":["Hololive_CallFriendA+1","Hololive_SoulCatcher","Hololive_CallYuzukiChoco+1"],"picked":"Hololive_CallAkaiHaato","floor":22},{"not_picked":["Hololive_Rebound","Hololive_CallSpadeEcho+1","Hololive_CallArtia+1"],"picked":"Hololive_CallYukihanaLamy","floor":24},{"not_picked":["Hololive_Watashimo+1","Hololive_LuckPotion+1","Hololive_Drill","Hololive_Trident"],"picked":"SKIP","floor":30},{"not_picked":["Hololive_LuckPotion+1","Hololive_CandyCastle+1","Hololive_CocoNews+1"],"picked":"Hololive_CallNakiriAyame","floor":31},{"not_picked":["Hololive_Thief","Hololive_DurableLive","Hololive_IdolExercise"],"picked":"Hololive_Rebirth","floor":33},{"not_picked":["Hololive_OvertimeWork","Hololive_Trident+1","Hololive_LuckPotion+1","Hololive_StrengthChampion"],"picked":"SKIP","floor":35},{"not_picked":["Hololive_Rebound","Hololive_HuntDinosaur","Hololive_LuckPotion+1"],"picked":"Hololive_CocoNews+1","floor":36},{"not_picked":["Hololive_LuckPotion","Hololive_OvertimeWork","Hololive_Drill"],"picked":"Hololive_CallMomosuzuNene+1","floor":39},{"not_picked":["Hololive_Drill","Hololive_RevenueBasedLive+1","Hololive_OpenUp","Hololive_Watashimo"],"picked":"SKIP","floor":47},{"not_picked":["Hololive_LuckPotion+1","Hololive_Rebound+1","Hololive_CallOkamiMio"],"picked":"Hololive_CallYuzukiChoco+1","floor":48}],"player_experience":264149,"relics_obtained":[],"event_choices":[{"cards_removed":["Hololive_Defend"],"damage_healed":0,"gold_gain":0,"player_choice":"Card Removal","damage_taken":7,"max_hp_gain":0,"max_hp_loss":0,"event_name":"Golden Wing","floor":2,"gold_loss":0},{"damage_healed":0,"gold_gain":0,"player_choice":"LEAVE","damage_taken":0,"max_hp_gain":0,"max_hp_loss":0,"event_name":"betterThird:BetterScrap","floor":5,"gold_loss":0,"cards_obtained":["BattleHymn"]},{"damage_healed":0,"gold_gain":0,"player_choice":"Fought Mushrooms","damage_taken":0,"max_hp_gain":0,"max_hp_loss":0,"event_name":"Mushrooms","floor":8,"gold_loss":0},{"damage_healed":0,"gold_gain":0,"player_choice":"Searched \u00270\u0027 times","damage_taken":0,"max_hp_gain":0,"max_hp_loss":0,"event_name":"Dead Adventurer","floor":10,"gold_loss":0},{"damage_healed":0,"gold_gain":0,"player_choice":"Ignored","damage_taken":0,"max_hp_gain":0,"max_hp_loss":0,"event_name":"Golden Idol","floor":13,"gold_loss":0},{"cards_removed":["Hololive_StrengthChampion"],"damage_healed":0,"gold_gain":0,"player_choice":"Give","damage_taken":0,"max_hp_gain":0,"max_hp_loss":0,"event_name":"betterNote:BetterNote","floor":19,"gold_loss":0,"cards_obtained":["Strike_B"]},{"damage_healed":0,"gold_gain":0,"player_choice":"Became a Ghost","damage_taken":0,"max_hp_gain":0,"max_hp_loss":18,"event_name":"Ghosts","floor":27,"gold_loss":0,"cards_obtained":["Ghostly","Ghostly","Ghostly","Ghostly","Ghostly"]},{"damage_healed":0,"gold_gain":0,"player_choice":"Ignored","damage_taken":0,"max_hp_gain":0,"max_hp_loss":0,"event_name":"Mysterious Sphere","floor":37,"gold_loss":0},{"damage_healed":0,"gold_gain":0,"player_choice":"Ignored","damage_taken":0,"max_hp_gain":0,"max_hp_loss":0,"event_name":"Tomb of Lord Red Mask","floor":38,"gold_loss":0},{"damage_healed":0,"gold_gain":0,"player_choice":"Max HP","damage_taken":0,"max_hp_gain":0,"max_hp_loss":1,"event_name":"Winding Halls","floor":41,"gold_loss":0},{"damage_healed":0,"gold_gain":0,"player_choice":"Upgraded","damage_taken":0,"max_hp_gain":0,"max_hp_loss":0,"event_name":"Upgrade Shrine","floor":42,"gold_loss":0,"cards_upgraded":["Ghostly"]}],"is_beta":false,"boss_relics":[{"not_picked":["Hololive_ChaosS","Busted Crown","Tiny House"]},{"not_picked":["Calling Bell","Velvet Choker","SlaversCollar"]}],"items_purged_floors":[0,0,0],"is_endless":false,"potions_floor_spawned":[1,7,16,18,22,24,33,36,47,48],"killed_by":"Awakened One","ascension_level":0}}