{"host":"f6f8cjhjgha9mpdq","time":1609080110,"event":{"mods":["BaseMod","Emptier Cage","Minty Spire (QoL Compilation)","Permanent Neow","StSLib","SuperFastMode"],"gold_per_floor":[116,133,208,226,246,246,258,288,313,340,340,353,353,353,353,427,427,427,427,427,427,427,427,15,15,15,15,15,15,15,15,15,15,15,15,15,0,0,0,0,0,0,0,0,0,0,0,0,0,0,0],"floor_reached":52,"playtime":3222,"items_purged":["Strike_G"],"score":2083,"play_id":"db2a1a7e-142e-4cc0-8489-e300defa3b54","local_time":"20201227234150","is_ascension_mode":true,"campfire_choices":[{"data":"1","floor":6.0,"key":"LIFT"},{"data":"2","floor":11.0,"key":"LIFT"},{"data":"3","floor":13.0,"key":"LIFT"},{"data":"Riddle With Holes","floor":15.0,"key":"SMITH"},{"data":"Well Laid Plans","floor":30.0,"key":"SMITH"},{"data":"Footwork","floor":32.0,"key":"SMITH"},{"floor":41.0,"key":"RECALL"},{"data":"Footwork","floor":49.0,"key":"SMITH"}],"circlet_count":0,"master_deck":["AscendersBane","Strike_G+1","Strike_G+1","Strike_G+1","Strike_G+1","Defend_G+1","Defend_G+1","Defend_G+1","Defend_G+1","Survivor+1","Neutralize+1","CurseOfTheBell","Acrobatics+1","Dodge and Roll+1","Riddle With Holes+1","Backstab+1","Quick Slash+1","Venomology+1","Leg Sweep+1","After Image+1","Dodge and Roll+1","Riddle With Holes+1","Flechettes+1","Escape Plan+1","Well Laid Plans+1","Dagger Spray+1","Footwork+1","PiercingWail+1","After Image+1","Cloak And Dagger+1","Die Die Die+1","Footwork+1"],"relics":["Calling Bell","Girya","Oddly Smooth Stone","Pear","Mango","Potion Belt","Strawberry","Ectoplasm","FaceOfCleric","Omamori","Orrery","StrikeDummy","White Beast Statue","Letter Opener","Vajra","SacredBark","Mark of the Bloom","Red Mask","Regal Pillow","InkBottle","Anchor"],"acts_visited":["Exordium","TheCity","TheBeyond"],"potions_floor_usage":[51,51,51],"damage_taken":[{"damage":8.0,"enemies":"Jaw Worm","floor":1.0,"turns":6.0},{"damage":0.0,"enemies":"Small Slimes","floor":2.0,"turns":4.0},{"damage":0.0,"enemies":"2 Louse","floor":4.0,"turns":4.0},{"damage":6.0,"enemies":"Lots of Slimes","floor":5.0,"turns":6.0},{"damage":7.0,"enemies":"Large Slime","floor":7.0,"turns":5.0},{"damage":5.0,"enemies":"3 Sentries","floor":8.0,"turns":6.0},{"damage":23.0,"enemies":"Gremlin Nob","floor":10.0,"turns":4.0},{"damage":12.0,"enemies":"Exordium Thugs","floor":12.0,"turns":6.0},{"damage":23.0,"enemies":"Hexaghost","floor":16.0,"turns":9.0},{"damage":22.0,"enemies":"Shell Parasite","floor":18.0,"turns":5.0},{"damage":1.0,"enemies":"Spheric Guardian","floor":19.0,"turns":5.0},{"damage":32.0,"enemies":"Snake Plant","floor":21.0,"turns":5.0},{"damage":3.0,"enemies":"Book of Stabbing","floor":23.0,"turns":4.0},{"damage":30.0,"enemies":"Gremlin Leader","floor":25.0,"turns":7.0},{"damage":34.0,"enemies":"Book of Stabbing","floor":27.0,"turns":7.0},{"damage":10.0,"enemies":"Slavers","floor":29.0,"turns":6.0},{"damage":0.0,"enemies":"3 Cultists","floor":31.0,"turns":6.0},{"damage":9.0,"enemies":"Champ","floor":33.0,"turns":9.0},{"damage":0.0,"enemies":"3 Darklings","floor":35.0,"turns":3.0},{"damage":1.0,"enemies":"3 Shapes","floor":38.0,"turns":4.0},{"damage":9.0,"enemies":"Transient","floor":39.0,"turns":6.0},{"damage":19.0,"enemies":"Nemesis","floor":40.0,"turns":9.0},{"damage":34.0,"enemies":"Giant Head","floor":42.0,"turns":8.0},{"damage":0.0,"enemies":"Writhing Mass","floor":45.0,"turns":2.0},{"damage":0.0,"enemies":"Maw","floor":46.0,"turns":7.0},{"damage":2.0,"enemies":"Sphere and 2 Shapes","floor":47.0,"turns":8.0},{"damage":7.0,"enemies":"Spire Growth","floor":48.0,"turns":5.0},{"damage":0.0,"enemies":"Donu and Deca","floor":50.0,"turns":10.0},{"damage":1,"enemies":"Awakened One","floor":51,"turns":19}],"seed_played":"-2993316874000283771","potions_obtained":[{"floor":2.0,"key":"Energy Potion"},{"floor":5.0,"key":"CunningPotion"},{"floor":8.0,"key":"Fire Potion"},{"floor":12.0,"key":"Fire Potion"},{"floor":18.0,"key":"SteroidPotion"},{"floor":25.0,"key":"Energy Potion"},{"floor":27.0,"key":"SpeedPotion"},{"floor":29.0,"key":"Energy Potion"},{"floor":33.0,"key":"CunningPotion"},{"floor":35.0,"key":"Energy Potion"},{"floor":38.0,"key":"Dexterity Potion"},{"floor":39.0,"key":"Regen Potion"},{"floor":42.0,"key":"Block Potion"},{"floor":44.0,"key":"SmokeBomb"},{"floor":47.0,"key":"Swift Potion"}],"is_trial":false,"path_per_floor":["M","M","?","M","M","R","M","E","T","E","R","M","R","?","R","B",null,"M","M","?","M","?","E","$","E","T","E","?","E","R","M","R","B",null,"M","?","?","M","M","E","R","E","T","?","M","M","M","M","R","B","B",null],"character_chosen":"THE_SILENT","items_purchased":["Well Laid Plans","Orrery","EssenceOfSteel"],"campfire_rested":0,"item_purchase_floors":[24,24,24],"current_hp_per_floor":[61,61,50,50,44,44,37,46,46,30,30,18,18,18,18,10,75,53,52,52,20,20,18,18,30,30,27,27,18,18,19,19,11,80,81,81,81,80,71,52,52,18,18,18,18,18,16,9,9,9,8],"gold":0,"neow_bonus":"BOSS_RELIC","is_daily":false,"chose_seed":false,"campfire_upgraded":4,"win_rate":0.0,"timestamp":1609080110,"path_taken":["M","M","?","M","M","R","M","E","T","E","R","M","R","?","R","BOSS","M","M","?","?","?","E","?","E","T","E","?","E","R","M","R","BOSS","M","?","?","M","M","E","R","E","T","?","?","M","M","M","R","BOSS","BOSS"],"items_purchased_type":["Card","Relic","Potion"],"build_version":"2020-12-22","purchased_purges":1,"victory":true,"max_hp_per_floor":[76,76,76,76,76,76,76,90,90,97,97,97,97,97,97,97,97,97,97,97,97,97,98,98,99,99,100,100,101,101,102,102,103,103,104,104,104,105,106,107,107,108,108,108,109,110,111,112,112,113,114],"card_choices":[{"not_picked":["All Out Attack","Sucker Punch"],"picked":"Acrobatics","floor":1.0},{"not_picked":["Heel Hook","Infinite Blades"],"picked":"Dodge and Roll","floor":2.0},{"not_picked":["Flying Knee","Dodge and Roll"],"picked":"Riddle With Holes","floor":4.0},{"not_picked":["Acrobatics","Sucker Punch"],"picked":"Backstab","floor":5.0},{"not_picked":["Choke","Distraction"],"picked":"Quick Slash","floor":7.0},{"not_picked":["Flying Knee","Eviscerate","Underhanded Strike"],"picked":"SKIP","floor":8.0},{"not_picked":["Bouncing Flask","Grand Finale"],"picked":"Venomology","floor":10.0},{"not_picked":["Dagger Spray","Masterful Stab"],"picked":"Leg Sweep","floor":12.0},{"not_picked":["A Thousand Cuts","Bullet Time"],"picked":"After Image","floor":16.0},{"not_picked":["Outmaneuver+1","Prepared"],"picked":"Dodge and Roll","floor":18.0},{"not_picked":["Bane","All Out Attack"],"picked":"Riddle With Holes","floor":19.0},{"not_picked":["Slice","Tactician"],"picked":"Escape Plan","floor":21.0},{"not_picked":["Grand Finale","Poisoned Stab","Deflect"],"picked":"SKIP","floor":23.0},{"not_picked":["Grand Finale","Poisoned Stab","Deflect"],"picked":"SKIP","floor":23.0},{"not_picked":["Grand Finale","Poisoned Stab","Deflect"],"picked":"SKIP","floor":23.0},{"not_picked":["Deflect","Outmaneuver"],"picked":"Dagger Spray","floor":24.0},{"not_picked":["Expertise","Burst"],"picked":"Footwork","floor":24.0},{"not_picked":["Bane+1","Quick Slash"],"picked":"PiercingWail","floor":25.0},{"not_picked":["Deadly Poison","Blade Dance+1"],"picked":"After Image","floor":27.0},{"not_picked":["Terror","All Out Attack","Endless Agony"],"picked":"SKIP","floor":29.0},{"not_picked":["Underhanded Strike","Noxious Fumes"],"picked":"Cloak And Dagger","floor":31.0},{"not_picked":["Corpse Explosion","A Thousand Cuts"],"picked":"Die Die Die","floor":33.0},{"not_picked":["Acrobatics","Underhanded Strike","Bane"],"picked":"SKIP","floor":35.0},{"not_picked":["Heel Hook+1","Catalyst+1","Underhanded Strike"],"picked":"SKIP","floor":38.0},{"not_picked":["Finisher","PiercingWail+1","Sucker Punch"],"picked":"SKIP","floor":39.0},{"not_picked":["Deadly Poison+1","Bane+1","Poisoned Stab"],"picked":"SKIP","floor":40.0},{"not_picked":["Backstab","Caltrops","Cloak And Dagger"],"picked":"SKIP","floor":42.0},{"not_picked":["Poisoned Stab","Bullet Time","Deflect"],"picked":"SKIP","floor":46.0},{"not_picked":["Deflect","Finisher","Deadly Poison"],"picked":"SKIP","floor":47.0},{"not_picked":["Deflect","Finisher","Deadly Poison"],"picked":"SKIP","floor":47.0},{"not_picked":["Bane","Deflect"],"picked":"Footwork","floor":48.0}],"player_experience":518220,"relics_obtained":[{"floor":0.0,"key":"Girya"},{"floor":0.0,"key":"Oddly Smooth Stone"},{"floor":0.0,"key":"Pear"},{"floor":8.0,"key":"Mango"},{"floor":9.0,"key":"Potion Belt"},{"floor":10.0,"key":"Strawberry"},{"floor":23.0,"key":"Omamori"},{"floor":25.0,"key":"StrikeDummy"},{"floor":26.0,"key":"White Beast Statue"},{"floor":27.0,"key":"Letter Opener"},{"floor":29.0,"key":"Vajra"},{"floor":40.0,"key":"Regal Pillow"},{"floor":42.0,"key":"InkBottle"},{"floor":43.0,"key":"Anchor"}],"event_choices":[{"damage_healed":0.0,"max_hp_gain":0.0,"max_hp_loss":0.0,"gold_gain":75.0,"event_name":"World of Goop","player_choice":"Gather Gold","floor":3.0,"gold_loss":0.0,"damage_taken":11.0},{"damage_healed":0.0,"max_hp_gain":0.0,"max_hp_loss":0.0,"gold_gain":0.0,"event_name":"Liars Game","player_choice":"Ignored","floor":14.0,"gold_loss":0.0,"damage_taken":0.0},{"damage_healed":0.0,"max_hp_gain":0.0,"max_hp_loss":0.0,"gold_gain":0.0,"cards_transformed":["Defend_G"],"event_name":"Transmorgrifier","player_choice":"Transformed","floor":20.0,"gold_loss":0.0,"damage_taken":0.0,"cards_obtained":["Flechettes"]},{"damage_healed":0.0,"max_hp_gain":0.0,"max_hp_loss":0.0,"gold_gain":0.0,"event_name":"FaceTrader","player_choice":"Trade","floor":22.0,"gold_loss":0.0,"damage_taken":0.0,"relics_obtained":["FaceOfCleric"]},{"damage_healed":0.0,"max_hp_gain":0.0,"max_hp_loss":0.0,"gold_gain":0.0,"event_name":"Back to Basics","player_choice":"Simplicity","floor":28.0,"gold_loss":0.0,"damage_taken":0.0,"cards_upgraded":["Strike_G","Strike_G","Strike_G","Strike_G","Defend_G","Defend_G","Defend_G","Defend_G"]},{"damage_healed":0.0,"max_hp_gain":0.0,"max_hp_loss":0.0,"gold_gain":0.0,"event_name":"MindBloom","player_choice":"Upgrade","floor":36.0,"gold_loss":0.0,"damage_taken":0.0,"cards_upgraded":["Survivor","Neutralize","Acrobatics","Dodge and Roll","Backstab","Quick Slash","Venomology","Leg Sweep","After Image","Dodge and Roll","Riddle With Holes","Flechettes","Escape Plan","Dagger Spray","PiercingWail","After Image","Cloak And Dagger","Die Die Die"],"relics_obtained":["Mark of the Bloom"]},{"damage_healed":0.0,"max_hp_gain":0.0,"max_hp_loss":0.0,"gold_gain":0.0,"event_name":"Tomb of Lord Red Mask","player_choice":"Paid","floor":37.0,"gold_loss":15.0,"damage_taken":0.0,"relics_obtained":["Red Mask"]},{"damage_healed":0.0,"max_hp_gain":0.0,"max_hp_loss":0.0,"gold_gain":0.0,"event_name":"Lab","player_choice":"Got Potions","floor":44.0,"gold_loss":0.0,"damage_taken":0.0}],"is_beta":false,"boss_relics":[{"not_picked":["Velvet Choker","Black Star"],"picked":"Ectoplasm"},{"not_picked":["Sozu","HoveringKite"],"picked":"SacredBark"}],"items_purged_floors":[24],"is_endless":false,"potions_floor_spawned":[2,5,8,12,18,21,25,27,29,31,33,35,38,39,40,42,45,46,47,48],"ascension_level":20}}