{"host":"nmyw38vkdf8owddb","time":1609058432,"event":{"mods":["BaseMod","Bestiary","Colored Map","Colored Powertips","DeckTracker","Minty Spire (QoL Compilation)","Shade Mod","StSLib","The Caster","The Marked","Waifu the Spire"],"gold_per_floor":[115,115,190,210,210,210,248,248,248,248,261,186,224,248,248,369,369,383,154,154,154],"floor_reached":20,"playtime":992,"items_purged":["Shade:Strike_Shade"],"score":176,"play_id":"53da3da5-cea3-47a5-84eb-ea84fee4572e","local_time":"20201227174032","is_ascension_mode":true,"campfire_choices":[{"data":"Shade:MadHubris","floor":6,"key":"SMITH"},{"data":"Shade:FeralStrike","floor":8,"key":"SMITH"},{"floor":10,"key":"REST"},{"floor":15,"key":"REST"}],"circlet_count":0,"master_deck":["Shade:Defend_Shade","Shade:Defend_Shade","Shade:Defend_Shade","Shade:AnimateDead","Shade:CarefulCut","Shade:MadHubris+1","Shade:BoneShards","Shade:ExtraLimbs","Shade:FeralStrike+1","Shade:FuneraryArmor","Shade:WallOfFlesh","Shade:Putrefaction","Shade:OneIsEnough+1","Shade:SpontaneousRitual+1","Shade:Awaken+1","Shade:Frenzy+1","Shade:AuraOfUnlife"],"relics":["Shade:YorickSkull","Golden Idol","Oddly Smooth Stone","FossilizedHelix","Odd Mushroom","Bag of Preparation","Astrolabe","ClockworkSouvenir"],"acts_visited":["Exordium","TheCity"],"potions_floor_usage":[],"damage_taken":[{"damage":0,"enemies":"Cultist","floor":1,"turns":2},{"damage":0,"enemies":"Small Slimes","floor":4,"turns":3},{"damage":22,"enemies":"Lagavulin","floor":7,"turns":6},{"damage":0,"enemies":"Jaw Worm","floor":11,"turns":2},{"damage":0,"enemies":"The Mushroom Lair","floor":13,"turns":2},{"damage":49,"enemies":"Slime Boss","floor":16,"turns":11},{"damage":36,"enemies":"Spheric Guardian","floor":18,"turns":5},{"damage":20,"enemies":"Chosen","floor":20,"turns":2}],"seed_played":"-6417098272958154251","potions_obtained":[{"floor":1,"key":"BlessingOfTheForge"},{"floor":7,"key":"Strength Potion"},{"floor":16,"key":"SpeedPotion"}],"is_trial":false,"path_per_floor":["M","?","?","M","?","R","E","R","T","R","M","$","?","T","R","B",null,"M","$","M"],"character_chosen":"SHADE","items_purchased":["Shade:AuraOfUnlife","ClockworkSouvenir"],"campfire_rested":2,"item_purchase_floors":[19,19],"current_hp_per_floor":[59,55,44,44,44,44,22,22,22,38,38,38,38,38,54,5,55,19,19,0,0],"gold":154,"neow_bonus":"THREE_RARE_CARDS","is_daily":false,"chose_seed":false,"campfire_upgraded":2,"win_rate":0.0,"timestamp":1609058432,"path_taken":["M","?","?","M","?","R","E","R","T","R","?","$","?","?","R","BOSS","M","?","M"],"items_purchased_type":["Card","Relic"],"build_version":"2020-12-22","purchased_purges":1,"victory":false,"max_hp_per_floor":[59,55,55,55,55,55,55,55,55,55,55,55,55,55,55,55,55,55,55,55,55],"card_choices":[{"not_picked":["Shade:SelfBurial","Shade:LastGasp"],"picked":"Shade:MadHubris","floor":0},{"not_picked":["Shade:PressTheAttack","Shade:Brains"],"picked":"Shade:BoneShards","floor":1},{"not_picked":["Shade:AncientSpear","Shade:SpontaneousRitual"],"picked":"Shade:ExtraLimbs","floor":4},{"not_picked":["Shade:SpontaneousRitual","Shade:LoseControl"],"picked":"Shade:FeralStrike","floor":7},{"not_picked":["Shade:FreshBones","Shade:DangerousRitual"],"picked":"Shade:FuneraryArmor","floor":11},{"not_picked":["Shade:Haruspicy","Shade:Bonestorm"],"picked":"Shade:WallOfFlesh","floor":13},{"not_picked":["Shade:LastGasp","Shade:SoulPierce"],"picked":"Shade:Putrefaction","floor":16},{"not_picked":["Shade:CommandSoldier","Shade:DangerousRitual"],"picked":"Shade:Frenzy+1","floor":18}],"player_experience":324827,"relics_obtained":[{"floor":7,"key":"Oddly Smooth Stone"},{"floor":9,"key":"FossilizedHelix"},{"floor":13,"key":"Odd Mushroom"},{"floor":14,"key":"Bag of Preparation"}],"event_choices":[{"damage_healed":0,"gold_gain":0,"player_choice":"Lose Max HP","damage_taken":0,"relics_obtained":["Golden Idol"],"max_hp_gain":0,"max_hp_loss":4,"event_name":"Golden Idol","floor":2,"gold_loss":0},{"damage_healed":0,"gold_gain":75,"player_choice":"Gather Gold","damage_taken":11,"max_hp_gain":0,"max_hp_loss":0,"event_name":"World of Goop","floor":3,"gold_loss":0},{"cards_removed":["Shade:Strike_Shade"],"damage_healed":0,"gold_gain":0,"player_choice":"Purged","damage_taken":0,"max_hp_gain":0,"max_hp_loss":0,"event_name":"Purifier","floor":5,"gold_loss":0},{"damage_healed":0,"gold_gain":0,"player_choice":"Fought Mushrooms","damage_taken":0,"max_hp_gain":0,"max_hp_loss":0,"event_name":"Mushrooms","floor":13,"gold_loss":0}],"is_beta":false,"boss_relics":[{"not_picked":["SlaversCollar","Tiny House"],"picked":"Astrolabe"}],"items_purged_floors":[12],"is_endless":false,"potions_floor_spawned":[1,7,16,18],"killed_by":"Chosen","ascension_level":1}}