{"host":"zv85muor2723jdwz","time":1609080091,"event":{"mods":["BaseMod","CapriCore","Decade(王小明)","KinomotoSakuraMod(木之本樱)","Marisa（F雨　魔理沙）","Minty Spire (QoL Compilation)","Reimu（博丽灵梦）","Remilia（蕾米莉亚）","StSLib","The Bug Knight","The Immortal","The Servant 0.9.4","WarShipGirlsR/战舰少女R mod","Yakumo Yukari mod","Youmu（魂魄妖梦）","Yuri Mod","Yuyuko"],"gold_per_floor":[114,130,28,43,57,84,84,159,159,15,190,220,220,220,220],"floor_reached":14,"playtime":474,"items_purged":[],"score":88,"play_id":"a21e1232-b928-4066-9805-3d8559d44e05","local_time":"20201227224131","is_ascension_mode":false,"campfire_choices":[{"floor":7,"key":"REST"},{"floor":13,"key":"REST"}],"circlet_count":0,"master_deck":["Strike_Lin:ReiMu","Strike_Lin:ReiMu","Strike_Lin:ReiMu","Strike_Lin:ReiMu","Defend_Lin:ReiMu","Defend_Lin:ReiMu","Defend_Lin:ReiMu","Defend_Lin:ReiMu","NB:ReiMu","Stagnation:ReiMu","Meditation:ReiMu","SubcavityInstant:ReiMu","SubAcupoint:ReiMu","CareerPray:ReiMu","Crusade:ReiMu","OrbThrow:ReiMu","TakeOff:ReiMu","UniversalSpiritual:ReiMu","CollectionFlower2:ReiMu+1","Doubt"],"relics":["FlyPower:ReiMu","NeowsBlessing","Bow_fan:ReiMu","Toxic Egg 2"],"acts_visited":["Exordium"],"potions_floor_usage":[6],"damage_taken":[{"damage":0,"enemies":"Jaw Worm","floor":1,"turns":1},{"damage":0,"enemies":"Small Slimes","floor":2,"turns":1},{"damage":0,"enemies":"Cultist","floor":4,"turns":1},{"damage":14,"enemies":"Blue Slaver","floor":5,"turns":2},{"damage":27,"enemies":"Lagavulin","floor":6,"turns":9},{"damage":53,"enemies":"Gremlin Nob","floor":14,"turns":6}],"seed_played":"3550423447329786066","potions_obtained":[{"floor":2,"key":"SmokeBomb"},{"floor":4,"key":"SteroidPotion"}],"is_trial":false,"path_per_floor":["M","M","$","M","M","E","R","?","T","$","?","?","R","E"],"character_chosen":"REIMU","items_purchased":["SubAcupoint:ReiMu","CareerPray:ReiMu","UniversalSpiritual:ReiMu","CollectionFlower2:ReiMu+1"],"campfire_rested":2,"item_purchase_floors":[3,3,10,10],"current_hp_per_floor":[65,65,65,65,51,24,43,32,32,32,32,32,51,0,0],"gold":220,"neow_bonus":"THREE_ENEMY_KILL","is_daily":false,"chose_seed":false,"campfire_upgraded":0,"win_rate":0.0,"timestamp":1609080091,"path_taken":["M","M","$","M","M","E","R","?","T","$","?","?","R","E"],"items_purchased_type":["Card","Card","Card","Card"],"build_version":"2020-12-22","purchased_purges":0,"victory":false,"max_hp_per_floor":[65,65,65,65,65,65,65,65,65,65,65,65,65,65,65],"card_choices":[{"not_picked":["Intuition:ReiMu","FantasyBorder:ReiMu"],"picked":"Meditation:ReiMu","floor":1},{"not_picked":["AlertArray:ReiMu","TightArray:ReiMu"],"picked":"SubcavityInstant:ReiMu","floor":2},{"not_picked":["EmergencyTakeOff:ReiMu","DoubleButterfly:ReiMu"],"picked":"Crusade:ReiMu","floor":4},{"not_picked":["SpreadBorder2:ReiMu","FantasyMoon:ReiMu"],"picked":"OrbThrow:ReiMu","floor":5},{"not_picked":["PhosphorusFlame:ReiMu","CollectionFlower2:ReiMu"],"picked":"TakeOff:ReiMu","floor":6}],"player_experience":40021,"relics_obtained":[{"floor":6,"key":"Bow_fan:ReiMu"},{"floor":9,"key":"Toxic Egg 2"}],"event_choices":[{"damage_healed":0,"gold_gain":75,"player_choice":"Gather Gold","damage_taken":11,"max_hp_gain":0,"max_hp_loss":0,"event_name":"World of Goop","floor":8,"gold_loss":0},{"damage_healed":0,"gold_gain":175,"player_choice":"AGREE","damage_taken":0,"max_hp_gain":0,"max_hp_loss":0,"event_name":"Liars Game","floor":11,"gold_loss":0,"cards_obtained":["Doubt"]},{"damage_healed":0,"gold_gain":30,"player_choice":"Searched \u00272\u0027 times","damage_taken":0,"max_hp_gain":0,"max_hp_loss":0,"event_name":"Dead Adventurer","floor":12,"gold_loss":0}],"is_beta":false,"boss_relics":[],"items_purged_floors":[],"is_endless":false,"potions_floor_spawned":[2,4],"killed_by":"Gremlin Nob","ascension_level":0}}