{"host":"5gs251imfkyqlzrh","time":1609071257,"event":{"mods":["BaseMod","Downfall","Hermit","Jorbs\u0027s Wanderer Trilogy","Marisa????????","Minty Spire (QoL Compilation)","Replay The Spire","StSLib","The Bug Knight","The Construct","The Cursed","The Disciple","The Hierophant","The Necromancer","The Runesmith","The Servant 0.9.4"],"gold_per_floor":[109,126,126,126,145,170,170,184,184,184,204,232,232,242,242,347,347,365,166,166,190,190,190,90,90,136,178,203,203,269,298,310,430,442,472,491,491],"floor_reached":36,"playtime":2526,"items_purged":["hermit:Defend_Hermit","hermit:Defend_Hermit"],"score":612,"play_id":"1308e99c-3700-4447-8279-42a5ebb4040b","local_time":"20201227121417","is_ascension_mode":false,"campfire_choices":[{"data":"hermit:EyeOfTheStorm","floor":7,"key":"SMITH"},{"data":"hermit:Roughhouse","floor":10,"key":"SMITH"},{"data":"hermit:CalledShot","floor":23,"key":"SMITH"},{"floor":29,"key":"DIG"},{"floor":32,"key":"REST"}],"circlet_count":0,"master_deck":["hermit:Strike_Hermit","hermit:Strike_Hermit","hermit:Defend_Hermit","hermit:Defend_Hermit","hermit:Snapshot","hermit:Covet","hermit:TrackingShot","hermit:EyeOfTheStorm+1","Replay:Sluggish","hermit:Deadeye","hermit:Roughhouse+1","hermit:Headshot+1","hermit:Scavenge+1","hermit:GhostlyPresence+1","hermit:Scavenge","hermit:CalledShot+1","hermit:Feint","hermit:DeadMansHand","hermit:TakeAim","hermit:Deadeye","hermit:Dive","hermit:BlackWind","hermit:ItchyTrigger+1"],"relics":["hermit:Momento","NeowsBlessing","Boot","ReplayTheSpireMod:Ring of Collecting","Ring of Peace","Shovel","Ring of Panic","Strawberry","Philosopher\u0027s Stone","Replay:Baseball","Ring of Searing","Centennial Puzzle","ReplayTheSpireMod:Ring of Challenge","Lantern","MawBank","construct:FoamFinger","Cursed Key"],"acts_visited":["Exordium","TheCity","TheBeyond"],"potions_floor_usage":[12,16,18,18,18,30,30],"damage_taken":[{"damage":0,"enemies":"Small Slimes","floor":1,"turns":1},{"damage":0,"enemies":"Jaw Worm","floor":2,"turns":1},{"damage":0,"enemies":"Cultist","floor":5,"turns":1},{"damage":17,"enemies":"HollowMod:MossKnight","floor":6,"turns":7},{"damage":0,"enemies":"2 Fungi Beasts","floor":8,"turns":3},{"damage":0,"enemies":"Exordium Wildlife","floor":11,"turns":3},{"damage":0,"enemies":"Replay:BlueRogue","floor":12,"turns":6},{"damage":0,"enemies":"Blue Slaver","floor":14,"turns":2},{"damage":10,"enemies":"Slime Boss","floor":16,"turns":7},{"damage":0,"enemies":"Spheric Guardian","floor":18,"turns":3},{"damage":26,"enemies":"Chosen and Byrds","floor":21,"turns":9},{"damage":0,"enemies":"Book of Stabbing","floor":27,"turns":5},{"damage":0,"enemies":"Snecko","floor":28,"turns":5},{"damage":19,"enemies":"Replay:Snechameleon","floor":30,"turns":8},{"damage":1,"enemies":"Snake Plant","floor":31,"turns":5},{"damage":27,"enemies":"Pondfish","floor":33,"turns":11},{"damage":10,"enemies":"Orb Walker","floor":35,"turns":4},{"damage":12,"enemies":"Orin","floor":36,"turns":5}],"seed_played":"4968383436950108175","potions_obtained":[{"floor":5,"key":"Elixir"},{"floor":6,"key":"LiquidMemories"},{"floor":8,"key":"SkillPotion"},{"floor":14,"key":"DuplicationPotion"},{"floor":16,"key":"LifebloodPotion"},{"floor":18,"key":"SteroidPotion"},{"floor":21,"key":"SmokeBomb"},{"floor":28,"key":"Explosive Potion"}],"is_trial":false,"path_per_floor":["M","M","?","?","M","E","R","M","T","R","M","E","?","M","R","B",null,"M","$","?","M","?","R","$","T","T","E","M","R","E","M","R","B",null,"M","?"],"character_chosen":"HERMIT","items_purchased":["hermit:GhostlyPresence+1","hermit:Scavenge"],"campfire_rested":1,"item_purchase_floors":[19,19],"current_hp_per_floor":[75,75,68,68,68,51,51,51,51,51,51,58,58,58,82,72,82,82,82,82,56,56,56,56,56,56,56,56,56,37,36,60,33,82,72,60,60],"gold":491,"neow_bonus":"THREE_ENEMY_KILL","is_daily":false,"chose_seed":false,"campfire_upgraded":3,"win_rate":0.0,"timestamp":1609071257,"path_taken":["M","M","?","?","M","E","R","M","T","R","M","E","?","M","R","BOSS","M","$","?","M","?","R","$","?","T","E","?","R","E","M","R","BOSS","M","?"],"items_purchased_type":["Card","Card"],"build_version":"2020-12-22","purchased_purges":2,"victory":false,"max_hp_per_floor":[75,75,75,75,75,75,75,75,75,75,75,82,82,82,82,82,82,82,82,82,82,82,82,82,82,82,82,82,82,82,82,82,82,82,82,82,82],"card_choices":[{"not_picked":["hermit:Glare","hermit:Manifest"],"picked":"hermit:TrackingShot","floor":1},{"not_picked":["hermit:Scavenge","hermit:Desperado"],"picked":"hermit:EyeOfTheStorm","floor":2},{"not_picked":["hermit:SprayPray","hermit:Glare"],"picked":"hermit:Deadeye","floor":5},{"not_picked":["hermit:FlashPowder","hermit:GoldenBullet"],"picked":"hermit:Roughhouse","floor":6},{"not_picked":["hermit:WideOpen","hermit:Coalescence","hermit:LowProfile"],"picked":"SKIP","floor":8},{"not_picked":["hermit:Coalescence","hermit:Horror"],"picked":"hermit:Headshot","floor":11},{"not_picked":["hermit:Glare","hermit:HoleUp","hermit:Desperado"],"picked":"SKIP","floor":12},{"not_picked":["hermit:Glare","hermit:Shortfuse","hermit:Virtue"],"picked":"SKIP","floor":14},{"not_picked":["hermit:HighNoon","hermit:Adapt"],"picked":"hermit:FatalDesire","floor":16},{"not_picked":["hermit:Glare","hermit:Feint+1"],"picked":"hermit:Scavenge+1","floor":18},{"not_picked":["hermit:Glare+1","hermit:ItchyTrigger"],"picked":"hermit:CalledShot","floor":21},{"not_picked":["hermit:ShadowCloak","hermit:Coalescence"],"picked":"hermit:TakeAim","floor":27},{"not_picked":["hermit:Coalescence+1","hermit:FatalDesire"],"picked":"hermit:Deadeye","floor":28},{"not_picked":["hermit:LuckOfTheDraw","hermit:HoleUp"],"picked":"hermit:Dive","floor":30},{"not_picked":["hermit:CursedWeapon","hermit:Shortfuse","hermit:Snipe"],"picked":"SKIP","floor":31},{"not_picked":["hermit:OverwhelmingPower","hermit:Magnum"],"picked":"hermit:BlackWind","floor":33},{"not_picked":["hermit:TrackingShot","hermit:Maintenance+1"],"picked":"hermit:ItchyTrigger+1","floor":35}],"player_experience":182145,"relics_obtained":[{"floor":4,"key":"ReplayTheSpireMod:Ring of Collecting"},{"floor":4,"key":"Ring of Peace"},{"floor":6,"key":"Shovel"},{"floor":9,"key":"Ring of Panic"},{"floor":12,"key":"Strawberry"},{"floor":25,"key":"Replay:Baseball"},{"floor":25,"key":"Ring of Searing"},{"floor":26,"key":"Centennial Puzzle"},{"floor":26,"key":"ReplayTheSpireMod:Ring of Challenge"},{"floor":27,"key":"Lantern"},{"floor":29,"key":"MawBank"},{"floor":30,"key":"construct:FoamFinger"}],"event_choices":[{"damage_healed":0,"gold_gain":0,"player_choice":"Success","damage_taken":7,"relics_obtained":["Boot"],"max_hp_gain":0,"max_hp_loss":0,"event_name":"Scrap Ooze","floor":3,"gold_loss":0},{"cards_removed":["hermit:Strike_Hermit"],"damage_healed":0,"gold_gain":0,"player_choice":"Purged","damage_taken":0,"max_hp_gain":0,"max_hp_loss":0,"event_name":"Purifier","floor":13,"gold_loss":0},{"damage_healed":0,"gold_gain":0,"player_choice":"Ignored","damage_taken":0,"max_hp_gain":0,"max_hp_loss":0,"event_name":"Vampires","floor":20,"gold_loss":0},{"damage_healed":0,"gold_gain":0,"cards_transformed":["hermit:FatalDesire","hermit:Strike_Hermit"],"player_choice":"Became Test Subject","damage_taken":0,"max_hp_gain":0,"max_hp_loss":0,"event_name":"Drug Dealer","floor":22,"gold_loss":0,"cards_obtained":["hermit:Feint","hermit:DeadMansHand"]},{"damage_healed":0,"gold_gain":0,"player_choice":"Fight","damage_taken":0,"max_hp_gain":0,"max_hp_loss":0,"event_name":"OrinTheCat","floor":36,"gold_loss":0}],"is_beta":false,"boss_relics":[{"not_picked":["Replay:Grab Bag","Ring of Chaos"],"picked":"Philosopher\u0027s Stone"},{"not_picked":["Replay:Drink Me","Runic Dome"],"picked":"Cursed Key"}],"items_purged_floors":[19,24],"is_endless":false,"potions_floor_spawned":[5,6,8,14,16,18,21,28],"killed_by":"Orin","ascension_level":0}}