{"host":"dcj2yvrgcvh5dl2s","time":1609052040,"event":{"mods":["BaseMod","Better Note","Block Reminder","Colored Powertips","DeckTracker","Minty Spire (QoL Compilation)","Quick Restart","Rare Cards Sparkle","Relic Stats","StSLib"],"gold_per_floor":[117,42,42,42,59,87,87,120,144,69,69,104,104,122,122,201,201,221,221,221],"floor_reached":19,"playtime":520,"items_purged":["Strike_R"],"score":329,"play_id":"5a346a4b-e70e-4ed3-86a8-44b697a67187","local_time":"20201227165400","is_ascension_mode":true,"campfire_choices":[{"data":"Pommel Strike","floor":7,"key":"SMITH"},{"data":"Searing Blow","floor":11,"key":"SMITH"},{"floor":13,"key":"REST"},{"floor":15,"key":"REST"}],"circlet_count":0,"master_deck":["AscendersBane","Strike_R","Strike_R","Strike_R","Defend_R","Defend_R","Defend_R","Defend_R","Bash","Disarm","Shrug It Off","Pommel Strike+1","Searing Blow+1","Pummel","Ghostly Armor","Barricade"],"relics":["Burning Blood","NeowsBlessing","GremlinMask","Pen Nib","Lizard Tail","Akabeko","Vajra","Black Star"],"acts_visited":["Exordium","TheCity"],"potions_floor_usage":[8,12,18,19],"damage_taken":[{"damage":0,"enemies":"Small Slimes","floor":1,"turns":1},{"damage":0,"enemies":"Cultist","floor":5,"turns":1},{"damage":5,"enemies":"3 Sentries","floor":6,"turns":2},{"damage":44,"enemies":"Lagavulin","floor":8,"turns":8},{"damage":34,"enemies":"3 Sentries","floor":12,"turns":8},{"damage":0,"enemies":"2 Louse","floor":14,"turns":2},{"damage":63,"enemies":"Slime Boss","floor":16,"turns":12},{"damage":53,"enemies":"3 Byrds","floor":18,"turns":13},{"damage":33,"enemies":"Chosen","floor":19,"turns":6}],"seed_played":"1998820530533209178","potions_obtained":[{"floor":1,"key":"FearPotion"},{"floor":6,"key":"SpeedPotion"},{"floor":8,"key":"BlessingOfTheForge"},{"floor":18,"key":"ColorlessPotion"}],"is_trial":false,"path_per_floor":["M","?","$","?","M","E","R","E","T","$","R","E","R","M","R","B",null,"M","M"],"character_chosen":"IRONCLAD","items_purchased":[],"campfire_rested":2,"item_purchase_floors":[],"current_hp_per_floor":[74,74,74,74,75,75,75,37,37,37,37,9,31,37,59,43,67,20,0,0],"gold":221,"neow_bonus":"THREE_ENEMY_KILL","is_daily":false,"chose_seed":false,"campfire_upgraded":2,"win_rate":0.0,"timestamp":1609052040,"path_taken":["M","?","$","?","M","E","R","E","T","$","R","E","R","M","R","BOSS","M","M"],"items_purchased_type":[],"build_version":"2020-12-22","purchased_purges":1,"victory":false,"max_hp_per_floor":[75,75,75,75,75,75,75,75,75,75,75,75,75,75,75,75,75,75,75,75],"relic_stats":{"Lizard Tail":37,"counters":[9,53],"Pen Nib":[6],"Black Star":0,"obtain_stats":[{"Lizard Tail":8,"NeowsBlessing":0,"Vajra":12,"GremlinMask":4,"Pen Nib":6,"Black Star":17,"Burning Blood":0,"Akabeko":9},{"Lizard Tail":4,"NeowsBlessing":0,"Vajra":5,"GremlinMask":1,"Pen Nib":3,"Black Star":7,"Burning Blood":0,"Akabeko":4},{"Lizard Tail":12,"NeowsBlessing":0,"Vajra":20,"GremlinMask":1,"Pen Nib":4,"Black Star":34,"Burning Blood":0,"Akabeko":12}],"Burning Blood":42},"card_choices":[{"not_picked":["Armaments","Metallicize"],"picked":"Disarm","floor":1},{"not_picked":["Evolve","Reckless Charge"],"picked":"Shrug It Off","floor":5},{"not_picked":["Spot Weakness","Armaments"],"picked":"Pommel Strike","floor":6},{"not_picked":["Pommel Strike","Exhume"],"picked":"Searing Blow","floor":8},{"not_picked":["Intimidate","Blood for Blood"],"picked":"Pummel","floor":12},{"not_picked":["Heavy Blade","Clothesline"],"picked":"Ghostly Armor","floor":14},{"not_picked":["Demon Form","Fiend Fire"],"picked":"Barricade","floor":16},{"not_picked":["Perfected Strike","Blood for Blood","Warcry"],"picked":"SKIP","floor":18}],"player_experience":2059033,"relics_obtained":[{"floor":6,"key":"Pen Nib"},{"floor":8,"key":"Lizard Tail"},{"floor":9,"key":"Akabeko"},{"floor":12,"key":"Vajra"}],"event_choices":[{"cards_removed":["Strike_R"],"damage_healed":0,"gold_gain":0,"player_choice":"Card Removal","damage_taken":0,"max_hp_gain":0,"max_hp_loss":0,"event_name":"The Cleric","floor":2,"gold_loss":75},{"damage_healed":0,"gold_gain":0,"player_choice":"Trade","damage_taken":0,"relics_obtained":["GremlinMask"],"max_hp_gain":0,"max_hp_loss":0,"event_name":"FaceTrader","floor":4,"gold_loss":0}],"is_beta":false,"boss_relics":[{"not_picked":["Snecko Eye","Runic Cube"],"picked":"Black Star"}],"items_purged_floors":[10],"is_endless":false,"potions_floor_spawned":[1,6,8,18],"killed_by":"Chosen","ascension_level":16}}