{"host":"0luxfixkkfk9wck3","time":1609094086,"event":{"mods":["BaseMod","Downfall","Highlight Path","Minty Spire (QoL Compilation)","StSLib"],"gold_per_floor":[99,115,131,131,131,56,56,56,90,38,38,49,11,23,36,138,138,138,138,156,175,85,85,108,108,108,122,151,251,251,22,42,138,138,63,81,98,98,21,21,21,33,33,33,51,51,51,51,63,63],"floor_reached":51,"playtime":13961,"items_purged":["Regret","hexamod:Strike"],"score":695,"play_id":"14164473-b2ac-4888-a9b9-ae6438bce5a1","local_time":"20201227123446","is_ascension_mode":true,"campfire_choices":[{"floor":1,"key":"RECALL"},{"floor":6,"key":"REST"},{"floor":8,"key":"REST"},{"floor":11,"key":"REST"},{"floor":18,"key":"REST"},{"floor":23,"key":"REST"},{"floor":26,"key":"REST"},{"floor":30,"key":"REST"},{"floor":35,"key":"REST"},{"floor":44,"key":"REST"},{"floor":46,"key":"REST"}],"circlet_count":0,"master_deck":["hexamod:Strike+1","hexamod:Strike+1","hexamod:Strike+1","hexamod:Defend","hexamod:Defend","hexamod:Defend","hexamod:Defend","hexamod:Sear","hexamod:Float","hexamod:FastForward","hexamod:SoulSteal","hexamod:EtherealExpedition","hexamod:FlamesFromBeyond","hexamod:SoulSteal","hexamod:Incineration","hexamod:HexaLevel","hexamod:AdvancingGuard","hexamod:InspiringFlames","hexamod:TimeWarp","hexamod:TimeWarp","hexamod:SoulSteal","hexamod:ThermalTransfer","hexamod:ShieldOfDarkness+1","hexamod:ChargedBarrage","hexamod:FlamesFromBeyond","hexamod:FlamesFromBeyond","hexamod:TimeWarp","Sadistic Nature+1","hexamod:HeatCrush","hexamod:EmpoweringStance","hexamod:GhostOfSpireFuture","hexamod:ExtraCrispy","hexamod:GiftsFromTheDead","hexamod:ExtraCrispy+1"],"relics":["Fusion Hammer","downfall:HeartBlessingRed","Torii","Ancient Tea Set","Runic Pyramid","Omamori","Toy Ornithopter","White Beast Statue","Lee\u0027s Waffle","MealTicket","Sozu","downfall:HeartBlessingGreen","Lizard Tail"],"acts_visited":["Exordium","TheCity","TheBeyond"],"potions_floor_usage":[16,28,33,33,45,50,50,50],"damage_taken":[{"damage":4,"enemies":"2 Louse","floor":2,"turns":2},{"damage":1,"enemies":"Jaw Worm","floor":3,"turns":3},{"damage":21,"enemies":"3 Sentries","floor":9,"turns":6},{"damage":7,"enemies":"downfall:FleeingMerchant","floor":10,"turns":4},{"damage":2,"enemies":"Cultist","floor":12,"turns":3},{"damage":6,"enemies":"downfall:FleeingMerchant","floor":13,"turns":4},{"damage":1,"enemies":"Red Slaver","floor":14,"turns":2},{"damage":3,"enemies":"Exordium Thugs","floor":15,"turns":3},{"damage":30,"enemies":"downfall:Watcher","floor":16,"turns":6},{"damage":2,"enemies":"Chosen","floor":20,"turns":4},{"damage":36,"enemies":"Centurion and Healer","floor":21,"turns":5},{"damage":3,"enemies":"downfall:FleeingMerchant","floor":22,"turns":4},{"damage":30,"enemies":"Snake Plant","floor":27,"turns":3},{"damage":1,"enemies":"Gremlin Leader","floor":28,"turns":6},{"damage":28,"enemies":"downfall:LadyInBlue","floor":29,"turns":8},{"damage":4,"enemies":"downfall:FleeingMerchant","floor":31,"turns":4},{"damage":2,"enemies":"Chosen and Byrds","floor":32,"turns":3},{"damage":57,"enemies":"downfall:Ironclad","floor":33,"turns":6},{"damage":39,"enemies":"3 Darklings","floor":36,"turns":3},{"damage":22,"enemies":"Orb Walker","floor":37,"turns":4},{"damage":20,"enemies":"Jaw Worm Horde","floor":42,"turns":4},{"damage":8,"enemies":"Transient","floor":45,"turns":5},{"damage":1,"enemies":"3 Darklings","floor":49,"turns":4},{"damage":54,"enemies":"downfall:Silent","floor":50,"turns":7}],"seed_played":"-667323693114961997","potions_obtained":[{"floor":3,"key":"Ancient Potion"},{"floor":12,"key":"Guardian:BlockOnCardUsePotion"},{"floor":14,"key":"EntropicBrew"},{"floor":15,"key":"Strength Potion"},{"floor":16,"key":"LiquidMemories"},{"floor":27,"key":"Weak Potion"},{"floor":28,"key":"Fire Potion"},{"floor":29,"key":"GamblersBrew"},{"floor":32,"key":"Strength Potion"},{"floor":33,"key":"Swift Potion"}],"is_trial":false,"path_per_floor":["R","M","M","?","?","R","T","R","E","$","R","M","$","M","M","B",null,"R","?","M","M","$","R","T","T","R","M","E","?","R","$","M","B",null,"R","M","M","?","$","T","T","M","?","R","M","R","?","$","M","B",null],"character_chosen":"THE_SPIRIT","items_purchased":["hexamod:SoulSteal","hexamod:AdvancingGuard","Sadistic Nature","Lee\u0027s Waffle","MealTicket","hexamod:ExtraCrispy"],"campfire_rested":10,"item_purchase_floors":[10,13,31,31,31,39],"current_hp_per_floor":[70,66,65,65,65,70,70,70,49,42,63,61,55,54,51,21,70,70,70,68,32,29,50,50,50,70,40,39,11,32,77,75,28,77,77,38,16,9,24,24,24,4,4,27,24,47,47,62,61,22],"gold":63,"neow_bonus":"BOSS_RELIC","is_daily":false,"chose_seed":false,"campfire_upgraded":0,"win_rate":0.0,"timestamp":1609094086,"path_taken":["R","M","M","?","?","R","T","R","E","?","R","M","$","M","M","BOSS","R","?","?","M","?","R","T","?","R","?","E","?","R","$","M","BOSS","R","M","M","?","$","?","T","M","?","R","?","R","?","?","M","BOSS"],"items_purchased_type":["Card","Card","Card","Relic","Relic","Card"],"build_version":"2020-12-22","purchased_purges":2,"victory":true,"max_hp_per_floor":[70,70,70,70,70,70,70,70,70,70,70,70,70,70,70,70,70,70,70,70,70,70,70,70,70,70,70,70,70,70,77,77,77,77,77,77,77,77,77,77,77,77,77,77,77,77,77,77,77,77],"card_choices":[{"not_picked":["hexamod:Firestarter","hexamod:BurningTouch"],"picked":"hexamod:FastForward","floor":2},{"not_picked":["hexamod:HauntingEcho","hexamod:GhostflameBarrier"],"picked":"hexamod:SoulSteal","floor":3},{"not_picked":["hexamod:RecurringNightmare","hexamod:SwordOfDarkness"],"picked":"hexamod:EtherealExpedition","floor":9},{"not_picked":["hexamod:PowerFromBeyond","hexamod:ShieldOfDarkness"],"picked":"hexamod:FlamesFromBeyond","floor":10},{"not_picked":["hexamod:ShieldOfDarkness","hexamod:StepThrough"],"picked":"hexamod:Incineration","floor":12},{"not_picked":["hexamod:SwordOfDarkness","hexamod:Firestarter"],"picked":"hexamod:HexaLevel","floor":13},{"not_picked":["hexamod:NightmareStrike","hexamod:GhostLash"],"picked":"hexamod:InspiringFlames","floor":14},{"not_picked":["hexamod:GhostOfSpirePast","hexamod:GhostLash","hexamod:FastForward"],"picked":"SKIP","floor":15},{"not_picked":["hexamod:FifthSeal","hexamod:WildfireWeapon"],"picked":"hexamod:TimeWarp","floor":16},{"not_picked":["hexamod:GhostLash","hexamod:GhostShield+1"],"picked":"hexamod:SoulSteal","floor":20},{"not_picked":["hexamod:RainOfEmbers","hexamod:SwordOfDarkness"],"picked":"hexamod:ThermalTransfer","floor":21},{"not_picked":["hexamod:HeatShield","hexamod:GhostOfSpirePresent+1"],"picked":"hexamod:ShieldOfDarkness+1","floor":22},{"not_picked":["hexamod:Firestarter","hexamod:NightmareGuise"],"picked":"hexamod:ChargedBarrage","floor":27},{"not_picked":["hexamod:GhostShield","hexamod:Haunt"],"picked":"hexamod:FlamesFromBeyond","floor":28},{"not_picked":["hexamod:GhostLash","hexamod:GhostShield"],"picked":"hexamod:FlamesFromBeyond","floor":29},{"not_picked":["hexamod:RetreatToShadows","hexamod:SecondSeal"],"picked":"hexamod:TimeWarp","floor":31},{"not_picked":["hexamod:HauntingEcho","hexamod:FirstSeal"],"picked":"hexamod:HeatCrush","floor":32},{"not_picked":["hexamod:CrushingStance","hexamod:GhostflameInferno"],"picked":"hexamod:EmpoweringStance","floor":33},{"not_picked":["hexamod:BurningTouch","hexamod:HauntingEcho+1","hexamod:Again+1"],"picked":"SKIP","floor":36},{"not_picked":["hexamod:InspiringFlames+1","hexamod:AdvancingGuard+1"],"picked":"hexamod:GhostOfSpireFuture","floor":37},{"not_picked":["hexamod:SpectersWail","hexamod:SwordOfDarkness+1","hexamod:ShieldOfDarkness"],"picked":"SKIP","floor":42},{"not_picked":["hexamod:SpectersWail","hexamod:Firestarter+1","hexamod:GhostOfSpireFuture"],"picked":"SKIP","floor":45},{"not_picked":["hexamod:DynamicBlow","hexamod:AdvancingGuard"],"picked":"hexamod:ExtraCrispy+1","floor":49}],"player_experience":10750603,"relics_obtained":[{"floor":7,"key":"Torii"},{"floor":9,"key":"Ancient Tea Set"},{"floor":24,"key":"Omamori"},{"floor":25,"key":"Potion Belt"},{"floor":28,"key":"Toy Ornithopter"},{"floor":29,"key":"White Beast Statue"},{"floor":40,"key":"Lizard Tail"}],"event_choices":[{"damage_healed":0,"gold_gain":0,"player_choice":"Copied","damage_taken":0,"max_hp_gain":0,"max_hp_loss":0,"event_name":"Duplicator","floor":19,"gold_loss":0,"cards_obtained":["hexamod:TimeWarp"]},{"damage_healed":0,"gold_gain":0,"player_choice":"Damaged","damage_taken":7,"max_hp_gain":0,"max_hp_loss":0,"event_name":"Wheel of Change","floor":38,"gold_loss":0},{"damage_healed":0,"gold_gain":0,"player_choice":"Upgraded","damage_taken":0,"max_hp_gain":0,"max_hp_loss":0,"event_name":"Upgrade Shrine","floor":43,"gold_loss":0,"cards_upgraded":["Sadistic Nature"]}],"is_beta":false,"boss_relics":[{"not_picked":["Philosopher\u0027s Stone","Coffee Dripper"],"picked":"Runic Pyramid"},{"not_picked":["Astrolabe","Black Star"],"picked":"Sozu"}],"items_purged_floors":[22,31],"is_endless":false,"potions_floor_spawned":[3,12,14,15,16,27,28,31,32,33,36,37,42,45,49],"ascension_level":1}}