{"host":"a5lz0e76zb3fcwkm","time":1609067039,"event":{"mods":["AchievementEnabler","BaseMod","Colored Map","Colored Powertips","Minty Spire (QoL Compilation)","StSLib","SuperFastMode"],"gold_per_floor":[119,194,80,80,80,80,111,111,134,169,169,169,94,110,110,199,199,219,219,219,219,219,219,199,199,225,250,250,250,264,289,289,382,382,395,127,145,145,145,145,180,180,180,55,80,40,54,67,67,67,67],"floor_reached":50,"playtime":929,"items_purged":["Strike_R","Strike_R","Strike_R"],"score":1123,"play_id":"51f75116-fe4c-4b2c-9a32-4ea0f5736e3c","local_time":"20201227200359","is_ascension_mode":true,"campfire_choices":[{"data":"Inflame","floor":6.0,"key":"SMITH"},{"data":"Feel No Pain","floor":8.0,"key":"SMITH"},{"data":"Fire Breathing","floor":15.0,"key":"SMITH"},{"data":"Fiend Fire","floor":23.0,"key":"SMITH"},{"data":"Warcry","floor":25.0,"key":"SMITH"},{"floor":32,"key":"REST"},{"data":"Double Tap","floor":40,"key":"SMITH"},{"floor":42,"key":"REST"},{"floor":49,"key":"RECALL"}],"circlet_count":0,"master_deck":["AscendersBane","Defend_R","Defend_R","Defend_R","Bash","Inflame+1","Feel No Pain+1","Fiend Fire+1","Fire Breathing+1","Warcry+1","Limit Break+1","Reaper","Battle Trance","Cleave","Double Tap+1","Sword Boomerang+1","Disarm"],"relics":["Burning Blood","NeowsBlessing","Golden Idol","Question Card","Juzu Bracelet","Matryoshka","SacredBark","Toy Ornithopter","Bag of Preparation","Busted Crown","TheAbacus","Bottled Tornado","Blood Vial"],"acts_visited":["Exordium","TheCity","TheBeyond"],"potions_floor_usage":[41,45,45,50,50],"damage_taken":[{"damage":0.0,"enemies":"Small Slimes","floor":1.0,"turns":1.0},{"damage":0.0,"enemies":"Gremlin Nob","floor":7.0,"turns":1.0},{"damage":0.0,"enemies":"3 Sentries","floor":10.0,"turns":1.0},{"damage":5.0,"enemies":"Jaw Worm","floor":14.0,"turns":4.0},{"damage":33.0,"enemies":"Slime Boss","floor":16.0,"turns":7.0},{"damage":41.0,"enemies":"Shell Parasite","floor":18.0,"turns":7.0},{"damage":23.0,"enemies":"2 Thieves","floor":24.0,"turns":4.0},{"damage":37.0,"enemies":"Shelled Parasite and Fungi","floor":27.0,"turns":4.0},{"damage":14,"enemies":"Cultist and Chosen","floor":30,"turns":4},{"damage":6,"enemies":"Snecko","floor":31,"turns":4},{"damage":57,"enemies":"Champ","floor":33,"turns":7},{"damage":41,"enemies":"3 Darklings","floor":35,"turns":4},{"damage":11,"enemies":"Orb Walker","floor":37,"turns":2},{"damage":53,"enemies":"Reptomancer","floor":41,"turns":4},{"damage":60,"enemies":"Sphere and 2 Shapes","floor":45,"turns":4},{"damage":28,"enemies":"3 Darklings","floor":47,"turns":4},{"damage":24,"enemies":"Writhing Mass","floor":48,"turns":5},{"damage":43,"enemies":"Donu and Deca","floor":50,"turns":3}],"seed_played":"-6725052020084190809","potions_obtained":[{"floor":7.0,"key":"EssenceOfSteel"},{"floor":16.0,"key":"BloodPotion"},{"floor":18.0,"key":"GamblersBrew"},{"floor":30,"key":"FearPotion"},{"floor":41,"key":"BloodPotion"},{"floor":46,"key":"Energy Potion"},{"floor":46,"key":"CultistPotion"}],"is_trial":false,"path_per_floor":["M","?","$","?","?","R","E","R","T","E","?","?","?","M","R","B",null,"M","?","?","?","?","R","M","R","T","M","?","?","M","M","R","B",null,"M","$","M","?","?","R","E","R","T","$","M","?","M","M","R","B"],"character_chosen":"IRONCLAD","items_purchased":["Inflame","TheAbacus"],"campfire_rested":2,"item_purchase_floors":[3,36],"current_hp_per_floor":[74,63,63,68,40,40,46,46,46,52,52,52,52,53,53,26,67,64,64,64,64,64,64,47,47,47,21,21,21,27,48,72,21,65,60,60,55,55,55,55,13,35,35,35,22,22,23,8,8,0,0],"gold":67,"neow_bonus":"THREE_ENEMY_KILL","is_daily":false,"chose_seed":false,"campfire_upgraded":6,"win_rate":0.0,"timestamp":1609067039,"path_taken":["M","?","$","?","?","R","E","R","T","E","?","?","?","M","R","BOSS","M","?","?","?","?","R","M","R","T","M","?","?","M","M","R","BOSS","M","$","M","?","?","R","E","R","T","?","M","?","M","M","R","BOSS"],"items_purchased_type":["Card","Relic"],"build_version":"2020-12-22","purchased_purges":3,"victory":false,"max_hp_per_floor":[75,75,75,80,80,80,80,80,80,80,80,80,80,80,80,80,80,80,80,80,80,80,80,80,80,80,80,80,80,80,80,80,80,80,80,80,80,76,76,76,76,76,76,76,76,76,76,76,76,76,76],"card_choices":[{"not_picked":["Flex","Sentinel","Clothesline"],"picked":"SKIP","floor":1.0},{"not_picked":["Double Tap","Juggernaut"],"picked":"Feel No Pain","floor":7.0},{"not_picked":["Sword Boomerang","Shrug It Off","Cleave"],"picked":"Fiend Fire","floor":10.0},{"not_picked":["Clothesline","Clash","Cleave","Rage"],"picked":"SKIP","floor":14.0},{"not_picked":["Bludgeon","Reaper","Immolate"],"picked":"Limit Break","floor":16.0},{"not_picked":["Headbutt","True Grit","Body Slam","Second Wind"],"picked":"SKIP","floor":18.0},{"not_picked":["Thunderclap","Body Slam","Spot Weakness","Combust"],"picked":"SKIP","floor":24.0},{"not_picked":["Headbutt","Hemokinesis","True Grit","Sever Soul"],"picked":"SKIP","floor":27.0},{"not_picked":["Havoc","Clothesline","Entrench"],"picked":"Battle Trance","floor":30},{"not_picked":["Wild Strike","Shrug It Off","Body Slam"],"picked":"Cleave","floor":31},{"not_picked":["Berserk","Brutality","Demon Form"],"picked":"Double Tap","floor":33},{"not_picked":["Iron Wave"],"picked":"Sword Boomerang+1","floor":35},{"not_picked":["Shrug It Off"],"picked":"Disarm","floor":37},{"not_picked":["Intimidate","Anger"],"picked":"SKIP","floor":41},{"not_picked":["Combust","Twin Strike"],"picked":"SKIP","floor":45},{"not_picked":["Twin Strike","Feed"],"picked":"SKIP","floor":47},{"not_picked":["Wild Strike","Dropkick"],"picked":"SKIP","floor":48}],"player_experience":1649321,"relics_obtained":[{"floor":7.0,"key":"Question Card"},{"floor":9.0,"key":"Juzu Bracelet"},{"floor":10.0,"key":"Matryoshka"},{"floor":26.0,"key":"Toy Ornithopter"},{"floor":26.0,"key":"Bag of Preparation"},{"floor":41,"key":"Bottled Tornado"},{"floor":43,"key":"Blood Vial"}],"event_choices":[{"damage_healed":0.0,"max_hp_gain":0.0,"max_hp_loss":0.0,"gold_gain":75.0,"event_name":"World of Goop","player_choice":"Gather Gold","floor":2.0,"gold_loss":0.0,"damage_taken":11.0},{"damage_healed":0.0,"max_hp_gain":5.0,"max_hp_loss":0.0,"gold_gain":0.0,"event_name":"Big Fish","player_choice":"Donut","floor":4.0,"gold_loss":0.0,"damage_taken":0.0},{"damage_healed":0.0,"max_hp_gain":0.0,"max_hp_loss":0.0,"gold_gain":0.0,"event_name":"Golden Idol","player_choice":"Take Damage","floor":5.0,"gold_loss":0.0,"damage_taken":28.0,"relics_obtained":["Golden Idol"]},{"damage_healed":0.0,"max_hp_gain":0.0,"max_hp_loss":0.0,"gold_gain":0.0,"event_name":"Match and Keep!","player_choice":"1 cards matched","floor":11.0,"gold_loss":0.0,"damage_taken":0.0,"cards_obtained":["Fire Breathing"]},{"damage_healed":0.0,"max_hp_gain":0.0,"max_hp_loss":0.0,"gold_gain":0.0,"cards_transformed":["Strike_R"],"event_name":"Living Wall","player_choice":"Change","floor":12.0,"gold_loss":0.0,"damage_taken":0.0,"cards_obtained":["Warcry"]},{"cards_removed":["Strike_R"],"damage_healed":0.0,"max_hp_gain":0.0,"max_hp_loss":0.0,"gold_gain":0.0,"event_name":"The Cleric","player_choice":"Card Removal","floor":13.0,"gold_loss":75.0,"damage_taken":0.0},{"cards_removed":["Defend_R"],"damage_healed":0.0,"max_hp_gain":0.0,"max_hp_loss":0.0,"gold_gain":0.0,"event_name":"Back to Basics","player_choice":"Elegance","floor":19.0,"gold_loss":0.0,"damage_taken":0.0},{"damage_healed":0.0,"max_hp_gain":0.0,"max_hp_loss":0.0,"gold_gain":0.0,"event_name":"Upgrade Shrine","player_choice":"Upgraded","floor":20.0,"gold_loss":0.0,"damage_taken":0.0,"cards_upgraded":["Limit Break"]},{"damage_healed":0.0,"max_hp_gain":0.0,"max_hp_loss":0.0,"gold_gain":0.0,"event_name":"The Mausoleum","player_choice":"Ignored","floor":21.0,"gold_loss":0.0,"damage_taken":0.0},{"damage_healed":0.0,"max_hp_gain":0.0,"max_hp_loss":0.0,"gold_gain":0.0,"event_name":"Ghosts","player_choice":"Ignored","floor":22.0,"gold_loss":0.0,"damage_taken":0.0},{"damage_healed":0.0,"max_hp_gain":0.0,"max_hp_loss":0.0,"gold_gain":0.0,"event_name":"Vampires","player_choice":"Ignored","floor":28.0,"gold_loss":0.0,"damage_taken":0.0},{"damage_healed":0.0,"max_hp_gain":0.0,"max_hp_loss":0.0,"gold_gain":0.0,"event_name":"The Library","player_choice":"Read","floor":29.0,"gold_loss":0.0,"damage_taken":0.0,"cards_obtained":["Reaper"]},{"damage_healed":0,"gold_gain":0,"player_choice":"Max HP","damage_taken":0,"max_hp_gain":0,"max_hp_loss":4,"event_name":"Winding Halls","floor":38,"gold_loss":0},{"damage_healed":0,"gold_gain":0,"player_choice":"Ignored","damage_taken":0,"max_hp_gain":0,"max_hp_loss":0,"event_name":"Tomb of Lord Red Mask","floor":39,"gold_loss":0},{"damage_healed":0,"gold_gain":0,"player_choice":"Bought 3 Potions","damage_taken":0,"max_hp_gain":0,"max_hp_loss":0,"event_name":"The Woman in Blue","floor":46,"gold_loss":0}],"is_beta":false,"boss_relics":[{"not_picked":["Fusion Hammer","Velvet Choker"],"picked":"SacredBark"},{"not_picked":["SlaversCollar","Runic Pyramid"],"picked":"Busted Crown"}],"items_purged_floors":[3,36,44],"is_endless":false,"potions_floor_spawned":[7,16,18,30,31,41,47],"killed_by":"Donu and Deca","ascension_level":20}}