{"host":"bq4pt811tk9yrmjl","time":1609033893,"event":{"mods":["AchievementEnabler","BaseMod","Colored Map","Colored Powertips","Defuse TimeMaze Blight","Hermit","Minty Spire (QoL Compilation)","StSLib","SuperFastMode","UnlockEverythingMod"],"gold_per_floor":[112,39,39,39,51,85,85,118,118,148,148,168,168,186,186,286,286,286,286,286,304,304,339,339,369,392,409,409,409,440,128,128,228,228,241,241,241,241,241,241,285,285,308,320,332,394,419,459,471,483,495,507,16,50,50],"floor_reached":56,"playtime":1265,"items_purged":[],"score":1266,"play_id":"8a0bb73d-a374-4a20-8881-ad20b7bfb088","local_time":"20201226235133","is_ascension_mode":true,"campfire_choices":[{"data":"hermit:Brawl","floor":7.0,"key":"SMITH"},{"floor":11.0,"key":"REST"},{"floor":15.0,"key":"REST"},{"data":"hermit:GoldenBullet","floor":24.0,"key":"SMITH"},{"floor":28.0,"key":"REST"},{"data":"hermit:Dive","floor":32.0,"key":"SMITH"},{"data":"hermit:Shortfuse","floor":40.0,"key":"SMITH"},{"floor":42.0,"key":"RECALL"},{"data":"hermit:Snapshot","floor":45,"key":"SMITH"},{"floor":49,"key":"REST"},{"data":"hermit:Covet","floor":52,"key":"SMITH"}],"circlet_count":0,"master_deck":["hermit:Strike_Hermit+1","hermit:Strike_Hermit+1","hermit:Strike_Hermit+1","hermit:Strike_Hermit+1","hermit:Defend_Hermit+1","hermit:Defend_Hermit+1","hermit:Defend_Hermit+1","hermit:Defend_Hermit+1","hermit:Snapshot+1","hermit:Covet+1","hermit:Maintenance+1","hermit:Shortfuse+1","hermit:Brawl+1","hermit:Quickdraw","hermit:GoldenBullet+1","hermit:Determination+1","hermit:Dive+1","hermit:Gambit+1","hermit:Maintenance+1","hermit:Maintenance+1"],"relics":["hermit:Momento","Lantern","Mango","Frozen Egg 2","Smiling Mask","Omamori","Busted Crown","InkBottle","Bronze Scales","hermit:RyeStalk","CeramicFish","PreservedInsect","Juzu Bracelet","Calling Bell","Nunchaku","HornCleat","Incense Burner","Toxic Egg 2","CaptainsWheel","MawBank","Unceasing Top","HandDrill","Bottled Tornado","Oddly Smooth Stone"],"acts_visited":["Exordium","TheCity","TheBeyond","TheEnding"],"potions_floor_usage":[54,54,55],"damage_taken":[{"damage":4.0,"enemies":"Jaw Worm","floor":1.0,"turns":4.0},{"damage":0.0,"enemies":"Cultist","floor":5.0,"turns":3.0},{"damage":27.0,"enemies":"Gremlin Nob","floor":6.0,"turns":4.0},{"damage":26.0,"enemies":"3 Sentries","floor":8.0,"turns":7.0},{"damage":20.0,"enemies":"Gremlin Nob","floor":10.0,"turns":4.0},{"damage":0.0,"enemies":"2 Louse","floor":12.0,"turns":1.0},{"damage":5.0,"enemies":"2 Fungi Beasts","floor":14.0,"turns":3.0},{"damage":29.0,"enemies":"The Guardian","floor":16.0,"turns":15.0},{"damage":0.0,"enemies":"2 Thieves","floor":18.0,"turns":1.0},{"damage":12.0,"enemies":"Spheric Guardian","floor":21.0,"turns":4.0},{"damage":11.0,"enemies":"Gremlin Leader","floor":23.0,"turns":7.0},{"damage":36.0,"enemies":"Slavers","floor":25.0,"turns":4.0},{"damage":0.0,"enemies":"Centurion and Healer","floor":27.0,"turns":4.0},{"damage":30.0,"enemies":"Gremlin Leader","floor":30.0,"turns":6.0},{"damage":15.0,"enemies":"Collector","floor":33.0,"turns":9.0},{"damage":0.0,"enemies":"Orb Walker","floor":35.0,"turns":3.0},{"damage":23.0,"enemies":"Reptomancer","floor":41.0,"turns":6.0},{"damage":0,"enemies":"Mind Bloom Boss Battle","floor":46,"turns":8},{"damage":1,"enemies":"3 Shapes","floor":47,"turns":4},{"damage":18,"enemies":"3 Darklings","floor":48,"turns":5},{"damage":61,"enemies":"Donu and Deca","floor":50,"turns":13},{"damage":23,"enemies":"Shield and Spear","floor":54,"turns":6},{"damage":65,"enemies":"The Heart","floor":55,"turns":13}],"seed_played":"-4642721267848337547","potions_obtained":[{"floor":1.0,"key":"Regen Potion"},{"floor":8.0,"key":"SmokeBomb"},{"floor":12.0,"key":"hermit:Tonic"},{"floor":21.0,"key":"SteroidPotion"},{"floor":27.0,"key":"Weak Potion"},{"floor":30.0,"key":"Explosive Potion"},{"floor":48,"key":"Ancient Potion"},{"floor":54,"key":"Block Potion"}],"is_trial":false,"path_per_floor":["M","$","?","?","M","E","R","E","T","E","R","M","?","M","R","B",null,"M","?","?","M","T","E","R","E","T","M","R","?","E","$","R","B",null,"M","?","T","$","?","R","E","R","T","?","R","?","M","M","R","B",null,"R","$","E","B",null],"character_chosen":"HERMIT","items_purchased":["hermit:Shortfuse","Juzu Bracelet","DuplicationPotion","Explosive Potion","hermit:Dive","hermit:Maintenance+1","HandDrill","Bottled Tornado","AttackPotion"],"campfire_rested":4,"item_purchase_floors":[2,31,31,31,31,53,53,53,53],"current_hp_per_floor":[71,71,71,71,71,63,63,37,37,17,43,43,31,26,52,23,89,89,89,89,77,77,66,66,30,30,30,56,85,55,55,55,40,89,89,89,89,89,89,89,66,66,66,66,66,66,65,47,73,12,89,89,89,66,1],"gold":50,"neow_bonus":"RANDOM_COMMON_RELIC","is_daily":false,"chose_seed":false,"campfire_upgraded":6,"win_rate":0.0,"timestamp":1609033893,"path_taken":["M","$","?","?","?","E","R","E","T","E","R","M","?","M","R","BOSS","M","?","?","M","?","E","R","E","T","M","R","?","E","$","R","BOSS","M","?","?","$","?","R","E","R","T","?","R","?","M","M","R","BOSS","R","$","E","BOSS"],"items_purchased_type":["Card","Relic","Potion","Potion","Card","Card","Relic","Relic","Potion"],"build_version":"2020-12-22","purchased_purges":0,"victory":true,"max_hp_per_floor":[75,75,75,75,75,89,89,89,89,89,89,89,89,89,89,89,89,89,89,89,89,89,89,89,89,89,89,89,89,89,89,89,89,89,89,89,89,89,89,89,89,89,89,89,89,89,89,89,89,89,89,89,89,89,89],"card_choices":[{"not_picked":["hermit:Cheat","hermit:Misfire"],"picked":"hermit:Maintenance","floor":1.0},{"not_picked":["hermit:TakeAim","hermit:Misfire"],"picked":"hermit:Brawl","floor":5.0},{"not_picked":["hermit:Desperado","hermit:Gestalt","hermit:Vantage"],"picked":"SKIP","floor":6.0},{"not_picked":["hermit:DeadMansHand","hermit:CursedWeapon"],"picked":"hermit:Quickdraw","floor":8.0},{"not_picked":["hermit:Shortfuse","hermit:DeadMansHand"],"picked":"hermit:GoldenBullet","floor":10.0},{"not_picked":["hermit:Shortfuse","hermit:LowProfile"],"picked":"hermit:Determination+1","floor":12.0},{"not_picked":["hermit:FullyLoaded","hermit:HighCaliber","hermit:Vantage"],"picked":"SKIP","floor":14.0},{"not_picked":["hermit:HoleUp+1"],"picked":"SKIP","floor":21.0},{"not_picked":["hermit:Quickdraw"],"picked":"SKIP","floor":23.0},{"not_picked":["hermit:DeadMansHand+1"],"picked":"SKIP","floor":25.0},{"not_picked":["hermit:Headshot"],"picked":"SKIP","floor":27.0},{"not_picked":["hermit:Enervate+1"],"picked":"SKIP","floor":30.0},{"not_picked":["hermit:Glare"],"picked":"SKIP","floor":35.0},{"not_picked":[],"picked":"hermit:Gambit+1","floor":41.0},{"not_picked":["hermit:Cheat+1"],"picked":"SKIP","floor":47},{"not_picked":[],"picked":"hermit:Maintenance+1","floor":48},{"not_picked":["hermit:Headshot+1"],"picked":"SKIP","floor":54}],"player_experience":123192,"relics_obtained":[{"floor":6.0,"key":"Mango"},{"floor":8.0,"key":"Frozen Egg 2"},{"floor":10.0,"key":"Smiling Mask"},{"floor":22.0,"key":"InkBottle"},{"floor":23.0,"key":"Bronze Scales"},{"floor":25.0,"key":"hermit:RyeStalk"},{"floor":26.0,"key":"CeramicFish"},{"floor":30.0,"key":"PreservedInsect"},{"floor":34.0,"key":"Nunchaku"},{"floor":34.0,"key":"HornCleat"},{"floor":34.0,"key":"Incense Burner"},{"floor":37.0,"key":"Toxic Egg 2"},{"floor":41.0,"key":"CaptainsWheel"},{"floor":43.0,"key":"MawBank"},{"floor":46,"key":"Unceasing Top"},{"floor":54,"key":"Oddly Smooth Stone"}],"event_choices":[{"damage_healed":0.0,"max_hp_gain":0.0,"max_hp_loss":0.0,"gold_gain":0.0,"event_name":"Living Wall","player_choice":"Grow","floor":3.0,"gold_loss":0.0,"damage_taken":0.0,"cards_upgraded":["hermit:Maintenance"]},{"damage_healed":0.0,"max_hp_gain":0.0,"max_hp_loss":0.0,"gold_gain":0.0,"event_name":"FaceTrader","player_choice":"Leave","floor":4.0,"gold_loss":0.0,"damage_taken":0.0},{"damage_healed":0.0,"max_hp_gain":0.0,"max_hp_loss":0.0,"gold_gain":0.0,"event_name":"Scrap Ooze","player_choice":"Success","floor":13.0,"gold_loss":0.0,"damage_taken":12.0,"relics_obtained":["Omamori"]},{"damage_healed":0.0,"max_hp_gain":0.0,"max_hp_loss":0.0,"gold_gain":0.0,"event_name":"Back to Basics","player_choice":"Simplicity","floor":19.0,"gold_loss":0.0,"damage_taken":0.0,"cards_upgraded":["hermit:Strike_Hermit","hermit:Strike_Hermit","hermit:Strike_Hermit","hermit:Strike_Hermit","hermit:Defend_Hermit","hermit:Defend_Hermit","hermit:Defend_Hermit","hermit:Defend_Hermit"]},{"damage_healed":0.0,"max_hp_gain":0.0,"max_hp_loss":0.0,"gold_gain":0.0,"event_name":"Vampires","player_choice":"Ignored","floor":20.0,"gold_loss":0.0,"damage_taken":0.0},{"damage_healed":29.0,"max_hp_gain":0.0,"max_hp_loss":0.0,"gold_gain":0.0,"event_name":"The Library","player_choice":"Heal","floor":29.0,"gold_loss":0.0,"damage_taken":0.0},{"damage_healed":0.0,"max_hp_gain":0.0,"max_hp_loss":0.0,"gold_gain":0.0,"event_name":"SensoryStone","player_choice":"Memory 1","floor":36.0,"gold_loss":0.0,"damage_taken":0.0},{"damage_healed":0.0,"max_hp_gain":0.0,"max_hp_loss":0.0,"gold_gain":0.0,"event_name":"Tomb of Lord Red Mask","player_choice":"Ignored","floor":39.0,"gold_loss":0.0,"damage_taken":0.0},{"damage_healed":0,"gold_gain":0,"player_choice":"Ignored","damage_taken":0,"max_hp_gain":0,"max_hp_loss":0,"event_name":"Mysterious Sphere","floor":44,"gold_loss":0},{"damage_healed":0,"gold_gain":0,"player_choice":"Fight","damage_taken":0,"max_hp_gain":0,"max_hp_loss":0,"event_name":"MindBloom","floor":46,"gold_loss":0}],"is_beta":false,"boss_relics":[{"not_picked":["SlaversCollar","Cursed Key"],"picked":"Busted Crown"},{"not_picked":["Empty Cage","Fusion Hammer"],"picked":"Calling Bell"}],"items_purged_floors":[],"is_endless":false,"potions_floor_spawned":[1,8,12,21,27,30,48,54],"ascension_level":1}}