{"host":"9ndbo4kgsfoemf7y","time":1609079255,"event":{"mods":["AchievementEnabler","BaseMod","Colored Map","DeckTracker","Keyboard Shortcuts","Minty Spire (QoL Compilation)","Permanent Neow","Quick Restart","Relic Stats","StSLib","SuperFastMode"],"gold_per_floor":[19,35,51,68,88,117,117,149,149,3,23,23,41,41,41],"floor_reached":14,"playtime":482,"items_purged":[],"score":125,"play_id":"63326e8c-5e97-4759-a21c-6994ef38650b","local_time":"20201227232735","is_ascension_mode":true,"campfire_choices":[{"data":"White Noise","floor":7.0,"key":"SMITH"}],"circlet_count":0,"master_deck":["Strike_B","Strike_B","Defend_B","Defend_B","Defend_B","Defend_B","Zap","Dualcast","Force Field","Skim","Beam Cell","Cold Snap","Sweeping Beam","Conserve Battery","White Noise+1","Lockon","Hologram","Pain","Chill"],"relics":["Cracked Core","StrikeDummy","Pen Nib","Shuriken","TheAbacus","WarpedTongs"],"acts_visited":["Exordium"],"potions_floor_usage":[8],"damage_taken":[{"damage":1.0,"enemies":"2 Louse","floor":1.0,"turns":3.0},{"damage":1.0,"enemies":"Cultist","floor":2.0,"turns":3.0},{"damage":0.0,"enemies":"Small Slimes","floor":3.0,"turns":3.0},{"damage":8.0,"enemies":"Looter","floor":4.0,"turns":4.0},{"damage":16.0,"enemies":"Exordium Thugs","floor":5.0,"turns":5.0},{"damage":24.0,"enemies":"3 Sentries","floor":6.0,"turns":6.0},{"damage":10,"enemies":"Gremlin Nob","floor":8,"turns":3},{"damage":0,"enemies":"Large Slime","floor":11,"turns":5},{"damage":1,"enemies":"Red Slaver","floor":13,"turns":2},{"damage":14,"enemies":"Lagavulin","floor":14,"turns":2}],"seed_played":"-8060680125422875146","potions_obtained":[{"floor":4.0,"key":"SteroidPotion"},{"floor":6.0,"key":"Swift Potion"},{"floor":13,"key":"AttackPotion"}],"is_trial":false,"path_per_floor":["M","M","M","M","M","E","R","E","T","$","M","?","M","E"],"character_chosen":"DEFECT","items_purchased":["TheAbacus"],"campfire_rested":0,"item_purchase_floors":[10],"current_hp_per_floor":[74,73,73,65,49,25,25,15,15,15,15,15,14,0,0],"gold":41,"neow_bonus":"TRANSFORM_TWO_CARDS","is_daily":false,"chose_seed":false,"campfire_upgraded":1,"win_rate":0.0,"timestamp":1609079255,"path_taken":["M","M","M","M","M","E","R","E","T","$","M","?","M","E"],"items_purchased_type":["Relic"],"build_version":"2020-12-22","purchased_purges":0,"victory":false,"max_hp_per_floor":[75,75,75,75,75,75,75,75,75,75,75,75,75,75,75],"relic_stats":{"TheAbacus":[6],"counters":[10,36],"Shuriken":[2],"Pen Nib":[1],"obtain_stats":[{"TheAbacus":10,"Shuriken":9,"Pen Nib":8,"Cracked Core":0,"StrikeDummy":6,"WarpedTongs":12},{"TheAbacus":7,"Shuriken":7,"Pen Nib":7,"Cracked Core":0,"StrikeDummy":6,"WarpedTongs":8},{"TheAbacus":27,"Shuriken":27,"Pen Nib":27,"Cracked Core":0,"StrikeDummy":24,"WarpedTongs":32}],"WarpedTongs":[4]},"card_choices":[{"not_picked":["Rebound","Turbo"],"picked":"Beam Cell","floor":1.0},{"not_picked":["Beam Cell","Go for the Eyes"],"picked":"Cold Snap","floor":2.0},{"not_picked":["Stack","Aggregate"],"picked":"Sweeping Beam","floor":3.0},{"not_picked":["Compile Driver","Ball Lightning"],"picked":"Conserve Battery","floor":4.0},{"not_picked":["Ball Lightning","Scrape"],"picked":"White Noise","floor":5.0},{"not_picked":["Leap","Consume"],"picked":"Lockon","floor":6.0},{"not_picked":["Leap","Go for the Eyes"],"picked":"Hologram","floor":8},{"not_picked":["Stack","Cold Snap","Multi-Cast"],"picked":"SKIP","floor":11},{"not_picked":["Barrage","Turbo"],"picked":"Chill","floor":13}],"player_experience":757364,"relics_obtained":[{"floor":6.0,"key":"StrikeDummy"},{"floor":8,"key":"Pen Nib"},{"floor":9,"key":"Shuriken"}],"event_choices":[{"damage_healed":0,"gold_gain":0,"player_choice":"Rummage","damage_taken":0,"relics_obtained":["WarpedTongs"],"max_hp_gain":0,"max_hp_loss":0,"event_name":"Accursed Blacksmith","floor":12,"gold_loss":0,"cards_obtained":["Pain"]}],"is_beta":false,"boss_relics":[],"items_purged_floors":[],"is_endless":false,"potions_floor_spawned":[4,6,13],"killed_by":"Lagavulin","ascension_level":4}}