{"host":"u3zhfyeznnb1kiy1","time":1609034580,"event":{"mods":["BaseMod","Colored Map","Colored Powertips","Downfall","GifTheSpireLib","Highlight Path","Minty Spire (QoL Compilation)","StSLib"],"gold_per_floor":[99,99,274,274,61,76,100,25,42,59,91,111,36,48,65,169,169,94,112,112,123,143,143,189,199,199,199,10,10,10,10],"floor_reached":29,"playtime":2046,"items_purged":["Pain"],"score":250,"play_id":"d60db969-2e95-4580-9415-0518f1a68aae","local_time":"20201226210300","is_ascension_mode":false,"campfire_choices":[{"floor":1,"key":"RECALL"},{"data":"Slimebound:Replication","floor":8,"key":"SMITH"},{"data":"Slimebound:Grow","floor":13,"key":"SMITH"},{"data":"Slimebound:Gluttony","floor":18,"key":"SMITH"},{"data":"Slimebound:FirmFortitude","floor":23,"key":"SMITH"},{"data":"Slimebound:RollThrough","floor":27,"key":"SMITH"}],"circlet_count":0,"master_deck":["Slimebound:Strike_Slimebound","Slimebound:Strike_Slimebound","Slimebound:Strike_Slimebound","Slimebound:Tackle","Slimebound:Defend_Slimebound","Slimebound:Defend_Slimebound","Slimebound:Defend_Slimebound","Slimebound:Defend_Slimebound","Slimebound:Split","Slimebound:CorrosiveSpit","Slimebound:Prepare","Slimebound:SamplingLick","Slimebound:Schlurp","expansioncontent:DecasProtection","Slimebound:SlimeSpikes","Slimebound:Replication+1","Slimebound:LeechingTouch","Slimebound:RollThrough+1","Slimebound:Grow+1","Slimebound:GoopTackle","Slimebound:Gluttony+1","Slimebound:CheckThePlaybook","Slimebound:FirmFortitude+1","Slimebound:SpikyOuterGoop","Slimebound:ComboTackle+1","Slimebound:SamplingLick","Slimebound:SplitMire+1","Slimebound:Schlurp"],"relics":["Slimebound:AbsorbEndCombat","downfall:HeartsMalice","Membership Card","downfall:HeartBlessingRed","Happy Flower","downfall:HeartBlessingGreen","Sozu","downfall:HeartBlessingBlue","Ancient Tea Set","WarpedTongs","Letter Opener"],"acts_visited":["Exordium","TheCity"],"potions_floor_usage":[11,16,29],"damage_taken":[{"damage":0,"enemies":"Cultist","floor":2,"turns":1},{"damage":0,"enemies":"Jaw Worm","floor":4,"turns":1},{"damage":0,"enemies":"downfall:FleeingMerchant","floor":5,"turns":1},{"damage":4,"enemies":"Small Slimes","floor":6,"turns":4},{"damage":12,"enemies":"Exordium Thugs","floor":9,"turns":5},{"damage":17,"enemies":"3 Louse","floor":10,"turns":4},{"damage":4,"enemies":"Lagavulin","floor":11,"turns":5},{"damage":7,"enemies":"Red Slaver","floor":12,"turns":4},{"damage":20,"enemies":"Large Slime","floor":14,"turns":5},{"damage":1,"enemies":"Blue Slaver","floor":15,"turns":5},{"damage":52,"enemies":"downfall:Ironclad","floor":16,"turns":8},{"damage":21,"enemies":"3 Byrds","floor":19,"turns":5},{"damage":32,"enemies":"Centurion and Healer","floor":21,"turns":5},{"damage":43,"enemies":"Cultist and Chosen","floor":22,"turns":6},{"damage":11,"enemies":"Snecko","floor":25,"turns":3},{"damage":5,"enemies":"downfall:FleeingMerchant","floor":28,"turns":4},{"damage":35,"enemies":"Slavers","floor":29,"turns":2}],"seed_played":"666907065224984693","potions_obtained":[{"floor":6,"key":"Slimebound:ThreeZeroPotion"},{"floor":10,"key":"Slimebound:SpawnSlimePotion"},{"floor":11,"key":"PowerPotion"},{"floor":12,"key":"Slimebound:SpawnSlimePotion"}],"is_trial":false,"path_per_floor":["R","M","?","M","$","M","T","R","M","M","E","M","R","M","M","B",null,"R","M","?","M","M","R","T","M","?","R","$","E"],"character_chosen":"SLIMEBOUND","items_purchased":["Membership Card","expansioncontent:DecasProtection","Slimebound:SlimeSpikes","Letter Opener","Slimebound:Schlurp"],"campfire_rested":0,"item_purchase_floors":[5,5,5,28,28],"current_hp_per_floor":[60,60,60,60,60,60,60,60,54,43,53,54,54,46,57,29,60,70,61,61,45,22,22,22,25,25,25,32,0,0,0],"gold":10,"neow_bonus":"THREE_ENEMY_KILL","is_daily":false,"chose_seed":false,"campfire_upgraded":5,"win_rate":0.0,"timestamp":1609034580,"path_taken":["R","M","?","M","?","M","T","R","M","M","E","?","R","M","M","BOSS","R","M","?","?","M","R","T","M","?","R","?","E"],"items_purchased_type":["Relic","Card","Card","Relic","Card"],"build_version":"2020-12-22","purchased_purges":1,"victory":false,"max_hp_per_floor":[60,60,60,60,60,60,60,60,60,60,60,60,60,60,60,60,60,70,70,70,70,70,70,70,70,70,70,70,70,70,70],"card_choices":[{"not_picked":["Slimebound:ComboTackle","Slimebound:TongueLash"],"picked":"Slimebound:Prepare","floor":2},{"not_picked":["Slimebound:SlimeBarrage","Slimebound:SlimeTap"],"picked":"Slimebound:SamplingLick","floor":4},{"not_picked":["Slimebound:FormOfPuddle","Slimebound:SplitAcid"],"picked":"Slimebound:Schlurp","floor":5},{"not_picked":["Slimebound:SlimeBarrage","Slimebound:SplitAcid"],"picked":"Slimebound:Replication","floor":6},{"not_picked":["Slimebound:SplitMire","Slimebound:ItLooksTasty"],"picked":"Slimebound:LeechingTouch","floor":9},{"not_picked":["Slimebound:GrowthPunch","Slimebound:FormOfPuddle"],"picked":"Slimebound:RollThrough","floor":10},{"not_picked":["Slimebound:SamplingLick","Slimebound:RallyTheTroops"],"picked":"Slimebound:Grow","floor":11},{"not_picked":["Slimebound:ItLooksTasty","Slimebound:SamplingLick"],"picked":"Slimebound:GoopTackle","floor":12},{"not_picked":["Slimebound:SpikyOuterGoop","Slimebound:SplitMire"],"picked":"Slimebound:Gluttony","floor":14},{"not_picked":["Slimebound:ItLooksTasty","Slimebound:DisruptingSlam","Slimebound:Grow"],"picked":"SKIP","floor":15},{"not_picked":["Slimebound:DuplicatedForm","Slimebound:Overexert"],"picked":"Slimebound:CheckThePlaybook","floor":16},{"not_picked":["Slimebound:Repurpose+1","Slimebound:PressTheAttack"],"picked":"Slimebound:FirmFortitude","floor":19},{"not_picked":["Slimebound:ComboTackle","Slimebound:ViciousTackle"],"picked":"Slimebound:SpikyOuterGoop","floor":21},{"not_picked":["Slimebound:SplitLeeching+1","Slimebound:TongueLash"],"picked":"Slimebound:ComboTackle+1","floor":22},{"not_picked":["Slimebound:PressTheAttack","Slimebound:SplitAcid"],"picked":"Slimebound:SamplingLick","floor":25},{"not_picked":["Slimebound:ViciousTackle","Slimebound:MassRepurpose"],"picked":"Slimebound:SplitMire+1","floor":28}],"player_experience":1132956,"relics_obtained":[{"floor":11,"key":"Happy Flower"},{"floor":24,"key":"Ancient Tea Set"}],"event_choices":[{"cards_removed":["Doubt"],"damage_healed":0,"gold_gain":0,"player_choice":"Purged","damage_taken":0,"max_hp_gain":0,"max_hp_loss":0,"event_name":"Purifier","floor":20,"gold_loss":0},{"damage_healed":0,"gold_gain":0,"player_choice":"Rummage","damage_taken":0,"relics_obtained":["WarpedTongs"],"max_hp_gain":0,"max_hp_loss":0,"event_name":"Accursed Blacksmith","floor":26,"gold_loss":0,"cards_obtained":["Pain"]}],"is_beta":false,"boss_relics":[{"not_picked":["Philosopher\u0027s Stone","Calling Bell"],"picked":"Sozu"}],"items_purged_floors":[28],"is_endless":false,"potions_floor_spawned":[6,10,11,12,15,25],"killed_by":"Slavers","ascension_level":0}}