{"host":"0cnf9zf1gia27zti","time":1609102641,"event":{"mods":["BaseMod","BetterRewards","Card Forge","Colored Map","Colored Powertips","Conspire","Downfall","Minty Spire (QoL Compilation)","Practice Mode","Quick Restart","Replay The Spire","Robot Space Explorer","Shade Mod","Spicy Shops","StSLib"],"gold_per_floor":[118,152,152,152,169,169,199,209,284,82,82,7,22,52,52,131,131,148,98,135,21,21,21,75,75,75,75,88,106,138,35,35,114,164,181,4,44,44,44,60,85,85,85],"floor_reached":42,"playtime":1981,"items_purged":["Strike_B","Strike_B","Defend_B"],"score":1176,"play_id":"b42023fb-4933-4423-81a5-bc4da3127ad2","local_time":"20201227205721","is_ascension_mode":true,"campfire_choices":[{"floor":6,"key":"REST"},{"floor":11,"key":"REST"},{"floor":15,"key":"REST"},{"data":"Zap","floor":23,"key":"SMITH"},{"data":"Crystallizer","floor":25,"key":"SMITH"},{"data":"Force Field","floor":32,"key":"SMITH"}],"circlet_count":0,"master_deck":["AscendersBane","Defend_B","Defend_B","Defend_B","Zap+1","Dualcast","Ball Lightning","expansioncontent:HyperBeam","Heatsinks","Crystallizer+1","Tempest","Cold Snap","Ball Lightning","Chill","Electrodynamics","Conserve Battery","White Noise","Consume","Auto Shields","Mirror Shield","Capacitor+1","conspire:SpireCoStock+1","Static Discharge","Ball Lightning","Electrodynamics","BootSequence","Force Field+1","Conserve Battery","Panic Button","Crystallizer+1","Barrage","Redo+1","Rainbow","Mirror Shield","Force Field+1","Echo Form+1","Panic Button","Tempest","Glacier","Storm","Rainbow","FIFO Queue+1","Panic Button","Force Field","Shame"],"relics":["Cracked Core","Hammer of Thor","Seething Fire","Anvil of the Gods","CaptainsWheel","Runic Capacitor","conspire:Dentures","Solar Panel","Omamori","Prayer Wheel","ReplayTheSpireMod:Ninjato","StrikeDummy","MealTicket","Matryoshka","BargainBundle","Prayer Wheel","Mercury Hourglass","Geode","Bag of Preparation","Shuriken","Tiny House","ReplayTheSpireMod:CursedCoin"],"acts_visited":["Exordium","TheCity","TheBeyond"],"potions_floor_usage":[5,7,24,30],"damage_taken":[{"damage":7,"enemies":"Small Slimes","floor":1,"turns":2},{"damage":19,"enemies":"conspire:MimicChest","floor":2,"turns":4},{"damage":2,"enemies":"Jaw Worm","floor":5,"turns":3},{"damage":38,"enemies":"Lagavulin","floor":7,"turns":6},{"damage":0,"enemies":"Cultist","floor":8,"turns":3},{"damage":22,"enemies":"Looter","floor":13,"turns":3},{"damage":13,"enemies":"3 Sentries","floor":14,"turns":4},{"damage":29,"enemies":"Hexaghost","floor":16,"turns":9},{"damage":9,"enemies":"Chosen","floor":18,"turns":6},{"damage":20,"enemies":"Gremlin Leader","floor":24,"turns":7},{"damage":15,"enemies":"Shell Parasite","floor":28,"turns":4},{"damage":18,"enemies":"Centurion and Healer","floor":29,"turns":3},{"damage":6,"enemies":"Book of Stabbing","floor":30,"turns":4},{"damage":39,"enemies":"conspire:MysteriousRune","floor":33,"turns":7},{"damage":0,"enemies":"Orb Walker","floor":35,"turns":4},{"damage":8,"enemies":"3 Darklings","floor":37,"turns":6},{"damage":58,"enemies":"Spire Growth","floor":40,"turns":5},{"damage":58,"enemies":"Jaw Worm Horde","floor":42,"turns":4}],"seed_played":"-3644914756902180149","potions_obtained":[{"floor":2,"key":"AttackPotion"},{"floor":5,"key":"AttackPotion"},{"floor":20,"key":"FairyPotion"},{"floor":24,"key":"Strength Potion"},{"floor":29,"key":"Dexterity Potion"},{"floor":33,"key":"Venom Potion"},{"floor":34,"key":"Elixir"}],"is_trial":false,"path_per_floor":["M","?","?","?","M","R","E","M","T","$","R","$","M","E","R","B",null,"M","?","?","$","?","R","E","R","T","?","M","M","E","$","R","B",null,"M","$","M","?","$","M","$","M"],"character_chosen":"DEFECT","items_purchased":["CaptainsWheel","Runic Capacitor","conspire:Dentures","Solar Panel","Omamori","Ball Lightning","Electrodynamics","Conserve Battery","BargainBundle","Block Potion","Static Discharge","Ball Lightning","Force Field","Storm","Rainbow","ReplayTheSpireMod:CursedCoin"],"campfire_rested":3,"item_purchase_floors":[0,0,0,0,0,0,10,10,21,21,21,21,31,36,36,41],"current_hp_per_floor":[59,44,37,37,39,60,30,40,40,40,61,61,49,44,65,50,66,67,67,67,71,71,71,63,63,63,63,56,48,50,65,65,26,65,76,76,76,76,76,18,33,0,0],"gold":85,"neow_bonus":"","is_daily":false,"chose_seed":false,"campfire_upgraded":3,"win_rate":0.0,"timestamp":1609102641,"path_taken":["M","?","?","?","M","R","E","M","T","$","R","?","?","E","R","BOSS","M","?","?","$","?","R","E","R","T","?","?","M","E","?","R","BOSS","M","$","M","?","?","M","$","M"],"items_purchased_type":["Relic","Relic","Relic","Relic","Relic","Card","Card","Card","Relic","Potion","Card","Card","Card","Card","Card","Relic"],"build_version":"2020-12-22","purchased_purges":3,"victory":false,"max_hp_per_floor":[71,71,71,71,71,71,71,71,71,71,71,71,71,71,71,71,71,71,71,71,71,71,71,71,71,71,71,71,71,71,71,71,71,76,76,76,76,76,76,76,76,76,76],"card_choices":[{"not_picked":["Steam","Barrage"],"picked":"Heatsinks","floor":1},{"not_picked":["Melter","Streamline"],"picked":"Crystallizer","floor":2},{"not_picked":["Capacitor","Barrage"],"picked":"Tempest","floor":5},{"not_picked":["Coolheaded","Beam Cell"],"picked":"Cold Snap","floor":5},{"not_picked":["Blizzard","Beam Cell"],"picked":"Ball Lightning","floor":7},{"not_picked":["Turbo","Reprogram"],"picked":"Chill","floor":8},{"not_picked":["Go for the Eyes","Darkness","BasicCrystalCard"],"picked":"SKIP","floor":8},{"not_picked":["Rip and Tear","Stack"],"picked":"White Noise","floor":13},{"not_picked":["FTL","Compile Driver"],"picked":"Consume","floor":13},{"not_picked":["Scrape","ReplayGash"],"picked":"Auto Shields","floor":14},{"not_picked":["Machine Learning","ReplayTheSpireMod:Omega Cannon"],"picked":"Mirror Shield","floor":16},{"not_picked":["Darkness","Conserve Battery"],"picked":"Capacitor+1","floor":18},{"not_picked":["Rebound+1","ReplaySort","Redo"],"picked":"SKIP","floor":18},{"not_picked":["Streamline","ReplaySort+1"],"picked":"BootSequence","floor":24},{"not_picked":["Gash","Blizzard"],"picked":"Conserve Battery","floor":28},{"not_picked":["Streamline","All For One"],"picked":"Panic Button","floor":28},{"not_picked":["Coolheaded","Turbo"],"picked":"Crystallizer+1","floor":28},{"not_picked":["Gash","Ball Lightning"],"picked":"Barrage","floor":29},{"not_picked":["ReplayTheSpireMod:GoodbyeWorld","Ball Lightning"],"picked":"Redo","floor":29},{"not_picked":["Doom and Gloom","BasicCrystalCard"],"picked":"Rainbow","floor":29},{"not_picked":["Rip and Tear+1","BasicCrystalCard"],"picked":"Mirror Shield","floor":30},{"not_picked":["All For One","Fission"],"picked":"Echo Form","floor":33},{"not_picked":["Hologram","ReplaySort"],"picked":"Panic Button","floor":34},{"not_picked":["Ball Lightning","Beam Cell"],"picked":"Tempest","floor":35},{"not_picked":["Leap","Stack+1"],"picked":"Heatsinks","floor":35},{"not_picked":["Go for the Eyes","Melter"],"picked":"Glacier","floor":35},{"not_picked":["Turbo","Go for the Eyes"],"picked":"FIFO Queue+1","floor":37},{"not_picked":["Gash","ReplayTheSpireMod:Repulse","Hyperbeam"],"picked":"SKIP","floor":37},{"not_picked":["Lockon","Turbo","Recycle"],"picked":"SKIP","floor":37},{"not_picked":["Coolheaded","ReplaySolidLightProjector"],"picked":"Panic Button","floor":40},{"not_picked":["Gash","Conserve Battery"],"picked":"Force Field","floor":40},{"not_picked":["Steam+1","ReplayTheSpireMod:GoodbyeWorld","BasicCrystalCard"],"picked":"SKIP","floor":40}],"player_experience":2655385,"relics_obtained":[{"floor":2,"key":"Prayer Wheel"},{"floor":7,"key":"ReplayTheSpireMod:Ninjato"},{"floor":9,"key":"StrikeDummy"},{"floor":14,"key":"MealTicket"},{"floor":20,"key":"Matryoshka"},{"floor":24,"key":"Mercury Hourglass"},{"floor":26,"key":"Geode"},{"floor":26,"key":"Bag of Preparation"},{"floor":30,"key":"Shuriken"}],"event_choices":[{"cards_removed":["Strike_B"],"damage_healed":0,"gold_gain":0,"player_choice":"Card Removal","damage_taken":7,"max_hp_gain":0,"max_hp_loss":0,"event_name":"Golden Wing","floor":3,"gold_loss":0},{"damage_healed":0,"gold_gain":0,"player_choice":"Invest 1","damage_taken":0,"max_hp_gain":0,"max_hp_loss":0,"event_name":"conspire:Investor","floor":19,"gold_loss":0},{"damage_healed":0,"gold_gain":0,"player_choice":"Ignored","damage_taken":0,"max_hp_gain":0,"max_hp_loss":0,"event_name":"Vampires","floor":22,"gold_loss":0},{"damage_healed":0,"gold_gain":0,"cards_transformed":["Strike_B"],"player_choice":"Transformed","damage_taken":0,"max_hp_gain":0,"max_hp_loss":0,"event_name":"Transmorgrifier","floor":27,"gold_loss":0,"cards_obtained":["Force Field"]},{"cards_removed":["Heatsinks"],"damage_healed":0,"gold_gain":0,"player_choice":"Offered Uncommon","damage_taken":0,"max_hp_gain":0,"max_hp_loss":0,"event_name":"Bonfire Elementals","floor":38,"gold_loss":0}],"is_beta":false,"boss_relics":[{"not_picked":["Runic Dome","ChewingGum","Snecko Eye"]},{"not_picked":["Replay:Wanted Poster","Cursed Key"],"picked":"Tiny House"}],"items_purged_floors":[12,21,41],"is_endless":false,"potions_floor_spawned":[2,5,24,29,33,40],"killed_by":"Jaw Worm Horde","ascension_level":19}}