{"host":"dwyzfvnzfcqffr30","time":1609077945,"event":{"mods":["2.2 Compatiblity","Act Like it!","BaseMod","Beaked The Cultist","Better Altar","Better Match","Better Note","Better Sensory Stone","Better Skull","Better Third Choice","Clockwork Mod","Colored Map","Colored Powertips","Conspire","Downfall","Elementarium","GifTheSpireLib","Halation","Hermit","Hubris","Infinite Spire","Ironclad Rager","Jedi Mod","Menagerie","Mimic Mod","Minty Spire (QoL Compilation)","Permanent Neow","Random Character Button","Replay The Spire","Spicy Shops","StSLib","Stuff the Spire","The Construct","The Disciple","The Druid","The Marked","TheFirefly","Trackpad","vexMod"],"gold_per_floor":[338,374,449,490,490,549,549,615,663,663,663,734,734,800,800,949,949,1030,404,443,47,69,103,103,138,192,192,216,252,287,324,324,455,455,501,548,648,700,764,865,287,334,334,366,415,550,611,611,611,641,641,641,80,123,177,177],"floor_reached":55,"playtime":4248,"items_purged":["Overencumbered","Hallucinations"],"score":1609,"play_id":"d85fed36-6093-425d-b847-50d7ece104ce","local_time":"20201227060545","is_ascension_mode":true,"campfire_choices":[{"floor":10,"key":"REST"},{"floor":15,"key":"RECALL"},{"floor":24,"key":"REST"},{"floor":27,"key":"REST"},{"floor":32,"key":"REST"},{"floor":49,"key":"DIG"},{"floor":52,"key":"REST"}],"circlet_count":0,"master_deck":["AscendersBane","Zap+1","Dualcast+1","Ball Lightning+1","Cold Snap+1","Ball Lightning+1","Cold Snap+1","Leap+1","Leap+1","Leap+1","MasterReality+1","Conserve Battery+1","Darkness+1","jedi:meditation+2","jedi:markofdeath+1","BasicCrystalCard+1","hubris:PowerSurge+1","Defragment+1","BasicCrystalCard+1","BasicCrystalCard+1","Crystallizer+1","Barrage+1"],"relics":["Cracked Core","hubris:EvacipatedBox","Juzu Bracelet","Molten Egg 2","Toxic Egg 2","Frozen Egg 2","Quantum Egg","infinitespire:EvilPickle","Bottled Tornado","War Paint","Ring of Peace","Ring of Hypnosis","Tiny Chest","trackpad:CultistFigurine","hubris:Backtick","Carrot","jedi:fakemustache","ReplayFunnel","trackpad:WritersBlock","Lee\u0027s Waffle","ReplayTheSpireMod:Shallot","vexMod:ConsolationPrize","Matryoshka","Blue Candle","MealTicket","Blue Doll","Elementarium:ElementariumTrophy","infinitespire:Cupcake","Orichalcum","conspire:DeflatedDodgeball","hubris:MobiusCoin","Lantern","StuffTheSpire:ColdMirror","Pantograph","halation:QuantumPhysicsTextbook","Replay:Rubber Ducky","Replay:Mystery Machine","hubris:BallOfYels","Mummified Hand","Toolbox","Chameleon Ring"],"acts_visited":["Exordium","Elementarium:Elementarium","TheBeyond","TheEnding"],"potions_floor_usage":[6,12,16,18,25,25,33,42,44],"damage_taken":[{"damage":0,"enemies":"2 Louse","floor":1,"turns":2},{"damage":0,"enemies":"Cultist","floor":2,"turns":3},{"damage":0,"enemies":"Small Slimes","floor":4,"turns":2},{"damage":2,"enemies":"Gremlin Nob","floor":6,"turns":3},{"damage":0,"enemies":"Lagavulin","floor":8,"turns":5},{"damage":0,"enemies":"Gremlin Nob","floor":12,"turns":4},{"damage":0,"enemies":"Looter","floor":14,"turns":3},{"damage":0,"enemies":"Slime Boss","floor":16,"turns":8},{"damage":2,"enemies":"Elementarium:2_ELEMENTALS","floor":18,"turns":3},{"damage":0,"enemies":"Elementarium:VoidCorruption","floor":20,"turns":4},{"damage":0,"enemies":"Elementarium:RubyGolem","floor":22,"turns":2},{"damage":48,"enemies":"Elementarium:ElementalPortal","floor":23,"turns":9},{"damage":0,"enemies":"Elementarium:FIRE_NOBILITY","floor":25,"turns":7},{"damage":1,"enemies":"Gremlin Leader","floor":29,"turns":6},{"damage":2,"enemies":"Elementarium:CYCLONE_AND_LIVING_STORMCLOUD","floor":30,"turns":6},{"damage":2,"enemies":"Elementarium:VoidBeast","floor":31,"turns":6},{"damage":7,"enemies":"Elementarium:GoldenDragon","floor":33,"turns":8},{"damage":0,"enemies":"3 Shapes","floor":35,"turns":4},{"damage":0,"enemies":"Orb Walker","floor":36,"turns":2},{"damage":0,"enemies":"Sphere and 2 Shapes","floor":38,"turns":5},{"damage":0,"enemies":"Maw","floor":39,"turns":4},{"damage":37,"enemies":"Jaw Worm Horde","floor":40,"turns":7},{"damage":0,"enemies":"Nemesis","floor":42,"turns":7},{"damage":0,"enemies":"conspire:MimicChest","floor":44,"turns":6},{"damage":0,"enemies":"Reptomancer","floor":45,"turns":6},{"damage":0,"enemies":"Writhing Mass","floor":46,"turns":6},{"damage":0,"enemies":"Giant Head","floor":47,"turns":7},{"damage":30,"enemies":"Awakened One","floor":50,"turns":12},{"damage":11,"enemies":"Shield and Spear","floor":54,"turns":8},{"damage":77,"enemies":"The Heart","floor":55,"turns":6}],"seed_played":"-1077765076468489369","potions_obtained":[{"floor":1,"key":"Strength Potion"},{"floor":6,"key":"Weak Potion"},{"floor":8,"key":"Adrenaline Potion"},{"floor":13,"key":"PowerPotion"},{"floor":13,"key":"Regen Potion"},{"floor":16,"key":"champ:CounterPotion"},{"floor":38,"key":"Elixir"}],"is_trial":false,"path_per_floor":["M","M","?","M","?","E","?","E","T","R","?","E","?","M","R","B",null,"M","$","M","$","M","E","R","E","T","R","T","?","M","M","R","B",null,"M","M","?","M","M","M","$","E","T","?","E","MIM","E","?","R_BF","B",null,"R","$","E","B"],"character_chosen":"DEFECT","items_purchased":["jedi:fakemustache","ReplayFunnel","trackpad:WritersBlock","EntropicBrew","Lee\u0027s Waffle","ReplayTheSpireMod:Shallot","Defragment+1","Orichalcum","conspire:DeflatedDodgeball","BasicCrystalCard+1","hubris:BallOfYels","Mummified Hand","Toolbox"],"campfire_rested":5,"item_purchase_floors":[19,19,19,19,21,21,41,41,41,41,53,53,53],"current_hp_per_floor":[50,50,44,44,44,42,42,42,42,62,62,62,62,62,62,62,67,65,68,68,75,75,27,49,64,64,75,75,74,72,70,75,68,73,73,73,73,73,73,36,75,75,75,75,75,75,75,75,75,45,68,75,75,64,0,0],"gold":177,"neow_bonus":"DEFECT_STORMLORD","is_daily":false,"chose_seed":false,"campfire_upgraded":0,"win_rate":0.0,"timestamp":1609077945,"path_taken":["M","M","?","M","?","E","?","E","T","R","?","E","?","M","R","BOSS","M","$","M","?","M","E","R","E","T","R","?","?","M","M","R","BOSS","M","M","?","M","M","M","$","E","T","?","E","?","E","?","R_BF","BOSS","R","$","E","BOSS"],"items_purchased_type":["Relic","Relic","Relic","Potion","Relic","Relic","Card","Relic","Relic","Card","Relic","Relic","Relic"],"build_version":"2020-12-22","purchased_purges":2,"victory":false,"max_hp_per_floor":[68,68,68,68,68,68,68,68,68,68,68,68,68,68,68,68,68,68,68,68,75,75,75,75,75,75,75,75,75,75,75,75,75,75,75,75,75,75,75,75,75,75,75,75,75,75,75,75,75,75,75,75,75,75,75,75],"card_choices":[{"not_picked":["jedi:BurstLightning+1","Go for the Eyes+1"],"picked":"Conserve Battery+1","floor":1},{"not_picked":["Streamline+1","Meteor Strike+1"],"picked":"Darkness+1","floor":2},{"not_picked":["Ball Lightning+1","StuffTheSpire:Plugnplay+1","jedi:BurstLightning+1"],"picked":"SKIP","floor":4},{"not_picked":["Streamline+1","StuffTheSpire:LoadUp+1","Coolheaded+1"],"picked":"SKIP","floor":6},{"not_picked":["Hologram+1","jedi:blockon+1","Reboot+1"],"picked":"SKIP","floor":8},{"not_picked":["Ball Lightning+1","ReplayTheSpireMod:Dual Polarity+1","BootSequence+1"],"picked":"SKIP","floor":12},{"not_picked":["StuffTheSpire:Rend+1","hubris:Ukulele+1","StuffTheSpire:Plugnplay+1"],"picked":"SKIP","floor":14},{"not_picked":["Redo+1","jedi:BurstFrost+1","jedi:blockon+1"],"picked":"SKIP","floor":18},{"not_picked":["StuffTheSpire:Rend+1","Buffer+1","ReplayTheSpireMod:Repulse+1"],"picked":"SKIP","floor":20},{"not_picked":["Stack+1","jedi:sharpshooter+1","jedi:BurstFrost+1"],"picked":"SKIP","floor":22},{"not_picked":["Rebound+1","Melter+1"],"picked":"jedi:markofdeath+1","floor":23},{"not_picked":["Steam+1","Undo+1","Heatsinks+1"],"picked":"SKIP","floor":25},{"not_picked":["Cold Snap+1","Undo+1","Coolheaded+1"],"picked":"SKIP","floor":30},{"not_picked":["Barrage+1","ReplayTheSpireMod:Repulse+1"],"picked":"BasicCrystalCard+1","floor":31},{"not_picked":["Auto Shields+1","Streamline+1"],"picked":"hubris:PowerSurge+1","floor":35},{"not_picked":["Panic Button+1","Redo+1","jedi:BurstLightning+1"],"picked":"SKIP","floor":36},{"not_picked":["Chaos+1","Force Field+1","hubris:SpecializedCircuitry+1"],"picked":"SKIP","floor":38},{"not_picked":["Sweeping Beam+1","StuffTheSpire:NuclearReactor+1","Compile Driver+1"],"picked":"SKIP","floor":39},{"not_picked":["BasicCrystalCard+1","Hologram+1","jedi:BurstLightning+1"],"picked":"SKIP","floor":40},{"not_picked":["Steam+1","ReplayTheSpireMod:Fabricate Wheel+1"],"picked":"Crystallizer+1","floor":42},{"not_picked":["Go for the Eyes+1","Static Discharge+1","hubris:Ukulele+1"],"picked":"SKIP","floor":45},{"not_picked":["Skim+1","StuffTheSpire:Coldhearted+1"],"picked":"Barrage+1","floor":47},{"not_picked":["Leap+1","Force Field+1","StuffTheSpire:CleanHardDrive+1"],"picked":"SKIP","floor":54}],"player_experience":2460019,"relics_obtained":[{"floor":6,"key":"War Paint"},{"floor":7,"key":"Ring of Peace"},{"floor":7,"key":"Ring of Hypnosis"},{"floor":8,"key":"Tiny Chest"},{"floor":9,"key":"trackpad:CultistFigurine"},{"floor":23,"key":"vexMod:ConsolationPrize"},{"floor":25,"key":"Matryoshka"},{"floor":26,"key":"Blue Candle"},{"floor":28,"key":"MealTicket"},{"floor":29,"key":"Blue Doll"},{"floor":42,"key":"hubris:MobiusCoin"},{"floor":43,"key":"Lantern"},{"floor":44,"key":"StuffTheSpire:ColdMirror"},{"floor":45,"key":"Pantograph"},{"floor":46,"key":"halation:QuantumPhysicsTextbook"},{"floor":47,"key":"Replay:Rubber Ducky"},{"floor":49,"key":"Replay:Mystery Machine"},{"floor":54,"key":"Chameleon Ring"}],"event_choices":[{"damage_healed":0,"gold_gain":0,"player_choice":"Simplicity","damage_taken":0,"max_hp_gain":0,"max_hp_loss":8,"event_name":"betterThird:BetterWriting","floor":0,"gold_loss":0},{"damage_healed":0,"gold_gain":75,"player_choice":"Touch","damage_taken":6,"max_hp_gain":0,"max_hp_loss":0,"event_name":"FaceTrader","floor":3,"gold_loss":0},{"damage_healed":0,"gold_gain":0,"player_choice":"Got Potions","damage_taken":0,"max_hp_gain":0,"max_hp_loss":0,"event_name":"Lab","floor":13,"gold_loss":0},{"damage_healed":0,"gold_gain":0,"player_choice":"Enter","damage_taken":0,"max_hp_gain":0,"max_hp_loss":0,"event_name":"Elementarium:OtherworldlyPassage","floor":29,"gold_loss":0},{"damage_healed":0,"gold_gain":100,"player_choice":"Pray","damage_taken":0,"max_hp_gain":0,"max_hp_loss":0,"event_name":"Golden Shrine","floor":37,"gold_loss":0}],"is_beta":false,"boss_relics":[{"not_picked":["hubris:BlackHole","Sozu","ReplayTheSpireMod:DimensionalGlitch"],"picked":"hubris:Backtick"},{"not_picked":["vexMod:MysteryBossChallenge","trackpad:Trackpad","jedi:battlestandard"],"picked":"infinitespire:Cupcake"}],"items_purged_floors":[19,41],"is_endless":false,"potions_floor_spawned":[1,6,8,14,16,20,22,23,30,38,40],"killed_by":"The Heart","ascension_level":11}}