{"host":"1bqbj1s4pyvm9utn","time":1609053375,"event":{"mods":["AchievementEnabler","Aspiration","BaseMod","Beaked The Cultist","Better Altar","Better Match","Better Note","Better Sensory Stone","Better Skull","Better Third Choice","BetterRewards","CCEM","Clawfect","Colored Map","Conspire","Downfall","GifTheSpireLib","Halation","Hermit","Highlight Path","Humility","Infinite Spire","Jedi Mod","Jorbs\u0027s Wanderer Trilogy","Mad Scientist","Marisa????????","Mimic Mod","Minty Spire (QoL Compilation)","Permanent Neow","Shade Mod","Shop Mod","Spicy Shops","StSLib","Stuff the Spire","The Animator","The Bug Knight","The Cursed","The Gatherer","The Hierophant","The Jungle","The Mystic","The Necromancer","The Runesmith","The Servant 0.9.4","everything is the same but u backflip on backflip","slay the spire mod where everything is the same but ironclad has a cowboy hat","vexMod"],"gold_per_floor":[116,116,216,234,251,251,251,251,274,292,292,310,16,32,32,133,133,149,149,166,166,22,54,54,88,124,74,87,104,104,124,124,124,124],"floor_reached":33,"playtime":3053,"items_purged":[],"score":291,"play_id":"2c32b2b2-abee-4644-a42e-f83e713921ac","local_time":"20201226231615","is_ascension_mode":true,"campfire_choices":[{"data":"HollowMod:CycloneSlash","floor":15,"key":"SMITH"},{"data":"HollowMod:DoubleDash","floor":24,"key":"SMITH"},{"floor":30,"key":"REST"},{"floor":32,"key":"RECALL"}],"circlet_count":0,"master_deck":["HollowMod:NailStrikeStart","HollowMod:NailStrikeStart","HollowMod:NailStrikeStart","HollowMod:QuickDashStart","HollowMod:QuickDashStart","HollowMod:QuickDashStart","HollowMod:QuickDashStart","HollowMod:FocusHealStart","HollowMod:PogoStrike","HollowMod:LifebloodCocoon","HollowMod:SoulSplash","HollowMod:SoulStrike","HollowMod:DoubleDash+1","HollowMod:CycloneSlash+1","HollowMod:SlysStrikes","HollowMod:CycloneSlash","HollowMod:LifebloodCocoon+1","HollowMod:FallenFury","HollowMod:DesolateDive","HollowMod:SoulShaman","HollowMod:MawleksShell+1","HollowMod:GrimmsGift","HollowMod:ShapeofUnn+1"],"relics":["HollowMod:VesselMask","aspiration:ArtOfWarUpgrade","halation:PinkSoulGem","halation:AfternoonTea","CCEMRelics:OldTooth","conspire:SlowCooker","CCEMRelics:SpiritsEdge","Turnip","CCEMRelics:OverlyComfyChair","Question Card"],"acts_visited":["Exordium","TheCity"],"potions_floor_usage":[10,12,16,20,21,23,25,29,31],"damage_taken":[{"damage":13,"enemies":"Jaw Worm","floor":1,"turns":5},{"damage":2,"enemies":"Cultist","floor":4,"turns":4},{"damage":0,"enemies":"2 Louse","floor":5,"turns":5},{"damage":0,"enemies":"Exordium Thugs","floor":10,"turns":5},{"damage":5,"enemies":"Looter","floor":12,"turns":3},{"damage":3,"enemies":"Blue Slaver","floor":14,"turns":4},{"damage":33,"enemies":"HollowMod:FalseKnight","floor":16,"turns":12},{"damage":0,"enemies":"3 Byrds","floor":18,"turns":1},{"damage":10,"enemies":"Chosen","floor":20,"turns":2},{"damage":23,"enemies":"Slavers","floor":23,"turns":5},{"damage":50,"enemies":"Gremlin Leader","floor":25,"turns":8},{"damage":0,"enemies":"Sentry and Sphere","floor":26,"turns":6},{"damage":0,"enemies":"Sentry and Sphere","floor":28,"turns":5},{"damage":26,"enemies":"Snake Plant","floor":29,"turns":4},{"damage":9,"enemies":"Cultist and Chosen","floor":31,"turns":7},{"damage":44,"enemies":"Collector","floor":33,"turns":3}],"seed_played":"992016786449131177","potions_obtained":[{"floor":4,"key":"SteroidPotion"},{"floor":8,"key":"AttackPotion"},{"floor":8,"key":"Energy Potion"},{"floor":16,"key":"Energy Potion"},{"floor":18,"key":"infinitespire:BlackPotion"},{"floor":21,"key":"jedi:mysterypotion"},{"floor":23,"key":"DistilledChaos"},{"floor":28,"key":"Fire Potion"},{"floor":29,"key":"Energy Potion"}],"is_trial":false,"path_per_floor":["M","?","?","M","M","R","?","?","T","M","R","M","$","M","R","B",null,"M","?","M","?","$","E","R","E","MIM","?","M","M","R","M","R","B"],"character_chosen":"THE_BUGKNIGHT","items_purchased":["CCEMRelics:OldTooth","Turnip"],"campfire_rested":1,"item_purchase_floors":[13,22],"current_hp_per_floor":[68,68,68,66,66,66,59,59,59,69,69,64,64,61,61,40,75,75,75,65,65,65,48,48,8,18,18,18,3,25,39,39,0,0],"gold":124,"neow_bonus":"RANDOM_COMMON_RELIC","is_daily":false,"chose_seed":false,"campfire_upgraded":2,"win_rate":0.0,"timestamp":1609053375,"path_taken":["M","?","?","?","M","R","?","?","T","M","R","M","$","M","R","BOSS","M","?","M","?","?","E","R","E","MIM","?","M","M","R","?","R","BOSS"],"items_purchased_type":["Relic","Relic"],"build_version":"2020-12-22","purchased_purges":0,"victory":false,"max_hp_per_floor":[75,75,75,75,75,75,75,75,75,75,75,75,75,75,75,75,75,75,75,75,75,75,75,75,75,75,75,75,75,75,75,75,75,75],"card_choices":[{"not_picked":["HollowMod:CornifersMapStart","HollowMod:VengefulVoid"],"picked":"HollowMod:LifebloodCocoon","floor":1},{"not_picked":["HollowMod:SharpenedShadows","HollowMod:InfectedCysts"],"picked":"HollowMod:SoulSplash","floor":4},{"not_picked":["HollowMod:HuntersJournal","HollowMod:SharpenedNail"],"picked":"HollowMod:SoulStrike","floor":5},{"not_picked":["HollowMod:VengefulVoid","HollowMod:FallenFury"],"picked":"HollowMod:DoubleDash","floor":10},{"not_picked":["HollowMod:RecoilStrike","HollowMod:CornifersMapStart","HollowMod:WraithStrike"],"picked":"SKIP","floor":12},{"not_picked":["HollowMod:SharpenedNail","HollowMod:HuntersJournal"],"picked":"HollowMod:CycloneSlash","floor":14},{"not_picked":["HollowMod:ZotesMagnificence","HollowMod:MidwifesHunger"],"picked":"HollowMod:SlysStrikes","floor":16},{"not_picked":["HollowMod:SharpenedNail+1","HollowMod:DashSlash"],"picked":"HollowMod:CycloneSlash","floor":18},{"not_picked":["HollowMod:AbyssShriek","HollowMod:WraithStrike"],"picked":"HollowMod:LifebloodCocoon+1","floor":20},{"not_picked":["HollowMod:LordofShades","HollowMod:CoiledNail"],"picked":"HollowMod:FallenFury","floor":23},{"not_picked":["HollowMod:InfectedAttack","HollowMod:VengefulVoid"],"picked":"HollowMod:DesolateDive","floor":25},{"not_picked":["HollowMod:HowlingWraiths","HollowMod:HeavyBlow","HollowMod:TaintedHusks"],"picked":"HollowMod:SoulShaman","floor":26},{"not_picked":["HollowMod:GrimmsGift","HollowMod:GoodIntentions","HollowMod:FastStrike"],"picked":"HollowMod:MawleksShell+1","floor":28},{"not_picked":["HollowMod:CoiledNail","HollowMod:VengefulVoid","HollowMod:SharpenedNail"],"picked":"HollowMod:GrimmsGift","floor":29},{"not_picked":["HollowMod:CoiledNail","HollowMod:SiblingsSouls","HollowMod:FastStrike"],"picked":"HollowMod:ShapeofUnn+1","floor":31}],"player_experience":901117,"relics_obtained":[{"floor":9,"key":"halation:AfternoonTea"},{"floor":19,"key":"CCEMRelics:SpiritsEdge"},{"floor":23,"key":"CCEMRelics:OverlyComfyChair"},{"floor":25,"key":"Question Card"}],"event_choices":[{"damage_healed":0,"gold_gain":100,"player_choice":"Pray","damage_taken":0,"max_hp_gain":0,"max_hp_loss":0,"event_name":"Golden Shrine","floor":3,"gold_loss":0},{"cards_removed":["HollowMod:NailStrikeStart"],"damage_healed":0,"gold_gain":0,"player_choice":"Card Removal","damage_taken":7,"max_hp_gain":0,"max_hp_loss":0,"event_name":"Golden Wing","floor":7,"gold_loss":0},{"damage_healed":0,"gold_gain":0,"player_choice":"Got Potions","damage_taken":0,"max_hp_gain":0,"max_hp_loss":0,"event_name":"Lab","floor":8,"gold_loss":0},{"damage_healed":0,"gold_gain":0,"player_choice":"Bet on Murderer","damage_taken":0,"max_hp_gain":0,"max_hp_loss":0,"event_name":"The Joust","floor":27,"gold_loss":50}],"is_beta":false,"boss_relics":[{"not_picked":["Calling Bell","Sozu"],"picked":"conspire:SlowCooker"}],"items_purged_floors":[],"is_endless":false,"potions_floor_spawned":[4,16,18,23,28,29],"killed_by":"Collector","ascension_level":1}}