{"host":"36ls4ricihodphgx","time":1609067293,"event":{"mods":["AchievementEnabler","BaseMod","Colored Map","Downfall","Hermit","HololiveMod","Marisa????????","Minty Spire (QoL Compilation)","Replay The Spire","Shop Mod","StSLib","SuperFastMode","The Animator","The Bug Knight","The Cursed","The Servant 0.9.4"],"gold_per_floor":[158,219,238,283,300,320,320,320,338,355,366,398,398,413,423,518,518,518,531,531,347,366,361,414,414,414,440,453,472,472,491,504,602,602,602,621,636,655,409,409,409,284,284,284,284,298,310,364,381,381,381,381],"floor_reached":50,"playtime":2155,"items_purged":["hexamod:Again","hexamod:Defend","Injury"],"score":520,"play_id":"2da19fc6-ba76-4054-b48e-8aeab6e10149","local_time":"20201227040813","is_ascension_mode":false,"campfire_choices":[{"data":"hexamod:SoulSteal","floor":8,"key":"SMITH"},{"floor":13,"key":"REST"},{"data":"hexamod:WildfireWeapon","floor":18,"key":"SMITH"},{"floor":26,"key":"REST"},{"floor":30,"key":"REST"},{"data":"hexamod:SearingWound","floor":35,"key":"SMITH"},{"data":"hexamod:RainOfEmbers","floor":40,"key":"SMITH"},{"data":"hexamod:HeatCrush","floor":43,"key":"SMITH"},{"floor":45,"key":"REST"}],"circlet_count":0,"master_deck":["hexamod:Strike","hexamod:Strike","hexamod:Strike","hexamod:Strike","hexamod:Defend","hexamod:Defend","hexamod:Defend","hexamod:Sear","hexamod:Float","hexamod:Incineration","hexamod:RadiantFlame","hexamod:SoulSteal+1","hexamod:RainOfEmbers+1","hexamod:BurningTouch","hexamod:HeatCrush+1","hexamod:HeatShield","hexamod:WildfireWeapon+1","hexamod:ChargedBarrage","hexamod:BurningTouch","hexamod:ThermalTransfer","hexamod:SearingWound+1","hexamod:HeatShield+1","hexamod:WildfireWeapon+1","hexamod:BurningTouch+1"],"relics":["hexamod:SpiritBrand","Replay:WaspNest","Toy Ornithopter","Pen Nib","Boot","hexamod:IceCube","Happy Flower","Replay:Bottled Flurry","Replay:Rubber Ducky","Mercury Hourglass","ReplayTheSpireMod:Lightbulb","Cursed Key","DollysMirror","HornCleat","CatCart"],"acts_visited":["Exordium","TheCity","TheBeyond"],"potions_floor_usage":[5,9,10,16,21,29,33,33,33,33,37,49,49,50],"damage_taken":[{"damage":34,"enemies":"Gremlin Nob","floor":2,"turns":5},{"damage":6,"enemies":"2 Louse","floor":3,"turns":4},{"damage":4,"enemies":"Jaw Worm","floor":5,"turns":4},{"damage":3,"enemies":"Cultist","floor":6,"turns":4},{"damage":13,"enemies":"Lots of Slimes","floor":9,"turns":4},{"damage":0,"enemies":"Large Slime","floor":10,"turns":6},{"damage":1,"enemies":"2 Fungi Beasts","floor":11,"turns":3},{"damage":7,"enemies":"HollowMod:MossKnight","floor":12,"turns":6},{"damage":9,"enemies":"Blue Slaver","floor":14,"turns":3},{"damage":11,"enemies":"Red Slaver","floor":15,"turns":3},{"damage":28,"enemies":"downfall:Ironclad","floor":16,"turns":7},{"damage":15,"enemies":"Shell Parasite","floor":19,"turns":4},{"damage":4,"enemies":"downfall:FleeingMerchant","floor":21,"turns":4},{"damage":8,"enemies":"Spheric Guardian","floor":22,"turns":4},{"damage":4,"enemies":"downfall:FleeingMerchant","floor":23,"turns":4},{"damage":24,"enemies":"Book of Stabbing","floor":27,"turns":4},{"damage":8,"enemies":"Centurion and Healer","floor":28,"turns":4},{"damage":6,"enemies":"Cultist and Chosen","floor":29,"turns":4},{"damage":5,"enemies":"Chosen and Byrds","floor":31,"turns":4},{"damage":9,"enemies":"Centurion and Healer","floor":32,"turns":4},{"damage":34,"enemies":"downfall:Watcher","floor":33,"turns":6},{"damage":2,"enemies":"Orb Walker","floor":36,"turns":2},{"damage":27,"enemies":"3 Darklings","floor":37,"turns":4},{"damage":0,"enemies":"Transient","floor":38,"turns":5},{"damage":9,"enemies":"Spire Growth","floor":46,"turns":3},{"damage":7,"enemies":"3 Darklings","floor":47,"turns":4},{"damage":0,"enemies":"Orin","floor":48,"turns":4},{"damage":58,"enemies":"Writhing Mass","floor":49,"turns":5},{"damage":57,"enemies":"downfall:Silent","floor":50,"turns":4}],"seed_played":"2306661801240745103","potions_obtained":[{"floor":5,"key":"EntropicBrew"},{"floor":9,"key":"SkillPotion"},{"floor":14,"key":"ColorlessPotion"},{"floor":19,"key":"Toxic Potion"},{"floor":22,"key":"BlessingOfTheForge"},{"floor":32,"key":"champ:CounterPotion"},{"floor":36,"key":"SteroidPotion"},{"floor":37,"key":"AttackPotion"}],"is_trial":false,"path_per_floor":["R_BF","?","M","T","M","M","T","R","M","M","M","E","R","M","M","B",null,"R","M","?","$","M","$","T","?","R","E","M","M","R","M","M","B",null,"R","M","M","M","$","R","T","$","R","?","R","M","M","?","M","B"],"character_chosen":"THE_SPIRIT","items_purchased":["hexamod:ThermalTransfer","Happy Flower","Replay:Bottled Flurry","DollysMirror"],"campfire_rested":4,"item_purchase_floors":[21,21,23,39],"current_hp_per_floor":[77,43,37,37,38,35,35,35,27,32,31,24,47,38,27,4,77,77,62,62,63,55,51,51,51,74,50,42,41,64,59,50,36,77,77,75,53,53,53,53,53,53,53,53,76,67,60,60,12,0,0,0],"gold":381,"neow_bonus":"TEN_PERCENT_HP_BONUS","is_daily":false,"chose_seed":false,"campfire_upgraded":5,"win_rate":0.0,"timestamp":1609067293,"path_taken":["R_BF","?","M","?","M","M","T","R","?","M","M","E","R","?","M","BOSS","R","M","?","$","M","$","T","?","R","E","M","M","R","M","M","BOSS","R","M","M","M","$","R","T","$","R","?","R","M","M","?","M","BOSS"],"items_purchased_type":["Card","Relic","Relic","Relic"],"build_version":"2020-12-22","purchased_purges":3,"victory":false,"max_hp_per_floor":[77,77,77,77,77,77,77,77,77,77,77,77,77,77,77,77,77,77,77,77,77,77,77,77,77,77,77,77,77,77,77,77,77,77,77,77,77,77,77,77,77,77,77,77,77,77,77,77,77,77,77,77],"card_choices":[{"not_picked":["hexamod:SpectersWail","hexamod:Firestarter"],"picked":"hexamod:Incineration","floor":2},{"not_picked":["hexamod:GhostLash","hexamod:EmpoweredFlame"],"picked":"hexamod:RadiantFlame","floor":3},{"not_picked":["hexamod:NightmareStrike","hexamod:ThirdSeal","hexamod:NightmareGuise"],"picked":"SKIP","floor":5},{"not_picked":["hexamod:ShieldOfDarkness","hexamod:InspiringFlames"],"picked":"hexamod:SoulSteal","floor":6},{"not_picked":["hexamod:NightmareGuise","hexamod:GhostOfSpirePast"],"picked":"hexamod:RainOfEmbers","floor":9},{"not_picked":["hexamod:BacktrackSmack","hexamod:SpectersWail","hexamod:GhostLash"],"picked":"SKIP","floor":10},{"not_picked":["hexamod:CrushingStance","hexamod:Hexaguard"],"picked":"hexamod:BurningTouch","floor":11},{"not_picked":["hexamod:InspiringFlames","hexamod:RainOfEmbers"],"picked":"hexamod:HeatCrush","floor":12},{"not_picked":["hexamod:FastForward","hexamod:BacktrackSmack"],"picked":"hexamod:Again","floor":14},{"not_picked":["hexamod:UnleashSpirits","hexamod:HeatCrush"],"picked":"hexamod:HeatShield","floor":15},{"not_picked":["hexamod:TimeOfNeed","hexamod:ParanormalForm"],"picked":"hexamod:WildfireWeapon","floor":16},{"not_picked":["hexamod:InspiringFlames","hexamod:AdvancingGuard"],"picked":"hexamod:ChargedBarrage","floor":19},{"not_picked":["hexamod:DynamicBlow+1","hexamod:ShieldOfDarkness"],"picked":"hexamod:BurningTouch","floor":21},{"not_picked":["hexamod:FirstSeal","hexamod:DynamicBlow","hexamod:SecondSeal"],"picked":"SKIP","floor":22},{"not_picked":["hexamod:Haunt","hexamod:SwordOfDarkness","hexamod:NightmareStrike"],"picked":"SKIP","floor":23},{"not_picked":["hexamod:SwordOfDarkness+1","hexamod:NightmareStrike+1","hexamod:GhostOfSpirePresent"],"picked":"SKIP","floor":27},{"not_picked":["hexamod:EtherealExpedition","hexamod:StepThrough+1","hexamod:FastForward+1"],"picked":"SKIP","floor":28},{"not_picked":["hexamod:DynamicBlow","hexamod:RainOfEmbers","hexamod:SpectersWail"],"picked":"SKIP","floor":29},{"not_picked":["hexamod:NightmareStrike+1","hexamod:GhostOfSpirePast+1","hexamod:ShieldOfDarkness+1"],"picked":"SKIP","floor":31},{"not_picked":["hexamod:BacktrackSmack","hexamod:ThirdSeal","hexamod:GhostShield+1"],"picked":"SKIP","floor":32},{"not_picked":["hexamod:EmpoweringStance","hexamod:UnleashSpirits"],"picked":"hexamod:SearingWound","floor":33},{"not_picked":["hexamod:FirstSeal","hexamod:Hexaguard+1"],"picked":"hexamod:HeatShield+1","floor":36},{"not_picked":["hexamod:ThermalTransfer","hexamod:NightmareGuise+1","hexamod:GhostLash+1"],"picked":"SKIP","floor":37},{"not_picked":["hexamod:FastForward+1","hexamod:GhostShield+1","hexamod:ShieldOfDarkness"],"picked":"SKIP","floor":38},{"not_picked":["hexamod:HauntingEcho+1","hexamod:SpectersWail+1","hexamod:Hexaguard"],"picked":"SKIP","floor":46},{"not_picked":["hexamod:GhostLash+1","hexamod:GhostOfSpirePast","hexamod:SpectersWail"],"picked":"SKIP","floor":47},{"not_picked":["hexamod:HeatMetal","hexamod:GhostLash+1"],"picked":"hexamod:BurningTouch+1","floor":48},{"not_picked":["hexamod:Incineration+1","hexamod:GhostShield+1","hexamod:HauntingEcho+1"],"picked":"SKIP","floor":49}],"player_experience":29580,"relics_obtained":[{"floor":4,"key":"Toy Ornithopter"},{"floor":7,"key":"Pen Nib"},{"floor":12,"key":"Boot"},{"floor":24,"key":"Replay:Rubber Ducky"},{"floor":27,"key":"ReplayTheSpireMod:Lightbulb"},{"floor":41,"key":"HornCleat"},{"floor":48,"key":"CatCart"}],"event_choices":[{"damage_healed":0,"gold_gain":0,"player_choice":"Fight","damage_taken":0,"max_hp_gain":0,"max_hp_loss":0,"event_name":"OrinTheCat","floor":48,"gold_loss":0}],"is_beta":false,"boss_relics":[{"not_picked":["Snecko Eye","Replay:Bronze Core"],"picked":"hexamod:IceCube"},{"not_picked":["Replay:Grab Bag","Hololive_Finger"],"picked":"Cursed Key"}],"items_purged_floors":[23,39,42],"is_endless":false,"potions_floor_spawned":[5,6,9,14,15,19,22,27,32,36,37],"killed_by":"downfall:Silent","ascension_level":0}}