{"host":"rqd50iigewdjy74u","time":1609064523,"event":{"mods":["AchievementEnabler","BaseMod","BetterRewards","Custom Start","Minty Spire (QoL Compilation)","StSLib"],"gold_per_floor":[12,26,40,56,56,56,87,87,111,125,125,125,143,179,179,179,179],"floor_reached":16,"playtime":698,"items_purged":[],"score":112,"play_id":"69c0c78c-ba8b-4164-af30-71ebb1b95ec2","local_time":"20201227042203","is_ascension_mode":false,"campfire_choices":[{"data":"1","floor":6,"key":"LIFT"},{"data":"2","floor":8,"key":"LIFT"},{"data":"3","floor":12,"key":"LIFT"},{"data":"Noxious Fumes","floor":15,"key":"SMITH"}],"circlet_count":0,"master_deck":["Strike_G","Strike_G","Strike_G","Strike_G","Strike_G","Defend_G","Defend_G","Defend_G","Defend_G","Defend_G","Survivor","Neutralize","Footwork","Dagger Spray","Outmaneuver","Flying Knee","Crippling Poison","Backstab","Noxious Fumes+1"],"relics":["Ring of the Snake","Girya","Golden Idol","Bag of Marbles","Happy Flower","Lantern"],"acts_visited":["Exordium"],"potions_floor_usage":[7,14,14,14],"damage_taken":[{"damage":9,"enemies":"2 Louse","floor":1,"turns":3},{"damage":3,"enemies":"Small Slimes","floor":2,"turns":4},{"damage":2,"enemies":"Cultist","floor":3,"turns":4},{"damage":11,"enemies":"Gremlin Gang","floor":4,"turns":7},{"damage":18,"enemies":"Gremlin Nob","floor":7,"turns":5},{"damage":0,"enemies":"Large Slime","floor":10,"turns":5},{"damage":0,"enemies":"3 Louse","floor":13,"turns":1},{"damage":1,"enemies":"3 Sentries","floor":14,"turns":4},{"damage":16,"enemies":"The Guardian","floor":16,"turns":6}],"seed_played":"-2239190974021441194","potions_obtained":[{"floor":1,"key":"LiquidMemories"},{"floor":2,"key":"PowerPotion"},{"floor":7,"key":"EssenceOfSteel"},{"floor":10,"key":"Regen Potion"},{"floor":13,"key":"DistilledChaos"}],"is_trial":false,"path_per_floor":["M","M","M","M","?","R","E","R","T","M","?","R","M","E","R","B"],"character_chosen":"THE_SILENT","items_purchased":[],"campfire_rested":0,"item_purchase_floors":[],"current_hp_per_floor":[61,58,56,45,28,28,10,10,10,10,3,3,3,16,16,0,0],"gold":179,"neow_bonus":"ONE_RARE_RELIC","is_daily":false,"chose_seed":false,"campfire_upgraded":1,"win_rate":0.0,"timestamp":1609064523,"path_taken":["M","M","M","M","?","R","E","R","T","M","?","R","?","E","R","BOSS"],"items_purchased_type":[],"build_version":"2020-12-22","purchased_purges":0,"victory":false,"max_hp_per_floor":[70,70,70,70,70,70,70,70,70,70,70,70,70,70,70,70,70],"card_choices":[{"not_picked":["Flechettes","Eviscerate"],"picked":"Footwork","floor":1},{"not_picked":["Accuracy","PiercingWail"],"picked":"Dagger Spray","floor":2},{"not_picked":["Prepared","Cloak And Dagger"],"picked":"Outmaneuver","floor":3},{"not_picked":["Slice","Cloak And Dagger"],"picked":"Flying Knee","floor":4},{"not_picked":["Predator","Deadly Poison"],"picked":"Crippling Poison","floor":7},{"not_picked":["Riddle With Holes","Terror"],"picked":"Backstab","floor":10},{"not_picked":["Blade Dance","Dagger Throw","Dodge and Roll"],"picked":"SKIP","floor":13},{"not_picked":["Calculated Gamble","Predator"],"picked":"Noxious Fumes","floor":14}],"player_experience":115287,"relics_obtained":[{"floor":7,"key":"Bag of Marbles"},{"floor":9,"key":"Happy Flower"},{"floor":14,"key":"Lantern"}],"event_choices":[{"damage_healed":0,"gold_gain":0,"player_choice":"Take Damage","damage_taken":17,"relics_obtained":["Golden Idol"],"max_hp_gain":0,"max_hp_loss":0,"event_name":"Golden Idol","floor":5,"gold_loss":0},{"damage_healed":0,"gold_gain":0,"player_choice":"Damaged","damage_taken":7,"max_hp_gain":0,"max_hp_loss":0,"event_name":"Wheel of Change","floor":11,"gold_loss":0}],"is_beta":false,"boss_relics":[],"items_purged_floors":[],"is_endless":false,"potions_floor_spawned":[1,2,7,10,13],"killed_by":"The Guardian","ascension_level":0}}