{"host":"2461dio7vetlq1z3","time":1609071263,"event":{"mods":["2.2 Compatiblity","AchievementEnabler","Aspiration","BaseMod","Better Third Choice","Friendly Minions","Hermit","Minty Spire (QoL Compilation)","Relic Stats","Spicy Shops","StSLib","The Animator","Waifu the Spire"],"gold_per_floor":[112,187,201,30,44,373,388,388,411,444,461,461,481,512,512,512,512],"floor_reached":16,"playtime":432,"items_purged":[],"score":244,"play_id":"a2aa5ba3-cc1c-49f3-b866-4fdf3aa6287f","local_time":"20201227131423","is_ascension_mode":true,"campfire_choices":[{"data":"Sunder","floor":8,"key":"SMITH"},{"data":"Sweeping Beam","floor":12,"key":"SMITH"},{"data":"Beam Cell","floor":15,"key":"SMITH"}],"circlet_count":0,"master_deck":["AscendersBane","Strike_B","Strike_B","Strike_B","Strike_B","Defend_B","Defend_B","Defend_B","Defend_B","Zap","Dualcast","Cold Snap","Conserve Battery","Sweeping Beam+1","Sunder+1","aspiration:Polymerization","Compile Driver","Seek","Beam Cell+1"],"relics":["Busted Crown","Old Coin","Bronze Scales","Centennial Puzzle","Question Card"],"acts_visited":["Exordium"],"potions_floor_usage":[16],"damage_taken":[{"damage":0,"enemies":"Cultist","floor":1,"turns":3},{"damage":0,"enemies":"2 Louse","floor":3,"turns":3},{"damage":0,"enemies":"Small Slimes","floor":5,"turns":2},{"damage":15,"enemies":"Lagavulin","floor":6,"turns":7},{"damage":6,"enemies":"Looter","floor":7,"turns":2},{"damage":1,"enemies":"3 Sentries","floor":10,"turns":7},{"damage":2,"enemies":"2 Fungi Beasts","floor":11,"turns":3},{"damage":2,"enemies":"Exordium Wildlife","floor":13,"turns":3},{"damage":1,"enemies":"Lagavulin","floor":14,"turns":3},{"damage":26,"enemies":"The Guardian","floor":16,"turns":7}],"seed_played":"7572150934105433409","potions_obtained":[{"floor":6,"key":"DistilledChaos"},{"floor":10,"key":"FocusPotion"},{"floor":11,"key":"Energy Potion"}],"is_trial":false,"path_per_floor":["M","?","M","$","M","E","M","R","T","E","M","R","M","E","R","B"],"character_chosen":"DEFECT","items_purchased":["Sweeping Beam","Sunder"],"campfire_rested":0,"item_purchase_floors":[4,4],"current_hp_per_floor":[64,53,53,53,53,38,32,32,32,31,29,29,27,26,26,0,0],"gold":512,"neow_bonus":"BOSS_RELIC","is_daily":false,"chose_seed":false,"campfire_upgraded":3,"win_rate":0.0,"timestamp":1609071263,"path_taken":["M","?","M","$","M","E","M","R","T","E","M","R","M","E","R","BOSS"],"items_purchased_type":["Card","Card"],"build_version":"2020-12-22","purchased_purges":0,"victory":false,"max_hp_per_floor":[71,71,71,71,71,71,71,71,71,71,71,71,71,71,71,71,71],"relic_stats":{"Centennial Puzzle":[12],"Busted Crown":18,"counters":[10,40],"Bronze Scales":[45],"Question Card":0,"obtain_stats":[{"Centennial Puzzle":10,"Busted Crown":0,"Bronze Scales":9,"Cracked Core":0,"Question Card":14,"Old Coin":6},{"Centennial Puzzle":6,"Busted Crown":0,"Bronze Scales":5,"Cracked Core":0,"Question Card":9,"Old Coin":4},{"Centennial Puzzle":24,"Busted Crown":0,"Bronze Scales":17,"Cracked Core":0,"Question Card":33,"Old Coin":15}]},"card_choices":[{"not_picked":[],"picked":"Cold Snap","floor":1},{"not_picked":[],"picked":"Conserve Battery","floor":3},{"not_picked":["Stack"],"picked":"SKIP","floor":5},{"not_picked":[],"picked":"aspiration:Polymerization","floor":6},{"not_picked":[],"picked":"Compile Driver","floor":7},{"not_picked":[],"picked":"Seek","floor":10},{"not_picked":["Turbo"],"picked":"SKIP","floor":11},{"not_picked":[],"picked":"Beam Cell","floor":13},{"not_picked":["Blizzard"],"picked":"SKIP","floor":14}],"player_experience":1010181,"relics_obtained":[{"floor":6,"key":"Old Coin"},{"floor":9,"key":"Bronze Scales"},{"floor":10,"key":"Centennial Puzzle"},{"floor":14,"key":"Question Card"}],"event_choices":[{"damage_healed":0,"gold_gain":75,"player_choice":"Gold","damage_taken":11,"max_hp_gain":0,"max_hp_loss":0,"event_name":"betterThird:BetterGoop","floor":2,"gold_loss":0}],"is_beta":false,"boss_relics":[],"items_purged_floors":[],"is_endless":false,"potions_floor_spawned":[6,10,11],"killed_by":"The Guardian","ascension_level":20}}