{"host":"wjw2tk2y2rycscg9","time":1609027750,"event":{"mods":["2.2 Compatiblity","Act Like it!","Aspiration","BaseMod","Colored Map","Dota2Spire","Downfall","Hallownest","Hubris","Infinite Spire","Marisa????????","Minty Spire (QoL Compilation)","Relic Stats","Replay The Spire","Shade Mod","StSLib","The Alterego","The Servant 0.9.4","TheSwordswoman","Unceasing Turn Reminder","Yakumo Yukari mod"],"gold_per_floor":[116,116,5,18,18,52,66,66,134,134,174,349,349,76,76,178,178,194,206,256,268,288,288,316,332,332,332,362,373,383,383,383,485,485,500,513,533,546,562,589,589,614,668,668,668,678,678,692,692,788,888,898,373,373,373,379,379,383,402,402,402,398,405,426,426,426,491,491,475,734,728,728,713,713,715,750,750,750,39,39,39,38,38,114,114,119,129,351,340,340,327,327],"floor_reached":91,"playtime":5070,"items_purged":["Looming Evil","alterego_mod:Strike"],"score":1380,"play_id":"f80c7d54-bfdc-4107-886b-a12c6d53d449","local_time":"20201226170910","is_ascension_mode":false,"campfire_choices":[{"floor":8.0,"key":"REST"},{"data":"alterego_mod:Belle","floor":10.0,"key":"SMITH"},{"data":"alterego_mod:PurpleHair","floor":15.0,"key":"SMITH"},{"data":"alterego_mod:Smother","floor":23.0,"key":"SMITH"},{"data":"alterego_mod:Smother","floor":27.0,"key":"SMITH"},{"data":"alterego_mod:Smother","floor":32.0,"key":"SMITH"},{"floor":41.0,"key":"REST"},{"floor":47.0,"key":"REST"},{"floor":49.0,"key":"DIG"},{"data":"expansioncontent:LastStand","floor":57.0,"key":"SMITH"},{"data":"alterego_mod:AlterEgo","floor":74,"key":"SMITH"},{"data":"alterego_mod:AlterEgo","floor":78,"key":"SMITH"},{"data":"alterego_mod:Nekomimi","floor":80,"key":"SMITH"},{"floor":83,"key":"DIG"}],"circlet_count":0,"master_deck":["alterego_mod:Strike","alterego_mod:Impale","alterego_mod:BigMeatyClaws+1","alterego_mod:BrynhildrsRune","alterego_mod:Undulate+1","alterego_mod:Smother+1","alterego_mod:MagicResistance","alterego_mod:MaintainEyeContact","alterego_mod:PurpleHair+1","alterego_mod:Undulate","alterego_mod:Jiggle","alterego_mod:Smother+1","alterego_mod:Valkyrie","alterego_mod:Rip","alterego_mod:GoddessCore","alterego_mod:ChallengeComplete","alterego_mod:Rip","alterego_mod:Smother+1","alterego_mod:TrickOrTreatment","alterego_mod:Rip+1","alterego_mod:ChallengeComplete","alterego_mod:Undulate+1","alterego_mod:Nekomimi+1","alterego_mod:BrynhildrRomantia","expansioncontent:LastStand+1","Hallownest:skillLeafShield","Hallownest:skillLeafShield","Hallownest:skillLeafShield","Hallownest:skillLeafShield","Hallownest:skillLeafShield","alterego_mod:AlterEgo+1","alterego_mod:AlterEgo+1","infinitespire:UltimateForm"],"relics":["alterego_mod:MasochisticConstitution","ReplayTheSpireMod:Ring of Addiction","ReplayTheSpireMod:Ring of Collecting","Toy Ornithopter","SacredBark","Dota2Spire:Desolator","Replay:Bottled Flurry","Ring of Peace","Blue Candle","Replay:Wax Seal","War Paint","sneckomod:SneckoTalon","infinitespire:Golems Mask","Tiny House","Dota2Spire:MonkeyKingBar","Ring of Misfortune","infinitespire:Lucky Rock","Onion Ring","Dota2Spire:RefresherOrb","Dota2Spire:Mjollnir","Dota2Spire:BladeMail","Ring of Fury","hexamod:BolsterEngine","hubris:Icosahedron","Garlic","Replay:Wanted Poster","Dota2Spire:DivineRapier","ClockworkSouvenir","Hallownest:DreamNailRelic","ReplayTheSpireMod:Ring of Exchange","infinitespire:Midas Blood","hubris:Towel","Dota2Spire:Vanguard","Hallownest:SheosBrushRelic","Lee\u0027s Waffle","Hallownest:WatcherSealRelic","Ring of Searing","Kunai","Iron Hammer","Strange Spoon","BranchBurnRelic","Red Mask","Pet Ghost","aspiration:PoetsPen_weak","infinitespire:Lychee Nut"],"acts_visited":["Exordium","Exordium","TheBeyond","TheBeyond","Hallownest:Greenpath","TheBeyond"],"potions_floor_usage":[76,84,84],"damage_taken":[{"damage":10.0,"enemies":"Small Slimes","floor":1.0,"turns":3.0},{"damage":5.0,"enemies":"2 Louse","floor":4.0,"turns":5.0},{"damage":21.0,"enemies":"Gremlin Nob","floor":6.0,"turns":5.0},{"damage":6.0,"enemies":"Cultist","floor":7.0,"turns":6.0},{"damage":4.0,"enemies":"Lagavulin","floor":11.0,"turns":14.0},{"damage":39.0,"enemies":"Hexaghost","floor":16.0,"turns":12.0},{"damage":15.0,"enemies":"Hallownest:2_Mistakes","floor":18.0,"turns":15.0},{"damage":14.0,"enemies":"Hallownest:Flukemon_and_Top","floor":19.0,"turns":6.0},{"damage":53.0,"enemies":"Hallownest:3_Mistakes","floor":21.0,"turns":13.0},{"damage":10.0,"enemies":"Hallownest:monsterShrumalOgre","floor":22.0,"turns":5.0},{"damage":7.0,"enemies":"Hallownest:eliteSoulWarrior","floor":24.0,"turns":7.0},{"damage":5.0,"enemies":"Hallownest:Master_and_Novice","floor":25.0,"turns":5.0},{"damage":15.0,"enemies":"Hallownest:eliteWatcherKnight","floor":28.0,"turns":11.0},{"damage":0.0,"enemies":"Hallownest:2_Flukemon","floor":29.0,"turns":9.0},{"damage":0.0,"enemies":"Hallownest:2_Husk_Sentries","floor":30.0,"turns":4.0},{"damage":20.0,"enemies":"Hallownest:BossMantisLord","floor":33.0,"turns":7.0},{"damage":1.0,"enemies":"Orb Walker","floor":35.0,"turns":4.0},{"damage":0.0,"enemies":"3 Shapes","floor":36.0,"turns":5.0},{"damage":25.0,"enemies":"Sphere and 2 Shapes","floor":37.0,"turns":8.0},{"damage":3.0,"enemies":"Spire Growth","floor":38.0,"turns":6.0},{"damage":25.0,"enemies":"Maw","floor":39.0,"turns":7.0},{"damage":13.0,"enemies":"R_Hoarder","floor":40.0,"turns":9.0},{"damage":65.0,"enemies":"Nightmare","floor":42.0,"turns":9.0},{"damage":4.0,"enemies":"Sphere and 2 Shapes","floor":46.0,"turns":6.0},{"damage":4.0,"enemies":"4 Shapes","floor":48.0,"turns":3.0},{"damage":51.0,"enemies":"Replay:Hell Engine","floor":50.0,"turns":14.0},{"damage":0.0,"enemies":"Hallownest:monsterHuskWarrior","floor":52.0,"turns":2.0},{"damage":0.0,"enemies":"Hallownest:2_Baldur","floor":56.0,"turns":2.0},{"damage":0.0,"enemies":"2_ Uuma","floor":58.0,"turns":2.0},{"damage":0.0,"enemies":"Hallownest:eliteCrystalGuardian","floor":59.0,"turns":2.0},{"damage":0.0,"enemies":"Hallownest:monsterFoolEater","floor":62.0,"turns":4.0},{"damage":0.0,"enemies":"Hallownest:1_Baldur_1_Crawlid_1_Warrior","floor":63.0,"turns":1.0},{"damage":0.0,"enemies":"Hallownest:eliteMossKnight","floor":64.0,"turns":1.0},{"damage":74.0,"enemies":"Hallownest:BossHornet","floor":67.0,"turns":6.0},{"damage":9,"enemies":"Hallownest:Guard_and_Sentry","floor":69,"turns":4},{"damage":0,"enemies":"Hallownest:3_Youths","floor":71,"turns":1},{"damage":23,"enemies":"Hallownest:Warrior_and_Youth","floor":73,"turns":6},{"damage":17,"enemies":"Hallownest:Glutton_and_Coward","floor":76,"turns":5},{"damage":0,"enemies":"Hallownest:2_Husk_Sentries","floor":82,"turns":1},{"damage":35,"enemies":"Hallownest:BossGrimm","floor":84,"turns":5},{"damage":6,"enemies":"Orb Walker","floor":86,"turns":2},{"damage":18,"enemies":"3 Shapes","floor":87,"turns":3},{"damage":10,"enemies":"Maw","floor":89,"turns":4},{"damage":91,"enemies":"Nemesis","floor":91,"turns":2}],"seed_played":"4716466992043198763","potions_obtained":[{"floor":2.0,"key":"DistilledChaos"},{"floor":2.0,"key":"Flashbang"},{"floor":2.0,"key":"Cursed Concoction"},{"floor":4.0,"key":"Toxic Potion"},{"floor":11.0,"key":"Swift Potion"},{"floor":16.0,"key":"SpeedPotion"},{"floor":18.0,"key":"Regen Potion"},{"floor":20.0,"key":"FairyPotion"},{"floor":21.0,"key":"Energy Potion"},{"floor":22.0,"key":"Strength Potion"},{"floor":24.0,"key":"Death Potion"},{"floor":29.0,"key":"BlessingOfTheForge"},{"floor":37.0,"key":"EssenceOfSteel"},{"floor":38.0,"key":"Reflective Coating"},{"floor":40.0,"key":"Explosive Potion"},{"floor":42.0,"key":"ColorlessPotion"},{"floor":50.0,"key":"PowerPotion"},{"floor":52.0,"key":"Swift Potion"},{"floor":62.0,"key":"Fruit Juice"},{"floor":67.0,"key":"SpeedPotion"},{"floor":71,"key":"Slimebound:ThreeZeroPotion"},{"floor":84,"key":"FearPotion"},{"floor":86,"key":"Fire Potion"}],"is_trial":true,"path_per_floor":["M","?","$","M","?","E","M","R","T","R","E","?","?","$","R","B",null,"M","M","AVR","M","M","R","E","M","T","R","E","M","M","?","R_BF","B",null,"M","M","M","M","M","E","R","NM","T","?","?","M","R","M","R_BF","B",null,"M","$","?","?","M","R","M","E","T","?","M","M","E","?","R","B",null,"M","?","M","?","M","R","?","M","T","R","$","R","?","M","R_BF","B",null,"M","M","?","M","AVR","E"],"character_chosen":"The_Alterego","items_purchased":["alterego_mod:Smother","Replay:Wax Seal","alterego_mod:Smother","War Paint","Dota2Spire:DivineRapier","ClockworkSouvenir","expansioncontent:LastStand","Iron Hammer","Dead Branch","Strange Spoon"],"campfire_rested":3,"item_purchase_floors":[3,14,14,14,53,53,53,79,79,79],"current_hp_per_floor":[61,61,61,57,57,50,52,72,72,70,71,71,69,69,69,36,68,61,62,67,76,67,67,73,79,79,79,63,78,78,78,78,66,79,79,80,61,64,45,42,66,18,18,18,18,33,57,61,61,30,82,82,82,80,80,79,77,77,80,78,78,78,76,76,76,74,11,92,84,84,84,84,72,72,68,76,76,76,76,76,76,76,76,65,91,92,75,75,73,69,0,0],"gold":327,"neow_bonus":"","is_daily":false,"chose_seed":false,"campfire_upgraded":9,"win_rate":0.0,"timestamp":1609027750,"path_taken":["M","?","$","M","?","E","M","R","T","R","E","?","?","$","R","BOSS","M","?","AVR","M","M","R","E","M","T","R","E","M","M","?","R_BF","BOSS","M","?","?","M","M","E","R","NM","T","?","?","?","R","M","R_BF","BOSS","M","$","?","?","M","R","?","E","T","?","M","?","E","?","R","BOSS","M","?","M","?","M","R","?","?","T","R","?","R","?","M","R_BF","BOSS","M","?","?","M","AVR","E"],"items_purchased_type":["Card","Relic","Card","Relic","Relic","Relic","Card","Relic","Relic","Relic"],"build_version":"2020-12-22","purchased_purges":2,"victory":false,"max_hp_per_floor":[71,71,71,72,72,71,72,72,72,70,71,71,69,69,69,68,68,69,70,75,76,77,77,78,79,79,79,78,78,78,78,78,79,79,80,80,79,80,81,82,82,83,81,81,81,80,80,81,81,82,82,82,82,80,80,79,77,77,80,78,78,78,76,76,76,74,85,92,93,93,93,91,95,95,93,94,94,94,94,92,92,92,90,91,91,92,93,91,92,69,67,67],"relic_stats":{"Strange Spoon":[15],"Lee\u0027s Waffle":81,"counters":[44,244],"Blue Candle":[5],"Kunai":[8],"War Paint":["alterego_mod:Undulate","alterego_mod:Defend"],"obtain_stats":[{"ReplayTheSpireMod:Ring of Exchange":60,"Tiny House":20,"SacredBark":2,"Dota2Spire:RefresherOrb":34,"Dota2Spire:Vanguard":64,"aspiration:PoetsPen_weak":85,"Hallownest:DreamNailRelic":55,"Pet Ghost":83,"ClockworkSouvenir":53,"Hallownest:SheosBrushRelic":65,"Ring of Searing":77,"Replay:Wanted Poster":51,"BranchBurnRelic":80,"hubris:Icosahedron":44,"Ring of Peace":9,"Dota2Spire:BladeMail":42,"infinitespire:Golems Mask":20,"Dota2Spire:Mjollnir":40,"Dota2Spire:DivineRapier":53,"Iron Hammer":79,"Replay:Bottled Flurry":9,"Red Mask":81,"Kunai":77,"Replay:Wax Seal":14,"alterego_mod:MasochisticConstitution":0,"Lee\u0027s Waffle":68,"ReplayTheSpireMod:Ring of Addiction":2,"Blue Candle":11,"Dead Branch":79,"infinitespire:Lucky Rock":26,"War Paint":14,"hubris:Towel":61,"sneckomod:SneckoTalon":17,"Strange Spoon":79,"Hallownest:WatcherSealRelic":72,"infinitespire:Lychee Nut":90,"ReplayTheSpireMod:Ring of Collecting":2,"Ring of Misfortune":26,"Onion Ring":28,"Ring of Fury":43,"Garlic":49,"Art of War":59,"hexamod:BolsterEngine":43,"Dota2Spire:MonkeyKingBar":24,"Toy Ornithopter":2,"Dota2Spire:Desolator":6,"infinitespire:Midas Blood":60},{"ReplayTheSpireMod:Ring of Exchange":30,"Tiny House":8,"SacredBark":1,"Dota2Spire:RefresherOrb":16,"Dota2Spire:Vanguard":33,"aspiration:PoetsPen_weak":40,"Hallownest:DreamNailRelic":27,"Pet Ghost":39,"ClockworkSouvenir":27,"Hallownest:SheosBrushRelic":33,"Ring of Searing":38,"Replay:Wanted Poster":26,"BranchBurnRelic":38,"hubris:Icosahedron":23,"Ring of Peace":4,"Dota2Spire:BladeMail":23,"infinitespire:Golems Mask":8,"Dota2Spire:Mjollnir":22,"Dota2Spire:DivineRapier":27,"Iron Hammer":38,"Replay:Bottled Flurry":4,"Red Mask":38,"Kunai":38,"Replay:Wax Seal":5,"alterego_mod:MasochisticConstitution":0,"Lee\u0027s Waffle":34,"ReplayTheSpireMod:Ring of Addiction":1,"Blue Candle":5,"Dead Branch":38,"infinitespire:Lucky Rock":12,"War Paint":5,"hubris:Towel":30,"sneckomod:SneckoTalon":6,"Strange Spoon":38,"Hallownest:WatcherSealRelic":36,"infinitespire:Lychee Nut":43,"ReplayTheSpireMod:Ring of Collecting":1,"Ring of Misfortune":12,"Onion Ring":13,"Ring of Fury":23,"Garlic":25,"Art of War":30,"hexamod:BolsterEngine":23,"Dota2Spire:MonkeyKingBar":11,"Toy Ornithopter":1,"Dota2Spire:Desolator":3,"infinitespire:Midas Blood":30},{"ReplayTheSpireMod:Ring of Exchange":200,"Tiny House":64,"SacredBark":3,"Dota2Spire:RefresherOrb":124,"Dota2Spire:Vanguard":206,"aspiration:PoetsPen_weak":233,"Hallownest:DreamNailRelic":194,"Pet Ghost":228,"ClockworkSouvenir":194,"Hallownest:SheosBrushRelic":206,"Ring of Searing":227,"Replay:Wanted Poster":192,"BranchBurnRelic":227,"hubris:Icosahedron":169,"Ring of Peace":17,"Dota2Spire:BladeMail":169,"infinitespire:Golems Mask":64,"Dota2Spire:Mjollnir":160,"Dota2Spire:DivineRapier":194,"Iron Hammer":227,"Replay:Bottled Flurry":17,"Red Mask":227,"Kunai":227,"Replay:Wax Seal":31,"alterego_mod:MasochisticConstitution":0,"Lee\u0027s Waffle":212,"ReplayTheSpireMod:Ring of Addiction":3,"Blue Candle":31,"Dead Branch":227,"infinitespire:Lucky Rock":94,"War Paint":31,"hubris:Towel":200,"sneckomod:SneckoTalon":43,"Strange Spoon":227,"Hallownest:WatcherSealRelic":217,"infinitespire:Lychee Nut":242,"ReplayTheSpireMod:Ring of Collecting":3,"Ring of Misfortune":94,"Onion Ring":105,"Ring of Fury":169,"Garlic":178,"Art of War":200,"hexamod:BolsterEngine":169,"Dota2Spire:MonkeyKingBar":89,"Toy Ornithopter":3,"Dota2Spire:Desolator":12,"infinitespire:Midas Blood":200}],"Toy Ornithopter":58},"card_choices":[{"not_picked":["alterego_mod:Lingerie","alterego_mod:Punishment"],"picked":"alterego_mod:Undulate","floor":1.0},{"not_picked":["alterego_mod:Skirt","alterego_mod:Cooking"],"picked":"alterego_mod:MagicResistance","floor":4.0},{"not_picked":["alterego_mod:Belle","alterego_mod:PainIsPleasure","alterego_mod:Cycle"],"picked":"SKIP","floor":6.0},{"not_picked":["alterego_mod:Schoolgirl","alterego_mod:Pet","alterego_mod:DeftHands"],"picked":"SKIP","floor":7.0},{"not_picked":["alterego_mod:Complex","alterego_mod:Antipathy","alterego_mod:DustData"],"picked":"SKIP","floor":11.0},{"not_picked":["alterego_mod:InsideBaseball","alterego_mod:RingBreak"],"picked":"alterego_mod:Valkyrie","floor":16.0},{"not_picked":["alterego_mod:Jiggle","alterego_mod:BoobPocket","alterego_mod:PerceptionDisorder+1"],"picked":"SKIP","floor":18.0},{"not_picked":["alterego_mod:Swimsuit","alterego_mod:TrashNCrash","alterego_mod:Complex"],"picked":"SKIP","floor":19.0},{"not_picked":["alterego_mod:Santa","alterego_mod:SuperDuperMasochism"],"picked":"alterego_mod:Rip","floor":20.0},{"not_picked":["alterego_mod:BusterCard","alterego_mod:Clones+1"],"picked":"alterego_mod:GoddessCore","floor":21.0},{"not_picked":["alterego_mod:HighServant","alterego_mod:Complex","alterego_mod:GoddessCore"],"picked":"SKIP","floor":22.0},{"not_picked":["alterego_mod:Valentines","alterego_mod:DeftHands","alterego_mod:Stockings+1"],"picked":"SKIP","floor":24.0},{"not_picked":["alterego_mod:MagicResistance","alterego_mod:Belts"],"picked":"alterego_mod:ChallengeComplete","floor":25.0},{"not_picked":["alterego_mod:IdEs","alterego_mod:Cooking"],"picked":"alterego_mod:Rip","floor":28.0},{"not_picked":["alterego_mod:TrashNCrash","alterego_mod:DeftHands","alterego_mod:GoddessCore"],"picked":"SKIP","floor":29.0},{"not_picked":["alterego_mod:Birthday","alterego_mod:PresenceConcealment"],"picked":"alterego_mod:Smother","floor":30.0},{"not_picked":["alterego_mod:Lift","alterego_mod:SideboobHour"],"picked":"alterego_mod:TrickOrTreatment","floor":33.0},{"not_picked":["alterego_mod:Cooking","alterego_mod:RidiculouslyBig+1"],"picked":"alterego_mod:Rip+1","floor":35.0},{"not_picked":["alterego_mod:SakuraPetals+1","alterego_mod:Cooking","alterego_mod:Jiggle+1"],"picked":"SKIP","floor":36.0},{"not_picked":["alterego_mod:RocketPunch+1","alterego_mod:Cycle","alterego_mod:Crossover+1"],"picked":"SKIP","floor":37.0},{"not_picked":["alterego_mod:1TonWallop+1","alterego_mod:GachaTicket+1","alterego_mod:DiscoLights"],"picked":"SKIP","floor":38.0},{"not_picked":["alterego_mod:Pet+1","alterego_mod:Crossover+1"],"picked":"alterego_mod:ChallengeComplete","floor":39.0},{"not_picked":["alterego_mod:DeftHands","alterego_mod:Bounce+1"],"picked":"alterego_mod:Undulate+1","floor":40.0},{"not_picked":["alterego_mod:MaintainEyeContact","alterego_mod:1TonWallop+1","alterego_mod:Antipathy"],"picked":"SKIP","floor":42.0},{"not_picked":["alterego_mod:Bounce","alterego_mod:TrashNCrash"],"picked":"alterego_mod:Nekomimi","floor":46.0},{"not_picked":["alterego_mod:Rip","alterego_mod:Complex+1","alterego_mod:DiscoLights"],"picked":"SKIP","floor":48.0},{"not_picked":["alterego_mod:Alter","alterego_mod:SideboobHour"],"picked":"alterego_mod:BrynhildrRomantia","floor":50.0},{"not_picked":["alterego_mod:MagicResistance","alterego_mod:1TonWallop","alterego_mod:Complex"],"picked":"SKIP","floor":52.0},{"not_picked":["alterego_mod:PurpleHair","alterego_mod:Pet","alterego_mod:BiFurious"],"picked":"SKIP","floor":56.0},{"not_picked":["alterego_mod:Exercise","alterego_mod:HighServant","alterego_mod:Punishment"],"picked":"SKIP","floor":58.0},{"not_picked":["alterego_mod:PerceptionDisorder","alterego_mod:DestructionOfProperty","alterego_mod:1TonWallop"],"picked":"SKIP","floor":59.0},{"not_picked":["alterego_mod:Smother","alterego_mod:Mirror"],"picked":"alterego_mod:AlterEgo","floor":62.0},{"not_picked":["alterego_mod:Belle","alterego_mod:SakuraFive","alterego_mod:Birthday"],"picked":"SKIP","floor":63.0},{"not_picked":["alterego_mod:Clap","alterego_mod:Rip","alterego_mod:Santa"],"picked":"SKIP","floor":64.0},{"not_picked":["alterego_mod:Weigh","alterego_mod:Valkyrie"],"picked":"alterego_mod:AlterEgo","floor":67.0},{"not_picked":["alterego_mod:DustData","alterego_mod:Punishment","alterego_mod:Skirt+1"],"picked":"SKIP","floor":69},{"not_picked":["alterego_mod:Pet","alterego_mod:SakuraFive","alterego_mod:Jiggle"],"picked":"SKIP","floor":71},{"not_picked":["alterego_mod:TrashNCrash+1","alterego_mod:BreastValley","alterego_mod:HighServant+1"],"picked":"SKIP","floor":73},{"not_picked":["alterego_mod:1TonWallop","alterego_mod:HighServant+1","alterego_mod:MagicResistance"],"picked":"SKIP","floor":76},{"not_picked":["alterego_mod:Undulate","alterego_mod:Bunnysuit","alterego_mod:SuperDuperMasochism"],"picked":"SKIP","floor":82},{"not_picked":["infinitespire:FutureSight","infinitespire:Punishment"],"picked":"infinitespire:UltimateForm","floor":85},{"not_picked":["alterego_mod:RocketPunch","alterego_mod:Punishment","alterego_mod:DiscoLights"],"picked":"SKIP","floor":86},{"not_picked":["alterego_mod:BeGentle","alterego_mod:BustOut","alterego_mod:BrynhildrRomantia"],"picked":"SKIP","floor":87},{"not_picked":["alterego_mod:Pet","alterego_mod:DeftHands+1","alterego_mod:Clones"],"picked":"SKIP","floor":89}],"player_experience":1153642,"relics_obtained":[{"floor":2.0,"key":"ReplayTheSpireMod:Ring of Addiction"},{"floor":2.0,"key":"ReplayTheSpireMod:Ring of Collecting"},{"floor":2.0,"key":"Toy Ornithopter"},{"floor":2.0,"key":"SacredBark"},{"floor":6.0,"key":"Dota2Spire:Desolator"},{"floor":9.0,"key":"Replay:Bottled Flurry"},{"floor":9.0,"key":"Ring of Peace"},{"floor":11.0,"key":"Blue Candle"},{"floor":24.0,"key":"Dota2Spire:MonkeyKingBar"},{"floor":26.0,"key":"Ring of Misfortune"},{"floor":26.0,"key":"infinitespire:Lucky Rock"},{"floor":28.0,"key":"Onion Ring"},{"floor":40.0,"key":"Dota2Spire:Mjollnir"},{"floor":42.0,"key":"Dota2Spire:BladeMail"},{"floor":43.0,"key":"Ring of Fury"},{"floor":43.0,"key":"hexamod:BolsterEngine"},{"floor":49.0,"key":"Garlic"},{"floor":59.0,"key":"Art of War"},{"floor":60.0,"key":"ReplayTheSpireMod:Ring of Exchange"},{"floor":60.0,"key":"infinitespire:Midas Blood"},{"floor":64.0,"key":"Dota2Spire:Vanguard"},{"floor":77,"key":"Ring of Searing"},{"floor":77,"key":"Kunai"},{"floor":83,"key":"Pet Ghost"}],"event_choices":[{"damage_healed":0.0,"max_hp_gain":0.0,"max_hp_loss":0.0,"gold_gain":175.0,"event_name":"Liars Game","player_choice":"AGREE","floor":12.0,"gold_loss":0.0,"damage_taken":0.0,"cards_obtained":["Doubt"]},{"cards_removed":["Doubt"],"damage_healed":0.0,"max_hp_gain":0.0,"max_hp_loss":0.0,"gold_gain":0.0,"event_name":"Fountain of Cleansing","player_choice":"Removed Curses","floor":13.0,"gold_loss":0.0,"damage_taken":0.0},{"cards_removed":["alterego_mod:Strike"],"damage_healed":0.0,"max_hp_gain":0.0,"max_hp_loss":0.0,"gold_gain":0.0,"event_name":"Wheel of Change","player_choice":"Card Removal","floor":45.0,"gold_loss":0.0,"damage_taken":0.0},{"damage_healed":0,"gold_gain":222,"player_choice":"Wore Mask","damage_taken":0,"max_hp_gain":0,"max_hp_loss":0,"event_name":"Tomb of Lord Red Mask","floor":88,"gold_loss":0}],"is_beta":false,"boss_relics":[{"not_picked":["Black Star","Replay:Bronze Core"],"picked":"sneckomod:SneckoTalon"},{"not_picked":["Replay:Ancient Bell","hubris:GrandSneckoEye"],"picked":"Dota2Spire:RefresherOrb"},{"not_picked":["Kintsugi","Replay:Drink Me"],"picked":"Replay:Wanted Poster"},{"not_picked":["ReplayTheSpireMod:CursedCoin","hubris:Stopwatch"],"picked":"Lee\u0027s Waffle"},{"not_picked":["HandDrill","aspiration:RunicSpoon"],"picked":"aspiration:PoetsPen_weak"}],"items_purged_floors":[3,90],"is_endless":true,"potions_floor_spawned":[4,11,16,18,21,22,24,29,37,38,40,42,50,52,62,64,67,71,73,84,86],"killed_by":"Nemesis","ascension_level":0}}