{"host":"hfxahm4y1ssattqc","time":1609113133,"event":{"mods":["2.2 Compatiblity","Act Like it!","BaseMod","Beaked The Cultist","BetterRewards","Colored Map","Colored Powertips","Custom Start","Googly Eyes","Halation","Hallownest","Highlight Path","Hubris","Mimic Mod","Minty Spire (QoL Compilation)","Shop Mod","Spikes Relics","StSLib","The Bug Knight","The IronCluck","The Jungle","Unknown Chances","slay the spire mod where everything is the same but ironclad has a cowboy hat"],"gold_per_floor":[118,137,137,137,153,182,182,33,33,33,68,68,68,81,81,183,183,200,200,45,65,65,65,85,100,133,133,133],"floor_reached":27,"playtime":586,"items_purged":[],"score":221,"play_id":"eebe563c-4b10-463a-8482-6de46c56c4c9","local_time":"20201227155213","is_ascension_mode":false,"campfire_choices":[{"floor":7.0,"key":"REST"},{"data":"Seeing Red","floor":12.0,"key":"SMITH"},{"floor":15.0,"key":"REST"},{"data":"Body Slam","floor":23.0,"key":"SMITH"}],"circlet_count":0,"master_deck":["Strike_R+1","Strike_R+1","Strike_R+1","Strike_R+1","Strike_R+1","Defend_R+1","Defend_R+1","Defend_R+1","Defend_R+1","Bash","Cleave","Seeing Red+1","Searing Blow","BarbarianYell","Thunderclap","Barricade","Pummel+1","Body Slam+1","Decay","Impervious","Flame Barrier+1","Rupture"],"relics":["Burning Blood","NeowsBlessing","halation:SelfBoilingWater","Blood Vial","MerchantsRug","Paper Frog","hubris:Reverence","Philosopher\u0027s Stone","Medical Kit","HollowMod:StagPassRelic"],"acts_visited":["Exordium","TheCity"],"potions_floor_usage":[],"damage_taken":[{"damage":0.0,"enemies":"Cultist","floor":1.0,"turns":1.0},{"damage":0.0,"enemies":"Small Slimes","floor":2.0,"turns":1.0},{"damage":0.0,"enemies":"Jaw Worm","floor":5.0,"turns":1.0},{"damage":34.0,"enemies":"Gremlin Nob","floor":6.0,"turns":5.0},{"damage":36.0,"enemies":"Lagavulin","floor":11.0,"turns":4.0},{"damage":14.0,"enemies":"Blue Slaver","floor":14.0,"turns":3.0},{"damage":42.0,"enemies":"The Guardian","floor":16.0,"turns":7.0},{"damage":33.0,"enemies":"3 Byrds","floor":18.0,"turns":4.0},{"damage":19.0,"enemies":"Chosen","floor":21.0,"turns":5.0},{"damage":37.0,"enemies":"Centurion and Healer","floor":24.0,"turns":4.0},{"damage":12,"enemies":"Sentry and Sphere","floor":25,"turns":3},{"damage":0,"enemies":"Shelled Parasite and Fungi","floor":26,"turns":8},{"damage":19,"enemies":"Shelled Parasite and Fungi","floor":27,"turns":4}],"seed_played":"8581556035102807170","potions_obtained":[{"floor":6.0,"key":"GamblersBrew"},{"floor":11.0,"key":"Weak Potion"},{"floor":18.0,"key":"LiquidBronze"}],"is_trial":false,"path_per_floor":["M","M","?","?","M","E","R","$","T","?","E","R","$","M","R","B",null,"M","?","$","M","?","R","M","M","MIM","M"],"character_chosen":"IRONCLAD","items_purchased":["MerchantsRug","Medical Kit"],"campfire_rested":2,"item_purchase_floors":[8,20],"current_hp_per_floor":[80,80,64,57,63,35,59,59,59,80,50,50,50,44,68,34,80,53,53,53,42,42,42,13,9,17,0,0],"gold":133,"neow_bonus":"THREE_ENEMY_KILL","is_daily":false,"chose_seed":false,"campfire_upgraded":2,"win_rate":0.0,"timestamp":1609113133,"path_taken":["M","M","?","?","M","E","R","$","T","?","E","R","?","M","R","BOSS","M","?","$","M","?","R","M","M","MIM","M"],"items_purchased_type":["Relic","Relic"],"build_version":"2020-12-22","purchased_purges":0,"victory":false,"max_hp_per_floor":[80,80,80,80,80,80,80,80,80,80,80,80,80,80,80,80,80,80,80,80,80,80,80,80,80,80,80,80],"card_choices":[{"not_picked":["Body Slam","Havoc"],"picked":"Cleave","floor":1.0},{"not_picked":["Sword Boomerang","Shrug It Off","Warcry"],"picked":"SKIP","floor":2.0},{"not_picked":["True Grit","Dual Wield"],"picked":"Seeing Red","floor":5.0},{"not_picked":["Feel No Pain","Reckless Charge"],"picked":"Searing Blow","floor":6.0},{"not_picked":["Impervious","Headbutt"],"picked":"BarbarianYell","floor":11.0},{"not_picked":["Clothesline","Battle Trance"],"picked":"Thunderclap","floor":14.0},{"not_picked":["Feed","Double Tap"],"picked":"Barricade","floor":16.0},{"not_picked":["Headbutt","Twin Strike"],"picked":"Pummel+1","floor":18.0},{"not_picked":["Thunderclap","Pommel Strike"],"picked":"Body Slam","floor":21.0},{"not_picked":["Flex","Perfected Strike"],"picked":"Impervious","floor":24.0},{"not_picked":["Pummel","Pommel Strike"],"picked":"Flame Barrier+1","floor":25},{"not_picked":["Rampage","Twin Strike"],"picked":"Rupture","floor":26}],"player_experience":836996,"relics_obtained":[{"floor":6.0,"key":"Blood Vial"},{"floor":9.0,"key":"Paper Frog"},{"floor":11.0,"key":"hubris:Reverence"},{"floor":26,"key":"HollowMod:StagPassRelic"}],"event_choices":[{"damage_healed":0.0,"max_hp_gain":0.0,"max_hp_loss":0.0,"gold_gain":0.0,"event_name":"Shining Light","player_choice":"Entered Light","floor":3.0,"gold_loss":0.0,"damage_taken":16.0,"cards_upgraded":["Strike_R","Strike_R"]},{"damage_healed":0.0,"max_hp_gain":0.0,"max_hp_loss":0.0,"gold_gain":0.0,"event_name":"Scrap Ooze","player_choice":"Success","floor":4.0,"gold_loss":0.0,"damage_taken":7.0,"relics_obtained":["halation:SelfBoilingWater"]},{"damage_healed":26.0,"max_hp_gain":0.0,"max_hp_loss":0.0,"gold_gain":0.0,"event_name":"Big Fish","player_choice":"Banana","floor":10.0,"gold_loss":0.0,"damage_taken":0.0},{"damage_healed":0.0,"max_hp_gain":0.0,"max_hp_loss":0.0,"gold_gain":0.0,"event_name":"Back to Basics","player_choice":"Simplicity","floor":19.0,"gold_loss":0.0,"damage_taken":0.0,"cards_upgraded":["Strike_R","Strike_R","Strike_R","Defend_R","Defend_R","Defend_R","Defend_R"]},{"damage_healed":0.0,"max_hp_gain":0.0,"max_hp_loss":0.0,"gold_gain":0.0,"event_name":"Wheel of Change","player_choice":"Cursed","floor":22.0,"gold_loss":0.0,"damage_taken":0.0,"cards_obtained":["Decay"]}],"is_beta":false,"boss_relics":[{"not_picked":["Runic Cube","hubris:HollowSoul"],"picked":"Philosopher\u0027s Stone"}],"items_purged_floors":[],"is_endless":false,"potions_floor_spawned":[6,11,18],"killed_by":"Shelled Parasite and Fungi","ascension_level":0}}