{"host":"792mtbovsoa03nb3","time":1609043817,"event":{"mods":["BaseMod","Colored Map","Downfall","Infinite Spire","Minty Spire (QoL Compilation)","Spicy Shops","StSLib","The Blue Laboratory","The Jungle"],"gold_per_floor":[117,117,136,57,71,71,105,122,149,149,47,80,21,32,32,134,134,134,134],"floor_reached":18,"playtime":558,"items_purged":[],"score":204,"play_id":"2a9db88f-25fe-4431-9fc0-365da622ec02","local_time":"20201226203657","is_ascension_mode":true,"campfire_choices":[{"data":"Armaments","floor":6,"key":"SMITH"},{"floor":15,"key":"REST"}],"circlet_count":0,"master_deck":["Strike_R","Strike_R","Strike_R","Defend_R","Defend_R","Defend_R","Bash+1","Clash","Infernal Blade","Armaments+1","Bloodletting","Pommel Strike","infinitespire:DeathsTouch","Searing Blow","Normality","Iron Wave","Berserk","Sword Boomerang+1","Rampage+1","Twin Strike+1"],"relics":["Burning Blood","Regal Pillow","Blood Vial","HandDrill","Astrolabe"],"acts_visited":["Exordium","TheCity"],"potions_floor_usage":[12,16,18],"damage_taken":[{"damage":6,"enemies":"Jaw Worm","floor":1,"turns":5},{"damage":1,"enemies":"Cultist","floor":3,"turns":4},{"damage":5,"enemies":"Small Slimes","floor":5,"turns":3},{"damage":40,"enemies":"3 Sentries","floor":7,"turns":10},{"damage":0,"enemies":"Exordium Wildlife","floor":8,"turns":2},{"damage":22,"enemies":"Lagavulin","floor":12,"turns":4},{"damage":11,"enemies":"Looter","floor":14,"turns":3},{"damage":31,"enemies":"Slime Boss","floor":16,"turns":10},{"damage":80,"enemies":"3 Byrds","floor":18,"turns":6}],"seed_played":"-6192085127632932635","potions_obtained":[{"floor":1,"key":"Dexterity Potion"},{"floor":12,"key":"Weak Potion"},{"floor":14,"key":"BlessingOfTheForge"}],"is_trial":false,"path_per_floor":["M","?","M","$","M","R","E","M","T","?","$","E","$","M","R","B",null,"M"],"character_chosen":"IRONCLAD","items_purchased":["Armaments","Searing Blow","HandDrill"],"campfire_rested":1,"item_purchase_floors":[4,11,13],"current_hp_per_floor":[80,80,80,80,80,80,46,52,52,32,32,16,16,13,52,29,80,0,0],"gold":134,"neow_bonus":"UPGRADE_CARD","is_daily":false,"chose_seed":false,"campfire_upgraded":1,"win_rate":0.0,"timestamp":1609043817,"path_taken":["M","?","M","$","M","R","E","?","T","?","?","E","$","M","R","BOSS","M"],"items_purchased_type":["Card","Card","Relic"],"build_version":"2020-12-22","purchased_purges":0,"victory":false,"max_hp_per_floor":[80,80,80,80,80,80,80,80,80,80,80,80,80,80,80,80,80,80,80],"card_choices":[{"not_picked":["Pummel","Bloodletting"],"picked":"Clash","floor":1},{"not_picked":["Heavy Blade","Twin Strike"],"picked":"Infernal Blade","floor":3},{"not_picked":["Headbutt","Whirlwind","Heavy Blade"],"picked":"SKIP","floor":5},{"not_picked":["Battle Trance","Twin Strike"],"picked":"Bloodletting","floor":7},{"not_picked":["Sword Boomerang","Wild Strike"],"picked":"Pommel Strike","floor":8},{"not_picked":["infinitespire:Punishment","infinitespire:SealOfDarkness+"],"picked":"infinitespire:DeathsTouch","floor":10},{"not_picked":["Whirlwind","Havoc","Anger"],"picked":"SKIP","floor":12},{"not_picked":["Hemokinesis","Intimidate"],"picked":"Iron Wave","floor":14},{"not_picked":["Demon Form","Impervious"],"picked":"Berserk","floor":16}],"player_experience":792650,"relics_obtained":[{"floor":7,"key":"Regal Pillow"},{"floor":12,"key":"Blood Vial"}],"event_choices":[{"damage_healed":0,"gold_gain":0,"player_choice":"Bought 0 Potions","damage_taken":0,"max_hp_gain":0,"max_hp_loss":0,"event_name":"The Woman in Blue","floor":2,"gold_loss":0}],"is_beta":false,"boss_relics":[{"not_picked":["Snecko Eye","Ectoplasm"],"picked":"Astrolabe"}],"items_purged_floors":[],"is_endless":false,"potions_floor_spawned":[1,12,14],"killed_by":"3 Byrds","ascension_level":4}}