{"host":"6to0pdz5g3mubtyg","time":1609036976,"event":{"mods":["Act Like it!","Aspiration","BaseMod","BetterRewards","Colored Map","Energized Spire","Hallownest","Highlight Path","Infinite Spire","Jorbs\u0027s Wanderer Trilogy","Minty Spire (QoL Compilation)","Shade Mod","StSLib","The Animator","The Blue Laboratory","The Bug Knight"],"gold_per_floor":[112,14,14,114,125,125,452,467,467,467,467,71,146,166,166,265,265,279,279,297,297,297,297,297],"floor_reached":23,"playtime":2062,"items_purged":["Defend_B"],"score":196,"play_id":"f7604ca6-8734-4d0f-9673-7fd56770472a","local_time":"20201226194256","is_ascension_mode":true,"campfire_choices":[{"floor":6.0,"key":"REST"},{"data":"Darkness","floor":10,"key":"SMITH"},{"floor":15,"key":"REST"}],"circlet_count":0,"master_deck":["Strike_B","Strike_B","Strike_B","Strike_B","Defend_B","Defend_B","Defend_B","Zap","Dualcast","Darkness+1","Sweeping Beam","Streamline","Conserve Battery","Beam Cell","BootSequence","Seek","Reboot","Gash","Aggregate","stsjorbsmod:Commune+1","Sunder","infinitespire:Fortify"],"relics":["Cracked Core","aspiration:DSix","aspiration:HiddenCompartment","Old Coin","ClockworkSouvenir","Mummified Hand","SlaversCollar","PrismaticShard","Oddly Smooth Stone"],"acts_visited":["Exordium","TheCity"],"potions_floor_usage":[16,16,16,23],"damage_taken":[{"damage":10.0,"enemies":"Small Slimes","floor":1.0,"turns":3.0},{"damage":7.0,"enemies":"2 Louse","floor":5.0,"turns":3.0},{"damage":46.0,"enemies":"3 Sentries","floor":7.0,"turns":8.0},{"damage":1,"enemies":"Cultist","floor":8,"turns":3},{"damage":0,"enemies":"2 Fungi Beasts","floor":14,"turns":4},{"damage":53,"enemies":"Slime Boss","floor":16,"turns":8},{"damage":11,"enemies":"Chosen","floor":18,"turns":5},{"damage":32,"enemies":"Snake Plant","floor":20,"turns":5},{"damage":31,"enemies":"Book of Stabbing","floor":23,"turns":4}],"seed_played":"965783707529662763","potions_obtained":[{"floor":5.0,"key":"blueLaboratory:FrostheartPotion"},{"floor":7,"key":"ColorlessPotion"},{"floor":14,"key":"blueLaboratory:ConsumingVoid"},{"floor":20,"key":"Regen Potion"}],"is_trial":false,"path_per_floor":["M","$","?","?","M","R","E","M","T","R","?","$","?","M","R","B",null,"M","?","M","?","AVR","E"],"character_chosen":"DEFECT","items_purchased":["Sweeping Beam","Streamline","ClockworkSouvenir","Mummified Hand"],"campfire_rested":2,"item_purchase_floors":[2,2,12,12],"current_hp_per_floor":[65,65,65,65,58,75,29,28,28,28,53,53,42,42,64,11,75,64,56,24,24,24,0,0],"gold":297,"neow_bonus":"DSIX","is_daily":false,"chose_seed":false,"campfire_upgraded":1,"win_rate":0.0,"timestamp":1609036976,"path_taken":["M","$","?","?","?","R","E","M","T","R","?","$","?","?","R","BOSS","M","?","M","?","AVR","E"],"items_purchased_type":["Card","Card","Relic","Relic"],"build_version":"2020-12-22","purchased_purges":1,"victory":false,"max_hp_per_floor":[75,75,75,75,75,75,75,75,75,75,75,75,75,75,75,75,75,75,75,75,75,75,75,75],"card_choices":[{"not_picked":["Loop","Redo"],"picked":"Darkness","floor":1.0},{"not_picked":["Cold Snap","Turbo"],"picked":"Conserve Battery","floor":5.0},{"not_picked":["Turbo","Ball Lightning"],"picked":"Beam Cell","floor":7},{"not_picked":["Recycle","Steam"],"picked":"BootSequence","floor":8},{"not_picked":["Barrage","Tempest"],"picked":"Seek","floor":14},{"not_picked":["Hyperbeam","Biased Cognition"],"picked":"Reboot","floor":16},{"not_picked":["Conserve Battery","Steam"],"picked":"Gash","floor":18},{"not_picked":["Compile Driver+1","Redo"],"picked":"Aggregate","floor":19},{"not_picked":["stsjorbsmod:OldPocket","stsjorbsmod:Haunt"],"picked":"stsjorbsmod:Commune+1","floor":20}],"player_experience":231186,"relics_obtained":[{"floor":3.0,"key":"aspiration:HiddenCompartment"},{"floor":7,"key":"Old Coin"},{"floor":19,"key":"PrismaticShard"}],"event_choices":[{"damage_healed":0.0,"max_hp_gain":0.0,"max_hp_loss":0.0,"gold_gain":100.0,"event_name":"Wheel of Change","player_choice":"Gold","floor":4.0,"gold_loss":0.0,"damage_taken":0.0},{"damage_healed":25,"gold_gain":0,"player_choice":"Banana","damage_taken":0,"max_hp_gain":0,"max_hp_loss":0,"event_name":"Big Fish","floor":11,"gold_loss":0},{"damage_healed":0,"gold_gain":75,"player_choice":"Gather Gold","damage_taken":11,"max_hp_gain":0,"max_hp_loss":0,"event_name":"World of Goop","floor":13,"gold_loss":0},{"damage_healed":0,"gold_gain":0,"player_choice":"Read","damage_taken":0,"max_hp_gain":0,"max_hp_loss":0,"event_name":"The Library","floor":21,"gold_loss":0,"cards_obtained":["Sunder"]}],"is_beta":false,"boss_relics":[{"not_picked":["SacredBark","Sozu"],"picked":"SlaversCollar"}],"items_purged_floors":[22],"is_endless":false,"potions_floor_spawned":[5,7,14,20],"killed_by":"Book of Stabbing","ascension_level":1}}