{"host":"kh6fvhxn285ncg0o","time":1609028459,"event":{"mods":["Act Like it!","BaseMod","Colored Map","Friendly Minions","Keyboard Shortcuts","Minty Spire (QoL Compilation)","Quick Restart","Relic Stats","StSLib","SuperFastMode"],"gold_per_floor":[11,286,299,146,146,146,157,169,169,185,185,211,211,225,225,302,302,316,316,333,5,16,16,16,47,47,80,5,5,5,17,17,91,91,110,135,154,178,0,25,25,59,111,111,139,154,154,174,174,174,174,174,174,29,61,61],"floor_reached":57,"playtime":2168,"items_purged":["Regret","Strike_R","Defend_R"],"score":3281,"play_id":"f0137154-6cb2-4526-89ba-00d49dd04e7e","local_time":"20201227092059","is_ascension_mode":true,"campfire_choices":[{"data":"Strike_R","floor":6.0,"key":"PURGE"},{"data":"Strike_R","floor":11.0,"key":"PURGE"},{"data":"Strike_R","floor":13.0,"key":"PURGE"},{"data":"Spot Weakness","floor":15.0,"key":"SMITH"},{"data":"Dual Wield","floor":23.0,"key":"SMITH"},{"data":"Offering","floor":29.0,"key":"SMITH"},{"data":"Defend_R","floor":32.0,"key":"PURGE"},{"data":"Evolve","floor":41.0,"key":"SMITH"},{"data":"Defend_R","floor":47.0,"key":"PURGE"},{"floor":49.0,"key":"RECALL"},{"data":"Feed","floor":53,"key":"PURGE"}],"circlet_count":0,"master_deck":["AscendersBane","Bash","Inflame","Shockwave","Spot Weakness+1","Second Wind","Evolve+1","Impervious","Dropkick","Carnage","Offering+1","Dual Wield+1","Ghostly","Ghostly","Ghostly","Barricade","Dark Embrace","Disarm","Entrench","Finesse","Apotheosis","Rage"],"relics":["Burning Blood","Peace Pipe","StrikeDummy","Incense Burner","Philosopher\u0027s Stone","Membership Card","InkBottle","Mummified Hand","Letter Opener","Mark of Pain","StoneCalendar","Red Mask","Lantern","Blue Candle","Boot","Red Skull","Bag of Marbles"],"acts_visited":["Exordium","TheCity","TheBeyond","TheEnding"],"potions_floor_usage":[56],"damage_taken":[{"damage":4.0,"enemies":"Small Slimes","floor":1.0,"turns":5.0},{"damage":9.0,"enemies":"Cultist","floor":3.0,"turns":3.0},{"damage":7.0,"enemies":"Jaw Worm","floor":7.0,"turns":5.0},{"damage":14.0,"enemies":"3 Louse","floor":8.0,"turns":5.0},{"damage":8.0,"enemies":"Large Slime","floor":10.0,"turns":5.0},{"damage":25.0,"enemies":"Lagavulin","floor":12.0,"turns":6.0},{"damage":9.0,"enemies":"Exordium Wildlife","floor":14.0,"turns":4.0},{"damage":14.0,"enemies":"Hexaghost","floor":16.0,"turns":9.0},{"damage":0.0,"enemies":"Chosen","floor":18.0,"turns":7.0},{"damage":44.0,"enemies":"3 Byrds","floor":20.0,"turns":7.0},{"damage":18.0,"enemies":"3 Cultists","floor":22.0,"turns":5.0},{"damage":1.0,"enemies":"Gremlin Leader","floor":25.0,"turns":5.0},{"damage":6.0,"enemies":"Slavers","floor":27.0,"turns":8.0},{"damage":2.0,"enemies":"Cultist and Chosen","floor":31.0,"turns":8.0},{"damage":1.0,"enemies":"Collector","floor":33.0,"turns":4.0},{"damage":2.0,"enemies":"3 Darklings","floor":35.0,"turns":5.0},{"damage":6.0,"enemies":"Mind Bloom Boss Battle","floor":36.0,"turns":3.0},{"damage":2.0,"enemies":"Orb Walker","floor":37.0,"turns":2.0},{"damage":1.0,"enemies":"Nemesis","floor":40.0,"turns":3.0},{"damage":1.0,"enemies":"Giant Head","floor":42.0,"turns":5.0},{"damage":1.0,"enemies":"Nemesis","floor":45.0,"turns":7.0},{"damage":1.0,"enemies":"Maw","floor":46.0,"turns":6.0},{"damage":1.0,"enemies":"Spire Growth","floor":48.0,"turns":5.0},{"damage":6,"enemies":"Time Eater","floor":50,"turns":8},{"damage":3,"enemies":"Donu and Deca","floor":51,"turns":11},{"damage":1,"enemies":"Shield and Spear","floor":55,"turns":6},{"damage":13,"enemies":"The Heart","floor":56,"turns":7}],"seed_played":"6804132228625174586","potions_obtained":[{"floor":7.0,"key":"LiquidMemories"},{"floor":10.0,"key":"BloodPotion"},{"floor":12.0,"key":"BloodPotion"},{"floor":14.0,"key":"BlessingOfTheForge"},{"floor":22.0,"key":"EssenceOfSteel"},{"floor":25.0,"key":"PowerPotion"},{"floor":31.0,"key":"Fruit Juice"},{"floor":40.0,"key":"AttackPotion"},{"floor":42.0,"key":"Dexterity Potion"},{"floor":48.0,"key":"Strength Potion"}],"is_trial":false,"path_per_floor":["M","?","M","$","?","R","M","M","T","M","R","E","R","M","R","B",null,"M","?","M","$","M","R","?","E","T","E","?","R","$","M","R","B",null,"M","?","M","T","?","E","R","E","T","?","E","M","R","M","R","B","B",null,"R","$","E","B",null],"character_chosen":"IRONCLAD","items_purchased":["Feed","Membership Card","Offering","Dual Wield","Strength Potion","Rage","LiquidMemories"],"campfire_rested":0,"item_purchase_floors":[4,21,21,21,21,54,54],"current_hp_per_floor":[70,70,67,67,72,72,74,69,69,70,70,68,68,86,86,82,93,99,99,64,64,55,55,52,52,52,55,55,55,55,58,58,61,61,64,64,67,67,67,75,75,78,78,68,77,86,86,90,90,94,102,102,102,102,102,95],"gold":61,"neow_bonus":"ONE_RARE_RELIC","is_daily":false,"chose_seed":false,"campfire_upgraded":4,"win_rate":0.0,"timestamp":1609028459,"path_taken":["M","?","M","?","?","R","M","M","T","M","R","E","R","M","R","BOSS","M","?","M","$","M","R","?","E","T","E","?","R","$","M","R","BOSS","M","?","M","?","?","E","R","E","T","?","E","M","R","M","R","BOSS","BOSS","R","$","E","BOSS"],"items_purchased_type":["Card","Relic","Card","Card","Potion","Card","Potion"],"build_version":"2020-12-22","purchased_purges":3,"victory":true,"max_hp_per_floor":[75,75,75,75,80,80,83,86,86,89,89,89,89,92,92,96,96,99,99,102,102,105,105,52,52,52,55,55,55,55,58,58,61,61,64,64,67,67,67,75,75,78,78,78,82,86,86,90,90,94,102,102,102,102,102,102],"relic_stats":{"Peace Pipe":7,"counters":[27,154],"Mummified Hand":[90],"Blue Candle":[0],"StoneCalendar":[83],"Letter Opener":[271],"Boot":[30],"obtain_stats":[{"Lantern":40,"Blue Candle":42,"StoneCalendar":36,"Incense Burner":12,"Letter Opener":27,"Boot":43,"Burning Blood":0,"Peace Pipe":0,"Mummified Hand":26,"Philosopher\u0027s Stone":17,"Mark of Pain":34,"Red Mask":39,"Bag of Marbles":55,"Membership Card":21,"StrikeDummy":9,"InkBottle":25,"Red Skull":45},{"Lantern":19,"Blue Candle":20,"StoneCalendar":17,"Incense Burner":6,"Letter Opener":13,"Boot":20,"Burning Blood":0,"Peace Pipe":0,"Mummified Hand":12,"Philosopher\u0027s Stone":8,"Mark of Pain":15,"Red Mask":18,"Bag of Marbles":26,"Membership Card":10,"StrikeDummy":4,"InkBottle":12,"Red Skull":21},{"Lantern":99,"Blue Candle":104,"StoneCalendar":94,"Incense Burner":29,"Letter Opener":74,"Boot":104,"Burning Blood":0,"Peace Pipe":0,"Mummified Hand":66,"Philosopher\u0027s Stone":42,"Mark of Pain":86,"Red Mask":96,"Bag of Marbles":147,"Membership Card":56,"StrikeDummy":18,"InkBottle":66,"Red Skull":111}],"Burning Blood":114,"InkBottle":[49]},"card_choices":[{"not_picked":["Clash","Rampage"],"picked":"Inflame","floor":1.0},{"not_picked":["Flex","Havoc"],"picked":"Shockwave","floor":3.0},{"not_picked":["Entrench","Thunderclap"],"picked":"Spot Weakness","floor":7.0},{"not_picked":["Searing Blow","Havoc"],"picked":"Second Wind","floor":8.0},{"not_picked":["Hemokinesis","Warcry","Perfected Strike"],"picked":"SKIP","floor":10.0},{"not_picked":["Havoc","Cleave","Metallicize"],"picked":"SKIP","floor":12.0},{"not_picked":["Shockwave","Thunderclap"],"picked":"Evolve","floor":14.0},{"not_picked":["Feed","Double Tap"],"picked":"Impervious","floor":16.0},{"not_picked":["Clash","Uppercut"],"picked":"Dropkick","floor":18.0},{"not_picked":["Clash","Inflame"],"picked":"Carnage","floor":20.0},{"not_picked":["Armaments","Pommel Strike","Whirlwind"],"picked":"SKIP","floor":22.0},{"not_picked":["Inflame","Dropkick","Reckless Charge"],"picked":"SKIP","floor":25.0},{"not_picked":["Second Wind","Wild Strike","Seeing Red"],"picked":"SKIP","floor":27.0},{"not_picked":["Carnage","Clash","Cleave"],"picked":"SKIP","floor":31.0},{"not_picked":["Berserk","Bludgeon"],"picked":"Barricade","floor":33.0},{"not_picked":["Heavy Blade","Armaments","Infernal Blade"],"picked":"SKIP","floor":35.0},{"not_picked":["Searing Blow","Inflame"],"picked":"Dark Embrace","floor":36.0},{"not_picked":["Wild Strike","Clothesline","Flex+1"],"picked":"SKIP","floor":37.0},{"not_picked":["Clothesline","Iron Wave"],"picked":"Disarm","floor":40.0},{"not_picked":["Sword Boomerang","Rupture"],"picked":"Entrench","floor":42.0},{"not_picked":["Enlightenment","Panacea"],"picked":"Finesse","floor":44.0},{"not_picked":["Forethought","Violence"],"picked":"Apotheosis","floor":44.0},{"not_picked":["Ghostly Armor+1","Warcry","Clothesline"],"picked":"SKIP","floor":45.0},{"not_picked":["Shrug It Off","Sword Boomerang","Inflame"],"picked":"SKIP","floor":46.0},{"not_picked":["Flex+1","Second Wind+1","Thunderclap"],"picked":"SKIP","floor":48.0},{"not_picked":["Sever Soul","Wild Strike","Twin Strike"],"picked":"SKIP","floor":55}],"player_experience":3265711,"relics_obtained":[{"floor":9.0,"key":"StrikeDummy"},{"floor":12.0,"key":"Incense Burner"},{"floor":25.0,"key":"InkBottle"},{"floor":26.0,"key":"Mummified Hand"},{"floor":27.0,"key":"Letter Opener"},{"floor":36.0,"key":"StoneCalendar"},{"floor":40.0,"key":"Lantern"},{"floor":42.0,"key":"Blue Candle"},{"floor":43.0,"key":"Boot"},{"floor":45.0,"key":"Red Skull"},{"floor":55,"key":"Bag of Marbles"}],"event_choices":[{"damage_healed":0.0,"max_hp_gain":0.0,"max_hp_loss":0.0,"gold_gain":275.0,"event_name":"Golden Shrine","player_choice":"Desecrate","floor":2.0,"gold_loss":0.0,"damage_taken":0.0,"cards_obtained":["Regret"]},{"damage_healed":0.0,"max_hp_gain":5.0,"max_hp_loss":0.0,"gold_gain":0.0,"event_name":"Big Fish","player_choice":"Donut","floor":5.0,"gold_loss":0.0,"damage_taken":0.0},{"cards_removed":["Strike_R"],"damage_healed":0.0,"max_hp_gain":0.0,"max_hp_loss":0.0,"gold_gain":0.0,"event_name":"Back to Basics","player_choice":"Elegance","floor":19.0,"gold_loss":0.0,"damage_taken":0.0},{"damage_healed":0.0,"max_hp_gain":0.0,"max_hp_loss":53.0,"gold_gain":0.0,"event_name":"Ghosts","player_choice":"Became a Ghost","floor":24.0,"gold_loss":0.0,"damage_taken":0.0,"cards_obtained":["Ghostly","Ghostly","Ghostly"]},{"cards_removed":["Defend_R"],"damage_healed":0.0,"max_hp_gain":0.0,"max_hp_loss":0.0,"gold_gain":0.0,"event_name":"Beggar","player_choice":"Gave Gold","floor":28.0,"gold_loss":75.0,"damage_taken":0.0},{"damage_healed":0.0,"max_hp_gain":0.0,"max_hp_loss":0.0,"gold_gain":0.0,"event_name":"MindBloom","player_choice":"Fight","floor":36.0,"gold_loss":0.0,"damage_taken":0.0},{"damage_healed":0.0,"max_hp_gain":0.0,"max_hp_loss":0.0,"gold_gain":0.0,"event_name":"Tomb of Lord Red Mask","player_choice":"Paid","floor":39.0,"gold_loss":178.0,"damage_taken":0.0,"relics_obtained":["Red Mask"]},{"damage_healed":0.0,"max_hp_gain":0.0,"max_hp_loss":0.0,"gold_gain":0.0,"event_name":"SensoryStone","player_choice":"Memory 3","floor":44.0,"gold_loss":0.0,"damage_taken":10.0}],"is_beta":false,"boss_relics":[{"not_picked":["Black Blood","SlaversCollar"],"picked":"Philosopher\u0027s Stone"},{"not_picked":["Runic Cube","Snecko Eye"],"picked":"Mark of Pain"}],"items_purged_floors":[4,21,54],"is_endless":false,"potions_floor_spawned":[7,10,12,14,22,25,31,40,42,48],"ascension_level":20}}