{"host":"gttgmv2wah99hzdm","time":1609112984,"event":{"mods":["AchievementEnabler","BaseMod","Bestiary","Block Reminder","Filter the Spire","Highlight Path","Minty Spire (QoL Compilation)","Permanent Neow","Random Character Button","Relic Stats","StSLib","ojb\u0027s Info Mod"],"gold_per_floor":[118,118,133,158,83,121,121,121,121,121,160,160,219,238,238,334,334,347,363,386,16,32,32,32,32],"floor_reached":24,"playtime":1335,"items_purged":["Strike_B","Strike_B"],"score":482,"play_id":"b87b0a63-fafb-4c2e-a8f4-4e5caf15adbf","local_time":"20201227174944","is_ascension_mode":true,"campfire_choices":[{"data":"Rebound","floor":8.0,"key":"SMITH"},{"floor":10.0,"key":"REST"},{"data":"Ball Lightning","floor":12.0,"key":"SMITH"},{"data":"Cold Snap","floor":15.0,"key":"SMITH"},{"floor":23,"key":"RECALL"}],"circlet_count":0,"master_deck":["AscendersBane","Defend_B","Defend_B","Defend_B","Zap","Dualcast","Skim+1","Rip and Tear+1","Reprogram+1","Leap","Rebound+1","Beam Cell+1","Glacier","Ball Lightning+1","Cold Snap+1","Biased Cognition","Hologram","Genetic Algorithm","Coolheaded","Core Surge"],"relics":["Astrolabe","Golden Idol","Happy Flower","Kunai","Smiling Mask","Unceasing Top","Fusion Hammer","Lee\u0027s Waffle"],"acts_visited":["Exordium","TheCity"],"potions_floor_usage":[19,22,24],"damage_taken":[{"damage":2.0,"enemies":"Jaw Worm","floor":1.0,"turns":3.0},{"damage":0.0,"enemies":"Small Slimes","floor":3.0,"turns":4.0},{"damage":0.0,"enemies":"Cultist","floor":4.0,"turns":2.0},{"damage":27.0,"enemies":"3 Sentries","floor":6.0,"turns":7.0},{"damage":0.0,"enemies":"Lagavulin","floor":11.0,"turns":3.0},{"damage":12.0,"enemies":"3 Sentries","floor":13.0,"turns":6.0},{"damage":11.0,"enemies":"Large Slime","floor":14.0,"turns":5.0},{"damage":26,"enemies":"Hexaghost","floor":16,"turns":8},{"damage":0,"enemies":"Chosen","floor":18,"turns":4},{"damage":29,"enemies":"3 Byrds","floor":19,"turns":5},{"damage":9,"enemies":"3 Cultists","floor":20,"turns":5},{"damage":0,"enemies":"Snecko","floor":22,"turns":6},{"damage":99,"enemies":"Gremlin Leader","floor":24,"turns":7}],"seed_played":"-187052963125759123","potions_obtained":[{"floor":6.0,"key":"ColorlessPotion"},{"floor":11.0,"key":"Regen Potion"},{"floor":13.0,"key":"Weak Potion"},{"floor":18,"key":"DuplicationPotion"},{"floor":20,"key":"GamblersBrew"}],"is_trial":false,"path_per_floor":["M","?","M","M","$","E","?","R","T","R","E","R","E","M","R","B",null,"M","M","M","$","M","R","E"],"character_chosen":"DEFECT","items_purchased":["Lee\u0027s Waffle","Core Surge"],"campfire_rested":1,"item_purchase_floors":[21,21],"current_hp_per_floor":[62,62,62,62,62,35,35,35,35,54,54,54,42,31,31,5,49,49,20,11,71,71,71,0,0],"gold":32,"neow_bonus":"BOSS_RELIC","is_daily":false,"chose_seed":false,"campfire_upgraded":3,"win_rate":0.0,"timestamp":1609112984,"path_taken":["M","?","M","M","$","E","?","R","T","R","E","R","E","M","R","BOSS","M","?","M","$","M","R","E"],"items_purchased_type":["Relic","Card"],"build_version":"2020-12-22","purchased_purges":2,"victory":false,"max_hp_per_floor":[71,64,64,64,64,64,64,64,64,64,64,64,64,64,64,64,64,64,64,64,71,71,71,71,71],"relic_stats":{"Lee\u0027s Waffle":60,"Happy Flower":[16],"counters":[13,65],"Golden Idol":69,"Astrolabe":["Skim","Rip and Tear","Reprogram"],"Kunai":[12],"Smiling Mask":50,"obtain_stats":[{"Lee\u0027s Waffle":21,"Happy Flower":6,"Golden Idol":2,"Astrolabe":0,"Fusion Hammer":17,"Kunai":9,"Cracked Core":0,"Smiling Mask":11,"Unceasing Top":13},{"Lee\u0027s Waffle":11,"Happy Flower":4,"Golden Idol":1,"Astrolabe":0,"Fusion Hammer":8,"Kunai":4,"Cracked Core":0,"Smiling Mask":5,"Unceasing Top":6},{"Lee\u0027s Waffle":52,"Happy Flower":16,"Golden Idol":3,"Astrolabe":0,"Fusion Hammer":38,"Kunai":16,"Cracked Core":0,"Smiling Mask":19,"Unceasing Top":25}],"Unceasing Top":[2]},"card_choices":[{"not_picked":["Streamline","Turbo"],"picked":"Leap","floor":1.0},{"not_picked":["Recycle","Stack"],"picked":"Rebound","floor":3.0},{"not_picked":["Chaos","Leap"],"picked":"Beam Cell","floor":4.0},{"not_picked":["Cold Snap","Coolheaded"],"picked":"Glacier","floor":6.0},{"not_picked":["Go for the Eyes","Streamline"],"picked":"Ball Lightning","floor":11.0},{"not_picked":["Reprogram","Multi-Cast","Aggregate"],"picked":"SKIP","floor":13.0},{"not_picked":["Ball Lightning","Conserve Battery"],"picked":"Cold Snap","floor":14.0},{"not_picked":["Buffer","Amplify"],"picked":"Biased Cognition","floor":16},{"not_picked":["Double Energy","Chaos"],"picked":"Hologram","floor":18},{"not_picked":["Redo","Leap"],"picked":"Genetic Algorithm","floor":19},{"not_picked":["Redo","Leap"],"picked":"Coolheaded","floor":20},{"not_picked":["Skim","Cold Snap","Recycle"],"picked":"SKIP","floor":22}],"player_experience":1009132,"relics_obtained":[{"floor":6.0,"key":"Happy Flower"},{"floor":9.0,"key":"Kunai"},{"floor":11.0,"key":"Smiling Mask"},{"floor":13.0,"key":"Unceasing Top"}],"event_choices":[{"damage_healed":0.0,"max_hp_gain":0.0,"max_hp_loss":7.0,"gold_gain":0.0,"event_name":"Golden Idol","player_choice":"Lose Max HP","floor":2.0,"gold_loss":0.0,"damage_taken":0.0,"relics_obtained":["Golden Idol"]},{"damage_healed":0.0,"max_hp_gain":0.0,"max_hp_loss":0.0,"gold_gain":0.0,"event_name":"Upgrade Shrine","player_choice":"Upgraded","floor":7.0,"gold_loss":0.0,"damage_taken":0.0,"cards_upgraded":["Beam Cell"]}],"is_beta":false,"boss_relics":[{"not_picked":["Black Star","SlaversCollar"],"picked":"Fusion Hammer"}],"items_purged_floors":[5,21],"is_endless":false,"potions_floor_spawned":[6,11,13,18,20],"killed_by":"Gremlin Leader","ascension_level":20}}