{"host":"sie9a4hoh1px9dme","time":1609072269,"event":{"mods":["Act Like it!","BaseMod","CapriCore","Energized Spire","Halation","Luminous","Minty Spire (QoL Compilation)","RemiliaÅiÂQïƒ‰ª?Åj","StSLib","The Administrix","The Immortal"],"gold_per_floor":[113,20,20,35,35,64,77,87,87,38,53,71,83,111,111,211,211,229,245,255,255,35,35,35,35,35,35,49,49,49,49,49,154,154,170,189,209,225,240,240,259,259,307,326,336,336,336,350,350,350,350,350,35,65,65],"floor_reached":56,"playtime":6823,"items_purged":[],"score":1191,"play_id":"f364d5ba-343f-4af3-8d3e-e1b7454548c0","local_time":"20201227073109","is_ascension_mode":false,"campfire_choices":[{"floor":15,"key":"RECALL"},{"data":"ScarletMeister","floor":23,"key":"SMITH"},{"data":"ScarletCoffin","floor":23,"key":"SMITH"},{"floor":25,"key":"REST"},{"floor":32,"key":"REST"},{"data":"FitfulNightmare","floor":40,"key":"SMITH"},{"data":"DemonKingCradle","floor":40,"key":"SMITH"},{"data":"HeartBreak","floor":49,"key":"SMITH"},{"data":"BloodyHallows","floor":52,"key":"SMITH"},{"data":"ScarletSymphony","floor":52,"key":"SMITH"}],"circlet_count":0,"master_deck":["Strike_RM","Strike_RM","Strike_RM","Strike_RM","Defend_RM","Defend_RM+1","Defend_RM+1","Defend_RM","RedMoon","ScarletShoot","RedRainbow","NightLord","UnstableMagic","BombardNight","SuperhumanBloodyKnife","BlasphemousPunishment","HeartBreak+1","Ultimatum+1","ScarletSymphony+1","Stigmanizer","Stigmanizer","BloodySeventeenLaser","ScarletMeister+1","BloodHunter","ScarletImprint","ScarletCoffin+1","Stigmanizer+1","Normality","Writhe","DiffusionOfMisfortune","DemonKingCradle+1","UnstableMagic+1","FitfulNightmare+1","BloodyHallows+1","Parasite"],"relics":["ScarletHat","Blood Vial","halation:PinkSoulGem","Incense Burner","halation:PenCase","Pocketwatch","energizedSpire:EnergizedDie","PreservedInsect","halation:WeightlessCrab","Tiny Chest","MealTicket","ScarletEmblem","ScarletDevilRocket","Ancient Tea Set","Darkstone Periapt","Question Card","RedBat","Bottled Lightning","Gremlin Horn"],"acts_visited":["Exordium","TheCity","TheBeyond","TheEnding"],"potions_floor_usage":[16,24,24,50,50,50,55],"damage_taken":[{"damage":0,"enemies":"Cultist","floor":1,"turns":3},{"damage":0,"enemies":"Small Slimes","floor":4,"turns":6},{"damage":46,"enemies":"Lagavulin","floor":6,"turns":13},{"damage":0,"enemies":"Jaw Worm","floor":7,"turns":2},{"damage":10,"enemies":"Blue Slaver","floor":8,"turns":2},{"damage":0,"enemies":"Looter","floor":11,"turns":4},{"damage":0,"enemies":"2 Fungi Beasts","floor":12,"turns":2},{"damage":0,"enemies":"Large Slime","floor":13,"turns":3},{"damage":9,"enemies":"3 Sentries","floor":14,"turns":6},{"damage":40,"enemies":"The Guardian","floor":16,"turns":8},{"damage":10,"enemies":"Chosen","floor":18,"turns":2},{"damage":38,"enemies":"Shell Parasite","floor":19,"turns":2},{"damage":24,"enemies":"Snecko","floor":20,"turns":2},{"damage":23,"enemies":"Cultist and Chosen","floor":21,"turns":6},{"damage":0,"enemies":"Slavers","floor":24,"turns":1},{"damage":13,"enemies":"Chosen and Byrds","floor":28,"turns":3},{"damage":22,"enemies":"Snake Plant","floor":30,"turns":5},{"damage":34,"enemies":"Champ","floor":33,"turns":9},{"damage":0,"enemies":"3 Shapes","floor":35,"turns":1},{"damage":14,"enemies":"3 Darklings","floor":36,"turns":6},{"damage":0,"enemies":"Sphere and 2 Shapes","floor":37,"turns":2},{"damage":22,"enemies":"Jaw Worm Horde","floor":38,"turns":3},{"damage":6,"enemies":"4 Shapes","floor":39,"turns":1},{"damage":30,"enemies":"Sphere and 2 Shapes","floor":41,"turns":5},{"damage":20,"enemies":"3 Darklings","floor":42,"turns":5},{"damage":13,"enemies":"Writhing Mass","floor":44,"turns":7},{"damage":0,"enemies":"Jaw Worm Horde","floor":45,"turns":1},{"damage":10,"enemies":"Spire Growth","floor":48,"turns":5},{"damage":27,"enemies":"Donu and Deca","floor":50,"turns":7},{"damage":7,"enemies":"Shield and Spear","floor":54,"turns":6},{"damage":129,"enemies":"The Heart","floor":55,"turns":11}],"seed_played":"-3531768000548371566","potions_obtained":[{"floor":4,"key":"Regen Potion"},{"floor":6,"key":"LiquidBronze"},{"floor":18,"key":"CultistPotion"},{"floor":30,"key":"Fire Potion"},{"floor":30,"key":"Block Potion"},{"floor":39,"key":"Ancient Potion"},{"floor":41,"key":"SkillPotion"},{"floor":44,"key":"EssenceOfSteel"},{"floor":45,"key":"PowerPotion"}],"is_trial":false,"path_per_floor":["M","$","?","M","?","E","M","M","T","$","M","M","M","E","R","B",null,"M","M","M","M","$","R","E","R","T","?","M","?","M","?","R","B",null,"M","M","M","M","M","R","M","M","T","M","M","T","T","M","R","B",null,"R","$","E","B",null],"character_chosen":"REMILIA","items_purchased":["NightLord","UnstableMagic","SkillPotion","ScarletCoffin","PreservedInsect","RedBat","LiquidBronze"],"campfire_rested":2,"item_purchase_floors":[2,2,10,22,22,53,53],"current_hp_per_floor":[75,75,80,80,80,43,47,39,39,39,43,45,47,41,41,13,80,73,41,21,1,1,1,5,29,29,29,19,19,3,3,27,22,80,80,80,80,58,54,54,31,17,17,15,17,17,17,22,22,41,83,83,83,83,37],"gold":65,"neow_bonus":"RANDOM_COMMON_RELIC","is_daily":false,"chose_seed":false,"campfire_upgraded":7,"win_rate":0.0,"timestamp":1609072269,"path_taken":["M","?","?","M","?","E","M","M","T","?","M","M","M","E","R","BOSS","M","M","M","M","$","R","E","R","T","?","M","?","M","?","R","BOSS","M","M","M","M","M","R","M","M","T","M","?","?","?","?","R","BOSS","R","$","E","BOSS"],"items_purchased_type":["Card","Card","Potion","Card","Relic","Relic","Potion"],"build_version":"2020-12-22","purchased_purges":0,"victory":true,"max_hp_per_floor":[75,75,80,80,80,80,80,80,80,80,80,80,80,80,80,80,80,80,80,80,80,80,80,80,80,80,80,80,80,80,80,80,80,80,80,80,80,80,80,80,80,80,80,80,80,80,80,83,83,83,83,83,83,83,83],"card_choices":[{"not_picked":["MastersStateliness","BloodHunter"],"picked":"RedRainbow","floor":1},{"not_picked":["UnderTheZenith","CharismaGuard"],"picked":"BombardNight","floor":4},{"not_picked":["BloodyMagicSquare","BloodHunter"],"picked":"SuperhumanBloodyKnife","floor":6},{"not_picked":["NightDance","MiserableFate"],"picked":"BlasphemousPunishment","floor":7},{"not_picked":["StarOfDavid","UnstableMagic"],"picked":"HeartBreak","floor":8},{"not_picked":["UnstableMagic","NightLord"],"picked":"Ultimatum","floor":11},{"not_picked":["LeisurelyOfLord","NightLord"],"picked":"ScarletSymphony","floor":12},{"not_picked":["BloodHunter","HunterOfTheNight"],"picked":"Stigmanizer","floor":12},{"not_picked":["ScarletGensokyo","ScarletImprint"],"picked":"Stigmanizer","floor":13},{"not_picked":["DevilSight","ChainGang"],"picked":"BloodySeventeenLaser","floor":14},{"not_picked":["KillingBlow","ForecastOfChange"],"picked":"ScarletMeister","floor":16},{"not_picked":["VampirishNight","LeisurelyOfLord","BlasphemousPunishment"],"picked":"SKIP","floor":18},{"not_picked":["EndlessAdversity","UnstableMagic"],"picked":"BloodHunter","floor":19},{"not_picked":["ScarletDevil","RedRainbow"],"picked":"ScarletImprint","floor":20},{"not_picked":["RedMagic","UltimateOffering","HunterOfTheNight"],"picked":"SKIP","floor":21},{"not_picked":["UltimateOffering","BloodyCatastrophe"],"picked":"Stigmanizer+1","floor":24},{"not_picked":["NightDance+1","EmergencyRegeneration"],"picked":"DiffusionOfMisfortune","floor":28},{"not_picked":["MastersStateliness","ScarletDevil+1","NightDance+1"],"picked":"SKIP","floor":28},{"not_picked":["UltimateOffering","HunterOfTheNight","BloodHunter"],"picked":"SKIP","floor":30},{"not_picked":["HellCatastrophe","BloodySeventeenLaser"],"picked":"DemonKingCradle","floor":33},{"not_picked":["ScarletImprint","ScarletGensokyo+1"],"picked":"UnstableMagic+1","floor":35},{"not_picked":["ScarletImprint+1","UnderTheZenith+1","ScarletDevil+1"],"picked":"SKIP","floor":36},{"not_picked":["FavorOfDestiny+1","BlasphemousPunishment","VampirishNight+1"],"picked":"SKIP","floor":36},{"not_picked":["ScarletDevilSign+1","UnstableMagic+1","VampireSweep+1"],"picked":"SKIP","floor":37},{"not_picked":["BombardNight","Septette+1"],"picked":"FitfulNightmare","floor":38},{"not_picked":["BombardNight","UnderTheZenith"],"picked":"BloodyHallows","floor":39},{"not_picked":["Stigmanizer","BlasphemousPunishment+1","StarOfDavid"],"picked":"SKIP","floor":41},{"not_picked":["VampireKiss","EndlessAdversity","UnderTheZenith+1"],"picked":"SKIP","floor":42},{"not_picked":["UnstableMagic+1","NightDance","DiffusionOfMisfortune+1"],"picked":"SKIP","floor":44},{"not_picked":["ScarletNetherworld","VampirishNight","VampireClaw"],"picked":"SKIP","floor":45},{"not_picked":["ScarletDevil","UnderTheZenith","NightDance+1","ForbiddenFruit+1"],"picked":"SKIP","floor":48},{"not_picked":["MiserableFate","NightDance+1","Ultimatum+1","Maim"],"picked":"SKIP","floor":54}],"player_experience":88324,"relics_obtained":[{"floor":6,"key":"Incense Burner"},{"floor":9,"key":"halation:PenCase"},{"floor":14,"key":"Pocketwatch"},{"floor":24,"key":"halation:WeightlessCrab"},{"floor":30,"key":"MealTicket"},{"floor":43,"key":"ScarletDevilRocket"},{"floor":44,"key":"Ancient Tea Set"},{"floor":46,"key":"Darkstone Periapt"},{"floor":47,"key":"Question Card"},{"floor":54,"key":"Bottled Lightning"},{"floor":54,"key":"Gremlin Horn"}],"event_choices":[{"damage_healed":0,"gold_gain":0,"player_choice":"Donut","damage_taken":0,"max_hp_gain":5,"max_hp_loss":0,"event_name":"Big Fish","floor":3,"gold_loss":0},{"damage_healed":0,"gold_gain":0,"player_choice":"Opened","damage_taken":0,"relics_obtained":["Tiny Chest"],"max_hp_gain":0,"max_hp_loss":0,"event_name":"The Mausoleum","floor":27,"gold_loss":0,"cards_obtained":["Writhe"]},{"damage_healed":0,"gold_gain":0,"player_choice":"Ignored","damage_taken":0,"max_hp_gain":0,"max_hp_loss":0,"event_name":"Ghosts","floor":29,"gold_loss":0},{"damage_healed":0,"gold_gain":0,"player_choice":"Upgraded","damage_taken":0,"max_hp_gain":0,"max_hp_loss":0,"event_name":"Upgrade Shrine","floor":31,"gold_loss":0,"cards_upgraded":["Ultimatum"]}],"is_beta":false,"boss_relics":[{"not_picked":["Fusion Hammer","Empty Cage"],"picked":"energizedSpire:EnergizedDie"},{"not_picked":["halation:Risk","Velvet Choker"],"picked":"ScarletEmblem"}],"items_purged_floors":[],"is_endless":false,"potions_floor_spawned":[4,6,13,14,18,28,30,39,41,44,45,48],"ascension_level":0}}