{"host":"3s1bgj9vdfhoy9ls","time":1609042972,"event":{"mods":["BaseMod","Downfall","Marisa£®ÏF”Í°°ƒß¿Ì…≥£©","Minty Spire (QoL Compilation)","READ ME - Guardian Mod","Shop Mod","StSLib","The Animator","The Bug Knight","The Cursed","The Disciple","The Servant 0.9.4"],"gold_per_floor":[20,20,20,39,39,58,8,8,33,77,77,91,91,122,122,251,251,266,266,301,54,54,54],"floor_reached":22,"playtime":760,"items_purged":[],"score":238,"play_id":"cfed3228-c213-41a5-80e9-22b25d9efd69","local_time":"20201227122252","is_ascension_mode":true,"campfire_choices":[{"data":"Demon Form","floor":11,"key":"SMITH"},{"data":"Bash","floor":13,"key":"SMITH"},{"floor":15,"key":"REST"}],"circlet_count":0,"master_deck":["Strike_R","Strike_R","Defend_R","Defend_R","Defend_R","Defend_R","Bash+1","Demon Form+1","Pommel Strike","Havoc","Offering","Warcry+1"],"relics":["Burning Blood","Golden Idol","Blue Candle","Orichalcum","Art of War","Anchor","SlaversCollar","MutagenicStrength","Red Mask","Gremlin Horn"],"acts_visited":["Exordium","TheCity"],"potions_floor_usage":[10,20],"damage_taken":[{"damage":9,"enemies":"Jaw Worm","floor":1,"turns":5},{"damage":1,"enemies":"Cultist","floor":4,"turns":4},{"damage":12,"enemies":"Small Slimes","floor":6,"turns":4},{"damage":10,"enemies":"HollowMod:MossKnight","floor":10,"turns":5},{"damage":6,"enemies":"2 Fungi Beasts","floor":12,"turns":4},{"damage":32,"enemies":"3 Sentries","floor":14,"turns":7},{"damage":37,"enemies":"The Guardian","floor":16,"turns":9},{"damage":8,"enemies":"Chosen","floor":18,"turns":4},{"damage":50,"enemies":"Masked Bandits","floor":20,"turns":5},{"damage":6,"enemies":"3 Byrds","floor":22,"turns":2}],"seed_played":"-1309227692329837997","potions_obtained":[{"floor":1,"key":"Dexterity Potion"},{"floor":4,"key":"PowerPotion"},{"floor":16,"key":"HeartOfIron"}],"is_trial":false,"path_per_floor":["M","?","?","M","?","M","?","T","T","E","R","M","R","E","R","B",null,"M","?","?","$","M"],"character_chosen":"IRONCLAD","items_purchased":["Gremlin Horn"],"campfire_rested":1,"item_purchase_floors":[21],"current_hp_per_floor":[77,57,57,62,55,49,49,49,49,45,45,45,45,19,43,12,63,61,61,17,17,11,11],"gold":54,"neow_bonus":"THREE_RARE_CARDS","is_daily":false,"chose_seed":false,"campfire_upgraded":2,"win_rate":0.0,"timestamp":1609042972,"path_taken":["M","?","?","?","?","M","?","?","T","E","R","M","R","E","R","BOSS","M","?","?","$","M"],"items_purchased_type":["Relic"],"build_version":"2020-12-22","purchased_purges":0,"victory":false,"max_hp_per_floor":[80,80,80,80,80,80,80,80,80,80,80,80,80,80,80,80,80,80,80,80,80,80,80],"card_choices":[{"not_picked":["Barricade","Immolate"],"picked":"Demon Form","floor":0},{"not_picked":["Whirlwind","Perfected Strike","Iron Wave"],"picked":"SKIP","floor":1},{"not_picked":["Thunderclap","Whirlwind"],"picked":"Pommel Strike","floor":4},{"not_picked":["Thunderclap","Rampage","Dark Embrace"],"picked":"SKIP","floor":6},{"not_picked":["Pommel Strike","Twin Strike","Berserk"],"picked":"SKIP","floor":10},{"not_picked":["Rampage","Perfected Strike","Armaments"],"picked":"SKIP","floor":12},{"not_picked":["Clash","Clothesline"],"picked":"Havoc","floor":14},{"not_picked":["Fiend Fire","Corruption"],"picked":"Offering","floor":16},{"not_picked":["Havoc","Headbutt","Armaments+1"],"picked":"SKIP","floor":18},{"not_picked":["Flex+1","Sentinel"],"picked":"Warcry+1","floor":20}],"player_experience":520016,"relics_obtained":[{"floor":8,"key":"Blue Candle"},{"floor":9,"key":"Orichalcum"},{"floor":10,"key":"Art of War"},{"floor":14,"key":"Anchor"},{"floor":20,"key":"Red Mask"}],"event_choices":[{"damage_healed":0,"gold_gain":0,"player_choice":"Take Damage","damage_taken":20,"relics_obtained":["Golden Idol"],"max_hp_gain":0,"max_hp_loss":0,"event_name":"Golden Idol","floor":2,"gold_loss":0},{"cards_removed":["Strike_R"],"damage_healed":0,"gold_gain":0,"player_choice":"Offered Basic","damage_taken":0,"max_hp_gain":0,"max_hp_loss":0,"event_name":"Bonfire Elementals","floor":3,"gold_loss":0},{"cards_removed":["Strike_R"],"damage_healed":0,"gold_gain":0,"player_choice":"Card Removal","damage_taken":7,"max_hp_gain":0,"max_hp_loss":0,"event_name":"Golden Wing","floor":5,"gold_loss":0},{"cards_removed":["Strike_R"],"damage_healed":0,"gold_gain":0,"player_choice":"Card Removal","damage_taken":0,"max_hp_gain":0,"max_hp_loss":0,"event_name":"The Cleric","floor":7,"gold_loss":50},{"damage_healed":0,"gold_gain":0,"player_choice":"Inject Mutagens","damage_taken":0,"relics_obtained":["MutagenicStrength"],"max_hp_gain":0,"max_hp_loss":0,"event_name":"Drug Dealer","floor":19,"gold_loss":0},{"damage_healed":0,"gold_gain":0,"player_choice":"Fought Bandits","damage_taken":0,"max_hp_gain":0,"max_hp_loss":0,"event_name":"Masked Bandits","floor":20,"gold_loss":0}],"is_beta":false,"boss_relics":[{"not_picked":["Fusion Hammer","Snecko Eye"],"picked":"SlaversCollar"}],"items_purged_floors":[],"is_endless":false,"potions_floor_spawned":[1,4,16],"killed_by":"3 Byrds","ascension_level":5}}