{"host":"qj91dvco5uhu9oti","time":1609072303,"event":{"mods":["BaseMod","Colored Map","Keyboard Shortcuts","Minty Spire (QoL Compilation)","Permanent Neow","Relic Stats","StSLib","SuperFastMode","everything is the same but u backflip on backflip"],"gold_per_floor":[116,116,134,209,220,220,252,271,271,271,285,156,156,69,69,148,148,162,180,180,180,193,193,193,193],"floor_reached":24,"playtime":515,"items_purged":["Strike_R"],"score":392,"play_id":"e092d8d4-a59b-42dc-b035-cbe1a7b36fc6","local_time":"20201227213143","is_ascension_mode":true,"campfire_choices":[{"data":"Rampage","floor":6.0,"key":"SMITH"},{"data":"Disarm","floor":13.0,"key":"SMITH"},{"data":"Inflame","floor":15.0,"key":"SMITH"},{"floor":23,"key":"REST"}],"circlet_count":0,"master_deck":["AscendersBane","Strike_R","Defend_R","Defend_R","Defend_R","Defend_R","Bash","Rupture","Rage","Flex","Rampage+1","Battle Trance","Sword Boomerang","Disarm+1","Shrug It Off","Sword Boomerang","Inflame+1","Brutality","Spot Weakness","Rupture"],"relics":["Burning Blood","Akabeko","Kunai","Sozu"],"acts_visited":["Exordium","TheCity"],"potions_floor_usage":[],"damage_taken":[{"damage":11.0,"enemies":"Jaw Worm","floor":1.0,"turns":4.0},{"damage":1.0,"enemies":"2 Louse","floor":3.0,"turns":3.0},{"damage":7.0,"enemies":"Small Slimes","floor":5.0,"turns":4.0},{"damage":40.0,"enemies":"3 Sentries","floor":7.0,"turns":10.0},{"damage":3.0,"enemies":"Blue Slaver","floor":8.0,"turns":3.0},{"damage":0.0,"enemies":"Looter","floor":11.0,"turns":2.0},{"damage":6.0,"enemies":"The Guardian","floor":16.0,"turns":9.0},{"damage":39.0,"enemies":"3 Byrds","floor":18.0,"turns":6.0},{"damage":5.0,"enemies":"Spheric Guardian","floor":19.0,"turns":3.0},{"damage":20,"enemies":"Snake Plant","floor":22,"turns":4},{"damage":19,"enemies":"Slavers","floor":24,"turns":2}],"seed_played":"-6858159978996840862","potions_obtained":[{"floor":1.0,"key":"AttackPotion"},{"floor":5.0,"key":"Dexterity Potion"}],"is_trial":false,"path_per_floor":["M","?","M","?","M","R","E","M","T","?","M","$","R","$","R","B",null,"M","M","?","?","M","R","E"],"character_chosen":"IRONCLAD","items_purchased":["Sword Boomerang","Inflame"],"campfire_rested":1,"item_purchase_floors":[12,14],"current_hp_per_floor":[63,68,73,62,61,61,27,30,30,23,29,29,29,29,29,29,62,29,30,30,30,16,37,18,18],"gold":193,"neow_bonus":"TRANSFORM_TWO_CARDS","is_daily":false,"chose_seed":false,"campfire_upgraded":3,"win_rate":0.0,"timestamp":1609072303,"path_taken":["M","?","M","?","M","R","E","M","T","?","M","$","R","$","R","BOSS","M","M","?","?","M","R","E"],"items_purchased_type":["Card","Card"],"build_version":"2020-12-22","purchased_purges":1,"victory":false,"max_hp_per_floor":[68,73,73,73,73,73,73,73,73,73,73,73,73,73,73,73,73,73,73,73,73,73,73,73,73],"relic_stats":{"Sozu":1,"counters":[11,50],"Kunai":[2],"obtain_stats":[{"Sozu":17,"Kunai":9,"Burning Blood":0,"Akabeko":7},{"Sozu":7,"Kunai":5,"Burning Blood":0,"Akabeko":4},{"Sozu":35,"Kunai":24,"Burning Blood":0,"Akabeko":21}],"Burning Blood":60},"card_choices":[{"not_picked":["Evolve","Second Wind"],"picked":"Flex","floor":1.0},{"not_picked":["Shrug It Off","Feel No Pain"],"picked":"Rampage","floor":3.0},{"not_picked":["Iron Wave","Anger"],"picked":"Battle Trance","floor":5.0},{"not_picked":["Heavy Blade","Immolate"],"picked":"Sword Boomerang","floor":7.0},{"not_picked":["Flex","Twin Strike"],"picked":"Disarm","floor":8.0},{"not_picked":["Dual Wield","Headbutt"],"picked":"Shrug It Off","floor":11.0},{"not_picked":["Offering","Double Tap"],"picked":"Brutality","floor":16.0},{"not_picked":["Iron Wave","Armaments"],"picked":"Spot Weakness","floor":18.0},{"not_picked":["Body Slam","Clash+1","Armaments"],"picked":"SKIP","floor":19.0},{"not_picked":["Metallicize","Sentinel"],"picked":"Rupture","floor":22}],"player_experience":291673,"relics_obtained":[{"floor":7.0,"key":"Akabeko"},{"floor":9.0,"key":"Kunai"}],"event_choices":[{"damage_healed":0.0,"max_hp_gain":5.0,"max_hp_loss":0.0,"gold_gain":0.0,"event_name":"Big Fish","player_choice":"Donut","floor":2.0,"gold_loss":0.0,"damage_taken":0.0},{"damage_healed":0.0,"max_hp_gain":0.0,"max_hp_loss":0.0,"gold_gain":75.0,"event_name":"World of Goop","player_choice":"Gather Gold","floor":4.0,"gold_loss":0.0,"damage_taken":11.0},{"cards_removed":["Strike_R"],"damage_healed":0.0,"max_hp_gain":0.0,"max_hp_loss":0.0,"gold_gain":0.0,"event_name":"Golden Wing","player_choice":"Card Removal","floor":10.0,"gold_loss":0.0,"damage_taken":7.0},{"damage_healed":0.0,"max_hp_gain":0.0,"max_hp_loss":0.0,"gold_gain":0.0,"event_name":"Cursed Tome","player_choice":"Ignored","floor":20.0,"gold_loss":0.0,"damage_taken":0.0},{"damage_healed":0.0,"max_hp_gain":0.0,"max_hp_loss":0.0,"gold_gain":0.0,"event_name":"Ghosts","player_choice":"Ignored","floor":21.0,"gold_loss":0.0,"damage_taken":0.0}],"is_beta":false,"boss_relics":[{"not_picked":["Velvet Choker","Astrolabe"],"picked":"Sozu"}],"items_purged_floors":[12],"is_endless":false,"potions_floor_spawned":[1,5,19],"killed_by":"Slavers","ascension_level":20}}