{"host":"qnjp8ae7cqjfne1e","time":1609076774,"event":{"mods":["BaseMod","Minty Spire (QoL Compilation)"],"gold_per_floor":[110,110,110,110,110,110,123,123,123,146,167,167,203,219,219,345,345,366,390,64,88,88,88,113,133,133,157,157,172,172,186,186,317,317,338,338,338,356,375,375,393,393,393,393,411,429,429,31,31,31],"floor_reached":51,"playtime":8993,"items_purged":["Bash","Strike_R+1"],"score":653,"play_id":"6413e9ce-1668-478e-8703-76d663d0accf","local_time":"20201227134614","is_ascension_mode":false,"campfire_choices":[{"data":"Defend_R","floor":6,"key":"SMITH"},{"data":"Cleave","floor":8,"key":"SMITH"},{"data":"Defend_R","floor":12,"key":"SMITH"},{"data":"Feed","floor":15,"key":"SMITH"},{"data":"Defend_R","floor":23,"key":"SMITH"},{"data":"Bludgeon","floor":30,"key":"SMITH"},{"data":"Ghostly Armor","floor":32,"key":"SMITH"},{"data":"Pommel Strike","floor":40,"key":"SMITH"},{"floor":44,"key":"RECALL"}],"circlet_count":0,"master_deck":["Strike_R+1","Strike_R+1","Strike_R+1","Defend_R+1","Defend_R+1","Defend_R+1","Defend_R+1","Pommel Strike+1","Cleave+1","Feed+1","Ghostly Armor+1","Bludgeon+1","Body Slam+1","Body Slam+1","Ghostly Armor+1","Pommel Strike+1","Offering+1","Twin Strike+1","Heavy Blade+1"],"relics":["Burning Blood","Golden Idol","Shuriken","Pantograph","Pen Nib","Coffee Dripper","Kunai","MutagenicStrength","Self Forming Clay","Sozu","Mark of the Bloom","Molten Egg 2","Sling","Centennial Puzzle"],"acts_visited":["Exordium","TheCity","TheBeyond"],"potions_floor_usage":[16,16,33,33,39],"damage_taken":[{"damage":0.0,"enemies":"Small Slimes","floor":1.0,"turns":4.0},{"damage":1,"enemies":"Jaw Worm","floor":7,"turns":4},{"damage":0,"enemies":"Cultist","floor":10,"turns":3},{"damage":18,"enemies":"Red Slaver","floor":11,"turns":4},{"damage":32,"enemies":"3 Sentries","floor":13,"turns":6},{"damage":7,"enemies":"Large Slime","floor":14,"turns":6},{"damage":5,"enemies":"Slime Boss","floor":16,"turns":8},{"damage":12,"enemies":"2 Thieves","floor":18,"turns":4},{"damage":0,"enemies":"3 Byrds","floor":19,"turns":4},{"damage":2,"enemies":"Cultist and Chosen","floor":21,"turns":5},{"damage":1,"enemies":"Chosen and Byrds","floor":24,"turns":4},{"damage":2,"enemies":"Centurion and Healer","floor":25,"turns":5},{"damage":0,"enemies":"3 Cultists","floor":27,"turns":4},{"damage":18,"enemies":"Shelled Parasite and Fungi","floor":29,"turns":4},{"damage":6,"enemies":"Centurion and Healer","floor":31,"turns":4},{"damage":23,"enemies":"Champ","floor":33,"turns":10},{"damage":0,"enemies":"3 Darklings","floor":35,"turns":4},{"damage":1,"enemies":"3 Shapes","floor":38,"turns":4},{"damage":6,"enemies":"Transient","floor":39,"turns":5},{"damage":0,"enemies":"4 Shapes","floor":41,"turns":6},{"damage":20,"enemies":"Sphere and 2 Shapes","floor":45,"turns":4},{"damage":3,"enemies":"Jaw Worm Horde","floor":46,"turns":3},{"damage":74,"enemies":"Time Eater","floor":50,"turns":11}],"seed_played":"902778599593920839","potions_obtained":[{"floor":1,"key":"Strength Potion"},{"floor":10,"key":"EssenceOfSteel"},{"floor":13,"key":"Ancient Potion"},{"floor":16,"key":"FearPotion"},{"floor":18,"key":"FearPotion"},{"floor":27,"key":"BlessingOfTheForge"},{"floor":29,"key":"Dexterity Potion"},{"floor":31,"key":"LiquidMemories"}],"is_trial":false,"path_per_floor":["M","?","?","?","?","R","M","R","T","M","M","R","E","M","R","B",null,"M","M","$","M","?","R","M","M","T","M","?","M","R","M","R","B",null,"M","?","$","M","M","R","M","?","T","R","M","M","R","$","R","B",null],"character_chosen":"IRONCLAD","items_purchased":["Kunai","Sling","Centennial Puzzle"],"campfire_rested":0,"item_purchase_floors":[20,48,48],"current_hp_per_floor":[80,74,59,74,74,74,74,74,74,74,62,62,36,35,35,65,78,76,86,86,90,90,90,94,98,98,102,86,74,74,78,78,86,106,106,106,106,110,110,110,114,114,114,114,94,91,91,91,91,17],"gold":31,"neow_bonus":"REMOVE_CARD","is_daily":false,"chose_seed":false,"campfire_upgraded":8,"win_rate":0.0,"timestamp":1609076774,"path_taken":["M","?","?","?","?","R","?","R","T","M","M","R","E","M","R","BOSS","M","M","$","M","?","R","M","M","T","M","?","M","R","M","R","BOSS","M","?","$","M","M","R","M","?","T","R","M","M","R","?","R","BOSS"],"items_purchased_type":["Relic","Relic","Relic"],"build_version":"2020-12-22","purchased_purges":2,"victory":true,"max_hp_per_floor":[80,74,74,74,74,74,74,74,74,74,74,74,74,74,74,78,78,82,86,86,90,90,90,94,98,98,102,102,102,102,106,106,106,106,106,106,106,110,110,110,114,114,114,114,114,118,118,118,118,118],"card_choices":[{"not_picked":["Sword Boomerang","Warcry"],"picked":"Pommel Strike","floor":1},{"not_picked":["Clothesline","Flex"],"picked":"Cleave","floor":7},{"not_picked":["Twin Strike","Headbutt","Perfected Strike"],"picked":"SKIP","floor":10},{"not_picked":["Cleave","Battle Trance","Carnage"],"picked":"SKIP","floor":11},{"not_picked":["Thunderclap","Spot Weakness"],"picked":"Feed","floor":13},{"not_picked":["Clash","Clothesline"],"picked":"Ghostly Armor","floor":14},{"not_picked":["Juggernaut","Reaper"],"picked":"Bludgeon","floor":16},{"not_picked":["Entrench","Sword Boomerang"],"picked":"Body Slam+1","floor":18},{"not_picked":["True Grit","Fire Breathing"],"picked":"Body Slam+1","floor":19},{"not_picked":["Hemokinesis","Evolve","True Grit"],"picked":"SKIP","floor":21},{"not_picked":["Cleave","Heavy Blade"],"picked":"Ghostly Armor+1","floor":24},{"not_picked":["Havoc","Seeing Red","Reckless Charge+1"],"picked":"SKIP","floor":25},{"not_picked":["Wild Strike+1","Anger","Entrench"],"picked":"SKIP","floor":27},{"not_picked":["Thunderclap","Warcry","Evolve"],"picked":"SKIP","floor":29},{"not_picked":["Intimidate","Havoc"],"picked":"Pommel Strike","floor":31},{"not_picked":["Corruption","Feed"],"picked":"Offering","floor":33},{"not_picked":["Body Slam","Armaments+1","Headbutt"],"picked":"SKIP","floor":35},{"not_picked":["Whirlwind+1","Feel No Pain+1"],"picked":"Twin Strike+1","floor":38},{"not_picked":["Iron Wave+1","Berserk"],"picked":"Heavy Blade","floor":39},{"not_picked":["Twin Strike","Clash+1","Power Through+1"],"picked":"SKIP","floor":41},{"not_picked":["Reckless Charge+1","Sever Soul+1","Disarm+1"],"picked":"SKIP","floor":45},{"not_picked":["Warcry","Body Slam+1","Clash+1"],"picked":"SKIP","floor":46}],"player_experience":220883,"relics_obtained":[{"floor":5,"key":"Shuriken"},{"floor":9,"key":"Pantograph"},{"floor":13,"key":"Pen Nib"},{"floor":26,"key":"Self Forming Clay"},{"floor":43,"key":"Molten Egg 2"}],"event_choices":[{"damage_healed":0,"gold_gain":0,"player_choice":"Lose Max HP","damage_taken":0,"relics_obtained":["Golden Idol"],"max_hp_gain":0,"max_hp_loss":6,"event_name":"Golden Idol","floor":2,"gold_loss":0},{"damage_healed":0,"gold_gain":0,"player_choice":"Entered Light","damage_taken":15,"max_hp_gain":0,"max_hp_loss":0,"event_name":"Shining Light","floor":3,"gold_loss":0,"cards_upgraded":["Defend_R","Strike_R"]},{"damage_healed":24,"gold_gain":0,"player_choice":"Banana","damage_taken":0,"max_hp_gain":0,"max_hp_loss":0,"event_name":"Big Fish","floor":4,"gold_loss":0},{"damage_healed":0,"gold_gain":0,"player_choice":"Relic","damage_taken":0,"max_hp_gain":0,"max_hp_loss":0,"event_name":"Wheel of Change","floor":5,"gold_loss":0},{"damage_healed":0,"gold_gain":0,"player_choice":"Inject Mutagens","damage_taken":0,"relics_obtained":["MutagenicStrength"],"max_hp_gain":0,"max_hp_loss":0,"event_name":"Drug Dealer","floor":22,"gold_loss":0},{"damage_healed":0,"gold_gain":0,"player_choice":"Obtained Book","damage_taken":16,"max_hp_gain":0,"max_hp_loss":0,"event_name":"Cursed Tome","floor":28,"gold_loss":0},{"damage_healed":0,"gold_gain":0,"player_choice":"Memory 1","damage_taken":0,"max_hp_gain":0,"max_hp_loss":0,"event_name":"SensoryStone","floor":36,"gold_loss":0},{"damage_healed":0,"gold_gain":0,"player_choice":"Upgrade","damage_taken":0,"relics_obtained":["Mark of the Bloom"],"max_hp_gain":0,"max_hp_loss":0,"event_name":"MindBloom","floor":42,"gold_loss":0,"cards_upgraded":["Strike_R","Strike_R","Strike_R","Pommel Strike","Offering","Heavy Blade"]}],"is_beta":false,"boss_relics":[{"not_picked":["Black Blood","Fusion Hammer"],"picked":"Coffee Dripper"},{"not_picked":["Runic Cube","Runic Pyramid"],"picked":"Sozu"}],"items_purged_floors":[20,48],"is_endless":false,"potions_floor_spawned":[1,10,13,16,18,27,29,31,39,41,45,46],"ascension_level":0}}