{"host":"aaqofma31c3gm2hj","time":1609075294,"event":{"mods":["BaseMod","Minty Spire (QoL Compilation)","Replay The Spire","Spicy Shops","StSLib"],"gold_per_floor":[117,117,42,42,122,150,85,114,139,139,157,192,192,209,209,283,283,295,295,295],"floor_reached":19,"playtime":374,"items_purged":["Defend_G"],"score":466,"play_id":"e498c360-59ac-4f1d-9143-70561bbe7260","local_time":"20201227212134","is_ascension_mode":true,"campfire_choices":[{"data":"Accuracy","floor":13.0,"key":"SMITH"}],"circlet_count":0,"master_deck":["AscendersBane","Survivor","Neutralize","Accuracy+1","Hidden Blade","Cloak And Dagger+1","ReplayTheSpireMod:Speed Training","Replay:Bag of Tricks","Dagger Throw","Footwork","Replay:Bag of Tricks","Choke","ReplayTheSpireMod:Necrosis","Acrobatics","Calculated Gamble","Finisher","Terror"],"relics":["Ring of the Snake","NeowsBlessing","Replay:WaspNest","Ginger","Whetstone","Pen Nib","Dead Branch","Pandora\u0027s Box"],"acts_visited":["Exordium","TheCity"],"potions_floor_usage":[],"damage_taken":[{"damage":0.0,"enemies":"Small Slimes","floor":1.0,"turns":1.0},{"damage":0.0,"enemies":"Gremlin Nob","floor":6.0,"turns":1.0},{"damage":0.0,"enemies":"Lagavulin","floor":8.0,"turns":1.0},{"damage":1.0,"enemies":"Jaw Worm","floor":11.0,"turns":3.0},{"damage":18.0,"enemies":"Gremlin Nob","floor":12.0,"turns":4.0},{"damage":0.0,"enemies":"Cultist","floor":14.0,"turns":3.0},{"damage":22.0,"enemies":"Hexaghost","floor":16.0,"turns":8.0},{"damage":11,"enemies":"Spheric Guardian","floor":18,"turns":3}],"seed_played":"8314010865969134625","potions_obtained":[{"floor":1.0,"key":"Reflective Coating"},{"floor":8.0,"key":"SkillPotion"},{"floor":12.0,"key":"SneckoOil"}],"is_trial":false,"path_per_floor":["M","?","$","?","T","E","$","E","T","?","M","E","R","M","R","B",null,"M","$"],"character_chosen":"THE_SILENT","items_purchased":["Hidden Blade"],"campfire_rested":0,"item_purchase_floors":[7],"current_hp_per_floor":[59,59,59,39,39,39,39,39,39,39,38,20,20,20,39,17,54,43,43,43],"gold":295,"neow_bonus":"THREE_ENEMY_KILL","is_daily":false,"chose_seed":false,"campfire_upgraded":1,"win_rate":0.0,"timestamp":1609075294,"path_taken":["M","?","$","?","?","E","$","E","T","?","?","E","R","M","R","BOSS","M","$"],"items_purchased_type":["Card"],"build_version":"2020-12-22","purchased_purges":1,"victory":false,"max_hp_per_floor":[66,66,66,66,66,66,66,66,66,66,66,66,66,66,66,66,66,66,66,66],"card_choices":[{"not_picked":["Draining Mist","ReplayTheSpireMod:Shiv Toss"],"picked":"Accuracy","floor":1.0},{"not_picked":["Finisher","All Out Attack","Accuracy"],"picked":"SKIP","floor":6.0},{"not_picked":["Blur","Dagger Spray","Hidden Blade"],"picked":"SKIP","floor":8.0},{"not_picked":["Prepared","Bane"],"picked":"Cloak And Dagger","floor":11.0},{"not_picked":["Flying Knee","Distraction","Quick Slash"],"picked":"SKIP","floor":12.0},{"not_picked":["PiercingWail","Dodge and Roll"],"picked":"ReplayTheSpireMod:Speed Training","floor":14.0},{"not_picked":["Malaise","Glass Knife"],"picked":"Replay:Bag of Tricks","floor":16.0},{"not_picked":["Slice","Dagger Throw"],"picked":"Terror","floor":18}],"player_experience":544172,"relics_obtained":[{"floor":5.0,"key":"Replay:WaspNest"},{"floor":6.0,"key":"Ginger"},{"floor":8.0,"key":"Whetstone"},{"floor":9.0,"key":"Pen Nib"},{"floor":12.0,"key":"Dead Branch"}],"event_choices":[{"damage_healed":0.0,"max_hp_gain":0.0,"max_hp_loss":0.0,"gold_gain":0.0,"event_name":"Shining Light","player_choice":"Entered Light","floor":4.0,"gold_loss":0.0,"damage_taken":20.0,"cards_upgraded":["Defend_G","Strike_G"]},{"damage_healed":0.0,"max_hp_gain":0.0,"max_hp_loss":0.0,"gold_gain":0.0,"event_name":"Liars Game","player_choice":"Ignored","floor":10.0,"gold_loss":0.0,"damage_taken":0.0}],"is_beta":false,"boss_relics":[{"not_picked":["Empty Cage","Snecko Eye"],"picked":"Pandora\u0027s Box"}],"items_purged_floors":[3],"is_endless":false,"potions_floor_spawned":[1,8,12,16],"ascension_level":20}}