{"host":"12piqfhmdln9x2la","time":1609096097,"event":{"mods":["2.2 Compatiblity","AchievementEnabler","BaseMod","BetterRewards","Colored Powertips","Minty Spire (QoL Compilation)","Quick Restart","SuperFastMode"],"gold_per_floor":[116,37,37,112,122,157,157,171,253,43,70,83,7,34,34,139,139,150,150,6,25,25,52,27,59,83,116,130,156,167,167,167],"floor_reached":31,"playtime":728,"items_purged":["Strike_R","Defend_R","Havoc"],"score":447,"play_id":"eb3176c8-8c79-4e33-976b-5d5e7a9281a2","local_time":"20201228040817","is_ascension_mode":true,"campfire_choices":[{"floor":15,"key":"RECALL"}],"circlet_count":0,"master_deck":["Bash","Pummel+1","Cleave+1","Heavy Blade+1","Twin Strike+1","Spot Weakness","Dropkick+1","Clash+1","Armaments","Bloodletting","Exhume","Demon Form","Clothesline+1","Offering","Havoc","Double Tap","Corruption","Feed+1","Bludgeon+1","Rampage+1","Seeing Red+1","Seeing Red+1"],"relics":["Burning Blood","Membership Card","Nunchaku","Molten Egg 2","Thread and Needle","Question Card","Sling","Boot","Shuriken","Bag of Marbles","HornCleat","Singing Bowl","Mango","Whetstone","Pandora\u0027s Box","Potion Belt","Bronze Scales","Tiny Chest","Kunai"],"acts_visited":["Exordium","TheCity"],"potions_floor_usage":[14,25,28,28,29,31],"damage_taken":[{"damage":3,"enemies":"2 Louse","floor":1,"turns":3},{"damage":8,"enemies":"Jaw Worm","floor":5,"turns":2},{"damage":11,"enemies":"3 Sentries","floor":6,"turns":6},{"damage":0,"enemies":"Cultist","floor":8,"turns":2},{"damage":2,"enemies":"Lagavulin","floor":11,"turns":3},{"damage":0,"enemies":"Exordium Thugs","floor":12,"turns":2},{"damage":1,"enemies":"3 Sentries","floor":14,"turns":3},{"damage":11,"enemies":"Slime Boss","floor":16,"turns":5},{"damage":0,"enemies":"Spheric Guardian","floor":18,"turns":3},{"damage":11,"enemies":"3 Byrds","floor":21,"turns":3},{"damage":15,"enemies":"Slavers","floor":23,"turns":3},{"damage":32,"enemies":"Gremlin Leader","floor":25,"turns":4},{"damage":23,"enemies":"Slavers","floor":27,"turns":4},{"damage":26,"enemies":"Snake Plant","floor":28,"turns":2},{"damage":21,"enemies":"Gremlin Leader","floor":29,"turns":2},{"damage":35,"enemies":"Centurion and Healer","floor":30,"turns":4},{"damage":16,"enemies":"Slavers","floor":31,"turns":1}],"seed_played":"2016065099512253376","potions_obtained":[{"floor":1,"key":"AttackPotion"},{"floor":12,"key":"DistilledChaos"},{"floor":14,"key":"SpeedPotion"},{"floor":21,"key":"SkillPotion"},{"floor":23,"key":"SteroidPotion"},{"floor":27,"key":"CultistPotion"},{"floor":30,"key":"ColorlessPotion"}],"is_trial":false,"path_per_floor":["M","$","?","?","M","E","?","M","T","$","E","M","$","E","R","B",null,"M","?","$","M","?","E","$","E","T","E","M","E","M","E"],"character_chosen":"IRONCLAD","items_purchased":["Membership Card","Nunchaku","Pummel","Molten Egg 2","Question Card","Sling","Singing Bowl","Spot Weakness","Dropkick+1","Armaments","Feed+1","BloodPotion"],"campfire_rested":0,"item_purchase_floors":[0,0,0,0,0,2,10,10,10,13,20,24],"current_hp_per_floor":[47,47,40,29,27,22,22,28,28,28,48,54,54,59,59,54,96,98,78,78,79,79,74,74,50,50,37,44,35,10,0,0],"gold":167,"neow_bonus":"","is_daily":false,"chose_seed":false,"campfire_upgraded":0,"win_rate":0.0,"timestamp":1609096097,"path_taken":["M","$","?","?","M","E","?","?","T","?","E","?","$","E","R","BOSS","M","?","$","M","?","E","$","E","T","E","M","E","?","E"],"items_purchased_type":["Relic","Relic","Card","Relic","Relic","Relic","Relic","Card","Card","Card","Card","Potion"],"build_version":"2020-12-22","purchased_purges":3,"victory":false,"max_hp_per_floor":[80,80,80,80,80,80,80,80,80,80,96,96,96,96,96,96,96,98,103,103,109,109,113,113,115,115,119,123,129,133,133,133],"card_choices":[{"not_picked":["Iron Wave+1","Shockwave","Warcry"],"picked":"Flex","floor":1},{"not_picked":["Body Slam+1","Twin Strike+1","Warcry"],"picked":"Cleave+1","floor":5},{"not_picked":["Evolve","Armaments","Fire Breathing"],"picked":"Heavy Blade+1","floor":6},{"not_picked":["True Grit","Anger+1","Corruption"],"picked":"Twin Strike+1","floor":8},{"not_picked":["Dark Embrace","Entrench","Iron Wave+1","Headbutt+1"],"picked":"Singing Bowl","floor":11},{"not_picked":["Combust","Flame Barrier","Dual Wield"],"picked":"Clash+1","floor":12},{"not_picked":["Fiend Fire+1","Havoc","Entrench"],"picked":"Bloodletting","floor":14},{"not_picked":["Barricade","Juggernaut","Fiend Fire+1"],"picked":"Exhume","floor":16},{"not_picked":["Warcry+1","Clash+1","Headbutt+1","True Grit+1"],"picked":"Singing Bowl","floor":18},{"not_picked":["Sword Boomerang+1","Headbutt+1","Burning Pact+1","Cleave+1"],"picked":"Singing Bowl","floor":21},{"not_picked":["Perfected Strike+1","Havoc","Sentinel"],"picked":"Bludgeon+1","floor":23},{"not_picked":["Cleave+1","Metallicize","Dark Embrace","Evolve+1"],"picked":"Singing Bowl","floor":25},{"not_picked":["Perfected Strike+1","True Grit","Fire Breathing+1"],"picked":"Rampage+1","floor":27},{"not_picked":["Perfected Strike+1","Ghostly Armor","Pommel Strike+1"],"picked":"Seeing Red+1","floor":28},{"not_picked":["Heavy Blade+1","Armaments","Burning Pact","Havoc+1"],"picked":"Singing Bowl","floor":29},{"not_picked":["True Grit+1","Twin Strike+1","Wild Strike+1"],"picked":"Seeing Red+1","floor":30}],"player_experience":128191,"relics_obtained":[{"floor":6,"key":"Shuriken"},{"floor":9,"key":"HornCleat"},{"floor":11,"key":"Mango"},{"floor":14,"key":"Whetstone"},{"floor":23,"key":"Potion Belt"},{"floor":25,"key":"Bronze Scales"},{"floor":27,"key":"Tiny Chest"},{"floor":29,"key":"Kunai"}],"event_choices":[{"damage_healed":0,"gold_gain":0,"player_choice":"Success","damage_taken":7,"relics_obtained":["Boot"],"max_hp_gain":0,"max_hp_loss":0,"event_name":"Scrap Ooze","floor":3,"gold_loss":0},{"damage_healed":0,"gold_gain":75,"player_choice":"Gather Gold","damage_taken":11,"max_hp_gain":0,"max_hp_loss":0,"event_name":"World of Goop","floor":4,"gold_loss":0},{"cards_removed":["Flex"],"damage_healed":0,"gold_gain":0,"player_choice":"Gave Card","damage_taken":0,"relics_obtained":["Bag of Marbles"],"max_hp_gain":0,"max_hp_loss":0,"event_name":"WeMeetAgain","floor":7,"gold_loss":0},{"damage_healed":0,"gold_gain":0,"player_choice":"Shed Blood","damage_taken":25,"max_hp_gain":5,"max_hp_loss":0,"event_name":"Forgotten Altar","floor":19,"gold_loss":0},{"damage_healed":0,"gold_gain":0,"player_choice":"Ignored","damage_taken":0,"max_hp_gain":0,"max_hp_loss":0,"event_name":"Ghosts","floor":22,"gold_loss":0}],"is_beta":false,"boss_relics":[{"not_picked":["Runic Dome","Runic Pyramid"],"picked":"Pandora\u0027s Box"}],"items_purged_floors":[10,13,20],"is_endless":false,"potions_floor_spawned":[1,12,14,21,23,27,30],"killed_by":"Slavers","ascension_level":4}}