{"host":"31s8hzukbhz1k6i6","time":1609103896,"event":{"mods":["BaseMod","Colored Map","Minty Spire (QoL Compilation)","Relic Stats","UnlockEverythingMod"],"gold_per_floor":[115,129,129,129,2,2,16,16,84,84,102,135,135,166,166,266,266,279,279,297,55,55,87,106,106,106],"floor_reached":25,"playtime":1069,"items_purged":["Strike_P"],"score":305,"play_id":"8c5cc057-4257-42ee-a111-968dd262cc48","local_time":"20201227131816","is_ascension_mode":true,"campfire_choices":[{"data":"BowlingBash","floor":6,"key":"SMITH"},{"data":"CrushJoints","floor":8,"key":"SMITH"},{"data":"Eruption","floor":10,"key":"SMITH"},{"data":"TalkToTheHand","floor":13,"key":"SMITH"},{"data":"LessonLearned","floor":15,"key":"SMITH"}],"circlet_count":0,"master_deck":["Strike_P","Strike_P","Strike_P+1","Defend_P+1","Defend_P+1","Defend_P+1","Defend_P","Eruption+1","Vigilance+1","LessonLearned+1","BowlingBash+1","FlurryOfBlows+1","ThirdEye+1","CrushJoints+1","TalkToTheHand+1","ThirdEye","DevaForm+1","Meditate+1","RitualDagger+1","Adaptation+1","Writhe","Vault+1"],"relics":["PureWater","Torii","Strawberry","VioletLotus","Question Card","Toxic Egg 2","Nunchaku"],"acts_visited":["Exordium","TheCity"],"potions_floor_usage":[23,24,25],"damage_taken":[{"damage":4,"enemies":"Cultist","floor":1,"turns":5},{"damage":13,"enemies":"Jaw Worm","floor":2,"turns":5},{"damage":0,"enemies":"2 Louse","floor":7,"turns":2},{"damage":0,"enemies":"2 Fungi Beasts","floor":11,"turns":2},{"damage":11,"enemies":"3 Sentries","floor":12,"turns":8},{"damage":1,"enemies":"Lagavulin","floor":14,"turns":5},{"damage":33,"enemies":"The Guardian","floor":16,"turns":13},{"damage":2,"enemies":"2 Thieves","floor":18,"turns":4},{"damage":8,"enemies":"Chosen","floor":20,"turns":8},{"damage":0,"enemies":"Gremlin Leader","floor":23,"turns":2},{"damage":9,"enemies":"Sentry and Sphere","floor":24,"turns":4},{"damage":84,"enemies":"Book of Stabbing","floor":25,"turns":8}],"seed_played":"7401685490423513169","potions_obtained":[{"floor":1,"key":"Ambrosia"},{"floor":2,"key":"FairyPotion"},{"floor":7,"key":"Strength Potion"},{"floor":23,"key":"Swift Potion"}],"is_trial":false,"path_per_floor":["M","M","?","?","$","R","M","R","T","R","M","E","R","E","R","B",null,"M","?","M","$","?","E","M","E"],"character_chosen":"WATCHER","items_purchased":["ThirdEye","Question Card"],"campfire_rested":0,"item_purchase_floors":[5,21],"current_hp_per_floor":[68,55,60,53,53,53,53,53,53,53,53,42,42,48,48,15,84,82,76,68,68,68,68,59,0,0],"gold":106,"neow_bonus":"THREE_RARE_CARDS","is_daily":false,"chose_seed":false,"campfire_upgraded":5,"win_rate":0.0,"timestamp":1609103896,"path_taken":["M","M","?","?","$","R","M","R","T","R","M","E","R","E","R","BOSS","M","?","M","$","?","E","M","E"],"items_purchased_type":["Card","Relic"],"build_version":"2020-12-22","purchased_purges":1,"victory":false,"max_hp_per_floor":[72,72,77,77,77,77,77,77,77,77,77,77,77,84,84,84,84,84,84,84,84,84,84,84,84,84],"relic_stats":{"Nunchaku":[2],"Torii":8,"counters":[12,66],"VioletLotus":[2],"Question Card":2,"obtain_stats":[{"Nunchaku":23,"Torii":12,"Strawberry":14,"VioletLotus":17,"PureWater":0,"Toxic Egg 2":22,"Question Card":21},{"Nunchaku":10,"Torii":5,"Strawberry":6,"VioletLotus":7,"PureWater":0,"Toxic Egg 2":9,"Question Card":9},{"Nunchaku":54,"Torii":22,"Strawberry":27,"VioletLotus":40,"PureWater":0,"Toxic Egg 2":52,"Question Card":52}]},"card_choices":[{"not_picked":["Judgement","Vault"],"picked":"LessonLearned","floor":0},{"not_picked":["Prostrate","PathToVictory"],"picked":"BowlingBash","floor":1},{"not_picked":["ClearTheMind","EmptyFist"],"picked":"FlurryOfBlows","floor":2},{"not_picked":["Halt","LessonLearned"],"picked":"CrushJoints","floor":7},{"not_picked":["CrushJoints","Evaluate","JustLucky"],"picked":"SKIP","floor":11},{"not_picked":["Pray","Sanctity"],"picked":"TalkToTheHand","floor":12},{"not_picked":["EmptyFist","Protect"],"picked":"ThirdEye","floor":14},{"not_picked":["Brilliance","Omniscience"],"picked":"DevaForm","floor":16},{"not_picked":["Crescendo","FollowUp+1"],"picked":"Meditate+1","floor":18},{"not_picked":["ReachHeaven","TalkToTheHand"],"picked":"Adaptation+1","floor":20},{"not_picked":["Establishment","CrushJoints+1","Vengeance+1"],"picked":"Vault+1","floor":23},{"not_picked":["FollowUp","Consecrate","FlyingSleeves","Vengeance+1"],"picked":"SKIP","floor":24}],"player_experience":36583,"relics_obtained":[{"floor":12,"key":"Torii"},{"floor":14,"key":"Strawberry"},{"floor":23,"key":"Nunchaku"}],"event_choices":[{"damage_healed":0,"gold_gain":0,"player_choice":"Donut","damage_taken":0,"max_hp_gain":5,"max_hp_loss":0,"event_name":"Big Fish","floor":3,"gold_loss":0},{"cards_removed":["Injury"],"damage_healed":0,"gold_gain":0,"player_choice":"Card Removal","damage_taken":7,"max_hp_gain":0,"max_hp_loss":0,"event_name":"Golden Wing","floor":4,"gold_loss":0},{"damage_healed":0,"gold_gain":0,"player_choice":"Joined the Cult","damage_taken":6,"max_hp_gain":0,"max_hp_loss":0,"event_name":"Nest","floor":19,"gold_loss":0,"cards_obtained":["RitualDagger"]},{"damage_healed":0,"gold_gain":0,"player_choice":"Opened","damage_taken":0,"relics_obtained":["Toxic Egg 2"],"max_hp_gain":0,"max_hp_loss":0,"event_name":"The Mausoleum","floor":22,"gold_loss":0,"cards_obtained":["Writhe"]}],"is_beta":false,"boss_relics":[{"not_picked":["Empty Cage","Sozu"],"picked":"VioletLotus"}],"items_purged_floors":[5],"is_endless":false,"potions_floor_spawned":[1,2,7,12,23],"killed_by":"Book of Stabbing","ascension_level":4}}