{"host":"4amcrcg6ktw8dbzk","time":1609046352,"event":{"mods":["ATMod(°¢èªMod)","BaseMod","Dota2Spire","Minty Spire (QoL Compilation)","MostiFishMod","Spicy Shops","StSLib","Waifu the Spire"],"gold_per_floor":[115,125,125,139,100,100,100,131,131,160,175,175,202,219,219,293,293,304,304,320,333,383,383,416,463,463,490,540,540,540,187,187,291,291,308,308,161,16,16,16,16,16,66,106,124,124,180,195,195,225,225,225,38,103,133],"floor_reached":56,"playtime":2105,"items_purged":[],"score":2234,"play_id":"5ab87e91-6474-48db-a5f9-84c2fb77377a","local_time":"20201227131912","is_ascension_mode":true,"campfire_choices":[{"data":"Fasting2","floor":6.0,"key":"SMITH"},{"data":"Eruption","floor":15.0,"key":"SMITH"},{"data":"FlurryOfBlows","floor":23.0,"key":"SMITH"},{"floor":29.0,"key":"REST"},{"floor":32.0,"key":"DIG"},{"floor":40.0,"key":"DIG"},{"floor":42.0,"key":"DIG"},{"floor":46.0,"key":"DIG"},{"floor":49,"key":"RECALL"},{"data":"MostiFishMod:ButterFly","floor":52,"key":"SMITH"}],"circlet_count":0,"master_deck":["AscendersBane","Strike_P","Strike_P+1","Defend_P","Defend_P","Eruption+1","Vigilance","AT_WindFlip","EmptyBody","FlyingSleeves+1","Fasting2+1","Halt","FlurryOfBlows+1","Prostrate","SandsOfTime","Vault","CurseOfTheBell","Halt","Crescendo+1","MentalFortress","Prostrate","Tantrum","MostiFishMod:Mottled","MostiFishMod:Minus+1","MostiFishMod:ButterFly+1","FearNoEvil","TalkToTheHand","AT_ChampionStep+1"],"relics":["PureWater","DaveBox","AT_ATBox","BirthdayGift-Tetrahedron","Pear","Whetstone","Incense Burner","Anchor","Calling Bell","Centennial Puzzle","Dota2Spire:MantaStyle","Shovel","Dota2Spire:HandOfMidas","ImprovedEquipment","Dota2Spire:UrnOfShadows","Dota2Spire:Desolator","Dota2Spire:RefresherOrb","Medical Kit","OrangePellets","Singing Bowl","Toy Ornithopter","Dota2Spire:CrimsonGuard","Yang","AT_ChloranthyRing"],"acts_visited":["Exordium","TheCity","TheBeyond","TheEnding"],"potions_floor_usage":[55,55],"damage_taken":[{"damage":2.0,"enemies":"Cultist","floor":1.0,"turns":2.0},{"damage":0.0,"enemies":"2 Louse","floor":2.0,"turns":1.0},{"damage":0.0,"enemies":"Small Slimes","floor":4.0,"turns":1.0},{"damage":2.0,"enemies":"Gremlin Nob","floor":8.0,"turns":2.0},{"damage":2.0,"enemies":"Lagavulin","floor":10.0,"turns":2.0},{"damage":2.0,"enemies":"3 Louse","floor":11.0,"turns":2.0},{"damage":4.0,"enemies":"3 Sentries","floor":13.0,"turns":3.0},{"damage":2.0,"enemies":"Blue Slaver","floor":14.0,"turns":2.0},{"damage":6.0,"enemies":"The Guardian","floor":16.0,"turns":4.0},{"damage":2.0,"enemies":"3 Byrds","floor":18.0,"turns":2.0},{"damage":4.0,"enemies":"Shell Parasite","floor":20.0,"turns":3.0},{"damage":4.0,"enemies":"Snecko","floor":21.0,"turns":3.0},{"damage":8.0,"enemies":"Book of Stabbing","floor":24.0,"turns":3.0},{"damage":14.0,"enemies":"Snake Plant","floor":25.0,"turns":2.0},{"damage":4.0,"enemies":"Slavers","floor":27.0,"turns":3.0},{"damage":4.0,"enemies":"Centurion and Healer","floor":28.0,"turns":3.0},{"damage":20.0,"enemies":"Champ","floor":33.0,"turns":7.0},{"damage":10.0,"enemies":"3 Darklings","floor":35.0,"turns":3.0},{"damage":7.0,"enemies":"3 Shapes","floor":44.0,"turns":3.0},{"damage":2.0,"enemies":"3 Darklings","floor":45.0,"turns":2.0},{"damage":18.0,"enemies":"Nemesis","floor":47.0,"turns":3.0},{"damage":2,"enemies":"Jaw Worm Horde","floor":48,"turns":2},{"damage":9,"enemies":"Donu and Deca","floor":50,"turns":4},{"damage":21,"enemies":"Shield and Spear","floor":54,"turns":4},{"damage":8,"enemies":"The Heart","floor":55,"turns":5}],"seed_played":"-4989870805431089725","potions_obtained":[{"floor":4.0,"key":"SpeedPotion"},{"floor":8.0,"key":"Strength Potion"}],"is_trial":false,"path_per_floor":["M","M","?","M","$","R","?","E","T","E","M","?","E","M","R","B",null,"M","?","M","M","?","R","E","M","T","E","M","R","?","$","R","B",null,"M","?","$","$","?","R","?","R","T","M","M","R","E","M","R","B",null,"R","$","E","B",null],"character_chosen":"WATCHER","items_purchased":["Fasting2","Tantrum","MostiFishMod:Mottled","Medical Kit","OrangePellets","TalkToTheHand"],"campfire_rested":1,"item_purchase_floors":[5,31,31,37,38,53],"current_hp_per_floor":[59,59,59,59,59,59,64,72,72,70,68,68,64,62,62,56,76,74,74,70,66,66,66,58,44,44,40,36,60,60,60,60,40,72,62,62,62,62,62,62,62,62,62,69,73,73,57,61,61,76,87,87,87,70,76],"gold":133,"neow_bonus":"REMOVE_CARD","is_daily":false,"chose_seed":false,"campfire_upgraded":4,"win_rate":0.0,"timestamp":1609046352,"path_taken":["M","?","?","?","$","R","?","E","T","E","M","?","E","M","R","BOSS","M","?","M","M","?","R","E","M","T","E","?","R","?","?","R","BOSS","M","?","?","$","?","R","?","R","T","M","?","R","E","?","R","BOSS","R","$","E","BOSS"],"items_purchased_type":["Card","Card","Card","Relic","Relic","Card"],"build_version":"2020-12-22","purchased_purges":0,"victory":true,"max_hp_per_floor":[68,68,68,68,68,68,73,83,83,83,83,83,83,83,83,83,83,83,83,83,83,83,83,83,83,83,83,83,83,83,83,83,83,83,83,83,83,83,83,83,83,83,83,85,87,87,89,91,91,91,91,91,91,91,91],"card_choices":[{"not_picked":["Crescendo","Protect"],"picked":"EmptyBody","floor":1.0},{"not_picked":["SignatureMove","PathToVictory"],"picked":"FlyingSleeves","floor":2.0},{"not_picked":["EmptyFist","Protect","Vengeance"],"picked":"SKIP","floor":4.0},{"not_picked":["EmptyBody","Indignation"],"picked":"Halt","floor":8.0},{"not_picked":["Halt","Perseverance"],"picked":"FlurryOfBlows","floor":10.0},{"not_picked":["MostiFishMod:Unraveling","EmptyBody"],"picked":"Prostrate","floor":11.0},{"not_picked":["FlurryOfBlows","JustLucky","WreathOfFlame"],"picked":"SKIP","floor":13.0},{"not_picked":["EmptyFist","Halt"],"picked":"SandsOfTime","floor":14.0},{"not_picked":["AT_IrregularMenstruation","Omniscience"],"picked":"Vault","floor":16.0},{"not_picked":["Sanctity","CutThroughFate"],"picked":"Halt","floor":18.0},{"not_picked":["AT_DivineConfetti","SignatureMove"],"picked":"Crescendo+1","floor":20.0},{"not_picked":["JustLucky","Halt+1","FollowUp"],"picked":"SKIP","floor":21.0},{"not_picked":["AT_DivineConfetti","SashWhip"],"picked":"MentalFortress","floor":24.0},{"not_picked":["FollowUp","CrushJoints"],"picked":"Prostrate","floor":25.0},{"not_picked":["ThirdEye","EmptyFist","CrushJoints"],"picked":"SKIP","floor":27.0},{"not_picked":["WindmillStrike","AT_ChampionKick","AT_RealFormLess"],"picked":"SKIP","floor":28.0},{"not_picked":["Judgement","MostiFishMod:Moonprays"],"picked":"MostiFishMod:Minus","floor":33.0},{"not_picked":["SignatureMove","SashWhip","MostiFishMod:Clarity+1"],"picked":"SKIP","floor":35.0},{"not_picked":["MostiFishMod:Kaleido","MostiFishMod:ElfcollectionBox"],"picked":"MostiFishMod:ButterFly","floor":39.0},{"not_picked":["Consecrate","ForeignInfluence","ClearTheMind"],"picked":"Singing Bowl","floor":44.0},{"not_picked":["EmptyBody","Evaluate","JustLucky"],"picked":"Singing Bowl","floor":45.0},{"not_picked":["JustLucky+1","EmptyFist+1","Evaluate"],"picked":"Singing Bowl","floor":47.0},{"not_picked":["PathToVictory","LikeWater+1","EmptyMind"],"picked":"Singing Bowl","floor":48},{"not_picked":["SashWhip+1","Worship"],"picked":"AT_ChampionStep+1","floor":54}],"player_experience":311098,"relics_obtained":[{"floor":8.0,"key":"Pear"},{"floor":9.0,"key":"Whetstone"},{"floor":10.0,"key":"Incense Burner"},{"floor":13.0,"key":"Anchor"},{"floor":17.0,"key":"Centennial Puzzle"},{"floor":17.0,"key":"Dota2Spire:MantaStyle"},{"floor":17.0,"key":"Shovel"},{"floor":24.0,"key":"Dota2Spire:HandOfMidas"},{"floor":26.0,"key":"ImprovedEquipment"},{"floor":27.0,"key":"Dota2Spire:UrnOfShadows"},{"floor":32.0,"key":"Dota2Spire:Desolator"},{"floor":40.0,"key":"Singing Bowl"},{"floor":42.0,"key":"Toy Ornithopter"},{"floor":46.0,"key":"Dota2Spire:CrimsonGuard"},{"floor":47.0,"key":"Yang"},{"floor":54,"key":"AT_ChloranthyRing"}],"event_choices":[{"cards_removed":["Defend_P"],"damage_healed":0.0,"max_hp_gain":0.0,"max_hp_loss":0.0,"gold_gain":0.0,"event_name":"Purifier","player_choice":"Purged","floor":3.0,"gold_loss":0.0,"damage_taken":0.0},{"damage_healed":0.0,"max_hp_gain":5.0,"max_hp_loss":0.0,"gold_gain":0.0,"event_name":"Big Fish","player_choice":"Donut","floor":7.0,"gold_loss":0.0,"damage_taken":0.0},{"damage_healed":0.0,"max_hp_gain":0.0,"max_hp_loss":0.0,"gold_gain":0.0,"event_name":"The Cleric","player_choice":"Leave","floor":12.0,"gold_loss":0.0,"damage_taken":0.0},{"cards_removed":["Strike_P"],"damage_healed":0.0,"max_hp_gain":0.0,"max_hp_loss":0.0,"gold_gain":0.0,"event_name":"Back to Basics","player_choice":"Elegance","floor":19.0,"gold_loss":0.0,"damage_taken":0.0},{"damage_healed":0.0,"max_hp_gain":0.0,"max_hp_loss":0.0,"gold_gain":100.0,"event_name":"The Joust","player_choice":"Bet on Murderer","floor":22.0,"gold_loss":50.0,"damage_taken":0.0},{"damage_healed":0.0,"max_hp_gain":0.0,"max_hp_loss":0.0,"gold_gain":0.0,"cards_transformed":["Defend_P"],"event_name":"Transmorgrifier","player_choice":"Transformed","floor":30.0,"gold_loss":0.0,"damage_taken":0.0,"cards_obtained":["MostiFishMod:Nomercy"]},{"damage_healed":0.0,"max_hp_gain":0.0,"max_hp_loss":0.0,"gold_gain":0.0,"event_name":"Upgrade Shrine","player_choice":"Upgraded","floor":36.0,"gold_loss":0.0,"damage_taken":0.0,"cards_upgraded":["MostiFishMod:Minus"]},{"damage_healed":0.0,"max_hp_gain":0.0,"max_hp_loss":0.0,"gold_gain":0.0,"event_name":"SensoryStone","player_choice":"Memory 1","floor":39.0,"gold_loss":0.0,"damage_taken":0.0},{"damage_healed":0.0,"max_hp_gain":0.0,"max_hp_loss":0.0,"gold_gain":0.0,"cards_transformed":["MostiFishMod:Nomercy"],"event_name":"Transmorgrifier","player_choice":"Transformed","floor":41.0,"gold_loss":0.0,"damage_taken":0.0,"cards_obtained":["FearNoEvil"]}],"is_beta":false,"boss_relics":[{"not_picked":["AT_TrinityForce","Coffee Dripper"],"picked":"Calling Bell"},{"not_picked":["VioletLotus","GreenFoldingFan"],"picked":"Dota2Spire:RefresherOrb"}],"items_purged_floors":[],"is_endless":false,"potions_floor_spawned":[4,8,11,16,18,21,24,35,54],"ascension_level":14}}