{"host":"07tcb8n8jdavk3gs","time":1609104552,"event":{"mods":["BaseMod","Colored Map","Hermit","Marisa????????","Minty Spire (QoL Compilation)","StSLib","The Animator","The Cursed","The Servant 0.9.4"],"gold_per_floor":[109,18,18,33,33,33,59,59,59,79,92,92,92,155,155,246,296,308,233,148,198,209,209,209],"floor_reached":23,"playtime":1310,"items_purged":[],"score":371,"play_id":"c896d6f1-5263-4cc4-b10f-62a9f15242c2","local_time":"20201227152912","is_ascension_mode":true,"campfire_choices":[{"data":"animator:KrulTepes","floor":6.0,"key":"SMITH"},{"data":"animator:Vesta","floor":8.0,"key":"SMITH"},{"floor":15.0,"key":"REST"}],"circlet_count":0,"master_deck":["AscendersBane","animator:Strike_Katanagatari","animator:Defend_Katanagatari","animator:Strike+1","animator:Defend","animator:Defend+1","animator:Defend","animator:Azekura","animator:Emonzaemon","animator:Vesta+1","animator:Urushihara","animator:KrulTepes+1","animator:Yoichi","animator:Shinoa","animator:Mitsurugi","animator:HigakiRinne","animator:KrulTepes","animator:PandorasActor","animator:Mikaela"],"relics":["animator:LivingPicture","animator:TheMissingPiece","animator:PurgingStone","NeowsBlessing","Blood Vial","Pocketwatch","animator:WizardHat","Darkstone Periapt","Blood Vial","Tiny House","Centennial Puzzle"],"acts_visited":["Exordium","TheCity"],"potions_floor_usage":[18,23],"damage_taken":[{"damage":0.0,"enemies":"Small Slimes","floor":1.0,"turns":1.0},{"damage":0.0,"enemies":"Jaw Worm","floor":4.0,"turns":1.0},{"damage":0.0,"enemies":"Lagavulin","floor":7.0,"turns":2.0},{"damage":8.0,"enemies":"2 Louse","floor":10.0,"turns":4.0},{"damage":13.0,"enemies":"Large Slime","floor":11.0,"turns":8.0},{"damage":5.0,"enemies":"Lagavulin Event","floor":14.0,"turns":5.0},{"damage":23.0,"enemies":"Hexaghost","floor":16.0,"turns":11.0},{"damage":26,"enemies":"3 Byrds","floor":18,"turns":6},{"damage":9,"enemies":"Spheric Guardian","floor":22,"turns":4},{"damage":24,"enemies":"Book of Stabbing","floor":23,"turns":6}],"seed_played":"754225836117146520","potions_obtained":[{"floor":1.0,"key":"GamblersBrew"},{"floor":4.0,"key":"SneckoOil"},{"floor":17,"key":"GamblersBrew"},{"floor":22,"key":"Energy Potion"}],"is_trial":false,"path_per_floor":["M","$","?","M","?","R","E","R","T","M","M","?","?","?","R","B",null,"M","?","?","?","M","E"],"character_chosen":"THE_ANIMATOR","items_purchased":["animator:Urushihara"],"campfire_rested":1,"item_purchase_floors":[2],"current_hp_per_floor":[54,54,54,54,36,36,36,36,36,30,19,19,19,16,34,13,53,31,31,31,25,20,0,0],"gold":209,"neow_bonus":"THREE_ENEMY_KILL","is_daily":false,"chose_seed":false,"campfire_upgraded":2,"win_rate":0.0,"timestamp":1609104552,"path_taken":["M","$","?","M","?","R","E","R","T","M","M","?","?","?","R","BOSS","M","?","?","?","?","E"],"items_purchased_type":["Card"],"build_version":"2020-12-22","purchased_purges":0,"victory":false,"max_hp_per_floor":[60,60,60,60,60,60,60,60,60,60,60,60,60,60,60,60,65,65,65,65,65,65,65,65],"card_choices":[{"not_picked":["animator:Souei","animator:DwarfShaman"],"picked":"animator:Vesta","floor":1.0},{"not_picked":["animator:Spearman","animator:ElricAlphonse"],"picked":"animator:KrulTepes","floor":4.0},{"not_picked":["animator:UneriGinkaku","animator:DolaSchwi"],"picked":"animator:Yoichi","floor":7.0},{"not_picked":["animator:Yoichi","animator:Yuuichirou"],"picked":"animator:Shinoa","floor":10.0},{"not_picked":["animator:LizardPriest","animator:PandorasActor"],"picked":"animator:Mitsurugi","floor":11.0},{"not_picked":["animator:GoblinSlayer","animator:SwordMaiden"],"picked":"animator:HigakiRinne","floor":16.0},{"not_picked":["animator:GuildGirl","animator:DwarfShaman"],"picked":"animator:KrulTepes","floor":17},{"not_picked":["animator:DolaSchwi","animator:Gluttony"],"picked":"animator:PandorasActor","floor":18},{"not_picked":["animator:Yuuichirou","animator:HiiragiShinya"],"picked":"animator:Mikaela","floor":22}],"player_experience":925431,"relics_obtained":[{"floor":7.0,"key":"Blood Vial"},{"floor":7.0,"key":"Pocketwatch"},{"floor":9.0,"key":"animator:WizardHat"},{"floor":14.0,"key":"Darkstone Periapt"},{"floor":16.0,"key":"Blood Vial"}],"event_choices":[{"damage_healed":0.0,"max_hp_gain":0.0,"max_hp_loss":0.0,"gold_gain":0.0,"event_name":"Shining Light","player_choice":"Entered Light","floor":5.0,"gold_loss":0.0,"damage_taken":18.0,"cards_upgraded":["animator:Defend","animator:Strike"]},{"cards_removed":["animator:Strike"],"damage_healed":0.0,"max_hp_gain":0.0,"max_hp_loss":0.0,"gold_gain":0.0,"event_name":"Living Wall","player_choice":"Forget","floor":12.0,"gold_loss":0.0,"damage_taken":0.0},{"damage_healed":0.0,"max_hp_gain":0.0,"max_hp_loss":0.0,"gold_gain":0.0,"event_name":"Scrap Ooze","player_choice":"Fled","floor":13.0,"gold_loss":0.0,"damage_taken":0.0},{"damage_healed":0.0,"max_hp_gain":0.0,"max_hp_loss":0.0,"gold_gain":0.0,"event_name":"Dead Adventurer","player_choice":"Searched \u00271\u0027 times","floor":14.0,"gold_loss":0.0,"damage_taken":0.0},{"cards_removed":["animator:Strike"],"damage_healed":0,"gold_gain":0,"player_choice":"Gave Gold","damage_taken":0,"max_hp_gain":0,"max_hp_loss":0,"event_name":"Beggar","floor":19,"gold_loss":75},{"damage_healed":0,"gold_gain":0,"player_choice":"Obtained Relic","damage_taken":0,"relics_obtained":["Centennial Puzzle"],"max_hp_gain":0,"max_hp_loss":0,"event_name":"Addict","floor":20,"gold_loss":85},{"damage_healed":0,"gold_gain":50,"player_choice":"Touch","damage_taken":6,"max_hp_gain":0,"max_hp_loss":0,"event_name":"FaceTrader","floor":21,"gold_loss":0}],"is_beta":false,"boss_relics":[{"not_picked":["animator:HolyGrailRelic","Velvet Choker"],"picked":"Tiny House"}],"items_purged_floors":[],"is_endless":false,"potions_floor_spawned":[1,4,11,22],"killed_by":"Book of Stabbing","ascension_level":15}}