{"host":"7z3jc42jktneum1n","time":1609057193,"event":{"mods":["Arknights The Spire","BaseMod","Minty Spire (QoL Compilation)","Quick Restart","StSLib","UnlockEverythingMod"],"gold_per_floor":[115,125,142,153,153,183,183,203,229,11,32,53,86,114,123,233,233,253,253,138,163,186,186,197,197,269,308,326,349,18,39,39,146,196,216,18,31,31,31,31,64,73,100,131,131,144,167,193,193,193,193],"floor_reached":50,"playtime":2689,"items_purged":[],"score":715,"play_id":"b394c2a0-e24a-44eb-80f8-14c9d34ae5f1","local_time":"20201227171953","daily_mods":["Draft"],"is_ascension_mode":true,"campfire_choices":[{"floor":7.0,"key":"REST"},{"floor":15.0,"key":"REST"},{"data":"ats:Neurotoxin","floor":23.0,"key":"SMITH"},{"data":"ats:Ambush","floor":25.0,"key":"SMITH"},{"data":"ats:Demon Strength","floor":32.0,"key":"SMITH"},{"data":"ats:Neurotoxin","floor":40.0,"key":"SMITH"},{"floor":42.0,"key":"REST"},{"data":"ats:Poison Spread","floor":45,"key":"SMITH"},{"data":"ats:Poison Spread","floor":49,"key":"SMITH"}],"circlet_count":0,"master_deck":["ats:Leaping Hammer","ats:Poison Spread+1","ats:Explosion Area Strengthen","ats:Revitalization","ats:Healing Drone+1","ats:Ignite","ats:Poison Spread","ats:Poison Spread+1","ats:Explosion Area Strengthen","ats:Neurotoxin+1","ats:Revitalization","ats:Directed Diagnosis","ats:Poison Spread","ats:Sword Rain+1","ats:Flexible Camouflage","ats:Automatic Cover","ats:Assault Order","ats:Hook Shot","ats:Powerful Strike","ats:Consecutive Shot Auto","ats:Powerful Strike+1","ats:Neurotoxin+1","Bandage Up","ats:Ambush+1","ats:Rapid Magazine","ats:Healing Strengthening","ats:Wolf Pack","ats:Revitalization","ats:Flexible Camouflage","ats:Magnetic Hammer","ats:Consecutive Shot Auto","ats:Flexible Camouflage","ats:Consecutive Shot Auto+1","ats:Flexible Camouflage","ats:Demon Strength+1","ats:Shadow Assault+1","ats:Apocalypse+1","ats:Flexible Camouflage+1","ats:Demon Strength+1"],"relics":["ats:Sanity","ats:Originium","Dream Catcher","CeramicFish","ats:Snipe","Odd Mushroom","ats:Originium","Anchor","ats:Omniscience","Nilry\u0027s Codex","Akabeko","Shuriken","ats:Originium","ats:MaxSp2","Incense Burner","Tiny House","ats:Emergency Defibrillator","Bottled Flame","Regal Pillow","Letter Opener"],"acts_visited":["Exordium","TheCity","TheBeyond"],"potions_floor_usage":[50],"damage_taken":[{"damage":7.0,"enemies":"2 Louse","floor":1.0,"turns":3.0},{"damage":0.0,"enemies":"Small Slimes","floor":2.0,"turns":2.0},{"damage":11.0,"enemies":"Jaw Worm","floor":3.0,"turns":2.0},{"damage":0.0,"enemies":"Gremlin Gang","floor":4.0,"turns":2.0},{"damage":18.0,"enemies":"3 Sentries","floor":6.0,"turns":3.0},{"damage":15.0,"enemies":"Lots of Slimes","floor":8.0,"turns":2.0},{"damage":13.0,"enemies":"Exordium Thugs","floor":11.0,"turns":3.0},{"damage":25.0,"enemies":"The Mushroom Lair","floor":12.0,"turns":4.0},{"damage":10.0,"enemies":"Gremlin Nob","floor":13.0,"turns":3.0},{"damage":11.0,"enemies":"Large Slime","floor":14.0,"turns":5.0},{"damage":31.0,"enemies":"Hexaghost","floor":16.0,"turns":8.0},{"damage":16.0,"enemies":"2 Thieves","floor":18.0,"turns":5.0},{"damage":10.0,"enemies":"Spheric Guardian","floor":21.0,"turns":6.0},{"damage":0.0,"enemies":"Centurion and Healer","floor":24.0,"turns":8.0},{"damage":39.0,"enemies":"Book of Stabbing","floor":27.0,"turns":6.0},{"damage":11.0,"enemies":"Snake Plant","floor":28.0,"turns":4.0},{"damage":0.0,"enemies":"Sentry and Sphere","floor":29.0,"turns":7.0},{"damage":0.0,"enemies":"Centurion and Healer","floor":31.0,"turns":6.0},{"damage":17.0,"enemies":"Automaton","floor":33.0,"turns":9.0},{"damage":8.0,"enemies":"3 Shapes","floor":35.0,"turns":4.0},{"damage":15.0,"enemies":"3 Darklings","floor":37.0,"turns":5.0},{"damage":76.0,"enemies":"Giant Head","floor":41.0,"turns":9.0},{"damage":0,"enemies":"Reptomancer","floor":44,"turns":6},{"damage":0,"enemies":"Sphere and 2 Shapes","floor":46,"turns":5},{"damage":0,"enemies":"4 Shapes","floor":47,"turns":4},{"damage":0,"enemies":"Transient","floor":48,"turns":5},{"damage":113,"enemies":"Donu and Deca","floor":50,"turns":8}],"seed_played":"2708171916141353844","potions_obtained":[{"floor":2.0,"key":"PowerPotion"},{"floor":3.0,"key":"SkillPotion"},{"floor":12.0,"key":"FearPotion"},{"floor":13.0,"key":"SkillPotion"},{"floor":16.0,"key":"SpeedPotion"},{"floor":24.0,"key":"BlessingOfTheForge"}],"is_trial":true,"path_per_floor":["M","M","M","M","?","E","R","M","T","$","M","?","E","M","R","B",null,"M","?","$","M","T","R","M","R","T","E","M","M","$","M","R","B",null,"M","$","M","?","$","R","E","R","T","E","R","M","M","M","R","B"],"character_chosen":"DOCTOR_CLASS","items_purchased":["ats:Snipe","Bandage Up","ats:Flexible Camouflage","ats:Magnetic Hammer","Incense Burner","ats:Flexible Camouflage","ats:Emergency Defibrillator"],"campfire_rested":3,"item_purchase_floors":[10,10,20,20,30,30,36],"current_hp_per_floor":[71,71,60,60,46,34,55,40,40,40,31,19,13,17,38,42,72,56,40,40,45,45,45,72,72,72,42,44,64,64,72,72,72,77,72,72,62,62,62,62,7,30,30,51,51,62,68,76,76,0,0],"gold":193,"neow_bonus":"","is_daily":false,"chose_seed":false,"campfire_upgraded":6,"win_rate":0.0,"timestamp":1609057193,"path_taken":["M","M","M","M","?","E","R","M","T","$","M","?","E","M","R","BOSS","M","?","$","M","?","R","?","R","T","E","M","M","?","M","R","BOSS","M","$","M","?","?","R","E","R","T","E","R","M","M","M","R","BOSS"],"items_purchased_type":["Relic","Card","Card","Card","Relic","Card","Relic"],"build_version":"2020-12-22","purchased_purges":0,"victory":false,"max_hp_per_floor":[72,72,72,72,72,72,72,72,72,72,72,72,72,72,72,72,72,72,72,72,72,72,72,72,72,72,72,72,72,72,72,72,72,77,77,77,77,77,77,77,77,77,77,77,77,77,77,77,77,77,77],"card_choices":[{"not_picked":["ats:LN2 Cannon","ats:Curse Doll"],"picked":"ats:Leaping Hammer","floor":0.0},{"not_picked":["ats:Leaping Hammer","ats:Explosion Area Strengthen"],"picked":"ats:Poison Spread","floor":0.0},{"not_picked":["ats:Childhood Dance","ats:Flame Of Heaven"],"picked":"ats:Explosion Area Strengthen","floor":0.0},{"not_picked":["ats:Cat Scratch","ats:Explosion Area Strengthen"],"picked":"ats:Revitalization","floor":0.0},{"not_picked":["ats:Sunburst","ats:Burning Ground"],"picked":"ats:Healing Drone","floor":0.0},{"not_picked":["ats:Powerful Strike","ats:Healing Drone"],"picked":"ats:Ignite","floor":0.0},{"not_picked":["ats:Steam Pump","ats:Consecutive Shot Auto"],"picked":"ats:Poison Spread","floor":0.0},{"not_picked":["ats:Childhood Dance","ats:Steam Pump"],"picked":"ats:Poison Spread","floor":0.0},{"not_picked":["ats:Song Of Battle","ats:Curse Doll"],"picked":"ats:Explosion Area Strengthen","floor":0.0},{"not_picked":["ats:Closed Bolt Burst Fire","ats:Powerful Strike"],"picked":"ats:Neurotoxin","floor":0.0},{"not_picked":["ats:Cat Scratch","ats:Thermite Blade"],"picked":"ats:Revitalization","floor":0.0},{"not_picked":["ats:Thermite Blade","ats:Composite Medical Shells"],"picked":"ats:Directed Diagnosis","floor":0.0},{"not_picked":["ats:Explosion Area Strengthen","ats:Consecutive Shot Auto"],"picked":"ats:Poison Spread","floor":0.0},{"not_picked":["ats:Flexible Camouflage","ats:Magnetic Hammer"],"picked":"ats:Sword Rain","floor":0.0},{"not_picked":["ats:Curse Doll","ats:Very Hot Blade"],"picked":"ats:Flexible Camouflage","floor":0.0},{"not_picked":["ats:Assault Order","ats:Curse Doll"],"picked":"ats:Automatic Cover","floor":1.0},{"not_picked":["ats:Sunburst","ats:Spore Proliferation"],"picked":"ats:Assault Order","floor":2.0},{"not_picked":["ats:Cat Scratch","ats:Curse Doll"],"picked":"ats:Hook Shot","floor":3.0},{"not_picked":["ats:Childhood Dance","ats:Cat Scratch"],"picked":"ats:Powerful Strike","floor":4.0},{"not_picked":["ats:Revitalization","ats:Hook Shot"],"picked":"ats:Consecutive Shot Auto","floor":6.0},{"not_picked":["ats:Burning Ground","ats:Hammer On"],"picked":"ats:Powerful Strike","floor":7.0},{"not_picked":["ats:Revitalization","ats:Collapsing Strike"],"picked":"ats:Neurotoxin","floor":8.0},{"not_picked":["ats:Revitalization","ats:Closed Bolt Burst Fire"],"picked":"ats:Ambush","floor":11.0},{"not_picked":["ats:Leaping Hammer","ats:Very Hot Blade","ats:Soul Rend"],"picked":"SKIP","floor":13.0},{"not_picked":["ats:Curse Doll","ats:Shell Defense"],"picked":"ats:Rapid Magazine","floor":14.0},{"not_picked":["ats:Childhood Dance","ats:Thorns"],"picked":"ats:Healing Strengthening","floor":15.0},{"not_picked":["ats:Shadow Assault","ats:Durian"],"picked":"ats:Wolf Pack","floor":16.0},{"not_picked":["ats:Healing Strengthening","ats:Consecutive Shot Auto"],"picked":"ats:Revitalization","floor":18.0},{"not_picked":["ats:Counter Healing Mode+1","ats:Shadow Raid"],"picked":"ats:Consecutive Shot Auto","floor":21.0},{"not_picked":["ats:Ignite+1","ats:Assault Order","ats:Hammer On"],"picked":"SKIP","floor":24.0},{"not_picked":["ats:Composite Medical Shells","ats:Volcano"],"picked":"ats:Flexible Camouflage","floor":27.0},{"not_picked":["ats:Shadow Raid","ats:Thorns","ats:Shell Defense"],"picked":"SKIP","floor":28.0},{"not_picked":["ats:Flexible Camouflage","ats:Mental Burst"],"picked":"ats:Consecutive Shot Auto+1","floor":29.0},{"not_picked":["ats:Beaten Up","ats:Demon Strength","ats:Assault Order"],"picked":"SKIP","floor":31.0},{"not_picked":["ats:Beaten Up","ats:Assault Order"],"picked":"ats:Demon Strength","floor":31.0},{"not_picked":["ats:Volcano","ats:Dogmatic Field"],"picked":"ats:Shadow Assault","floor":33.0},{"not_picked":["ats:Blood Oath+1","ats:Revitalization","ats:LN2 Cannon+1"],"picked":"SKIP","floor":35.0},{"not_picked":["ats:Flexible Camouflage","ats:Leaping Hammer+1","ats:Apocalypse"],"picked":"SKIP","floor":37.0},{"not_picked":["ats:Cat Scratch","ats:Curse Doll","ats:Powerful Strike+1"],"picked":"SKIP","floor":41.0},{"not_picked":["ats:Wolf Pack","ats:Cat Scratch"],"picked":"ats:Apocalypse+1","floor":42.0},{"not_picked":["ats:Magnetic Hammer+1","ats:Part Time Job+1","ats:Curse Doll"],"picked":"SKIP","floor":44},{"not_picked":["ats:Flexible Camouflage","ats:Hook Shot+1","ats:Directed Diagnosis"],"picked":"SKIP","floor":46},{"not_picked":["ats:Closed Bolt Burst Fire+1","ats:Blood Oath+1"],"picked":"ats:Flexible Camouflage+1","floor":47},{"not_picked":["ats:Demon Strength+1","ats:Childhood Dance","ats:Consecutive Shot Auto"],"picked":"SKIP","floor":48},{"not_picked":["ats:Childhood Dance","ats:Consecutive Shot Auto"],"picked":"ats:Demon Strength+1","floor":48}],"player_experience":58848,"relics_obtained":[{"floor":6.0,"key":"ats:Originium"},{"floor":6.0,"key":"Dream Catcher"},{"floor":9.0,"key":"CeramicFish"},{"floor":12.0,"key":"Odd Mushroom"},{"floor":13.0,"key":"ats:Originium"},{"floor":13.0,"key":"Anchor"},{"floor":19.0,"key":"Nilry\u0027s Codex"},{"floor":22.0,"key":"Akabeko"},{"floor":26.0,"key":"Shuriken"},{"floor":27.0,"key":"ats:Originium"},{"floor":27.0,"key":"ats:MaxSp2"},{"floor":41.0,"key":"Bottled Flame"},{"floor":43.0,"key":"Regal Pillow"},{"floor":44,"key":"Letter Opener"}],"event_choices":[{"damage_healed":0.0,"max_hp_gain":0.0,"max_hp_loss":0.0,"gold_gain":0.0,"event_name":"Shining Light","player_choice":"Entered Light","floor":5.0,"gold_loss":0.0,"damage_taken":14.0,"cards_upgraded":["ats:Sword Rain","ats:Healing Drone"]},{"damage_healed":0.0,"max_hp_gain":0.0,"max_hp_loss":0.0,"gold_gain":0.0,"event_name":"Mushrooms","player_choice":"Fought Mushrooms","floor":12.0,"gold_loss":0.0,"damage_taken":0.0},{"damage_healed":0.0,"max_hp_gain":0.0,"max_hp_loss":0.0,"gold_gain":0.0,"event_name":"Cursed Tome","player_choice":"Obtained Book","floor":19.0,"gold_loss":0.0,"damage_taken":16.0},{"damage_healed":0.0,"max_hp_gain":0.0,"max_hp_loss":0.0,"gold_gain":0.0,"event_name":"Accursed Blacksmith","player_choice":"Forge","floor":38.0,"gold_loss":0.0,"damage_taken":0.0,"cards_upgraded":["ats:Shadow Assault"]}],"is_beta":false,"boss_relics":[{"not_picked":["Snecko Eye","Cursed Key"],"picked":"ats:Omniscience"},{"not_picked":["Coffee Dripper","Busted Crown"],"picked":"Tiny House"}],"items_purged_floors":[],"is_endless":false,"potions_floor_spawned":[2,3,12,13,16,24,28,29,33,35,37,46,47],"killed_by":"Donu and Deca","ascension_level":1}}