{"host":"b0l902yh1rk3g5bq","time":1609077238,"event":{"mods":["AchievementEnabler","Act Like it!","Aspiration","BaseMod","Better Match","Better Sensory Stone","Better Skull","Better Third Choice","BetterRewards","Challenge The Spire","Colored Map","Colored Powertips","Conspire","Downfall","Energized Spire","GifTheSpireLib","Halation","Hubris","Infinite Spire","Minty Spire (QoL Compilation)","Quick Restart","Rare Cards Sparkle","Replay The Spire","StSLib","Stuff the Spire","Trackpad","Virulent Crown","Wandering Minibosses","egg","everything is the same but u backflip on backflip","vexMod"],"gold_per_floor":[117,2,2,34,53,53,87,100,150,192,192,192,192],"floor_reached":12,"playtime":377,"items_purged":[],"score":133,"play_id":"38a42f77-8a72-49fd-bf5b-661e97c4bd5d","local_time":"20201227145358","is_ascension_mode":true,"campfire_choices":[{"data":"Dagger Spray","floor":6,"key":"SMITH"}],"circlet_count":0,"master_deck":["AscendersBane","Strike_G","Strike_G","Strike_G","Strike_G","Strike_G","Defend_G","Defend_G","Defend_G+1","Defend_G","Defend_G+1","Survivor","Neutralize","Flying Knee","Infinite Blades","Burn","Footwork","Dagger Spray+1"],"relics":["Ring of the Snake","NeowsBlessing","Bag of Preparation","Simple Rune","StuffTheSpire:Mouthbags"],"acts_visited":["Exordium"],"potions_floor_usage":[7,12],"damage_taken":[{"damage":0,"enemies":"Cultist","floor":1,"turns":1},{"damage":0,"enemies":"conspire:MimicChest","floor":4,"turns":1},{"damage":0,"enemies":"2 Louse","floor":5,"turns":1},{"damage":56,"enemies":"Gremlin Nob","floor":7,"turns":6},{"damage":2,"enemies":"Small Slimes","floor":8,"turns":2},{"damage":0,"enemies":"2 Fungi Beasts","floor":10,"turns":3},{"damage":30,"enemies":"Lagavulin","floor":12,"turns":6}],"seed_played":"141523511582649193","potions_obtained":[{"floor":5,"key":"CunningPotion"},{"floor":7,"key":"sneckomod:MuddlingPotion"},{"floor":8,"key":"ColorlessPotion"}],"is_trial":false,"path_per_floor":["M","$","?","?","M","R","E","M","T","M","?","E"],"character_chosen":"THE_SILENT","items_purchased":["Infinite Blades","Dagger Spray"],"campfire_rested":0,"item_purchase_floors":[2,2],"current_hp_per_floor":[59,59,59,59,59,59,3,1,1,1,1,0,0],"gold":192,"neow_bonus":"THREE_ENEMY_KILL","is_daily":false,"chose_seed":false,"campfire_upgraded":1,"win_rate":0.0,"timestamp":1609077238,"path_taken":["M","?","?","?","?","R","E","M","T","M","?","E"],"items_purchased_type":["Card","Card"],"build_version":"2020-12-22","purchased_purges":0,"victory":false,"max_hp_per_floor":[66,66,66,66,66,66,66,66,66,66,66,66,66],"card_choices":[{"not_picked":["Backflip","PiercingWail"],"picked":"Flying Knee","floor":1},{"not_picked":["conspire:PoisonWeapons","Poisoned Stab"],"picked":"Footwork","floor":5},{"not_picked":["ReplayTheSpireMod:Shiv Toss","Prepared","Hidden Blade"],"picked":"SKIP","floor":7},{"not_picked":["hubris:SlightOfHand","Underhanded Strike","Backflip"],"picked":"SKIP","floor":8},{"not_picked":["Hidden Blade","Quick Slash","StuffTheSpire:Incursion"],"picked":"SKIP","floor":10}],"player_experience":594493,"relics_obtained":[{"floor":4,"key":"Bag of Preparation"},{"floor":7,"key":"Simple Rune"},{"floor":9,"key":"StuffTheSpire:Mouthbags"}],"event_choices":[{"damage_healed":59,"gold_gain":0,"player_choice":"Embrace Burn","damage_taken":0,"max_hp_gain":0,"max_hp_loss":66,"event_name":"betterThird:BetterShining","floor":3,"gold_loss":0},{"damage_healed":0,"gold_gain":0,"player_choice":"Left","damage_taken":0,"max_hp_gain":1,"max_hp_loss":0,"event_name":"betterThird:BetterGoop","floor":11,"gold_loss":0}],"is_beta":false,"boss_relics":[],"items_purged_floors":[],"is_endless":false,"potions_floor_spawned":[5,7,8],"killed_by":"Lagavulin","ascension_level":14}}