{"host":"rvgqag7mtxu5qaaz","time":1609106871,"event":{"mods":["AchievementEnabler","BaseMod","Downfall","Hermit","Hubris","Minty Spire (QoL Compilation)","Replay The Spire","StSLib","SuperFastMode","The Animator","The Construct","The Cursed","The Disciple","The Necromancer"],"gold_per_floor":[110,125,136,156,176,210,210,222,222,241,241,273,289,305,305,404,404,415,428,205,218,238,263,60,60,107,107,107,107,126,139,139,139,139],"floor_reached":33,"playtime":2076,"items_purged":["Blood_for_Blood"],"score":335,"play_id":"8ddffa5a-f26b-4f8f-a22d-0cf39f17cb6d","local_time":"20201227170751","is_ascension_mode":false,"campfire_choices":[{"data":"Requiem","floor":11,"key":"SMITH"},{"floor":15,"key":"REST"},{"floor":25,"key":"REST"},{"floor":27,"key":"REST"},{"floor":29,"key":"REST"},{"data":"Bone_Armory","floor":32,"key":"SMITH"}],"circlet_count":0,"master_deck":["Negative_Energy_Arrows","Bone_Wall","Summon_Lich","Scare","Summon_Lich","Requiem+1","Life_Drain","Blood_Shield","Bone_Armory+1","Plague_Bolt","Hellfire","Uncharnel","Skeleton_Dragon","Corrupt","Reap_The_Weak","Summon_Lich","Necromantic_Selection","Shade_Step+1","Slay_Living","Shade_Step","Life_Tap","Exploit","Bone_Bullets","Summon_Lich","Shade_Step","Toxic_Smoke_Screen+1","Bone_Shift","Vampiric_Strike","Negative_Energy_Shield","Death_Knell","Skeleton_Dragon","Bone_Shift"],"relics":["Vampire_Amulet","Replay:Mystery Machine","Strawberry","hubris:BottledRain","Pandora\u0027s Box","Prayer Wheel","Replay:Wax Seal","Vajra"],"acts_visited":["Exordium","TheCity"],"potions_floor_usage":[12,19,21,23,23],"damage_taken":[{"damage":1,"enemies":"Jaw Worm","floor":1,"turns":4},{"damage":2,"enemies":"2 Louse","floor":2,"turns":2},{"damage":4,"enemies":"Cultist","floor":3,"turns":4},{"damage":9,"enemies":"Large Slime","floor":4,"turns":7},{"damage":10,"enemies":"2 Fungi Beasts","floor":5,"turns":4},{"damage":28,"enemies":"Gremlin Nob","floor":6,"turns":5},{"damage":9,"enemies":"Looter","floor":8,"turns":4},{"damage":22,"enemies":"Exordium Thugs","floor":10,"turns":5},{"damage":31,"enemies":"3 Sentries","floor":12,"turns":6},{"damage":11,"enemies":"2 Fungi Beasts","floor":13,"turns":5},{"damage":9,"enemies":"Looter","floor":14,"turns":4},{"damage":23,"enemies":"The Guardian","floor":16,"turns":11},{"damage":14,"enemies":"3 Byrds","floor":18,"turns":4},{"damage":24,"enemies":"Shell Parasite","floor":19,"turns":3},{"damage":33,"enemies":"Centurion and Healer","floor":21,"turns":4},{"damage":23,"enemies":"Chosen and Byrds","floor":22,"turns":5},{"damage":52,"enemies":"Slavers","floor":23,"turns":4},{"damage":20,"enemies":"Snake Plant","floor":30,"turns":5},{"damage":34,"enemies":"Centurion and Healer","floor":31,"turns":8},{"damage":60,"enemies":"Collector","floor":33,"turns":7}],"seed_played":"6148698111969687778","potions_obtained":[{"floor":2,"key":"SkillPotion"},{"floor":4,"key":"champ:CounterPotion"},{"floor":10,"key":"Death Potion"},{"floor":14,"key":"SteroidPotion"},{"floor":16,"key":"FairyPotion"},{"floor":18,"key":"Death Potion"},{"floor":22,"key":"Block Potion"}],"is_trial":false,"path_per_floor":["M","M","M","M","M","E","?","M","T","M","R","E","M","M","R","B",null,"M","M","$","M","M","E","$","R","T","R","?","R","M","M","R","B"],"character_chosen":"NECROMANCER","items_purchased":["Bone_Bullets","Energy Potion","Summon_Lich","Shade_Step","Replay:Wax Seal","Negative_Energy_Shield"],"campfire_rested":4,"item_purchase_floors":[20,20,20,20,24,24],"current_hp_per_floor":[75,75,73,68,62,46,46,45,52,40,40,21,20,19,43,22,82,80,64,64,35,22,9,9,33,33,57,57,81,63,47,47,0,0],"gold":139,"neow_bonus":"RANDOM_EVENT","is_daily":false,"chose_seed":false,"campfire_upgraded":2,"win_rate":0.0,"timestamp":1609106871,"path_taken":["M","M","M","M","M","E","?","M","T","M","R","E","M","M","R","BOSS","M","M","$","M","M","E","$","R","T","R","?","R","?","M","R","BOSS"],"items_purchased_type":["Card","Potion","Card","Card","Relic","Card"],"build_version":"2020-12-22","purchased_purges":1,"victory":false,"max_hp_per_floor":[75,75,75,75,75,75,75,75,82,82,82,82,82,82,82,82,82,82,82,82,82,82,82,82,82,82,82,82,82,82,82,82,82,82],"card_choices":[{"not_picked":["Shackles_Of_Pain","Chill_Blood"],"picked":"Summon_Lich","floor":1},{"not_picked":["Death_March_Dance","Chill_Blood"],"picked":"Scare","floor":2},{"not_picked":["Bone_Armor","Death_Coil"],"picked":"Summon_Lich","floor":3},{"not_picked":["Blood_Curse","Toxic_Smoke_Screen"],"picked":"Requiem","floor":4},{"not_picked":["Negative_Energy_Shield","Bone_Armor"],"picked":"Life_Drain","floor":5},{"not_picked":["Blood_Whip","Negative_Energy_Mist"],"picked":"Blood_Shield","floor":6},{"not_picked":["Scare","Blood_Whip"],"picked":"Bone_Armory","floor":8},{"not_picked":["Negative_Energy_Sphere","Corrupt"],"picked":"Plague_Bolt","floor":10},{"not_picked":["Bone_Bullets","Vampiric_Strike"],"picked":"Hellfire","floor":12},{"not_picked":["Shackles_Of_Pain","Toxic_Smoke_Screen"],"picked":"Uncharnel","floor":13},{"not_picked":["Death_March_Dance","Strike_from_Beyond","Bone_Bullets"],"picked":"SKIP","floor":14},{"not_picked":["Grasp_Heart","Blood_Magic"],"picked":"Skeleton_Dragon","floor":16},{"not_picked":["Blood_Whip","Life_Drain+1"],"picked":"Life_Tap","floor":18},{"not_picked":["Whirlwind_of_Bones+1","Slay_Living"],"picked":"Exploit","floor":19},{"not_picked":["Negative_Energy_Sphere","Consume_Illness+1"],"picked":"Toxic_Smoke_Screen+1","floor":21},{"not_picked":["Summon_Undead","Shackles_Of_Pain"],"picked":"Bone_Shift","floor":22},{"not_picked":["Negative_Energy_Mist+1","Siphon_Strength"],"picked":"Vampiric_Strike","floor":23},{"not_picked":["Bone_Spikes","Bone_Armory"],"picked":"Death_Knell","floor":30},{"not_picked":["Death_Coil+1","Blood_Curse+1","Shackles_Of_Pain+1"],"picked":"SKIP","floor":30},{"not_picked":["Death_Coil","Blood_Whip"],"picked":"Skeleton_Dragon","floor":31},{"not_picked":["Finger_Of_Death","Negative_Energy_Shield"],"picked":"Bone_Shift","floor":31}],"player_experience":316289,"relics_obtained":[{"floor":6,"key":"Replay:Mystery Machine"},{"floor":9,"key":"Strawberry"},{"floor":12,"key":"hubris:BottledRain"},{"floor":23,"key":"Prayer Wheel"},{"floor":26,"key":"Vajra"}],"event_choices":[{"damage_healed":0,"gold_gain":0,"player_choice":"Upgraded","damage_taken":0,"max_hp_gain":0,"max_hp_loss":0,"event_name":"Upgrade Shrine","floor":28,"gold_loss":0,"cards_upgraded":["Shade_Step"]}],"is_beta":false,"boss_relics":[{"not_picked":["Tiny House","Runic Dome"],"picked":"Pandora\u0027s Box"}],"items_purged_floors":[24],"is_endless":false,"potions_floor_spawned":[2,4,10,14,16,18,22],"killed_by":"Collector","ascension_level":0}}