{"host":"lhth1efayex2023z","time":1609089979,"event":{"mods":["BaseMod","Colored Map","Googly Eyes","Minty Spire (QoL Compilation)","StSLib"],"gold_per_floor":[118,138,150,3,16,49,49,59,82,110,129,158,190,221,233,342,354,376,388,411,46,145,176,176,176],"floor_reached":24,"playtime":1003,"items_purged":["Shame"],"score":372,"play_id":"9cfbcf4d-4ebd-4402-9abe-737450bb66d5","local_time":"20201227102619","is_ascension_mode":true,"campfire_choices":[{"floor":7.0,"key":"REST"},{"floor":15.0,"key":"REST"}],"circlet_count":0,"master_deck":["AscendersBane","Strike_G","Strike_G","Strike_G","Strike_G","Strike_G","Defend_G","Defend_G","Defend_G+1","Defend_G","Defend_G","Survivor+1","Neutralize","Blade Dance","Crippling Poison","Bane","Well Laid Plans","Adrenaline","Envenom","Bane","Masterful Stab","Backflip","Doppelganger","Choke","Bullet Time","Blade Dance+1","Choke","Backflip","Night Terror"],"relics":["Philosopher\u0027s Stone","Orrery","Lizard Tail","War Paint","Tiny Chest","MawBank","Black Star","PreservedInsect","Kunai","Boot","Pantograph"],"acts_visited":["Exordium","TheCity"],"potions_floor_usage":[],"damage_taken":[{"damage":1.0,"enemies":"Cultist","floor":1.0,"turns":5.0},{"damage":3.0,"enemies":"Small Slimes","floor":2.0,"turns":5.0},{"damage":9.0,"enemies":"2 Louse","floor":3.0,"turns":3.0},{"damage":3.0,"enemies":"Exordium Wildlife","floor":5.0,"turns":3.0},{"damage":24.0,"enemies":"Gremlin Nob","floor":6.0,"turns":4.0},{"damage":0.0,"enemies":"Lots of Slimes","floor":8.0,"turns":2.0},{"damage":15.0,"enemies":"3 Sentries","floor":10.0,"turns":7.0},{"damage":1.0,"enemies":"Large Slime","floor":11.0,"turns":5.0},{"damage":1.0,"enemies":"Lagavulin","floor":12.0,"turns":6.0},{"damage":5.0,"enemies":"Looter","floor":13.0,"turns":4.0},{"damage":5.0,"enemies":"Blue Slaver","floor":14.0,"turns":3.0},{"damage":16.0,"enemies":"The Guardian","floor":16.0,"turns":8.0},{"damage":13.0,"enemies":"3 Byrds","floor":18.0,"turns":4.0},{"damage":34.0,"enemies":"2 Thieves","floor":20.0,"turns":4.0},{"damage":10.0,"enemies":"Gremlin Leader","floor":23.0,"turns":4.0},{"damage":0,"enemies":"Cultist and Chosen","floor":24,"turns":1}],"seed_played":"5990796350850632211","potions_obtained":[{"floor":1.0,"key":"Block Potion"},{"floor":6.0,"key":"SpeedPotion"},{"floor":10.0,"key":"EntropicBrew"},{"floor":13.0,"key":"Energy Potion"},{"floor":14.0,"key":"PowerPotion"},{"floor":16.0,"key":"Weak Potion"},{"floor":20.0,"key":"Weak Potion"}],"is_trial":false,"path_per_floor":["M","M","M","$","M","E","R","M","T","E","M","E","M","M","R","B",null,"M","?","M","$","?","E","M"],"character_chosen":"THE_SILENT","items_purchased":["Orrery","Kunai","Backflip"],"campfire_rested":2,"item_purchase_floors":[4,21,21],"current_hp_per_floor":[62,59,50,50,47,23,44,44,44,29,28,27,22,17,38,22,58,45,45,11,11,11,1,1,1],"gold":176,"neow_bonus":"BOSS_RELIC","is_daily":false,"chose_seed":false,"campfire_upgraded":0,"win_rate":0.0,"timestamp":1609089979,"path_taken":["M","?","M","$","M","E","R","?","T","E","M","E","?","M","R","BOSS","M","?","M","$","?","E","M"],"items_purchased_type":["Relic","Relic","Card"],"build_version":"2020-12-22","purchased_purges":1,"victory":false,"max_hp_per_floor":[70,70,70,70,70,70,70,70,70,70,70,70,70,70,70,70,70,70,70,70,70,70,70,70,70],"card_choices":[{"not_picked":["Eviscerate","Quick Slash"],"picked":"Blade Dance","floor":1.0},{"not_picked":["Endless Agony","Riddle With Holes"],"picked":"Crippling Poison","floor":2.0},{"not_picked":["Reflex","Sucker Punch"],"picked":"Bane","floor":3.0},{"not_picked":["Outmaneuver","Concentrate"],"picked":"Well Laid Plans","floor":4.0},{"not_picked":["Noxious Fumes","Caltrops"],"picked":"Adrenaline","floor":4.0},{"not_picked":["Deadly Poison","Dodge and Roll"],"picked":"Envenom","floor":4.0},{"not_picked":["Riddle With Holes","Poisoned Stab"],"picked":"Bane","floor":4.0},{"not_picked":["Heel Hook","Flying Knee"],"picked":"Masterful Stab","floor":4.0},{"not_picked":["Crippling Poison","Poisoned Stab"],"picked":"Backflip","floor":5.0},{"not_picked":["Acrobatics","Eviscerate","Bane"],"picked":"SKIP","floor":6.0},{"not_picked":["Concentrate","Backflip","Flying Knee"],"picked":"SKIP","floor":8.0},{"not_picked":["PiercingWail","Sucker Punch"],"picked":"Doppelganger","floor":10.0},{"not_picked":["Prepared","Backflip","Reflex"],"picked":"SKIP","floor":11.0},{"not_picked":["Prepared","Deflect","Crippling Poison"],"picked":"SKIP","floor":12.0},{"not_picked":["Terror","Underhanded Strike"],"picked":"Choke","floor":13.0},{"not_picked":["Noxious Fumes","Setup","Caltrops"],"picked":"SKIP","floor":14.0},{"not_picked":["A Thousand Cuts","Grand Finale"],"picked":"Bullet Time","floor":16.0},{"not_picked":["Dagger Spray","Deflect"],"picked":"Blade Dance+1","floor":18.0},{"not_picked":["Blade Dance","Cloak And Dagger"],"picked":"Choke","floor":20.0},{"not_picked":["Venomology","Poisoned Stab"],"picked":"Night Terror","floor":23.0}],"player_experience":410830,"relics_obtained":[{"floor":6.0,"key":"Lizard Tail"},{"floor":9.0,"key":"War Paint"},{"floor":10.0,"key":"Tiny Chest"},{"floor":12.0,"key":"MawBank"},{"floor":23.0,"key":"Boot"},{"floor":23.0,"key":"Pantograph"}],"event_choices":[{"damage_healed":0.0,"max_hp_gain":0.0,"max_hp_loss":0.0,"gold_gain":0.0,"event_name":"Addict","player_choice":"Stole Relic","floor":19.0,"gold_loss":0.0,"damage_taken":0.0,"relics_obtained":["PreservedInsect"],"cards_obtained":["Shame"]},{"damage_healed":0.0,"max_hp_gain":0.0,"max_hp_loss":0.0,"gold_gain":99.0,"event_name":"Nest","player_choice":"Stole From Cult","floor":22.0,"gold_loss":0.0,"damage_taken":0.0}],"is_beta":false,"boss_relics":[{"not_picked":["Runic Dome","Sozu"],"picked":"Black Star"}],"items_purged_floors":[21],"is_endless":false,"potions_floor_spawned":[1,6,10,13,14,16,20],"killed_by":"Cultist and Chosen","ascension_level":11}}