{"host":"5fasz840ryq7obdf","time":1609063525,"event":{"mods":["AchievementEnabler","BaseMod","Bestiary","Better Altar","Better Skull","Better Third Choice","BetterRewards","Block Reminder","Colored Powertips","Curses Come First","Minty Spire (QoL Compilation)","Quick Restart","Relic Stats","Shop Mod","Spicy Shops","StSLib"],"gold_per_floor":[109,122,197,347,347,347,347],"floor_reached":6,"playtime":1194,"items_purged":["Strike_G"],"score":68,"play_id":"cec390b2-1ac9-4190-b85d-f13780ffbba9","local_time":"20201227100525","is_ascension_mode":true,"campfire_choices":[],"circlet_count":0,"master_deck":["AscendersBane","Strike_G","Strike_G","Strike_G","Strike_G","Defend_G","Defend_G","Defend_G","Defend_G","Defend_G","Survivor","Neutralize","Burst","Infinite Blades","Reflex","Dash","Corpse Explosion","Outmaneuver","Accuracy","Tactician+1","Dagger Throw","Infinite Blades","Calculated Gamble","Envenom","PiercingWail","Cloak And Dagger","Doubt"],"relics":["Ring of the Snake","Orrery","Tingsha","Letter Opener","Sling","Unceasing Top"],"acts_visited":["Exordium"],"potions_floor_usage":[6],"damage_taken":[{"damage":0.0,"enemies":"2 Louse","floor":1.0,"turns":2.0},{"damage":5.0,"enemies":"Small Slimes","floor":2.0,"turns":3.0},{"damage":0,"enemies":"3 Sentries","floor":6,"turns":2}],"seed_played":"-4143768244599601155","potions_obtained":[{"floor":1.0,"key":"AttackPotion"}],"is_trial":false,"path_per_floor":["M","M","?","?","?","E"],"character_chosen":"THE_SILENT","items_purchased":["Orrery","Tingsha","Letter Opener","Outmaneuver","Accuracy","Tactician","Dagger Throw","Sling","Unceasing Top","Infinite Blades","Calculated Gamble","Envenom"],"campfire_rested":0,"item_purchase_floors":[0,0,0,0,0,0,0,0,0,0,0,0],"current_hp_per_floor":[17,12,1,1,1,1,1],"gold":347,"neow_bonus":"","is_daily":false,"chose_seed":false,"campfire_upgraded":0,"win_rate":0.0,"timestamp":1609063525,"path_taken":["M","M","?","?","?","E"],"items_purchased_type":["Relic","Relic","Relic","Card","Card","Card","Card","Relic","Relic","Card","Card","Card"],"build_version":"2020-12-22","purchased_purges":1,"victory":false,"max_hp_per_floor":[66,66,66,66,66,66,66],"relic_stats":{"counters":[32,186],"Tingsha":[30],"Letter Opener":[178],"obtain_stats":[{"Lantern":23,"Regal Pillow":28,"Tiny House":17,"Gremlin Horn":0,"CeramicFish":44,"Vajra":0,"HoveringKite":34,"Bag of Preparation":6,"Juzu Bracelet":30,"Sling":0,"Blood Vial":48,"Nunchaku":43,"Kunai":26,"Ring of the Snake":0,"Golden Idol":2,"Oddly Smooth Stone":11,"Tingsha":0,"Pen Nib":36,"Letter Opener":40,"Paper Crane":36,"Mercury Hourglass":8,"Shuriken":25,"Orrery":0,"Toy Ornithopter":9,"Unceasing Top":0,"Pocketwatch":14},{"Lantern":14,"Regal Pillow":17,"Tiny House":9,"Gremlin Horn":0,"CeramicFish":25,"Vajra":0,"HoveringKite":20,"Bag of Preparation":4,"Juzu Bracelet":18,"Sling":29,"Blood Vial":27,"Nunchaku":24,"Kunai":16,"Ring of the Snake":0,"Golden Idol":1,"Oddly Smooth Stone":7,"Tingsha":29,"Pen Nib":21,"Letter Opener":24,"Paper Crane":21,"Mercury Hourglass":5,"Shuriken":16,"Orrery":29,"Toy Ornithopter":5,"Unceasing Top":29,"Pocketwatch":8},{"Lantern":82,"Regal Pillow":97,"Tiny House":46,"Gremlin Horn":0,"CeramicFish":136,"Vajra":0,"HoveringKite":115,"Bag of Preparation":20,"Juzu Bracelet":102,"Sling":179,"Blood Vial":148,"Nunchaku":132,"Kunai":93,"Ring of the Snake":0,"Golden Idol":2,"Oddly Smooth Stone":32,"Tingsha":179,"Pen Nib":120,"Letter Opener":132,"Paper Crane":120,"Mercury Hourglass":24,"Shuriken":93,"Orrery":179,"Toy Ornithopter":24,"Unceasing Top":179,"Pocketwatch":39}],"Unceasing Top":[1],"Ring of the Snake":[64]},"card_choices":[{"not_picked":["Dodge and Roll","Slice"],"picked":"Burst","floor":0.0},{"not_picked":["Escape Plan","Backflip"],"picked":"Infinite Blades","floor":0.0},{"not_picked":["Dodge and Roll","Concentrate"],"picked":"Reflex","floor":0.0},{"not_picked":["Dagger Spray","Flying Knee"],"picked":"Dash","floor":0.0},{"not_picked":["Poisoned Stab","Escape Plan"],"picked":"Corpse Explosion","floor":0.0},{"not_picked":["Deflect","Eviscerate"],"picked":"PiercingWail","floor":1.0},{"not_picked":["Choke","Endless Agony"],"picked":"Cloak And Dagger","floor":2.0}],"player_experience":1150676,"relics_obtained":[],"event_choices":[{"damage_healed":0.0,"max_hp_gain":0.0,"max_hp_loss":0.0,"gold_gain":75.0,"event_name":"betterThird:BetterGoop","player_choice":"Gold","floor":3.0,"gold_loss":0.0,"damage_taken":11.0},{"damage_healed":0.0,"max_hp_gain":0.0,"max_hp_loss":0.0,"gold_gain":150.0,"event_name":"betterThird:BetterSerpent","player_choice":"AGREE","floor":4.0,"gold_loss":0.0,"damage_taken":197.0},{"damage_healed":0.0,"max_hp_gain":0.0,"max_hp_loss":0.0,"gold_gain":0.0,"event_name":"Living Wall","player_choice":"Grow","floor":5.0,"gold_loss":0.0,"damage_taken":0.0,"cards_upgraded":["Tactician"]}],"is_beta":false,"boss_relics":[],"items_purged_floors":[0],"is_endless":false,"potions_floor_spawned":[1],"killed_by":"3 Sentries","ascension_level":20}}