{"host":"ayh4nqhr0ddw4ozv","time":1609049750,"event":{"mods":["BaseMod","Minty Spire (QoL Compilation)","Relic Stats","Robot Space Explorer","StSLib"],"gold_per_floor":[117,136,153,153,169,169,189,189,258,272,222,255,255,285,285,384,384,397,496,496,369,381,408,408,440,440,440,453,477,504,516,516,620,620,635,654,460,479,490,109,109,137,137,150,176,188,188,205,205,205,205,205,33,68,68,68],"floor_reached":55,"playtime":3819,"items_purged":["Writhe","Parasite","RobotSpaceExplorer:Scan"],"score":1317,"play_id":"989288c2-6846-4a82-8aae-4e122a8e83b9","local_time":"20201226221550","is_ascension_mode":true,"campfire_choices":[{"data":"RobotSpaceExplorer:SurgingStrike","floor":6,"key":"SMITH"},{"data":"RobotSpaceExplorer:MiniLasers","floor":8,"key":"SMITH"},{"data":"RobotSpaceExplorer:PowerGlove","floor":15,"key":"SMITH"},{"floor":24,"key":"REST"},{"data":"RobotSpaceExplorer:Electroshield","floor":27,"key":"SMITH"},{"data":"RobotSpaceExplorer:BlastShield","floor":32,"key":"SMITH"},{"data":"RobotSpaceExplorer:Accelerator","floor":41,"key":"SMITH"},{"floor":47,"key":"REST"},{"floor":49,"key":"RECALL"},{"data":"RobotSpaceExplorer:Jetpack","floor":52,"key":"SMITH"}],"circlet_count":0,"master_deck":["RobotSpaceExplorer:MiniLasers+1","RobotSpaceExplorer:SurgingStrike+1","RobotSpaceExplorer:Autoloader","RobotSpaceExplorer:ScrapToss+1","RobotSpaceExplorer:Asteroid+1","RobotSpaceExplorer:PowerGlove+1","RobotSpaceExplorer:ChargingLaser+1","RobotSpaceExplorer:MiniDrones+1","RobotSpaceExplorer:JunkDive","RobotSpaceExplorer:PowerGlove","RobotSpaceExplorer:Electropulse+1","RobotSpaceExplorer:StunGrenade+1","RobotSpaceExplorer:PlasmaMissile+1","RobotSpaceExplorer:Electroshield+1","RobotSpaceExplorer:SurgingStrike+1","RobotSpaceExplorer:StarLightning+1","RobotSpaceExplorer:Jetpack+1","RobotSpaceExplorer:BlastShield+1","RobotSpaceExplorer:MiniDrones+1","RobotSpaceExplorer:Accelerator+1","Flash of Steel+1","RobotSpaceExplorer:SelfCleaning","RobotSpaceExplorer:FreezingShield","RobotSpaceExplorer:IronShell","RobotSpaceExplorer:MiniDrones+1","RobotSpaceExplorer:ShockMissile+1","RobotSpaceExplorer:ScrapShield+1","RobotSpaceExplorer:FranticSearch","RobotSpaceExplorer:MiniDrones+1"],"relics":["RobotSpaceExplorer:RoboCore","Molten Egg 2","Pocketwatch","Whetstone","Pandora\u0027s Box","Dream Catcher","MealTicket","Eternal Feather","Meat on the Bone","PreservedInsect","Strawberry","Sozu","Calipers","Lantern","Bottled Tornado","Akabeko"],"acts_visited":["Exordium","TheCity","TheBeyond","TheEnding"],"potions_floor_usage":[7,10,12,14,23,25,55,55],"damage_taken":[{"damage":0,"enemies":"Small Slimes","floor":1,"turns":3},{"damage":7,"enemies":"2 Louse","floor":2,"turns":3},{"damage":7,"enemies":"Jaw Worm","floor":3,"turns":3},{"damage":14,"enemies":"Lots of Slimes","floor":5,"turns":5},{"damage":4,"enemies":"Red Slaver","floor":7,"turns":3},{"damage":1,"enemies":"Looter","floor":10,"turns":3},{"damage":20,"enemies":"3 Sentries","floor":12,"turns":6},{"damage":0,"enemies":"Lagavulin","floor":14,"turns":4},{"damage":0,"enemies":"Slime Boss","floor":16,"turns":4},{"damage":0,"enemies":"Chosen","floor":18,"turns":3},{"damage":7,"enemies":"Shell Parasite","floor":22,"turns":3},{"damage":43,"enemies":"Slavers","floor":23,"turns":3},{"damage":36,"enemies":"Book of Stabbing","floor":25,"turns":4},{"damage":7,"enemies":"Snake Plant","floor":28,"turns":3},{"damage":0,"enemies":"Slavers","floor":30,"turns":1},{"damage":0,"enemies":"Chosen and Byrds","floor":31,"turns":3},{"damage":57,"enemies":"Collector","floor":33,"turns":8},{"damage":0,"enemies":"3 Darklings","floor":35,"turns":3},{"damage":0,"enemies":"Orb Walker","floor":36,"turns":3},{"damage":9,"enemies":"3 Darklings","floor":38,"turns":4},{"damage":0,"enemies":"Transient","floor":39,"turns":5},{"damage":20,"enemies":"Reptomancer","floor":42,"turns":3},{"damage":53,"enemies":"Writhing Mass","floor":44,"turns":6},{"damage":0,"enemies":"Giant Head","floor":45,"turns":6},{"damage":38,"enemies":"Sphere and 2 Shapes","floor":46,"turns":5},{"damage":0,"enemies":"Maw","floor":48,"turns":5},{"damage":68,"enemies":"Time Eater","floor":50,"turns":13},{"damage":15,"enemies":"Shield and Spear","floor":54,"turns":5},{"damage":81,"enemies":"The Heart","floor":55,"turns":9}],"seed_played":"5403553731832957329","potions_obtained":[{"floor":1,"key":"LiquidBronze"},{"floor":2,"key":"Strength Potion"},{"floor":5,"key":"FearPotion"},{"floor":7,"key":"RobotSpaceExplorer:RecyclePotion"},{"floor":12,"key":"SteroidPotion"},{"floor":22,"key":"LiquidBronze"},{"floor":23,"key":"SmokeBomb"},{"floor":25,"key":"Ancient Potion"},{"floor":33,"key":"FearPotion"}],"is_trial":false,"path_per_floor":["M","M","M","?","M","R","M","R","T","M","?","E","?","E","R","B",null,"M","?","?","$","M","E","R","E","T","R","M","T","E","M","R","B",null,"M","M","$","M","M","$","R","E","T","M","E","M","R","M","R","B",null,"R","$","E","B"],"character_chosen":"RobotSpaceExplorer","items_purchased":["SteroidPotion","Flash of Steel+1","Calipers","RobotSpaceExplorer:FreezingShield","RobotSpaceExplorer:MiniDrones+1"],"campfire_rested":2,"item_purchase_floors":[21,37,40,40,53],"current_hp_per_floor":[75,68,61,66,52,52,48,48,48,47,47,27,48,48,48,48,77,77,77,77,77,70,27,53,17,17,26,31,31,50,50,62,17,75,75,75,90,81,81,91,91,71,71,30,42,16,58,58,73,17,73,88,91,76,0,0],"gold":68,"neow_bonus":"TEN_PERCENT_HP_BONUS","is_daily":false,"chose_seed":false,"campfire_upgraded":7,"win_rate":0.0,"timestamp":1609049750,"path_taken":["M","M","M","?","M","R","M","R","T","M","?","E","?","E","R","BOSS","M","?","?","$","M","E","R","E","T","R","M","?","E","M","R","BOSS","M","M","$","M","?","?","R","E","T","?","E","M","R","M","R","BOSS","R","$","E","BOSS"],"items_purchased_type":["Potion","Card","Relic","Card","Card"],"build_version":"2020-12-22","purchased_purges":3,"victory":false,"max_hp_per_floor":[82,82,82,87,87,87,87,87,87,87,87,87,87,87,87,87,87,87,87,87,87,87,87,87,87,87,87,87,87,94,94,94,94,94,94,94,91,91,91,91,91,91,91,91,91,91,91,91,91,91,91,91,91,91,91,91],"relic_stats":{"Sozu":5,"Dream Catcher":2,"counters":[29,129],"Pandora\u0027s Box":["RobotSpaceExplorer:MiniDrones","RobotSpaceExplorer:JunkDive","RobotSpaceExplorer:PowerGlove","RobotSpaceExplorer:Electropulse","RobotSpaceExplorer:StunGrenade","RobotSpaceExplorer:PlasmaMissile","RobotSpaceExplorer:Electroshield"],"MealTicket":28,"Eternal Feather":66,"PreservedInsect":313,"Whetstone":["RobotSpaceExplorer:Strike","RobotSpaceExplorer:Strike"],"obtain_stats":[{"Lantern":42,"Calipers":40,"RobotSpaceExplorer:RoboCore":0,"Eternal Feather":25,"PreservedInsect":29,"Whetstone":14,"Bottled Tornado":45,"Akabeko":54,"Sozu":34,"Dream Catcher":20,"Strawberry":30,"Molten Egg 2":9,"Pandora\u0027s Box":17,"MealTicket":23,"Pocketwatch":12,"Meat on the Bone":26},{"Lantern":22,"Calipers":21,"RobotSpaceExplorer:RoboCore":0,"Eternal Feather":13,"PreservedInsect":14,"Whetstone":8,"Bottled Tornado":24,"Akabeko":28,"Sozu":17,"Dream Catcher":10,"Strawberry":15,"Molten Egg 2":5,"Pandora\u0027s Box":9,"MealTicket":12,"Pocketwatch":7,"Meat on the Bone":13},{"Lantern":80,"Calipers":77,"RobotSpaceExplorer:RoboCore":0,"Eternal Feather":47,"PreservedInsect":50,"Whetstone":30,"Bottled Tornado":92,"Akabeko":120,"Sozu":62,"Dream Catcher":37,"Strawberry":51,"Molten Egg 2":17,"Pandora\u0027s Box":34,"MealTicket":43,"Pocketwatch":26,"Meat on the Bone":47}],"Pocketwatch":[39],"Meat on the Bone":84},"card_choices":[{"not_picked":["RobotSpaceExplorer:StunGrenade","RobotSpaceExplorer:ScrapToss"],"picked":"RobotSpaceExplorer:SurgingStrike","floor":1},{"not_picked":["RobotSpaceExplorer:ExhaustFan","RobotSpaceExplorer:StunGrenade","RobotSpaceExplorer:SwiftStep"],"picked":"SKIP","floor":2},{"not_picked":["RobotSpaceExplorer:SwiftStep","RobotSpaceExplorer:ShovelStrike","RobotSpaceExplorer:Ammunition"],"picked":"SKIP","floor":3},{"not_picked":["RobotSpaceExplorer:DoubleFind","RobotSpaceExplorer:MetalStrike","RobotSpaceExplorer:Probe"],"picked":"SKIP","floor":5},{"not_picked":["RobotSpaceExplorer:SlimeMissile","RobotSpaceExplorer:SurgingStrike"],"picked":"RobotSpaceExplorer:Autoloader","floor":7},{"not_picked":["RobotSpaceExplorer:SwiftStep","RobotSpaceExplorer:ScrapMissile+1"],"picked":"RobotSpaceExplorer:ScrapToss+1","floor":10},{"not_picked":["RobotSpaceExplorer:SwiftStep","RobotSpaceExplorer:Counterblock"],"picked":"RobotSpaceExplorer:Asteroid+1","floor":12},{"not_picked":["RobotSpaceExplorer:Fix","RobotSpaceExplorer:Comet"],"picked":"RobotSpaceExplorer:PowerGlove","floor":14},{"not_picked":["RobotSpaceExplorer:Arsenal","RobotSpaceExplorer:Exploration"],"picked":"RobotSpaceExplorer:ChargingLaser+1","floor":16},{"not_picked":["RobotSpaceExplorer:Calculate","RobotSpaceExplorer:SlimeMissile+1","RobotSpaceExplorer:StunGrenade+1"],"picked":"SKIP","floor":18},{"not_picked":["RobotSpaceExplorer:DoubleFind+1","RobotSpaceExplorer:ScrapMissile+1","RobotSpaceExplorer:SwiftStep"],"picked":"SKIP","floor":22},{"not_picked":["RobotSpaceExplorer:Smokescreen","RobotSpaceExplorer:GlueShot","RobotSpaceExplorer:StunGrenade+1"],"picked":"SKIP","floor":23},{"not_picked":["RobotSpaceExplorer:SwiftStep+1","RobotSpaceExplorer:Pulsar"],"picked":"RobotSpaceExplorer:SurgingStrike+1","floor":24},{"not_picked":["RobotSpaceExplorer:PowerCollector","RobotSpaceExplorer:MetalStrike+1"],"picked":"RobotSpaceExplorer:StarLightning+1","floor":25},{"not_picked":["RobotSpaceExplorer:Pulsar","RobotSpaceExplorer:FranticSearch"],"picked":"RobotSpaceExplorer:Jetpack","floor":28},{"not_picked":["RobotSpaceExplorer:Probe+1","RobotSpaceExplorer:ShovelStrike+1"],"picked":"RobotSpaceExplorer:BlastShield","floor":30},{"not_picked":["RobotSpaceExplorer:ImprovisedAttack+1","RobotSpaceExplorer:ScrapMissile+1"],"picked":"RobotSpaceExplorer:MiniDrones+1","floor":31},{"not_picked":["RobotSpaceExplorer:Autoloader","RobotSpaceExplorer:ChargingLaser+1"],"picked":"RobotSpaceExplorer:Accelerator","floor":33},{"not_picked":["RobotSpaceExplorer:MakeshiftVolley+1","RobotSpaceExplorer:ScrapMissile+1","RobotSpaceExplorer:StunGrenade+1"],"picked":"SKIP","floor":35},{"not_picked":["RobotSpaceExplorer:Pulsar+1","RobotSpaceExplorer:Electroshield","RobotSpaceExplorer:SlimeMissile+1"],"picked":"SKIP","floor":36},{"not_picked":["RobotSpaceExplorer:Calculate","RobotSpaceExplorer:SwiftStep"],"picked":"RobotSpaceExplorer:SelfCleaning","floor":38},{"not_picked":["RobotSpaceExplorer:Probe+1","RobotSpaceExplorer:Pulsar","RobotSpaceExplorer:SurgingShield+1"],"picked":"SKIP","floor":39},{"not_picked":["RobotSpaceExplorer:DroneSwarm","RobotSpaceExplorer:GlueShot"],"picked":"RobotSpaceExplorer:IronShell","floor":42},{"not_picked":["RobotSpaceExplorer:FreezingShield+1","RobotSpaceExplorer:Ammunition+1"],"picked":"RobotSpaceExplorer:MiniDrones+1","floor":44},{"not_picked":["RobotSpaceExplorer:MetalStrike+1","RobotSpaceExplorer:ShovelStrike+1"],"picked":"RobotSpaceExplorer:ShockMissile+1","floor":45},{"not_picked":["RobotSpaceExplorer:ShovelStrike+1","RobotSpaceExplorer:Probe+1","RobotSpaceExplorer:GlueShot"],"picked":"SKIP","floor":46},{"not_picked":["RobotSpaceExplorer:SlimeMissile+1","RobotSpaceExplorer:MetalStrike+1"],"picked":"RobotSpaceExplorer:ScrapShield+1","floor":47},{"not_picked":["RobotSpaceExplorer:SurgingShield","RobotSpaceExplorer:DoubleFind+1"],"picked":"RobotSpaceExplorer:FranticSearch","floor":48},{"not_picked":["RobotSpaceExplorer:Arsenal","RobotSpaceExplorer:Electroshield","RobotSpaceExplorer:SurgingShield+1"],"picked":"SKIP","floor":54}],"player_experience":244351,"relics_obtained":[{"floor":9,"key":"Molten Egg 2"},{"floor":12,"key":"Pocketwatch"},{"floor":14,"key":"Whetstone"},{"floor":23,"key":"MealTicket"},{"floor":25,"key":"Eternal Feather"},{"floor":26,"key":"Meat on the Bone"},{"floor":29,"key":"PreservedInsect"},{"floor":30,"key":"Strawberry"},{"floor":42,"key":"Lantern"},{"floor":45,"key":"Bottled Tornado"},{"floor":54,"key":"Akabeko"}],"event_choices":[{"damage_healed":0,"gold_gain":0,"player_choice":"Donut","damage_taken":0,"max_hp_gain":5,"max_hp_loss":0,"event_name":"Big Fish","floor":4,"gold_loss":0},{"cards_removed":["RobotSpaceExplorer:Defend"],"damage_healed":0,"gold_gain":0,"player_choice":"Card Removal","damage_taken":0,"max_hp_gain":0,"max_hp_loss":0,"event_name":"The Cleric","floor":11,"gold_loss":50},{"damage_healed":21,"gold_gain":0,"player_choice":"Healed and dodged fight","damage_taken":0,"max_hp_gain":0,"max_hp_loss":0,"event_name":"Mushrooms","floor":13,"gold_loss":0,"cards_obtained":["Parasite"]},{"damage_healed":0,"gold_gain":99,"player_choice":"Stole From Cult","damage_taken":0,"max_hp_gain":0,"max_hp_loss":0,"event_name":"Nest","floor":19,"gold_loss":0},{"damage_healed":0,"gold_gain":0,"player_choice":"Opened","damage_taken":0,"relics_obtained":["Dream Catcher"],"max_hp_gain":0,"max_hp_loss":0,"event_name":"The Mausoleum","floor":20,"gold_loss":0,"cards_obtained":["Writhe"]}],"is_beta":false,"boss_relics":[{"not_picked":["SlaversCollar","Busted Crown"],"picked":"Pandora\u0027s Box"},{"not_picked":["Empty Cage","SacredBark"],"picked":"Sozu"}],"items_purged_floors":[21,37,53],"is_endless":false,"potions_floor_spawned":[1,2,5,7,12,22,23,25,33,35,38,44,45,46],"killed_by":"The Heart","ascension_level":9}}