{"host":"uyrebrj0204enqpc","time":1609088617,"event":{"mods":["Act Like it!","Bard","BaseMod","Block Reminder","Challenge The Spire","Colored Map","Colored Powertips","DeckTracker","Downfall","GifTheSpireLib","HexUI Lib","Highlight Path","Hubris","Infinite Spire","Minty Spire (QoL Compilation)","Pale of the Ancients","Quick Restart","Random Character Button","Relic Sorter","Relic Stats","Replay The Spire","Shop Mod","StSLib","The Blue Laboratory","The Bug Knight","The Cursed","The Jungle","The Marked","Wandering Minibosses"],"gold_per_floor":[118,118,118,4,4,4,34,34,59,93,85,105,5,5,5,95,95,107,107,120,120,120,115,115],"floor_reached":23,"playtime":792,"items_purged":["Defend_R","Regret","Strike_R"],"score":205,"play_id":"2a0c42d0-1016-47f9-ad4d-e8f411f0df26","local_time":"20201227120337","is_ascension_mode":true,"campfire_choices":[{"data":"Sword Boomerang","floor":6.0,"key":"SMITH"},{"floor":8.0,"key":"REST"},{"floor":15.0,"key":"REST"}],"circlet_count":0,"master_deck":["Strike_R","Strike_R","Strike_R","Defend_R","Defend_R","Defend_R","Bash","True Grit","Sword Boomerang+1","True Grit+1","Sword Boomerang","Spot Weakness","hubris:InfiniteBlow+8","infinitespire:Collect"],"relics":["Black Blood","hubris:Teleporter","hubris:Towel","Golden Egg","Girya","Vajra","Mummified Hand","Bag of Preparation","PrismaticShard"],"acts_visited":["Exordium","TheCity"],"potions_floor_usage":[],"damage_taken":[{"damage":9.0,"enemies":"2 Louse","floor":1.0,"turns":3.0},{"damage":42.0,"enemies":"3 Sentries","floor":7.0,"turns":11.0},{"damage":11.0,"enemies":"Replay:BlueRogue","floor":10.0,"turns":5.0},{"damage":7.0,"enemies":"Small Slimes","floor":11.0,"turns":6.0},{"damage":6.0,"enemies":"Jaw Worm","floor":12.0,"turns":2.0},{"damage":38.0,"enemies":"The Guardian","floor":16.0,"turns":9.0},{"damage":26.0,"enemies":"2 Thieves","floor":18.0,"turns":4.0},{"damage":26.0,"enemies":"Cultist and Chosen","floor":20.0,"turns":5.0},{"damage":32,"enemies":"Book of Stabbing","floor":23,"turns":3}],"seed_played":"1218118138660026595","potions_obtained":[{"floor":10.0,"key":"Milkshake"},{"floor":12.0,"key":"blueLaboratory:SmithPotion"},{"floor":20.0,"key":"SkillPotion"}],"is_trial":false,"path_per_floor":["M","?","?","$","?","R","E","R","T","E","M","M","$","?","R","B",null,"M","AVR","M","?","?","E"],"character_chosen":"IRONCLAD","items_purchased":["True Grit+1"],"campfire_rested":2,"item_purchase_floors":[4],"current_hp_per_floor":[53,53,53,53,53,53,17,41,41,36,35,35,35,35,59,27,80,66,66,52,31,31,0,0],"gold":115,"neow_bonus":"ONE_RARE_RELIC","is_daily":false,"chose_seed":false,"campfire_upgraded":1,"win_rate":0.0,"timestamp":1609088617,"path_taken":["M","?","?","$","?","R","E","R","T","E","M","M","$","?","R","BOSS","M","AVR","M","?","?","E"],"items_purchased_type":["Card"],"build_version":"2020-12-22","purchased_purges":3,"victory":false,"max_hp_per_floor":[80,80,80,80,80,80,80,80,80,80,80,80,80,80,80,80,80,80,80,80,80,80,80,80],"relic_stats":{"counters":[9,48],"Mummified Hand":[0],"Black Blood":60,"Bag of Preparation":[8],"obtain_stats":[{"Golden Egg":5,"Girya":7,"hubris:Teleporter":0,"Mummified Hand":10,"Vajra":9,"Black Blood":17,"Bag of Preparation":14,"hubris:Towel":3,"PrismaticShard":19,"Burning Blood":0},{"Golden Egg":1,"Girya":2,"hubris:Teleporter":0,"Mummified Hand":3,"Vajra":2,"Black Blood":6,"Bag of Preparation":5,"hubris:Towel":1,"PrismaticShard":7,"Burning Blood":0},{"Golden Egg":3,"Girya":14,"hubris:Teleporter":0,"Mummified Hand":19,"Vajra":14,"Black Blood":36,"Bag of Preparation":27,"hubris:Towel":3,"PrismaticShard":40,"Burning Blood":0}]},"card_choices":[{"not_picked":["Clothesline","Body Slam"],"picked":"True Grit","floor":1.0},{"not_picked":["Intimidate","Hemokinesis","Burning Pact"],"picked":"SKIP","floor":7.0},{"not_picked":["Intimidate","Hemokinesis","Burning Pact"],"picked":"SKIP","floor":7.0},{"not_picked":["Intimidate","Hemokinesis","Burning Pact"],"picked":"SKIP","floor":7.0},{"not_picked":["Clothesline","Searing Blow","Anger"],"picked":"SKIP","floor":10.0},{"not_picked":["Anger","Defy Death"],"picked":"Sword Boomerang","floor":11.0},{"not_picked":["Combust","Rupture"],"picked":"Spot Weakness","floor":12.0},{"not_picked":["ReplayTheSpireMod:LeadingStrike","Perfected Strike","Sever Soul+1"],"picked":"SKIP","floor":18.0},{"not_picked":["TheCursedMod:FleshFromBone","ReplaySolidLightProjector","HollowMod:FastStrike"],"picked":"SKIP","floor":20.0},{"not_picked":["infinitespire:TheBestDefense","ReplayTheSpireMod:Haul"],"picked":"infinitespire:Collect","floor":21.0}],"player_experience":948805,"relics_obtained":[{"floor":7.0,"key":"Girya"},{"floor":9.0,"key":"Vajra"},{"floor":10.0,"key":"Mummified Hand"},{"floor":14.0,"key":"Bag of Preparation"}],"event_choices":[{"damage_healed":0.0,"max_hp_gain":0.0,"max_hp_loss":0.0,"gold_gain":0.0,"event_name":"Big Fish","player_choice":"Box","floor":5.0,"gold_loss":0.0,"damage_taken":0.0,"relics_obtained":["Golden Egg"],"cards_obtained":["Regret"]},{"cards_removed":["Strike_R"],"damage_healed":0.0,"max_hp_gain":0.0,"max_hp_loss":0.0,"gold_gain":0.0,"event_name":"Back to Basics","player_choice":"Elegance","floor":22.0,"gold_loss":0.0,"damage_taken":0.0}],"is_beta":false,"boss_relics":[{"not_picked":["Velvet Choker","Ooze Armor"],"picked":"Black Blood"}],"items_purged_floors":[4,13,19],"is_endless":false,"potions_floor_spawned":[10,12,20],"killed_by":"Book of Stabbing","ascension_level":1}}