{"host":"a0a1jmiqtfusecqe","time":1609037908,"event":{"mods":["AchievementEnabler","BaseMod","BetterRewards","Minty Spire (QoL Compilation)","Permanent Neow","Quick Restart","Shop Mod","Spikes Relics","StSLib","SuperFastMode"],"gold_per_floor":[110,75,75,85,102,102,134,134,134,134,15,15,50,10,10,110,110,122,141,174,187,99,99,115,115,164,164,164,184,283,310,310,411,411,421,421,471,471,520,546,546,596,596,818,818,818,848,862,862,862],"floor_reached":51,"playtime":2544,"items_purged":["Normality","Strike_P","Defend_P"],"score":1069,"play_id":"793a79ea-466a-4c76-aa92-8f633cf86389","local_time":"20201226205828","is_ascension_mode":true,"campfire_choices":[{"data":"FearNoEvil","floor":6,"key":"SMITH"},{"floor":8,"key":"REST"},{"data":"Adaptation","floor":10,"key":"SMITH"},{"floor":15,"key":"REST"},{"floor":23,"key":"REST"},{"floor":28,"key":"REST"},{"floor":32,"key":"REST"},{"floor":41,"key":"REST"},{"floor":49,"key":"REST"}],"circlet_count":0,"master_deck":["Defend_P","Eruption+1","Vigilance","MentalFortress","CutThroughFate","FearNoEvil+1","WreathOfFlame","FlurryOfBlows","WheelKick","Evaluate","CutThroughFate","Adaptation+1","CutThroughFate","LikeWater","Ragnarok","EmptyBody","SashWhip","Weave+1","FlurryOfBlows+1","EmptyFist+1","Nirvana","Halt+1","Vengeance","CutThroughFate"],"relics":["PureWater","Membership Card","MerchantsRug","BicycleWheel","Mercury Hourglass","ShockBauble","Bag of Preparation","Omamori","Juzu Bracelet","Black Star","Red Mask","Pen Nib","SpikesRelics:DaevaFist","Singing Bowl","RetroEgg","Empty Cage","PreservedInsect","Mango","Potion Belt","Bottled Flame","BlackRope","Bottled Tornado","Bag of Marbles","Incense Burner"],"acts_visited":["Exordium","TheCity","TheBeyond"],"potions_floor_usage":[16,16,16,18,29,31,31,33,39,50],"damage_taken":[{"damage":0,"enemies":"Cultist","floor":1,"turns":3},{"damage":7,"enemies":"Small Slimes","floor":4,"turns":3},{"damage":0,"enemies":"2 Louse","floor":5,"turns":2},{"damage":16,"enemies":"Lagavulin","floor":7,"turns":5},{"damage":29,"enemies":"Gremlin Nob","floor":13,"turns":3},{"damage":25,"enemies":"Hexaghost","floor":16,"turns":8},{"damage":10,"enemies":"Spheric Guardian","floor":18,"turns":3},{"damage":0,"enemies":"Chosen","floor":19,"turns":4},{"damage":15,"enemies":"Masked Bandits","floor":20,"turns":3},{"damage":7,"enemies":"Snake Plant","floor":21,"turns":3},{"damage":22,"enemies":"Snecko","floor":24,"turns":4},{"damage":8,"enemies":"Colosseum Slavers","floor":27,"turns":4},{"damage":6,"enemies":"Cultist and Chosen","floor":29,"turns":3},{"damage":10,"enemies":"Book of Stabbing","floor":31,"turns":5},{"damage":23,"enemies":"Automaton","floor":33,"turns":5},{"damage":0,"enemies":"Orb Walker","floor":35,"turns":2},{"damage":39,"enemies":"2 Orb Walkers","floor":39,"turns":5},{"damage":24,"enemies":"Giant Head","floor":40,"turns":7},{"damage":0,"enemies":"Mind Bloom Boss Battle","floor":42,"turns":5},{"damage":31,"enemies":"Nemesis","floor":47,"turns":5},{"damage":0,"enemies":"3 Darklings","floor":48,"turns":3},{"damage":31,"enemies":"Awakened One","floor":50,"turns":8}],"seed_played":"-5772787055295615827","potions_obtained":[{"floor":1,"key":"EssenceOfSteel"},{"floor":14,"key":"Weak Potion"},{"floor":14,"key":"Energy Potion"},{"floor":14,"key":"Energy Potion"},{"floor":16,"key":"ColorlessPotion"},{"floor":20,"key":"Fire Potion"},{"floor":24,"key":"SteroidPotion"},{"floor":31,"key":"ColorlessPotion"},{"floor":33,"key":"Block Potion"},{"floor":40,"key":"Fire Potion"},{"floor":42,"key":"Weak Potion"}],"is_trial":false,"path_per_floor":["M","?","?","M","M","R","E","R","T","R","$","?","E","?","R","B",null,"M","M","?","M","$","R","M","?","T","?","R","M","?","E","R","B",null,"M","?","T","?","?","E","R","?","T","?","?","?","E","M","R","B",null],"character_chosen":"WATCHER","items_purchased":["Membership Card","MerchantsRug","MentalFortress","CutThroughFate","FearNoEvil","Mercury Hourglass","Omamori","CutThroughFate","Strength Potion"],"campfire_rested":7,"item_purchase_floors":[0,0,0,0,0,0,11,11,22],"current_hp_per_floor":[58,67,67,60,60,60,44,64,64,64,64,64,35,35,55,30,67,57,57,42,35,35,55,33,33,33,25,45,39,39,29,49,28,69,69,69,69,69,44,22,47,49,49,49,49,49,20,22,49,18],"gold":862,"neow_bonus":"","is_daily":false,"chose_seed":false,"campfire_upgraded":2,"win_rate":0.0,"timestamp":1609037908,"path_taken":["M","?","?","?","M","R","E","R","T","R","$","?","E","?","R","BOSS","M","M","?","M","$","R","M","?","T","?","R","M","?","E","R","BOSS","M","?","?","?","?","E","R","?","T","?","?","?","E","M","R","BOSS"],"items_purchased_type":["Relic","Relic","Card","Card","Card","Relic","Relic","Card","Potion"],"build_version":"2020-12-22","purchased_purges":3,"victory":true,"max_hp_per_floor":[67,67,67,67,67,67,67,67,67,67,67,67,67,67,67,67,67,67,67,67,67,67,67,67,67,67,67,67,67,67,67,67,69,69,69,69,69,69,83,85,85,87,87,87,87,87,89,91,91,91],"card_choices":[{"not_picked":["Protect","JustLucky"],"picked":"FlurryOfBlows","floor":1},{"not_picked":["Collect","Wallop"],"picked":"Evaluate","floor":4},{"not_picked":["ClearTheMind","WaveOfTheHand"],"picked":"CutThroughFate","floor":5},{"not_picked":["Alpha","Evaluate"],"picked":"Adaptation","floor":7},{"not_picked":["Crescendo","CrushJoints"],"picked":"LikeWater","floor":13},{"not_picked":["ConjureBlade","Establishment"],"picked":"Ragnarok","floor":16},{"not_picked":["Swivel+1","Protect"],"picked":"EmptyBody","floor":18},{"not_picked":["Protect","WreathOfFlame"],"picked":"SashWhip","floor":19},{"not_picked":["Perseverance","ThirdEye+1","FollowUp"],"picked":"SKIP","floor":21},{"not_picked":["Study","Vengeance"],"picked":"Weave+1","floor":24},{"not_picked":["Evaluate","Prostrate","Collect+1"],"picked":"SKIP","floor":29},{"not_picked":["Evaluate","LikeWater"],"picked":"FlurryOfBlows","floor":31},{"not_picked":["Ragnarok","Brilliance","Blasphemy"],"picked":"Singing Bowl","floor":33},{"not_picked":["WheelKick+1","JustLucky+1"],"picked":"EmptyFist+1","floor":35},{"not_picked":["BowlingBash","ForeignInfluence+1"],"picked":"Halt+1","floor":39},{"not_picked":["SashWhip+1","PathToVictory","WheelKick"],"picked":"Singing Bowl","floor":40},{"not_picked":["Evaluate","Fasting2+1","Indignation+1"],"picked":"Singing Bowl","floor":42},{"not_picked":["CarveReality+1","Wallop","WaveOfTheHand+1"],"picked":"Singing Bowl","floor":47},{"not_picked":["Swivel","Vengeance","Crescendo+1"],"picked":"Singing Bowl","floor":48}],"player_experience":464027,"relics_obtained":[{"floor":7,"key":"ShockBauble"},{"floor":9,"key":"Bag of Preparation"},{"floor":13,"key":"Juzu Bracelet"},{"floor":20,"key":"Red Mask"},{"floor":26,"key":"SpikesRelics:DaevaFist"},{"floor":31,"key":"Singing Bowl"},{"floor":31,"key":"RetroEgg"},{"floor":37,"key":"PreservedInsect"},{"floor":39,"key":"Mango"},{"floor":40,"key":"Potion Belt"},{"floor":40,"key":"Bottled Flame"},{"floor":42,"key":"BlackRope"},{"floor":43,"key":"Bottled Tornado"},{"floor":47,"key":"Bag of Marbles"},{"floor":47,"key":"Incense Burner"}],"event_choices":[{"damage_healed":16,"gold_gain":0,"player_choice":"Healed","damage_taken":0,"max_hp_gain":0,"max_hp_loss":0,"event_name":"The Cleric","floor":2,"gold_loss":35},{"damage_healed":0,"gold_gain":0,"cards_transformed":["Strike_P"],"player_choice":"Transformed","damage_taken":0,"max_hp_gain":0,"max_hp_loss":0,"event_name":"Transmorgrifier","floor":3,"gold_loss":0,"cards_obtained":["WheelKick"]},{"damage_healed":0,"gold_gain":0,"player_choice":"Grow","damage_taken":0,"max_hp_gain":0,"max_hp_loss":0,"event_name":"Living Wall","floor":12,"gold_loss":0,"cards_upgraded":["Eruption"]},{"damage_healed":0,"gold_gain":0,"player_choice":"Bought 3 Potions","damage_taken":0,"max_hp_gain":0,"max_hp_loss":0,"event_name":"The Woman in Blue","floor":14,"gold_loss":0},{"damage_healed":0,"gold_gain":0,"player_choice":"Fought Bandits","damage_taken":0,"max_hp_gain":0,"max_hp_loss":0,"event_name":"Masked Bandits","floor":20,"gold_loss":0},{"damage_healed":0,"gold_gain":0,"player_choice":"Opened","damage_taken":0,"relics_obtained":["Pen Nib"],"max_hp_gain":0,"max_hp_loss":0,"event_name":"The Mausoleum","floor":25,"gold_loss":0},{"damage_healed":0,"gold_gain":0,"player_choice":"Fight","damage_taken":0,"max_hp_gain":0,"max_hp_loss":0,"event_name":"Colosseum","floor":27,"gold_loss":0},{"damage_healed":0,"gold_gain":0,"player_choice":"Fled From Nobs","damage_taken":0,"max_hp_gain":0,"max_hp_loss":0,"event_name":"Colosseum","floor":27,"gold_loss":0},{"damage_healed":0,"gold_gain":99,"player_choice":"Stole From Cult","damage_taken":0,"max_hp_gain":0,"max_hp_loss":0,"event_name":"Nest","floor":30,"gold_loss":0},{"damage_healed":17,"gold_gain":0,"player_choice":"Writhe","damage_taken":0,"max_hp_gain":0,"max_hp_loss":0,"event_name":"Winding Halls","floor":36,"gold_loss":0,"cards_obtained":["Writhe"]},{"damage_healed":0,"gold_gain":0,"cards_transformed":["Defend_P"],"player_choice":"Transformed","damage_taken":0,"max_hp_gain":0,"max_hp_loss":0,"event_name":"Transmorgrifier","floor":38,"gold_loss":0,"cards_obtained":["Nirvana"]},{"damage_healed":0,"gold_gain":0,"player_choice":"Fight","damage_taken":0,"max_hp_gain":0,"max_hp_loss":0,"event_name":"Mysterious Sphere","floor":39,"gold_loss":0},{"damage_healed":0,"gold_gain":0,"player_choice":"Fight","damage_taken":0,"max_hp_gain":0,"max_hp_loss":0,"event_name":"MindBloom","floor":42,"gold_loss":0},{"damage_healed":0,"gold_gain":222,"player_choice":"Wore Mask","damage_taken":0,"max_hp_gain":0,"max_hp_loss":0,"event_name":"Tomb of Lord Red Mask","floor":44,"gold_loss":0},{"damage_healed":0,"gold_gain":0,"player_choice":"2 cards matched","damage_taken":0,"max_hp_gain":0,"max_hp_loss":0,"event_name":"Match and Keep!","floor":45,"gold_loss":0,"cards_obtained":["Vengeance","CutThroughFate"]},{"cards_removed":["Defend_P"],"damage_healed":0,"gold_gain":0,"player_choice":"Removed Skill","damage_taken":0,"max_hp_gain":0,"max_hp_loss":0,"event_name":"Falling","floor":46,"gold_loss":0}],"is_beta":false,"boss_relics":[{"not_picked":["SacredBark","Sandwich"],"picked":"Black Star"},{"not_picked":["Sozu","SlaversCollar"],"picked":"Empty Cage"}],"items_purged_floors":[0,11,22],"is_endless":false,"potions_floor_spawned":[1,16,20,24,31,33,40,42],"ascension_level":1}}