{"host":"ya062ahhhuj9au1o","time":1609040932,"event":{"mods":["BaseMod","Better Third Choice","Filter the Spire","Hermit","Minty Spire (QoL Compilation)","Random Character Button","Robot Space Explorer","Somnambulant","StSLib","The Bug Knight","The Cursed","The Servant 0.9.4"],"gold_per_floor":[112,126,126,45,10,10,25,43,43,43,59,77,77,96,96,200,200,218,237,237,248,78,78,104,104,104,104,121,139,238,269,269,364,364,374,374,393,393,46,46,57,57,57,72,72,90,90,109,109,109],"floor_reached":51,"playtime":2494,"items_purged":["RobotSpaceExplorer:Strike","RobotSpaceExplorer:Defend"],"score":1003,"play_id":"a958f6c9-81c7-438b-b603-b54eaf7deeb5","local_time":"20201226224852","is_ascension_mode":true,"campfire_choices":[{"data":"RobotSpaceExplorer:Scan","floor":6,"key":"SMITH"},{"data":"RobotSpaceExplorer:Comet","floor":10,"key":"SMITH"},{"data":"RobotSpaceExplorer:PowerGlove","floor":15,"key":"SMITH"},{"data":"RobotSpaceExplorer:StarLightning","floor":23,"key":"SMITH"},{"data":"RobotSpaceExplorer:Comet","floor":25,"key":"SMITH"},{"data":"RobotSpaceExplorer:ScrapShield","floor":27,"key":"SMITH"},{"floor":32,"key":"REST"},{"data":"RobotSpaceExplorer:ScrapShield","floor":40,"key":"SMITH"},{"data":"RobotSpaceExplorer:MiniDrones","floor":42,"key":"SMITH"},{"data":"Good Instincts","floor":47,"key":"SMITH"},{"data":"RobotSpaceExplorer:Strike","floor":49,"key":"SMITH"}],"circlet_count":0,"master_deck":["RobotSpaceExplorer:Strike+1","RobotSpaceExplorer:Scan+1","RobotSpaceExplorer:ScrapShield+1","RobotSpaceExplorer:Probe","Good Instincts+1","RobotSpaceExplorer:RigExplosive","RobotSpaceExplorer:Comet+1","RobotSpaceExplorer:StunGrenade","RobotSpaceExplorer:StarLightning+1","RobotSpaceExplorer:PowerGlove+1","RobotSpaceExplorer:Comet+1","RobotSpaceExplorer:JunkDive+1","RobotSpaceExplorer:StarLightning+1","RobotSpaceExplorer:Comet+1","RobotSpaceExplorer:MiniDrones+1","RobotSpaceExplorer:ScrapShield+1","RobotSpaceExplorer:GlueShot+1","RobotSpaceExplorer:Counterblock+1","RobotSpaceExplorer:Pulsar+1","RobotSpaceExplorer:MiniDrones+1","RobotSpaceExplorer:GlueShot+1"],"relics":["RobotSpaceExplorer:RoboCore","Lantern","Vajra","Philosopher\u0027s Stone","Blood Vial","HornCleat","Darkstone Periapt","Empty Cage","Mercury Hourglass","Sundial","Ice Cream"],"acts_visited":["Exordium","TheCity","TheBeyond"],"potions_floor_usage":[11,12,16,21,24,29,31,33,37,37,50,50,50],"damage_taken":[{"damage":0,"enemies":"Cultist","floor":1,"turns":3},{"damage":1,"enemies":"Jaw Worm","floor":2,"turns":4},{"damage":0,"enemies":"Small Slimes","floor":7,"turns":3},{"damage":0,"enemies":"Red Slaver","floor":8,"turns":3},{"damage":0,"enemies":"Large Slime","floor":11,"turns":3},{"damage":0,"enemies":"Gremlin Gang","floor":12,"turns":2},{"damage":1,"enemies":"Blue Slaver","floor":14,"turns":3},{"damage":11,"enemies":"The Guardian","floor":16,"turns":8},{"damage":0,"enemies":"3 Byrds","floor":18,"turns":2},{"damage":0,"enemies":"Chosen","floor":19,"turns":4},{"damage":13,"enemies":"Shelled Parasite and Fungi","floor":21,"turns":2},{"damage":11,"enemies":"HollowMod:Nosk","floor":24,"turns":4},{"damage":0,"enemies":"Snecko","floor":28,"turns":2},{"damage":0,"enemies":"Snake Plant","floor":29,"turns":2},{"damage":35,"enemies":"Gremlin Leader","floor":31,"turns":3},{"damage":0,"enemies":"Automaton","floor":33,"turns":4},{"damage":0,"enemies":"3 Shapes","floor":35,"turns":2},{"damage":0,"enemies":"3 Darklings","floor":37,"turns":3},{"damage":0,"enemies":"Sphere and 2 Shapes","floor":41,"turns":3},{"damage":0,"enemies":"Jaw Worm Horde","floor":44,"turns":1},{"damage":11,"enemies":"3 Darklings","floor":46,"turns":2},{"damage":0,"enemies":"Transient","floor":48,"turns":5},{"damage":5,"enemies":"Donu and Deca","floor":50,"turns":6}],"seed_played":"9092459116628159675","potions_obtained":[{"floor":1,"key":"Dexterity Potion"},{"floor":8,"key":"SneckoOil"},{"floor":14,"key":"DuplicationPotion"},{"floor":18,"key":"PowerPotion"},{"floor":21,"key":"Fruit Juice"},{"floor":24,"key":"Energy Potion"},{"floor":31,"key":"RobotSpaceExplorer:PlasmaFlask"},{"floor":37,"key":"Strength Potion"},{"floor":41,"key":"PowerPotion"}],"is_trial":false,"path_per_floor":["M","M","?","$","?","R","M","M","T","R","M","M","?","M","R","B",null,"M","M","?","M","$","R","E","R","T","R","M","M","?","E","R","B",null,"M","?","M","?","$","R","M","R","T","M","T","M","R","M","R","B",null],"character_chosen":"RobotSpaceExplorer","items_purchased":["Good Instincts","RobotSpaceExplorer:MiniDrones","RobotSpaceExplorer:ScrapShield","Mercury Hourglass"],"campfire_rested":1,"item_purchase_floors":[4,22,22,39],"current_hp_per_floor":[68,67,64,64,68,68,68,68,68,68,68,68,68,67,67,56,65,65,65,65,52,52,52,46,46,46,46,48,50,50,17,38,40,65,67,67,69,69,69,69,71,71,71,73,73,62,62,64,64,61],"gold":109,"neow_bonus":"REMOVE_TWO","is_daily":false,"chose_seed":false,"campfire_upgraded":10,"win_rate":0.0,"timestamp":1609040932,"path_taken":["M","M","?","$","?","R","M","M","T","R","M","M","?","?","R","BOSS","M","M","?","M","$","R","E","R","T","R","M","?","?","E","R","BOSS","M","?","M","?","?","R","M","R","T","M","?","M","R","?","R","BOSS"],"items_purchased_type":["Card","Card","Card","Relic"],"build_version":"2020-12-22","purchased_purges":2,"victory":true,"max_hp_per_floor":[68,68,68,68,68,68,68,68,68,68,68,68,68,68,68,68,68,68,68,68,68,68,68,73,73,73,73,73,73,73,73,73,73,73,73,73,73,73,73,73,73,73,73,73,73,73,73,73,73,73],"card_choices":[{"not_picked":["RobotSpaceExplorer:SlimeMissile","RobotSpaceExplorer:Electroshield"],"picked":"RobotSpaceExplorer:ScrapShield","floor":1},{"not_picked":["RobotSpaceExplorer:GlueShot","RobotSpaceExplorer:StunGrenade"],"picked":"RobotSpaceExplorer:Probe","floor":2},{"not_picked":["RobotSpaceExplorer:Calculate","RobotSpaceExplorer:Counterblock"],"picked":"RobotSpaceExplorer:RigExplosive","floor":7},{"not_picked":["RobotSpaceExplorer:SwiftStep","RobotSpaceExplorer:MakeshiftVolley"],"picked":"RobotSpaceExplorer:Comet","floor":8},{"not_picked":["RobotSpaceExplorer:SlimeMissile","RobotSpaceExplorer:ImprovisedAttack"],"picked":"RobotSpaceExplorer:StunGrenade","floor":11},{"not_picked":["RobotSpaceExplorer:PowerCollector","RobotSpaceExplorer:Electroshield"],"picked":"RobotSpaceExplorer:StarLightning","floor":12},{"not_picked":["RobotSpaceExplorer:Electropulse","RobotSpaceExplorer:SwiftStep"],"picked":"RobotSpaceExplorer:PowerGlove","floor":14},{"not_picked":["RobotSpaceExplorer:Multitool","RobotSpaceExplorer:Arsenal"],"picked":"RobotSpaceExplorer:Comet","floor":16},{"not_picked":["RobotSpaceExplorer:SwiftStep","RobotSpaceExplorer:MetalStrike"],"picked":"RobotSpaceExplorer:JunkDive+1","floor":18},{"not_picked":["RobotSpaceExplorer:Pulsar","RobotSpaceExplorer:Counterblock"],"picked":"RobotSpaceExplorer:StarLightning+1","floor":19},{"not_picked":["RobotSpaceExplorer:SlimeMissile","RobotSpaceExplorer:MetalStrike","RobotSpaceExplorer:BigMissile"],"picked":"SKIP","floor":21},{"not_picked":["RobotSpaceExplorer:Blitz+1","RobotSpaceExplorer:PlasmaMissile"],"picked":"RobotSpaceExplorer:GlueShot+1","floor":24},{"not_picked":["RobotSpaceExplorer:ExhaustFan+1","RobotSpaceExplorer:PlasmaMissile+1","RobotSpaceExplorer:PowerCollector"],"picked":"SKIP","floor":28},{"not_picked":["RobotSpaceExplorer:DualCore","RobotSpaceExplorer:Probe"],"picked":"RobotSpaceExplorer:Counterblock+1","floor":29},{"not_picked":["RobotSpaceExplorer:RigExplosive","RobotSpaceExplorer:SelfCleaning"],"picked":"RobotSpaceExplorer:Pulsar+1","floor":31},{"not_picked":["RobotSpaceExplorer:StunGrenade","RobotSpaceExplorer:SurgingStrike+1","RobotSpaceExplorer:SlimeMissile"],"picked":"SKIP","floor":35},{"not_picked":["RobotSpaceExplorer:PowerCollector+1","RobotSpaceExplorer:GearShield"],"picked":"RobotSpaceExplorer:MiniDrones+1","floor":37},{"not_picked":["RobotSpaceExplorer:MetalStrike","RobotSpaceExplorer:StunGrenade","RobotSpaceExplorer:ImprovisedAttack+1"],"picked":"SKIP","floor":41},{"not_picked":["RobotSpaceExplorer:Electropulse","RobotSpaceExplorer:DoubleBlock+1","RobotSpaceExplorer:FreezeRay"],"picked":"SKIP","floor":44},{"not_picked":["RobotSpaceExplorer:StunGrenade","RobotSpaceExplorer:FreezeRay"],"picked":"RobotSpaceExplorer:GlueShot+1","floor":46},{"not_picked":["RobotSpaceExplorer:SurgingShield","RobotSpaceExplorer:MetalStrike+1","RobotSpaceExplorer:Electropulse+1"],"picked":"SKIP","floor":48}],"player_experience":1678345,"relics_obtained":[{"floor":9,"key":"Vajra"},{"floor":24,"key":"Blood Vial"},{"floor":26,"key":"HornCleat"},{"floor":31,"key":"Darkstone Periapt"},{"floor":43,"key":"Sundial"},{"floor":45,"key":"Ice Cream"}],"event_choices":[{"damage_healed":0,"gold_gain":0,"player_choice":"Relic ","damage_taken":3,"max_hp_gain":0,"max_hp_loss":0,"event_name":"betterThird:BetterScrap","floor":3,"gold_loss":0,"cards_obtained":["ConjureBlade"]},{"damage_healed":17,"gold_gain":0,"player_choice":"Healed","damage_taken":0,"max_hp_gain":0,"max_hp_loss":0,"event_name":"The Cleric","floor":5,"gold_loss":35},{"cards_removed":["RobotSpaceExplorer:Defend"],"damage_healed":0,"gold_gain":0,"player_choice":"Offered Basic","damage_taken":0,"max_hp_gain":0,"max_hp_loss":0,"event_name":"Bonfire Elementals","floor":13,"gold_loss":0},{"damage_healed":0,"gold_gain":0,"player_choice":"Copied","damage_taken":0,"max_hp_gain":0,"max_hp_loss":0,"event_name":"Duplicator","floor":20,"gold_loss":0,"cards_obtained":["RobotSpaceExplorer:Comet"]},{"damage_healed":0,"gold_gain":99,"player_choice":"Steal","damage_taken":0,"max_hp_gain":0,"max_hp_loss":0,"event_name":"betterThird:BetterNest","floor":30,"gold_loss":0},{"damage_healed":0,"gold_gain":0,"player_choice":"Memory 1","damage_taken":0,"max_hp_gain":0,"max_hp_loss":0,"event_name":"SensoryStone","floor":36,"gold_loss":0},{"cards_removed":["RobotSpaceExplorer:MiniLasers"],"damage_healed":0,"gold_gain":0,"player_choice":"Removed Attack","damage_taken":0,"max_hp_gain":0,"max_hp_loss":0,"event_name":"Falling","floor":38,"gold_loss":0}],"is_beta":false,"boss_relics":[{"not_picked":["SlaversCollar","Calling Bell"],"picked":"Philosopher\u0027s Stone"},{"not_picked":["RobotSpaceExplorer:TurboCore","Snecko Eye"],"picked":"Empty Cage"}],"items_purged_floors":[22,39],"is_endless":false,"potions_floor_spawned":[1,8,11,14,18,21,24,31,37,41,44,48],"ascension_level":8}}