{"host":"ohugux5wi6kc4oge","time":1609104533,"event":{"mods":["BaseMod","Beaked The Cultist","Better Third Choice","Colored Powertips","Downfall","GifTheSpireLib","Minty Spire (QoL Compilation)","Quick Restart","Replay The Spire","StSLib","Stuff the Spire","The Construct","The IronCluck","egg","everything is the same but u backflip on backflip"],"gold_per_floor":[116,116,130,55,66,66,93,93,118,141,164,184,184,184],"floor_reached":13,"playtime":797,"items_purged":["Strike_R"],"score":108,"play_id":"c4563049-9b16-44a6-abf4-97aac2b6be15","local_time":"20201227222853","is_ascension_mode":true,"campfire_choices":[{"data":"True Grit","floor":6,"key":"SMITH"},{"data":"ReplayReversal","floor":8,"key":"SMITH"}],"circlet_count":0,"master_deck":["Strike_R","Strike_R","Strike_R","Strike_R","Defend_R","Defend_R","Defend_R","Defend_R","Bash","ReplayReversal+1","Power Through","True Grit+1","Evolve","Pot Of Greed","Pot Of Greed"],"relics":["Burning Blood","Potion Belt","StuffTheSpire:TintedRock","Odd Mushroom","Grinning Jar"],"acts_visited":["Exordium"],"potions_floor_usage":[3,10],"damage_taken":[{"damage":0,"enemies":"Small Slimes","floor":1,"turns":3},{"damage":2,"enemies":"Cultist","floor":3,"turns":5},{"damage":0,"enemies":"2 Louse","floor":5,"turns":3},{"damage":45,"enemies":"Lagavulin","floor":7,"turns":9},{"damage":21,"enemies":"The Mushroom Lair","floor":10,"turns":9},{"damage":0,"enemies":"Exordium Wildlife","floor":12,"turns":5},{"damage":61,"enemies":"Gremlin Nob","floor":13,"turns":5}],"seed_played":"1096090516344946751","potions_obtained":[{"floor":1,"key":"Block Potion"},{"floor":5,"key":"Milkshake"},{"floor":7,"key":"Block Potion"}],"is_trial":false,"path_per_floor":["M","?","M","$","M","R","E","R","T","?","T","M","E"],"character_chosen":"IRONCLAD","items_purchased":[],"campfire_rested":0,"item_purchase_floors":[],"current_hp_per_floor":[78,90,90,90,90,90,51,51,51,36,36,42,0,0],"gold":184,"neow_bonus":"ONE_RANDOM_RARE_CARD","is_daily":false,"chose_seed":false,"campfire_upgraded":2,"win_rate":0.0,"timestamp":1609104533,"path_taken":["M","?","M","$","?","R","E","R","T","?","?","M","E"],"items_purchased_type":[],"build_version":"2020-12-22","purchased_purges":1,"victory":false,"max_hp_per_floor":[80,90,90,90,90,90,90,90,90,90,90,90,90,90],"card_choices":[{"not_picked":["True Grit","Flame Barrier"],"picked":"ReplayReversal","floor":1},{"not_picked":["Twin Strike","Sword Boomerang"],"picked":"Power Through","floor":3},{"not_picked":["Clash","Warcry"],"picked":"True Grit","floor":5},{"not_picked":["Havoc","StuffTheSpire:Incineration","Run Through"],"picked":"SKIP","floor":7},{"not_picked":["Hemokinesis","Warcry"],"picked":"Evolve","floor":10},{"not_picked":["Clash","Uppercut","Iron Wave"],"picked":"SKIP","floor":12}],"player_experience":522170,"relics_obtained":[{"floor":7,"key":"Potion Belt"},{"floor":9,"key":"StuffTheSpire:TintedRock"},{"floor":10,"key":"Odd Mushroom"},{"floor":11,"key":"Grinning Jar"}],"event_choices":[{"cards_removed":["Eclipse"],"damage_healed":2,"gold_gain":0,"player_choice":"Offered Rare","damage_taken":0,"max_hp_gain":10,"max_hp_loss":0,"event_name":"Bonfire Elementals","floor":2,"gold_loss":0},{"damage_healed":0,"gold_gain":0,"player_choice":"Fought Mushrooms","damage_taken":0,"max_hp_gain":0,"max_hp_loss":0,"event_name":"Mushrooms","floor":10,"gold_loss":0}],"is_beta":false,"boss_relics":[],"items_purged_floors":[4],"is_endless":false,"potions_floor_spawned":[1,5,7],"killed_by":"Gremlin Nob","ascension_level":6}}