{"host":"aeidq2c3auzxo1yh","time":1609093842,"event":{"mods":["AchievementEnabler","BaseMod","Colored Map","Colored Powertips","Minty Spire (QoL Compilation)","Relic Stats","StSLib"],"gold_per_floor":[114,39,39,50,24,24,52,66,66,101,114,39,62,81,81,159,159,169,186,111,26,26,26,26,26],"floor_reached":24,"playtime":1499,"items_purged":["Defend_G"],"score":458,"play_id":"0947204d-5559-40b4-bcb4-1ad2ddf258d9","local_time":"20201227233042","is_ascension_mode":true,"campfire_choices":[{"data":"Neutralize","floor":6,"key":"SMITH"},{"floor":15,"key":"REST"},{"data":"Glass Knife","floor":23,"key":"SMITH"}],"circlet_count":0,"master_deck":["AscendersBane","Strike_G","Defend_G+1","Survivor+1","Neutralize+1","Well Laid Plans","Flying Knee","Quick Slash","Dash","Heel Hook","Backflip","Glass Knife+1","Acrobatics+1","After Image+1","Tactician+1","Terror"],"relics":["Ring of the Snake","NeowsBlessing","Singing Bowl","Art of War","Orichalcum","War Paint","Astrolabe","Torii"],"acts_visited":["Exordium","TheCity"],"potions_floor_usage":[14,16,24],"damage_taken":[{"damage":0,"enemies":"2 Louse","floor":1,"turns":1},{"damage":0,"enemies":"Cultist","floor":4,"turns":1},{"damage":0,"enemies":"Lagavulin","floor":7,"turns":1},{"damage":0,"enemies":"Jaw Worm","floor":8,"turns":3},{"damage":8,"enemies":"Gremlin Nob","floor":10,"turns":4},{"damage":2,"enemies":"Red Slaver","floor":11,"turns":4},{"damage":40,"enemies":"Gremlin Gang","floor":14,"turns":8},{"damage":14,"enemies":"The Guardian","floor":16,"turns":16},{"damage":0,"enemies":"3 Byrds","floor":18,"turns":7},{"damage":1,"enemies":"Chosen","floor":19,"turns":4},{"damage":81,"enemies":"Slavers","floor":24,"turns":7}],"seed_played":"79628909600959426","potions_obtained":[{"floor":10,"key":"Regen Potion"},{"floor":14,"key":"EssenceOfSteel"},{"floor":18,"key":"Regen Potion"}],"is_trial":false,"path_per_floor":["M","$","?","M","$","R","E","M","T","E","M","?","T","M","R","B",null,"M","M","?","?","?","R","E"],"character_chosen":"THE_SILENT","items_purchased":["Quick Slash"],"campfire_rested":1,"item_purchase_floors":[5],"current_hp_per_floor":[59,59,59,59,59,59,59,59,59,51,51,51,51,27,48,34,61,63,62,62,62,62,62,0,0],"gold":26,"neow_bonus":"THREE_ENEMY_KILL","is_daily":false,"chose_seed":false,"campfire_upgraded":2,"win_rate":0.0,"timestamp":1609093842,"path_taken":["M","$","?","M","?","R","E","M","T","E","M","?","?","?","R","BOSS","M","?","?","?","?","R","E"],"items_purchased_type":["Card"],"build_version":"2020-12-22","purchased_purges":1,"victory":false,"max_hp_per_floor":[66,66,66,66,66,66,66,66,66,66,68,68,68,70,70,70,70,72,72,72,72,72,72,72,72],"relic_stats":{"Singing Bowl":6,"Torii":4,"counters":[11,56],"Astrolabe":["Acrobatics","After Image","Tactician"],"Art of War":[2],"Orichalcum":[24],"War Paint":["Survivor","Defend_G"],"obtain_stats":[{"NeowsBlessing":0,"Singing Bowl":7,"Torii":21,"Astrolabe":17,"Art of War":9,"Orichalcum":10,"War Paint":13,"Ring of the Snake":0},{"NeowsBlessing":0,"Singing Bowl":3,"Torii":10,"Astrolabe":8,"Art of War":4,"Orichalcum":5,"War Paint":6,"Ring of the Snake":0},{"NeowsBlessing":0,"Singing Bowl":3,"Torii":49,"Astrolabe":38,"Art of War":6,"Orichalcum":10,"War Paint":14,"Ring of the Snake":0}],"Ring of the Snake":[22]},"card_choices":[{"not_picked":["Underhanded Strike","Outmaneuver"],"picked":"Well Laid Plans","floor":1},{"not_picked":["Underhanded Strike","Eviscerate"],"picked":"Flying Knee","floor":4},{"not_picked":["Outmaneuver","Quick Slash"],"picked":"Dash","floor":7},{"not_picked":["Poisoned Stab","Tactician"],"picked":"Heel Hook","floor":8},{"not_picked":["Terror","Poisoned Stab"],"picked":"Backflip","floor":10},{"not_picked":["Outmaneuver","Acrobatics","Flying Knee"],"picked":"Singing Bowl","floor":11},{"not_picked":["Accuracy","Reflex","Bane"],"picked":"Singing Bowl","floor":14},{"not_picked":["Venomology","Storm of Steel"],"picked":"Glass Knife","floor":16},{"not_picked":["Calculated Gamble","Backflip","Tactician"],"picked":"Singing Bowl","floor":18},{"not_picked":["PiercingWail","Concentrate"],"picked":"Terror","floor":19}],"player_experience":872800,"relics_obtained":[{"floor":7,"key":"Singing Bowl"},{"floor":9,"key":"Art of War"},{"floor":10,"key":"Orichalcum"},{"floor":13,"key":"War Paint"}],"event_choices":[{"cards_removed":["Strike_G"],"damage_healed":0,"gold_gain":0,"player_choice":"Purged","damage_taken":0,"max_hp_gain":0,"max_hp_loss":0,"event_name":"Purifier","floor":3,"gold_loss":0},{"cards_removed":["Defend_G"],"damage_healed":0,"gold_gain":0,"player_choice":"Card Removal","damage_taken":0,"max_hp_gain":0,"max_hp_loss":0,"event_name":"The Cleric","floor":12,"gold_loss":75},{"cards_removed":["Defend_G"],"damage_healed":0,"gold_gain":0,"player_choice":"Gave Gold","damage_taken":0,"max_hp_gain":0,"max_hp_loss":0,"event_name":"Beggar","floor":20,"gold_loss":75},{"damage_healed":0,"gold_gain":0,"player_choice":"Obtained Relic","damage_taken":0,"relics_obtained":["Torii"],"max_hp_gain":0,"max_hp_loss":0,"event_name":"Addict","floor":21,"gold_loss":85},{"cards_removed":["Strike_G"],"damage_healed":0,"gold_gain":0,"player_choice":"Elegance","damage_taken":0,"max_hp_gain":0,"max_hp_loss":0,"event_name":"Back to Basics","floor":22,"gold_loss":0}],"is_beta":false,"boss_relics":[{"not_picked":["SlaversCollar","Ectoplasm"],"picked":"Astrolabe"}],"items_purged_floors":[2],"is_endless":false,"potions_floor_spawned":[10,14,18],"killed_by":"Slavers","ascension_level":20}}