{"host":"l68ey5cc6843p92k","time":1609074968,"event":{"mods":["Act Like it!","Aspiration","BaseMod","Friendly Minions","Hallownest","Infinite Spire","Kiyohime????","Minty Spire (QoL Compilation)","Permanent Neow","Rare Cards Sparkle","Replay The Spire","Shop Mod","StSLib","The Bug Knight","The Servant 0.9.4","slay the spire mod where everything is the same but ironclad has a cowboy hat"],"gold_per_floor":[115,115,70,18,18,44,59,59,86,97,97,97,97,126,126,227,227,243,243,243,9,9,44,44,58,82,98,98,5,95,109,109,210,210,230,230,257,21,38,38,38,38],"floor_reached":41,"playtime":2998,"items_purged":[],"score":615,"play_id":"1f447288-5179-4408-b886-32fa372c0b5c","local_time":"20201227211608","is_ascension_mode":false,"campfire_choices":[{"floor":8,"key":"REST"},{"data":"Armaments","floor":12,"key":"SMITH"},{"floor":15,"key":"REST"},{"data":"ReplayTheSpireMod:Limb From Limb","floor":24,"key":"SMITH"},{"data":"infinitespire:Oblivion","floor":28,"key":"SMITH"},{"data":"Flex","floor":32,"key":"SMITH"},{"data":"Crow Ritual","floor":40,"key":"SMITH"}],"circlet_count":0,"master_deck":["Defend_R","Defend_R","Defend_R","Defend_R+1","Bash","HollowMod:QuickDashStart","Panache","Shrug It Off+1","Armaments+1","Flex+1","Pot Of Greed","Pot Of Greed","Dual Wield","Twin Strike","Anger","infinitespire:Oblivion+1","Juggernaut","Impervious","Run Through+1","ReplayTheSpireMod:Limb From Limb+1","Bite","Bite","Bite","Bite","Bite","Impatience","Searing Blow","Anger","Anger+1","Swift Strike","Thunderclap","Pot Of Greed","Berserk","Iron Wave+1","Cleave+1","Crow Ritual+1","Armaments","Flex+1"],"relics":["Burning Blood","ReplayTheSpireMod:Spearhead","Grinning Jar","Pet Ghost","MealTicket","Sozu","ReplayTheSpireMod:CursedCoin","Replay:Towering Pillar of Hats","ReplayTheSpireMod:Lightbulb","Toy Ornithopter","Replay:Bronze Core","infinitespire:EvilPickle"],"acts_visited":["Exordium","TheCity","TheBeyond"],"potions_floor_usage":[16,16],"damage_taken":[{"damage":4,"enemies":"Small Slimes","floor":1,"turns":4},{"damage":32,"enemies":"3 Sentries","floor":6,"turns":15},{"damage":1,"enemies":"Cultist","floor":7,"turns":5},{"damage":2,"enemies":"Jaw Worm","floor":10,"turns":4},{"damage":13,"enemies":"Gremlin Nob","floor":14,"turns":3},{"damage":40,"enemies":"Hexaghost","floor":16,"turns":8},{"damage":0,"enemies":"Spheric Guardian","floor":18,"turns":3},{"damage":7,"enemies":"Book of Stabbing","floor":23,"turns":6},{"damage":8,"enemies":"3 Byrds","floor":25,"turns":5},{"damage":10,"enemies":"Snake Plant","floor":27,"turns":4},{"damage":12,"enemies":"Centurion and Healer","floor":31,"turns":4},{"damage":30,"enemies":"Pondfish","floor":33,"turns":10},{"damage":0,"enemies":"Orb Walker","floor":35,"turns":3},{"damage":9,"enemies":"3 Shapes","floor":37,"turns":3},{"damage":20,"enemies":"Maw","floor":39,"turns":7},{"damage":59,"enemies":"Nightmare","floor":41,"turns":6}],"seed_played":"-7907229946376652704","potions_obtained":[{"floor":1,"key":"infinitespire:BlackPotion"},{"floor":7,"key":"PowerPotion"},{"floor":14,"key":"Reflective Coating"}],"is_trial":false,"path_per_floor":["M","?","$","$","?","E","M","R","T","M","?","R","?","E","R","B",null,"M","?","?","$","?","E","R","M","T","M","R","$","?","M","R","B",null,"M","?","M","$","M","R","NM"],"character_chosen":"IRONCLAD","items_purchased":["Armaments","Flex","ReplayTheSpireMod:CursedCoin","Replay:Towering Pillar of Hats","Impatience","Swift Strike","Crow Ritual","Armaments"],"campfire_rested":2,"item_purchase_floors":[3,4,21,21,21,29,38,38],"current_hp_per_floor":[80,80,80,80,80,54,59,80,80,80,80,80,59,52,76,42,80,80,80,56,56,56,56,56,56,56,54,54,56,44,45,45,37,56,56,56,56,56,47,47,0,0],"gold":38,"neow_bonus":"RANDOM_COLORLESS_2","is_daily":false,"chose_seed":false,"campfire_upgraded":5,"win_rate":0.0,"timestamp":1609074968,"path_taken":["M","?","?","$","?","E","M","R","T","?","?","R","?","E","R","BOSS","M","?","?","$","?","E","R","?","T","M","R","$","?","M","R","BOSS","M","?","M","$","M","R","NM"],"items_purchased_type":["Card","Card","Relic","Relic","Card","Card","Card","Card"],"build_version":"2020-12-22","purchased_purges":0,"victory":false,"max_hp_per_floor":[80,80,80,80,80,80,80,80,80,80,80,80,80,80,80,80,80,80,80,56,56,56,56,56,56,56,56,56,56,56,56,56,56,56,56,56,56,56,56,56,56,56],"card_choices":[{"not_picked":["ReplayTheSpireMod:Brewmster","ReplayTheSpireMod:Necrogeddon"],"picked":"Panache","floor":0},{"not_picked":["Uppercut","Hemokinesis"],"picked":"Shrug It Off","floor":1},{"not_picked":["Shrug It Off","Feel No Pain"],"picked":"Dual Wield","floor":6},{"not_picked":["Replay:Undeath\u0027s Touch","Second Wind"],"picked":"Twin Strike","floor":7},{"not_picked":["Second Wind","Battle Trance"],"picked":"Anger","floor":10},{"not_picked":["ReplayTheSpireMod:Echoes of Time","infinitespire:UltimateForm"],"picked":"infinitespire:Oblivion","floor":13},{"not_picked":["Massacre","Offering"],"picked":"Juggernaut","floor":14},{"not_picked":["Offering","Demonic Infusion"],"picked":"Impervious","floor":16},{"not_picked":["Body Slam+1","True Grit"],"picked":"Run Through+1","floor":18},{"not_picked":["ReplayTheSpireMod:Strike From Hell","Warcry"],"picked":"Searing Blow","floor":23},{"not_picked":["Clothesline","Iron Wave+1"],"picked":"Anger","floor":25},{"not_picked":["Twin Strike","Shrug It Off"],"picked":"Anger+1","floor":27},{"not_picked":["Clothesline","Disarm"],"picked":"Thunderclap","floor":31},{"not_picked":["Impervious","Fiend Fire"],"picked":"Berserk","floor":33},{"not_picked":["Clash","Twin Strike"],"picked":"Iron Wave+1","floor":35},{"not_picked":["Headbutt","Thunderclap+1"],"picked":"Cleave+1","floor":37},{"not_picked":["Iron Wave","Thunderclap+1"],"picked":"Flex+1","floor":39}],"player_experience":49574,"relics_obtained":[{"floor":6,"key":"Grinning Jar"},{"floor":9,"key":"Pet Ghost"},{"floor":14,"key":"MealTicket"},{"floor":23,"key":"ReplayTheSpireMod:Lightbulb"},{"floor":26,"key":"Toy Ornithopter"}],"event_choices":[{"damage_healed":0,"gold_gain":0,"player_choice":"Upgraded","damage_taken":0,"max_hp_gain":0,"max_hp_loss":0,"event_name":"Upgrade Shrine","floor":2,"gold_loss":0,"cards_upgraded":["Shrug It Off"]},{"damage_healed":0,"gold_gain":0,"player_choice":"Gave Potion","damage_taken":0,"relics_obtained":["ReplayTheSpireMod:Spearhead"],"max_hp_gain":0,"max_hp_loss":0,"event_name":"WeMeetAgain","floor":5,"gold_loss":0},{"damage_healed":0,"gold_gain":0,"player_choice":"Read","damage_taken":0,"max_hp_gain":0,"max_hp_loss":0,"event_name":"The Library","floor":19,"gold_loss":0,"cards_obtained":["ReplayTheSpireMod:Limb From Limb"]},{"damage_healed":0,"gold_gain":0,"player_choice":"Became a vampire","damage_taken":0,"max_hp_gain":0,"max_hp_loss":24,"event_name":"Vampires","floor":20,"gold_loss":0,"cards_obtained":["Bite","Bite","Bite","Bite","Bite"]},{"cards_removed":["ReplayTheSpireMod:Restless Dread"],"damage_healed":0,"gold_gain":0,"player_choice":"Purged","damage_taken":0,"max_hp_gain":0,"max_hp_loss":0,"event_name":"Purifier","floor":22,"gold_loss":0},{"damage_healed":0,"gold_gain":90,"player_choice":"GOLD ","damage_taken":12,"max_hp_gain":0,"max_hp_loss":0,"event_name":"Knowing Skull","floor":30,"potions_obtained":[],"gold_loss":0,"cards_obtained":[]},{"cards_removed":["Pot Of Greed"],"damage_healed":0,"gold_gain":0,"player_choice":"Removed Skill","damage_taken":0,"max_hp_gain":0,"max_hp_loss":0,"event_name":"Falling","floor":36,"gold_loss":0}],"is_beta":false,"boss_relics":[{"not_picked":["Mark of Pain","Honey Jar"],"picked":"Sozu"},{"not_picked":["Runic Pyramid","ChewingGum"],"picked":"Replay:Bronze Core"}],"items_purged_floors":[],"is_endless":false,"potions_floor_spawned":[1,7,14,23,33,37],"killed_by":"Nightmare","ascension_level":0}}