{"host":"9l2xd2qbyxfqdc97","time":1609091595,"event":{"mods":["BaseMod","Colored Map","Highlight Path","Minty Spire (QoL Compilation)","Quick Restart"],"gold_per_floor":[113,127,1,11,22,22,49,1,1,276,276,286,286,303,303,408,408,428,428,162,189,209,209,84,84,84,103,103,103,131,150,150,248,248,265,265,279,296,107,107,6,37,37,37,51,64,64,64],"floor_reached":47,"playtime":2389,"items_purged":["Defend_P","Regret","Strike_P","Defend_P"],"score":535,"play_id":"968f98ab-f34f-4755-8b83-4fdc483dcf4f","local_time":"20201228025315","is_ascension_mode":true,"campfire_choices":[{"data":"Eruption","floor":6,"key":"SMITH"},{"data":"EmptyFist","floor":11,"key":"SMITH"},{"floor":15,"key":"REST"},{"data":"Adaptation","floor":23,"key":"SMITH"},{"data":"ClearTheMind","floor":25,"key":"SMITH"},{"floor":29,"key":"REST"},{"floor":32,"key":"REST"},{"floor":40,"key":"REST"}],"circlet_count":0,"master_deck":["Strike_P","Strike_P","Defend_P","Eruption+1","Vigilance","Evaluate","FlurryOfBlows","EmptyFist+1","DeusExMachina","Crescendo","Consecrate","Adaptation+1","Halt+1","Vengeance","ClearTheMind+1","InnerPeace+1","FearNoEvil"],"relics":["PureWater","TungstenRod","Odd Mushroom","Nunchaku","HornCleat","VioletLotus","Orrery","Red Mask","Bag of Preparation","Matryoshka","Pantograph","Empty Cage","Omamori","Dream Catcher","TeardropLocket","Smiling Mask"],"acts_visited":["Exordium","TheCity","TheBeyond"],"potions_floor_usage":[16,18,21,31,42,45,46,46,46,47],"damage_taken":[{"damage":0,"enemies":"2 Louse","floor":1,"turns":2},{"damage":0,"enemies":"Cultist","floor":2,"turns":3},{"damage":2,"enemies":"Jaw Worm","floor":4,"turns":4},{"damage":2,"enemies":"Exordium Wildlife","floor":5,"turns":4},{"damage":15,"enemies":"The Mushroom Lair","floor":7,"turns":5},{"damage":6,"enemies":"3 Louse","floor":12,"turns":3},{"damage":1,"enemies":"Large Slime","floor":14,"turns":4},{"damage":33,"enemies":"Hexaghost","floor":16,"turns":10},{"damage":19,"enemies":"2 Thieves","floor":18,"turns":5},{"damage":20,"enemies":"Masked Bandits","floor":21,"turns":4},{"damage":2,"enemies":"Chosen","floor":22,"turns":4},{"damage":0,"enemies":"Sentry and Sphere","floor":27,"turns":3},{"damage":16,"enemies":"Book of Stabbing","floor":30,"turns":5},{"damage":5,"enemies":"Snake Plant","floor":31,"turns":4},{"damage":41,"enemies":"Champ","floor":33,"turns":9},{"damage":5,"enemies":"3 Shapes","floor":35,"turns":3},{"damage":40,"enemies":"Orb Walker","floor":37,"turns":6},{"damage":12,"enemies":"3 Darklings","floor":38,"turns":4},{"damage":16,"enemies":"Giant Head","floor":42,"turns":6},{"damage":7,"enemies":"Maw","floor":45,"turns":6},{"damage":33,"enemies":"Transient","floor":46,"turns":5},{"damage":21,"enemies":"Nemesis","floor":47,"turns":5}],"seed_played":"6386600452896322567","potions_obtained":[{"floor":4,"key":"LiquidMemories"},{"floor":7,"key":"Ancient Potion"},{"floor":12,"key":"Explosive Potion"},{"floor":22,"key":"LiquidMemories"},{"floor":27,"key":"BlessingOfTheForge"},{"floor":33,"key":"FairyPotion"},{"floor":37,"key":"FearPotion"},{"floor":42,"key":"DuplicationPotion"},{"floor":45,"key":"Dexterity Potion"}],"is_trial":false,"path_per_floor":["M","M","$","M","M","R","?","$","T","?","R","M","?","M","R","B",null,"M","?","$","?","M","R","$","R","T","M","?","R","E","M","R","B",null,"M","?","M","M","$","R","$","E","T","?","M","M","E"],"character_chosen":"WATCHER","items_purchased":["FlurryOfBlows","EmptyFist","Consecrate","Orrery","FearNoEvil","EntropicBrew"],"campfire_rested":4,"item_purchase_floors":[3,8,20,20,39,41],"current_hp_per_floor":[51,51,51,49,47,47,32,32,32,32,32,26,24,23,44,11,72,53,53,53,33,31,31,31,31,31,31,31,52,36,31,52,31,72,67,67,27,15,15,35,35,19,19,19,12,20,0,0],"gold":64,"neow_bonus":"ONE_RARE_RELIC","is_daily":false,"chose_seed":false,"campfire_upgraded":4,"win_rate":0.0,"timestamp":1609091595,"path_taken":["M","M","$","M","M","R","?","$","T","?","R","?","?","M","R","BOSS","M","?","$","?","M","R","$","R","T","M","?","R","E","M","R","BOSS","M","?","M","M","$","R","$","E","T","?","M","?","E"],"items_purchased_type":["Card","Card","Card","Relic","Card","Potion"],"build_version":"2020-12-22","purchased_purges":4,"victory":false,"max_hp_per_floor":[72,72,72,72,72,72,72,72,72,72,72,72,72,72,72,72,72,72,72,72,72,72,72,72,72,72,72,72,72,72,72,72,72,72,72,68,68,68,68,68,68,68,68,68,68,68,68,68],"card_choices":[{"not_picked":["Prostrate","Study"],"picked":"Evaluate","floor":1},{"not_picked":["CutThroughFate","PathToVictory","CrushJoints"],"picked":"SKIP","floor":2},{"not_picked":["JustLucky","CrushJoints","FlyingSleeves"],"picked":"SKIP","floor":4},{"not_picked":["CutThroughFate","ConjureBlade","FlyingSleeves"],"picked":"SKIP","floor":5},{"not_picked":["EmptyFist","CarveReality","Fasting2"],"picked":"SKIP","floor":12},{"not_picked":["FlyingSleeves","Nirvana","BowlingBash"],"picked":"SKIP","floor":14},{"not_picked":["ConjureBlade","Devotion"],"picked":"DeusExMachina","floor":16},{"not_picked":["CutThroughFate","FlyingSleeves+1"],"picked":"Crescendo","floor":18},{"not_picked":["Swivel","TalkToTheHand"],"picked":"Adaptation","floor":20},{"not_picked":["Prostrate","Brilliance"],"picked":"Halt+1","floor":20},{"not_picked":["Wallop","Weave"],"picked":"Vengeance","floor":20},{"not_picked":["JustLucky","Evaluate+1"],"picked":"ClearTheMind","floor":22},{"not_picked":["Consecrate+1","EmptyFist","ClearTheMind"],"picked":"SKIP","floor":27},{"not_picked":["JustLucky","TalkToTheHand"],"picked":"InnerPeace+1","floor":30},{"not_picked":["PathToVictory","EmptyFist+1","WindmillStrike"],"picked":"SKIP","floor":31},{"not_picked":["Devotion","Brilliance"],"picked":"Judgement","floor":33},{"not_picked":["BattleHymn","JustLucky","Evaluate"],"picked":"SKIP","floor":35},{"not_picked":["Crescendo+1","PathToVictory+1","CrushJoints+1"],"picked":"SKIP","floor":37},{"not_picked":["Sanctity","EmptyBody+1","PathToVictory+1"],"picked":"SKIP","floor":38},{"not_picked":["Perseverance+1","CutThroughFate+1","ClearTheMind+1"],"picked":"SKIP","floor":42},{"not_picked":["Swivel+1","Evaluate","Meditate+1"],"picked":"SKIP","floor":45},{"not_picked":["Meditate","Evaluate","Vault"],"picked":"SKIP","floor":46}],"player_experience":193125,"relics_obtained":[{"floor":7,"key":"Odd Mushroom"},{"floor":9,"key":"Nunchaku"},{"floor":21,"key":"Red Mask"},{"floor":26,"key":"Bag of Preparation"},{"floor":30,"key":"Pantograph"},{"floor":42,"key":"Omamori"},{"floor":43,"key":"Dream Catcher"},{"floor":43,"key":"TeardropLocket"}],"event_choices":[{"damage_healed":0,"gold_gain":0,"player_choice":"Fought Mushrooms","damage_taken":0,"max_hp_gain":0,"max_hp_loss":0,"event_name":"Mushrooms","floor":7,"gold_loss":0},{"damage_healed":0,"gold_gain":275,"player_choice":"Desecrate","damage_taken":0,"max_hp_gain":0,"max_hp_loss":0,"event_name":"Golden Shrine","floor":10,"gold_loss":0,"cards_obtained":["Regret"]},{"damage_healed":0,"gold_gain":0,"player_choice":"Success","damage_taken":3,"relics_obtained":["HornCleat"],"max_hp_gain":0,"max_hp_loss":0,"event_name":"Scrap Ooze","floor":13,"gold_loss":0},{"damage_healed":0,"gold_gain":0,"player_choice":"Ignored","damage_taken":0,"max_hp_gain":0,"max_hp_loss":0,"event_name":"Vampires","floor":19,"gold_loss":0},{"damage_healed":0,"gold_gain":0,"player_choice":"Fought Bandits","damage_taken":0,"max_hp_gain":0,"max_hp_loss":0,"event_name":"Masked Bandits","floor":21,"gold_loss":0},{"damage_healed":0,"gold_gain":0,"player_choice":"Opened","damage_taken":0,"relics_obtained":["Matryoshka"],"max_hp_gain":0,"max_hp_loss":0,"event_name":"The Mausoleum","floor":28,"gold_loss":0},{"damage_healed":0,"gold_gain":0,"player_choice":"Max HP","damage_taken":0,"max_hp_gain":0,"max_hp_loss":4,"event_name":"Winding Halls","floor":36,"gold_loss":0},{"cards_removed":["Judgement"],"damage_healed":0,"gold_gain":0,"player_choice":"Gave Card","damage_taken":0,"relics_obtained":["Smiling Mask"],"max_hp_gain":0,"max_hp_loss":0,"event_name":"WeMeetAgain","floor":44,"gold_loss":0}],"is_beta":false,"boss_relics":[{"not_picked":["Runic Pyramid","Snecko Eye"],"picked":"VioletLotus"},{"not_picked":["Fusion Hammer","Black Star"],"picked":"Empty Cage"}],"items_purged_floors":[3,20,24,39],"is_endless":false,"potions_floor_spawned":[4,7,12,14,22,27,33,37,42,45],"killed_by":"Nemesis","ascension_level":3}}