{"host":"nukjzc0ca34w6eem","time":1609061343,"event":{"mods":["2.2 Compatiblity","AchievementEnabler","BaseMod","Colored Powertips","Downfall","Minty Spire (QoL Compilation)","StSLib"],"gold_per_floor":[99,113,124,124,136,136,136,153,164,89,104,137,62,337,356,356,356,356],"floor_reached":16,"playtime":1385,"items_purged":[],"score":140,"play_id":"0af370e4-0bd3-41ee-8ec2-813ad976641d","local_time":"20201227012903","is_ascension_mode":true,"campfire_choices":[{"data":"Guardian:TimeSifter","floor":1,"key":"SMITH"},{"data":"Guardian:DecasProtection","floor":6,"key":"SMITH"},{"data":"Guardian:Orbwalk","floor":10,"key":"SMITH"},{"data":"Guardian:BronzeOrb","floor":13,"key":"SMITH"}],"circlet_count":0,"master_deck":["Guardian:Strike_Guardian","Guardian:Strike_Guardian","Guardian:Strike_Guardian","Guardian:Strike_Guardian","Guardian:Defend_Guardian","Guardian:Defend_Guardian","Guardian:Defend_Guardian","Guardian:Defend_Guardian","Guardian:CurlUp","Guardian:TwinSlam","Guardian:TimeSifter+1","Guardian:Orbwalk+1","Guardian:BronzeOrb+1","Guardian:DecasProtection+1","Guardian:Clone","Guardian:Repulse+1","Guardian:EvasiveProtocol+1","Regret"],"relics":["Guardian:ModeShifter","Frozen Egg 2","downfall:HeartBlessingBlue","Singing Bowl","downfall:HeartBlessingGreen"],"acts_visited":["Exordium"],"potions_floor_usage":[12],"damage_taken":[{"damage":0,"enemies":"Cultist","floor":2,"turns":3},{"damage":1,"enemies":"Small Slimes","floor":3,"turns":4},{"damage":1,"enemies":"Jaw Worm","floor":5,"turns":2},{"damage":19,"enemies":"Exordium Wildlife","floor":8,"turns":5},{"damage":11,"enemies":"Lots of Slimes","floor":9,"turns":4},{"damage":3,"enemies":"Blue Slaver","floor":11,"turns":5},{"damage":15,"enemies":"3 Sentries","floor":12,"turns":7},{"damage":9,"enemies":"Red Slaver","floor":15,"turns":5},{"damage":1,"enemies":"downfall:Silent","floor":16,"turns":2}],"seed_played":"-1350593761393211025","potions_obtained":[{"floor":2,"key":"Guardian:DefensiveModePotion"},{"floor":11,"key":"Fire Potion"}],"is_trial":false,"path_per_floor":["R","M","M","T","M","R","T","M","M","R","M","E","R","?","M","B"],"character_chosen":"GUARDIAN","items_purchased":[],"campfire_rested":0,"item_purchase_floors":[],"current_hp_per_floor":[72,72,71,71,70,70,70,51,40,50,47,34,34,34,27,26,26,26],"gold":356,"neow_bonus":"ONE_RANDOM_RARE_CARD","is_daily":false,"chose_seed":false,"campfire_upgraded":4,"win_rate":0.0,"timestamp":1609061343,"path_taken":["R","M","M","?","M","R","T","M","M","R","?","E","R","?","M","BOSS"],"items_purchased_type":[],"build_version":"2020-12-22","purchased_purges":0,"victory":false,"max_hp_per_floor":[80,80,80,80,80,80,80,80,80,90,90,92,92,92,94,94,94,94],"card_choices":[{"not_picked":["Guardian:TemporalStrike","Guardian:Gem_Red"],"picked":"Guardian:Orbwalk","floor":2},{"not_picked":["Guardian:TemporalShield","Guardian:Gem_Green"],"picked":"Guardian:BronzeOrb","floor":3},{"not_picked":["Guardian:Gem_Green","Guardian:WalkerClaw"],"picked":"Guardian:DecasProtection","floor":5},{"not_picked":["Guardian:Gem_Green","Guardian:CrystalBeam"],"picked":"Guardian:Clone","floor":8},{"not_picked":["Guardian:PrismaticBarrier","Guardian:TemporalShield"],"picked":"Guardian:Repulse+1","floor":9},{"not_picked":["Guardian:TemporalShield","Guardian:RollAttack"],"picked":"Guardian:EvasiveProtocol+1","floor":11},{"not_picked":["Guardian:Gem_Blue","Guardian:ShieldSpikes","Guardian:Gem_Green"],"picked":"Singing Bowl","floor":12},{"not_picked":["Guardian:PolyBeam","Guardian:BronzeOrb","Guardian:TemporalShield"],"picked":"Singing Bowl","floor":15}],"player_experience":464251,"relics_obtained":[{"floor":7,"key":"Frozen Egg 2"},{"floor":12,"key":"Singing Bowl"}],"event_choices":[],"is_beta":false,"boss_relics":[],"items_purged_floors":[],"is_endless":false,"potions_floor_spawned":[2,11],"killed_by":"downfall:Silent","ascension_level":7}}