{"host":"mj8akmyfd5lo602f","time":1609037382,"event":{"mods":["2.2 Compatiblity","Act Like it!","BaseMod","Bestiary","BshForSts","Colored Map","Colored Powertips","Downfall","Highlight Path","Minty Spire (QoL Compilation)","Permanent Neow","Relic Stats","StSLib","The Servant 0.9.4"],"gold_per_floor":[99,118,136,150,250,282,282,282,292,292,311,311,311,461,476,476,476,476],"floor_reached":16,"playtime":760,"items_purged":[],"score":102,"play_id":"de9489e6-23fc-48c8-96c0-8a0b87a99b0b","local_time":"20201227024942","is_ascension_mode":false,"campfire_choices":[{"data":"champ:Taunt","floor":1,"key":"SMITH"},{"data":"champ:EndlessRage","floor":8,"key":"SMITH"},{"floor":10,"key":"RECALL"},{"data":"champ:Shatter","floor":13,"key":"SMITH"}],"circlet_count":0,"master_deck":["champ:Strike","champ:Strike","champ:Strike","champ:Strike","champ:Defend","champ:Defend","champ:Defend","champ:Defend","champ:Execute","champ:Taunt+1","champ:EndlessRage+1","champ:Encircle","champ:BringItOn","champ:Shatter+1","Slimebound:Icky","champ:Backstep"],"relics":["champ:ChampionCrown","Vajra","Darkstone Periapt","MealTicket","downfall:BrokenWingStatue"],"acts_visited":["Exordium"],"potions_floor_usage":[11,16],"damage_taken":[{"damage":5,"enemies":"2 Louse","floor":2,"turns":3},{"damage":7,"enemies":"Small Slimes","floor":3,"turns":4},{"damage":10,"enemies":"Cultist","floor":4,"turns":3},{"damage":41,"enemies":"Gremlin Nob","floor":6,"turns":4},{"damage":13,"enemies":"Exordium Wildlife","floor":9,"turns":5},{"damage":10,"enemies":"Lots of Slimes","floor":11,"turns":4},{"damage":17,"enemies":"Large Slime","floor":15,"turns":7},{"damage":75,"enemies":"downfall:Ironclad","floor":16,"turns":13}],"seed_played":"7313236862799507951","potions_obtained":[{"floor":3,"key":"Weak Potion"},{"floor":4,"key":"Fire Potion"},{"floor":6,"key":"Ancient Potion"}],"is_trial":false,"path_per_floor":["R","M","M","M","?","E","T","R","M","R","M","?","R","?","M","B"],"character_chosen":"THE_CHAMP","items_purchased":[],"campfire_rested":0,"item_purchase_floors":[],"current_hp_per_floor":[90,90,88,87,87,59,59,59,53,53,50,50,50,56,51,0,0,0],"gold":476,"neow_bonus":"RANDOM_COMMON_RELIC","is_daily":false,"chose_seed":false,"campfire_upgraded":3,"win_rate":0.0,"timestamp":1609037382,"path_taken":["R","M","M","M","?","E","T","R","M","R","M","?","R","?","M","BOSS"],"items_purchased_type":[],"build_version":"2020-12-22","purchased_purges":0,"victory":false,"max_hp_per_floor":[90,90,90,90,90,90,90,90,90,90,90,90,90,96,96,96,96,96],"relic_stats":{"Darkstone Periapt":6,"counters":[8,43],"MealTicket":0,"obtain_stats":[{"Darkstone Periapt":6,"downfall:BrokenWingStatue":12,"Vajra":0,"champ:ChampionCrown":0,"MealTicket":7},{"Darkstone Periapt":4,"downfall:BrokenWingStatue":6,"Vajra":0,"champ:ChampionCrown":0,"MealTicket":4},{"Darkstone Periapt":14,"downfall:BrokenWingStatue":23,"Vajra":0,"champ:ChampionCrown":0,"MealTicket":14}]},"card_choices":[{"not_picked":["champ:ShieldWall","champ:BringItOn"],"picked":"champ:EndlessRage","floor":2},{"not_picked":["champ:TornadoPunch","champ:FocusedGladiator"],"picked":"champ:Encircle","floor":3},{"not_picked":["champ:Haymaker","champ:CrookedStrike","champ:GutPunch"],"picked":"SKIP","floor":4},{"not_picked":["champ:EndlessRage","champ:IronFortress"],"picked":"champ:BringItOn","floor":6},{"not_picked":["champ:StanceDance","champ:MurderStrike","champ:GladiatorStyle"],"picked":"SKIP","floor":9},{"not_picked":["champ:Haymaker","champ:Duel"],"picked":"champ:Shatter","floor":11},{"not_picked":["champ:EndlessRage","champ:Balance"],"picked":"champ:Backstep","floor":15}],"player_experience":454469,"relics_obtained":[{"floor":6,"key":"Darkstone Periapt"},{"floor":7,"key":"MealTicket"}],"event_choices":[],"is_beta":false,"boss_relics":[],"items_purged_floors":[],"is_endless":false,"potions_floor_spawned":[3,4,6],"killed_by":"downfall:Ironclad","ascension_level":0}}