{"host":"9ndbo4kgsfoemf7y","time":1609053439,"event":{"mods":["AchievementEnabler","BaseMod","Colored Map","DeckTracker","Keyboard Shortcuts","Minty Spire (QoL Compilation)","Permanent Neow","Quick Restart","Relic Stats","StSLib","SuperFastMode"],"gold_per_floor":[119,135,135,150,168,201,201,226,226,226,57,77,88,108,108,185,185,197,197,43,43,43,43,43],"floor_reached":23,"playtime":899,"items_purged":["Sucker Punch"],"score":392,"play_id":"96abbab5-9d5c-4523-af49-f78f7ba74295","local_time":"20201227161719","is_ascension_mode":true,"campfire_choices":[{"data":"Calculated Gamble","floor":7.0,"key":"SMITH"},{"floor":10.0,"key":"REST"},{"floor":15,"key":"REST"}],"circlet_count":0,"master_deck":["AscendersBane","Survivor","Neutralize","Choke","Escape Plan","Prepared","Infinite Blades","Unload","Caltrops","Calculated Gamble+1","Eviscerate","Backflip","Blade Dance","Underhanded Strike","Accuracy","Venomology","Tactician","Reflex","Malaise","Blur","Footwork","RitualDagger"],"relics":["Pandora\u0027s Box","Omamori","Nunchaku","Snake Skull","Anchor","Cursed Key"],"acts_visited":["Exordium","TheCity"],"potions_floor_usage":[14,16,18],"damage_taken":[{"damage":4.0,"enemies":"2 Louse","floor":1.0,"turns":2.0},{"damage":4.0,"enemies":"Jaw Worm","floor":2.0,"turns":2.0},{"damage":0.0,"enemies":"Small Slimes","floor":4.0,"turns":2.0},{"damage":0.0,"enemies":"Looter","floor":5.0,"turns":2.0},{"damage":18.0,"enemies":"3 Sentries","floor":6.0,"turns":6.0},{"damage":15.0,"enemies":"Lagavulin","floor":8.0,"turns":5.0},{"damage":10.0,"enemies":"Gremlin Gang","floor":12.0,"turns":3.0},{"damage":18.0,"enemies":"3 Louse","floor":13.0,"turns":3.0},{"damage":0,"enemies":"Exordium Wildlife","floor":14,"turns":2},{"damage":21,"enemies":"Hexaghost","floor":16,"turns":8},{"damage":24,"enemies":"Shell Parasite","floor":18,"turns":4},{"damage":23,"enemies":"Slavers","floor":23,"turns":2}],"seed_played":"-2042659509548054043","potions_obtained":[{"floor":5.0,"key":"GamblersBrew"},{"floor":6.0,"key":"Fire Potion"},{"floor":12.0,"key":"AttackPotion"},{"floor":14,"key":"SkillPotion"},{"floor":18,"key":"LiquidBronze"}],"is_trial":false,"path_per_floor":["M","M","?","M","M","E","R","E","T","R","$","M","M","M","R","B",null,"M","?","$","?","?","E"],"character_chosen":"THE_SILENT","items_purchased":["Anchor","Footwork"],"campfire_rested":2,"item_purchase_floors":[11,20],"current_hp_per_floor":[55,51,51,51,51,33,33,18,18,37,37,27,9,9,28,7,51,27,27,27,27,21,0,0],"gold":43,"neow_bonus":"BOSS_RELIC","is_daily":false,"chose_seed":false,"campfire_upgraded":1,"win_rate":0.0,"timestamp":1609053439,"path_taken":["M","M","?","M","M","E","R","E","T","R","$","M","M","M","R","BOSS","M","?","$","?","?","E"],"items_purchased_type":["Relic","Card"],"build_version":"2020-12-22","purchased_purges":1,"victory":false,"max_hp_per_floor":[66,66,66,66,66,66,66,66,66,66,66,66,66,66,66,66,66,66,66,66,66,66,66,66],"relic_stats":{"Nunchaku":[6],"counters":[12,41],"Pandora\u0027s Box":["Choke","Escape Plan","Prepared","Sucker Punch","Infinite Blades","Unload","Caltrops","Concentrate","Calculated Gamble","Eviscerate"],"Snake Skull":[0],"Cursed Key":0,"obtain_stats":[{"Nunchaku":8,"Anchor":11,"Pandora\u0027s Box":0,"Snake Skull":9,"Omamori":6,"Cursed Key":17,"Ring of the Snake":0},{"Nunchaku":6,"Anchor":6,"Pandora\u0027s Box":0,"Snake Skull":6,"Omamori":5,"Cursed Key":10,"Ring of the Snake":0},{"Nunchaku":19,"Anchor":19,"Pandora\u0027s Box":0,"Snake Skull":19,"Omamori":14,"Cursed Key":35,"Ring of the Snake":0}]},"card_choices":[{"not_picked":["Sucker Punch","Flying Knee","Slice"],"picked":"SKIP","floor":1.0},{"not_picked":["Predator","Deadly Poison"],"picked":"Backflip","floor":2.0},{"not_picked":["Slice","Outmaneuver"],"picked":"Blade Dance","floor":4.0},{"not_picked":["Endless Agony","Quick Slash"],"picked":"Underhanded Strike","floor":5.0},{"not_picked":["Deflect","Cloak And Dagger"],"picked":"Accuracy","floor":6.0},{"not_picked":["Slice","Expertise"],"picked":"Venomology","floor":8.0},{"not_picked":["Skewer","Distraction"],"picked":"Tactician","floor":12.0},{"not_picked":["Choke","Dash"],"picked":"Reflex","floor":13.0},{"not_picked":["Outmaneuver","Flying Knee","Concentrate"],"picked":"SKIP","floor":14},{"not_picked":["Venomology","Corpse Explosion"],"picked":"Malaise","floor":16},{"not_picked":["Reflex","Sucker Punch"],"picked":"Blur","floor":18}],"player_experience":748203,"relics_obtained":[{"floor":6.0,"key":"Omamori"},{"floor":8.0,"key":"Nunchaku"},{"floor":9.0,"key":"Snake Skull"}],"event_choices":[{"damage_healed":0.0,"max_hp_gain":0.0,"max_hp_loss":0.0,"gold_gain":0.0,"event_name":"Liars Game","player_choice":"Ignored","floor":3.0,"gold_loss":0.0,"damage_taken":0.0},{"cards_removed":["Concentrate"],"damage_healed":0,"gold_gain":0,"player_choice":"Elegance","damage_taken":0,"max_hp_gain":0,"max_hp_loss":0,"event_name":"Back to Basics","floor":19,"gold_loss":0},{"damage_healed":0,"gold_gain":0,"player_choice":"Ignored","damage_taken":0,"max_hp_gain":0,"max_hp_loss":0,"event_name":"The Mausoleum","floor":21,"gold_loss":0},{"damage_healed":0,"gold_gain":0,"player_choice":"Joined the Cult","damage_taken":6,"max_hp_gain":0,"max_hp_loss":0,"event_name":"Nest","floor":22,"gold_loss":0,"cards_obtained":["RitualDagger"]}],"is_beta":false,"boss_relics":[{"not_picked":["Snecko Eye","SlaversCollar"],"picked":"Cursed Key"}],"items_purged_floors":[20],"is_endless":false,"potions_floor_spawned":[5,6,12,14,18],"killed_by":"Slavers","ascension_level":19}}