{"host":"tw8gm4p1o2j6gfl4","time":1609109172,"event":{"mods":["AchievementEnabler","Ascension Reborn","Aspiration","BaseMod","BetterRewards","Colored Map","Colored Powertips","Downfall","Hermit","Hubris","Infinite Spire","Lobotomy","Minty Spire (QoL Compilation)","Quick Restart","Replay The Spire","StSLib","SuperFastMode","The Cursed","The Jungle","The Marked","Trackpad","[IsaacMod]????"],"gold_per_floor":[99,99,99,23,23,23,23,23,23,42,42,42,42,53,70,174,174,24,42,42,42,42,54,77,77,96,106,121,106,126,126,137,234,234,234,251,265,265,265,265],"floor_reached":38,"playtime":4087,"items_purged":[],"score":414,"play_id":"b8f63cf3-fca4-4cc2-aeef-5d6fc1e8986c","local_time":"20201227144612","is_ascension_mode":true,"campfire_choices":[{"floor":1,"key":"RECALL"},{"data":"Slimebound:Split","floor":8,"key":"SMITH"},{"data":"Slimebound:CorrosiveSpit","floor":11,"key":"SMITH"},{"data":"Slimebound:ViciousTackle","floor":13,"key":"SMITH"},{"data":"Slimebound:Schlurp","floor":18,"key":"SMITH"},{"floor":25,"key":"REST"},{"data":"Slimebound:DouseInSlime","floor":35,"key":"SMITH"}],"circlet_count":0,"master_deck":["Slimebound:Strike_Slimebound","Slimebound:Strike_Slimebound","Slimebound:Tackle","Slimebound:Defend_Slimebound","Slimebound:Defend_Slimebound","Slimebound:Defend_Slimebound","Slimebound:Defend_Slimebound","Slimebound:Split+1","Slimebound:CorrosiveSpit+1","Slimebound:ComboTackle","Slimebound:ViciousTackle+1","Slimebound:LeechingTouch","Slimebound:GoopSpray","Slimebound:PressTheAttack","Slimebound:Prepare","Slimebound:Schlurp+1","Slimebound:LivingWall","Slimebound:SelfFormingGoo","Slimebound:GrowthPunch","Slimebound:Nibble+1","Slimebound:SlimeSpikes+1","Slimebound:Recycling","Slimebound:SlimeBarrage","Slimebound:HungryTackle+1","Slimebound:SpikyOuterGoop+1","Slimebound:MassFeed","Slimebound:DouseInSlime+1","Slimebound:MegaLick","Slimebound:AcidTongue+1"],"relics":["Slimebound:AbsorbEndCombat","HushsDoor","downfall:HeartsMalice","hubris:Icosahedron","trackpad:WondrousWand","hubris:VirtuousBlindfold","downfall:HeartBlessingRed","downfall:HeartBlessingBlue","Nloth\u0027s Gift","D6","SharpPlug","Ring of Chaos"],"acts_visited":["Exordium","TheCity","TheBeyond"],"potions_floor_usage":[16,16,33,33,38,38],"damage_taken":[{"damage":0,"enemies":"2 Louse","floor":2,"turns":1},{"damage":0,"enemies":"downfall:FleeingMerchant","floor":4,"turns":1},{"damage":0,"enemies":"Jaw Worm","floor":9,"turns":1},{"damage":11,"enemies":"infinitespire:Voidling","floor":10,"turns":2},{"damage":3,"enemies":"2 Fungi Beasts","floor":14,"turns":2},{"damage":18,"enemies":"3 Louse","floor":15,"turns":2},{"damage":53,"enemies":"downfall:Ironclad","floor":16,"turns":6},{"damage":3,"enemies":"Chosen","floor":19,"turns":3},{"damage":30,"enemies":"Snake Plant","floor":23,"turns":3},{"damage":29,"enemies":"Snecko","floor":26,"turns":4},{"damage":11,"enemies":"Chosen and Byrds","floor":27,"turns":3},{"damage":15,"enemies":"Shelled Parasite and Fungi","floor":28,"turns":3},{"damage":0,"enemies":"downfall:FleeingMerchant","floor":29,"turns":4},{"damage":15,"enemies":"Centurion and Healer","floor":30,"turns":3},{"damage":35,"enemies":"Chosen and Byrds","floor":32,"turns":6},{"damage":60,"enemies":"downfall:Watcher","floor":33,"turns":7},{"damage":4,"enemies":"3 Shapes","floor":36,"turns":2},{"damage":28,"enemies":"3 Darklings","floor":37,"turns":4},{"damage":59,"enemies":"infinitespire:Three Voidlings","floor":38,"turns":4},{"damage":116,"enemies":"Nightmare_Alpha","floor":38,"turns":11}],"seed_played":"-402663065997522349","potions_obtained":[{"floor":10,"key":"SkillPotion"},{"floor":14,"key":"Slimebound:SpawnSlimePotion"},{"floor":23,"key":"AttackPotion"},{"floor":30,"key":"Swift Potion"},{"floor":32,"key":"DistilledChaos"},{"floor":33,"key":"FearPotion"},{"floor":37,"key":"FearPotion"}],"is_trial":false,"path_per_floor":["R_BF","M","?","$","?","?","T","R","M","M","R","T","R","M","M","B",null,"R","M","?","?","?","M","T","R","M","M","M","$","M","AVR","M","B",null,"R","M","M","?"],"character_chosen":"SLIMEBOUND","items_purchased":["Slimebound:LeechingTouch","Slimebound:GoopSpray"],"campfire_rested":1,"item_purchase_floors":[4,4],"current_hp_per_floor":[60,60,60,60,60,60,60,60,60,60,60,60,60,60,58,49,60,70,70,70,70,70,56,56,70,61,70,65,70,70,70,54,42,70,70,72,64,0,0,0],"gold":265,"neow_bonus":"THREE_ENEMY_KILL","is_daily":false,"chose_seed":false,"campfire_upgraded":5,"win_rate":0.0,"timestamp":1609109172,"path_taken":["R_BF","M","?","$","?","?","T","R","?","M","R","?","R","M","M","BOSS","R","M","?","?","?","M","T","R","M","M","M","$","M","AVR","M","BOSS","R","M","M","?"],"items_purchased_type":["Card","Card"],"build_version":"2020-12-22","purchased_purges":0,"victory":false,"max_hp_per_floor":[60,60,60,60,60,60,60,60,60,60,60,60,60,60,60,60,60,70,70,70,70,70,70,70,70,70,70,70,70,70,70,70,70,70,70,73,73,76,76,76],"card_choices":[{"not_picked":["Slimebound:SlimeSpikes","Slimebound:SlimeBarrage"],"picked":"Slimebound:ComboTackle","floor":2},{"not_picked":["Bomb","Slimebound:DuplicatedForm"],"picked":"Slimebound:ViciousTackle","floor":4},{"not_picked":["Slimebound:LeechingTouch","Slimebound:LeechEnergy"],"picked":"Slimebound:PressTheAttack","floor":9},{"not_picked":["Slimebound:SlimeSpikes","Slimebound:Schlurp"],"picked":"Slimebound:Prepare","floor":10},{"not_picked":["Slimebound:SplitMire","Slimebound:DisruptingSlam"],"picked":"Slimebound:Schlurp","floor":14},{"not_picked":["Slimebound:Schlurp","Slimebound:SplitAcid"],"picked":"Slimebound:LivingWall","floor":15},{"not_picked":["Slimebound:WasteNot","Slimebound:MassRepurpose"],"picked":"Slimebound:SelfFormingGoo","floor":16},{"not_picked":["Slimebound:GoopSpray","Slimebound:PressTheAttack"],"picked":"Slimebound:GrowthPunch","floor":19},{"not_picked":["Slimebound:Schlurp","Slimebound:PressTheAttack"],"picked":"Slimebound:Nibble+1","floor":23},{"not_picked":["Slimebound:GrowthPunch","Slimebound:SplitMire"],"picked":"Slimebound:SlimeSpikes+1","floor":26},{"not_picked":["Slimebound:SpikyOuterGoop","Slimebound:SplitAcid"],"picked":"Slimebound:Recycling","floor":27},{"not_picked":["Slimebound:PressTheAttack","Slimebound:SplitMire+1"],"picked":"Slimebound:SlimeBarrage","floor":28},{"not_picked":["Slimebound:FlameTackle+1","Slimebound:SplitMire"],"picked":"Slimebound:HungryTackle+1","floor":29},{"not_picked":["Slimebound:HauntingLick","Slimebound:Dissolve"],"picked":"Slimebound:SpikyOuterGoop+1","floor":30},{"not_picked":["Slimebound:FormOfPuddle","Slimebound:RejuvenatingLick"],"picked":"Slimebound:MassFeed","floor":32},{"not_picked":["Slimebound:MassFeed","Slimebound:MassRepurpose"],"picked":"Slimebound:DouseInSlime","floor":33},{"not_picked":["Slimebound:SplitBruiser+1","Slimebound:GrowthPunch+1"],"picked":"Slimebound:MegaLick","floor":36},{"not_picked":["Slimebound:ViciousTackle","Slimebound:HungryTackle+1"],"picked":"Slimebound:AcidTongue+1","floor":37}],"player_experience":145496,"relics_obtained":[{"floor":12,"key":"trackpad:WondrousWand"},{"floor":24,"key":"D6"}],"event_choices":[],"is_beta":false,"boss_relics":[{"not_picked":["aspiration:RitualDagger","hubris:GrandSneckoEye"],"picked":"hubris:VirtuousBlindfold"},{"not_picked":[]},{"not_picked":["hubris:HollowSoul","aspiration:IroncladSkillbook"],"picked":"Ring of Chaos"},{"not_picked":[]}],"items_purged_floors":[],"is_endless":false,"potions_floor_spawned":[10,14,23,30,32,33,37],"killed_by":"Nightmare_Alpha","ascension_level":0}}