{"host":"7l2t4psy44vpcd9q","time":1609073533,"event":{"mods":["AchievementEnabler","BaseMod","DeckTracker","Minty Spire (QoL Compilation)","SuperFastMode"],"gold_per_floor":[17,31,45,64,64,64,83,83,83,83,118,118,132,144,144,144,144],"floor_reached":16,"playtime":676,"items_purged":[],"score":208,"play_id":"8bdabd0e-e650-4b85-93bf-1a6b0ef80db4","local_time":"20201227215213","is_ascension_mode":true,"campfire_choices":[{"data":"Cloak And Dagger","floor":6,"key":"SMITH"},{"data":"Cloak And Dagger","floor":8,"key":"SMITH"},{"data":"Dagger Throw","floor":10,"key":"SMITH"},{"floor":12,"key":"REST"},{"data":"Neutralize","floor":15,"key":"SMITH"}],"circlet_count":0,"master_deck":["AscendersBane","Strike_G","Strike_G","Strike_G","Strike_G","Strike_G","Defend_G","Defend_G","Defend_G","Defend_G","Defend_G","Survivor","Neutralize+1","Backflip","Dagger Throw+1","Cloak And Dagger+1","Cloak And Dagger+1","Die Die Die","Backflip+1","Dodge and Roll+1"],"relics":["Ring of the Snake","Pocketwatch","Calipers","Toxic Egg 2"],"acts_visited":["Exordium"],"potions_floor_usage":[11,16],"damage_taken":[{"damage":0,"enemies":"Jaw Worm","floor":1,"turns":5},{"damage":4,"enemies":"2 Louse","floor":2,"turns":4},{"damage":0,"enemies":"Cultist","floor":3,"turns":3},{"damage":7,"enemies":"3 Louse","floor":4,"turns":6},{"damage":0,"enemies":"2 Fungi Beasts","floor":7,"turns":3},{"damage":36,"enemies":"Lagavulin","floor":11,"turns":8},{"damage":11,"enemies":"Large Slime","floor":13,"turns":7},{"damage":0,"enemies":"Blue Slaver","floor":14,"turns":4},{"damage":26,"enemies":"Hexaghost","floor":16,"turns":11}],"seed_played":"4138169828951456857","potions_obtained":[{"floor":1,"key":"Ancient Potion"},{"floor":7,"key":"EssenceOfSteel"},{"floor":13,"key":"Energy Potion"}],"is_trial":false,"path_per_floor":["M","M","M","M","$","R","M","R","T","R","E","R","M","M","R","B"],"character_chosen":"THE_SILENT","items_purchased":[],"campfire_rested":1,"item_purchase_floors":[],"current_hp_per_floor":[59,55,55,48,48,48,48,48,48,48,12,31,20,20,20,0,0],"gold":144,"neow_bonus":"ONE_RARE_RELIC","is_daily":false,"chose_seed":false,"campfire_upgraded":4,"win_rate":0.0,"timestamp":1609073533,"path_taken":["M","M","M","M","$","R","M","R","T","R","E","R","M","M","R","BOSS"],"items_purchased_type":[],"build_version":"2020-12-22","purchased_purges":0,"victory":false,"max_hp_per_floor":[66,66,66,66,66,66,66,66,66,66,66,66,66,66,66,66,66],"card_choices":[{"not_picked":["Expertise","Deflect"],"picked":"Backflip","floor":1},{"not_picked":["Dodge and Roll","Flying Knee"],"picked":"Dagger Throw","floor":2},{"not_picked":["Outmaneuver","Dodge and Roll","Deflect"],"picked":"SKIP","floor":3},{"not_picked":["Catalyst","Footwork"],"picked":"Cloak And Dagger","floor":4},{"not_picked":["Distraction","Well Laid Plans"],"picked":"Cloak And Dagger","floor":7},{"not_picked":["Well Laid Plans","Quick Slash"],"picked":"Die Die Die","floor":11},{"not_picked":["Deflect+1","Prepared+1"],"picked":"Backflip+1","floor":13},{"not_picked":["Underhanded Strike","Slice"],"picked":"Dodge and Roll+1","floor":14}],"player_experience":1152594,"relics_obtained":[{"floor":9,"key":"Calipers"},{"floor":11,"key":"Toxic Egg 2"}],"event_choices":[],"is_beta":false,"boss_relics":[],"items_purged_floors":[],"is_endless":false,"potions_floor_spawned":[1,7,13],"killed_by":"Hexaghost","ascension_level":20}}