{"host":"p084pgp93u1tv48k","time":1609032150,"event":{"mods":["A Magickal Journey","AchievementEnabler","BaseMod","Bestiary","CatGirl Mod","Colored Map","Ekko","Hermit","Marisa????????","Minty Spire (QoL Compilation)","Quick Restart","StSLib","The Senshi","The Servant 0.9.4","TheWitcher"],"gold_per_floor":[17,31,46,60,80,80,80],"floor_reached":6,"playtime":442,"items_purged":[],"score":40,"play_id":"5522668d-5be7-4edd-8c84-8fe4e3d7a6d0","local_time":"20201226205230","is_ascension_mode":false,"campfire_choices":[],"circlet_count":0,"master_deck":["hermit:Strike_Hermit","hermit:Strike_Hermit","hermit:Strike_Hermit","hermit:Strike_Hermit","hermit:Defend_Hermit","hermit:Defend_Hermit","hermit:Defend_Hermit","hermit:Defend_Hermit","hermit:Snapshot","hermit:Covet","hermit:FatalDesire","hermit:Malice","hermit:Grudge","hermit:Quickdraw"],"relics":["hermit:Momento"],"acts_visited":["Exordium"],"potions_floor_usage":[5,6,6],"damage_taken":[{"damage":0,"enemies":"Small Slimes","floor":1,"turns":4},{"damage":5,"enemies":"2 Louse","floor":2,"turns":2},{"damage":1,"enemies":"Jaw Worm","floor":3,"turns":3},{"damage":22,"enemies":"Exordium Thugs","floor":4,"turns":4},{"damage":18,"enemies":"3 Louse","floor":5,"turns":3},{"damage":45,"enemies":"Lagavulin","floor":6,"turns":6}],"seed_played":"5537318072552724209","potions_obtained":[{"floor":1,"key":"Regen Potion"},{"floor":3,"key":"SpeedPotion"},{"floor":5,"key":"CultistPotion"}],"is_trial":false,"path_per_floor":["M","M","M","M","M","E"],"character_chosen":"HERMIT","items_purchased":[],"campfire_rested":0,"item_purchase_floors":[],"current_hp_per_floor":[75,70,69,47,38,0,0],"gold":80,"neow_bonus":"THREE_RARE_CARDS","is_daily":false,"chose_seed":false,"campfire_upgraded":0,"win_rate":0.0,"timestamp":1609032150,"path_taken":["M","M","M","M","M","E"],"items_purchased_type":[],"build_version":"2020-12-22","purchased_purges":0,"victory":false,"max_hp_per_floor":[75,75,75,75,75,75,75],"card_choices":[{"not_picked":["hermit:EternalForm","hermit:Purgatory"],"picked":"hermit:FatalDesire","floor":0},{"not_picked":["hermit:EyeOfTheStorm","hermit:ItchyTrigger","hermit:Combo"],"picked":"SKIP","floor":1},{"not_picked":["hermit:Snipe","hermit:BodyArmor"],"picked":"hermit:Malice","floor":2},{"not_picked":["hermit:Desperado","hermit:TrackingShot"],"picked":"hermit:Grudge","floor":3},{"not_picked":["hermit:Vantage","hermit:EyeOfTheStorm","hermit:Roulette"],"picked":"SKIP","floor":4},{"not_picked":["hermit:Feint","hermit:Gestalt"],"picked":"hermit:Quickdraw","floor":5}],"player_experience":166496,"relics_obtained":[],"event_choices":[],"is_beta":false,"boss_relics":[],"items_purged_floors":[],"is_endless":false,"potions_floor_spawned":[1,3,5],"killed_by":"Lagavulin","ascension_level":0}}