{"host":"om3vwxs2fz5vu4gd","time":1609069325,"event":{"mods":["BaseMod","Minty Spire (QoL Compilation)","Robot Space Explorer","StSLib","The Dragon Tamer","The Necromancer"],"gold_per_floor":[119,132,146,158,158,191,202,214,240,251,269,219,69,98,98,195,195,205,205,218,72,84,118,137,137,137,137],"floor_reached":25,"playtime":2098,"items_purged":[],"score":264,"play_id":"aba4f5a8-edff-4d87-8e8e-fde11a4cac8a","local_time":"20201227224205","is_ascension_mode":false,"metric_token":403,"campfire_choices":[{"data":"DTMod:StarRain","floor":15.0,"key":"SMITH"}],"dtmod_dragon_data":[0,55,1,-1,8,0],"circlet_count":0,"master_deck":["DTMod:Strike","DTMod:Strike","DTMod:Strike","DTMod:DoubleHit","DTMod:TargetDefense","DTMod:TargetDefense","DTMod:TargetDefense","DTMod:SwitchingTactic+1","DTMod:Astonish","DTMod:CrossStep","DTMod:WarmUp+1","DTMod:SneakAttack","DTMod:ComboAttack","DTMod:StarRain+1","DTMod:CrossStep+1","DTMod:Prediction","DTMod:Training","DTMod:MagiciansMark"],"relics":["DTMod:MagicStone","Frozen Egg 2","Bronze Scales","Blood Vial","Tiny Chest","Happy Flower"],"acts_visited":["Exordium","TheCity"],"potions_floor_usage":[16,16,16,23,25],"damage_taken":[{"damage":0.0,"enemies":"Cultist","floor":1.0,"turns":4.0},{"damage":0.0,"enemies":"Small Slimes","floor":2.0,"turns":4.0},{"damage":0.0,"enemies":"Jaw Worm","floor":3.0,"turns":4.0},{"damage":9.0,"enemies":"Exordium Wildlife","floor":4.0,"turns":4.0},{"damage":0.0,"enemies":"Lagavulin","floor":6.0,"turns":9.0},{"damage":6.0,"enemies":"Lots of Slimes","floor":7.0,"turns":3.0},{"damage":0.0,"enemies":"2 Fungi Beasts","floor":8.0,"turns":3.0},{"damage":6.0,"enemies":"Large Slime","floor":10.0,"turns":3.0},{"damage":0.0,"enemies":"Lots of Slimes","floor":11.0,"turns":3.0},{"damage":9.0,"enemies":"Gremlin Nob","floor":14.0,"turns":3.0},{"damage":16,"enemies":"The Guardian","floor":16,"turns":12},{"damage":0,"enemies":"Chosen","floor":18,"turns":4},{"damage":0,"enemies":"3 Byrds","floor":20,"turns":5},{"damage":0,"enemies":"3 Cultists","floor":22,"turns":5},{"damage":7,"enemies":"Gremlin Leader","floor":23,"turns":8},{"damage":22,"enemies":"Shelled Parasite and Fungi","floor":24,"turns":4},{"damage":57,"enemies":"Slavers","floor":25,"turns":6}],"seed_played":"8798452626129381897","potions_obtained":[{"floor":1.0,"key":"GamblersBrew"},{"floor":3.0,"key":"SteroidPotion"},{"floor":6.0,"key":"Fruit Juice"},{"floor":8.0,"key":"EntropicBrew"},{"floor":14.0,"key":"FairyPotion"},{"floor":16,"key":"Block Potion"},{"floor":24,"key":"LiquidBronze"}],"is_trial":false,"path_per_floor":["M","M","M","M","?","E","M","M","T","M","M","?","$","E","R","B",null,"M","?","M","$","M","E","M","E"],"character_chosen":"THE_DT","items_purchased":["DTMod:StarRain","DTMod:CrossStep+1","Tiny Chest"],"campfire_rested":0,"item_purchase_floors":[13,13,21],"current_hp_per_floor":[49,49,49,40,40,40,34,34,34,28,28,28,28,19,19,5,49,49,49,49,49,49,42,27,0,0,0],"gold":137,"neow_bonus":"TEN_PERCENT_HP_BONUS","is_daily":false,"chose_seed":false,"campfire_upgraded":1,"win_rate":0.0,"timestamp":1609069325,"path_taken":["M","M","?","M","?","E","M","M","T","M","?","?","$","E","R","BOSS","M","?","M","$","M","E","M","E"],"items_purchased_type":["Card","Card","Relic"],"build_version":"2020-12-22","purchased_purges":0,"victory":false,"max_hp_per_floor":[49,49,49,49,49,49,49,49,49,49,49,49,49,49,49,49,49,49,49,49,49,49,49,49,49,49,49],"card_choices":[{"not_picked":["DTMod:BurningEnergy","DTMod:MagicField"],"picked":"DTMod:Astonish","floor":1.0},{"not_picked":["DTMod:BizarreTactic","DTMod:MasterPlan"],"picked":"DTMod:CrossStep","floor":2.0},{"not_picked":["DTMod:Punisher","DTMod:BreakAttack","DTMod:Hide"],"picked":"SKIP","floor":3.0},{"not_picked":["DTMod:BuildUp","DTMod:Hide","DTMod:Cover"],"picked":"SKIP","floor":4.0},{"not_picked":["DTMod:BlazingStrike","DTMod:BurningEnergy","DTMod:Feint"],"picked":"SKIP","floor":6.0},{"not_picked":["DTMod:Cover","DTMod:BizarreTactic"],"picked":"DTMod:WarmUp+1","floor":7.0},{"not_picked":["DTMod:StunTrap","DTMod:BuildUp"],"picked":"DTMod:SneakAttack","floor":8.0},{"not_picked":["DTMod:Punisher","DTMod:Adaptation+1"],"picked":"DTMod:ComboAttack","floor":10.0},{"not_picked":["DTMod:BreakAttack","DTMod:ComboAttack","DTMod:Punisher"],"picked":"SKIP","floor":11.0},{"not_picked":["DTMod:DarkBreath","DTMod:RunningTactic","DTMod:DeepFocus"],"picked":"SKIP","floor":14.0},{"not_picked":["DTMod:Outburst","DTMod:StunTrap"],"picked":"DTMod:Prediction","floor":16},{"not_picked":["DTMod:MasterPlan+1","DTMod:Feint","DTMod:Cover"],"picked":"SKIP","floor":18},{"not_picked":["DTMod:BuildUp+1","DTMod:BlazingStrike","DTMod:Feint"],"picked":"SKIP","floor":20},{"not_picked":["DTMod:Feint+1","DTMod:LowKick+1"],"picked":"DTMod:Training","floor":22},{"not_picked":["DTMod:Punisher+1","DTMod:BuildUp"],"picked":"DTMod:MagiciansMark","floor":23},{"not_picked":["DTMod:RunningTactic","DTMod:BreakAttack","DTMod:SneakAttack"],"picked":"SKIP","floor":24}],"player_experience":399738,"relics_obtained":[{"floor":6.0,"key":"Frozen Egg 2"},{"floor":9.0,"key":"Bronze Scales"},{"floor":14.0,"key":"Blood Vial"},{"floor":23,"key":"Happy Flower"}],"event_choices":[{"cards_removed":["DTMod:TargetDefense"],"damage_healed":0.0,"max_hp_gain":0.0,"max_hp_loss":0.0,"gold_gain":0.0,"event_name":"Purifier","player_choice":"Purged","floor":5.0,"gold_loss":0.0,"damage_taken":0.0},{"cards_removed":["DTMod:Strike"],"damage_healed":0.0,"max_hp_gain":0.0,"max_hp_loss":0.0,"gold_gain":0.0,"event_name":"The Cleric","player_choice":"Card Removal","floor":12.0,"gold_loss":50.0,"damage_taken":0.0},{"damage_healed":0,"gold_gain":0,"player_choice":"Upgraded","damage_taken":0,"max_hp_gain":0,"max_hp_loss":0,"event_name":"Upgrade Shrine","floor":19,"gold_loss":0,"cards_upgraded":["DTMod:SwitchingTactic"]}],"is_beta":false,"boss_relics":[{"not_picked":["Black Star","Runic Dome"],"picked":"DTMod:MagicStone"}],"items_purged_floors":[],"is_endless":false,"potions_floor_spawned":[1,3,6,8,14,16,20,24],"killed_by":"Slavers","ascension_level":0}}