{"host":"bxdue9bkfm2khp2x","time":1609068526,"event":{"mods":["ATMod(阿瑾Mod)","Aspiration","BaseMod","Better Vampires","Challenge The Spire","Colored Powertips","Conspire","Decade(王小明)","Dota2Spire","Highlight Path","Minty Spire (QoL Compilation)","MostiFishMod","Replay The Spire","RumiaBox-露米娅的神秘盒子","Spicy Shops","StSLib","Td1madao Mod","The Alterego","The Cursed","WarShipGirlsR/战舰少女R mod","noobMod","vexMod","【功能Mod】混沌之环修复补丁","【遗物卡牌】REMEMod","篝火指南"],"gold_per_floor":[115,115,129,140,140,140,173,173,228,238,249,107,135,135,135,231,231,248,266,18,117,117,117,148,138,138,138,150,150,184,202,202,297,297,310,114,114,114,39,39,120,136,136,136,163,163,184,208,20,20],"floor_reached":51,"playtime":1932,"items_purged":["Strike_R","Strike_R","Strike_R","Strike_R","Sword Boomerang","Juggernaut+1"],"score":945,"play_id":"1415f7d3-0df1-46fd-834b-b147a6e1a0ce","local_time":"20201227192846","is_ascension_mode":true,"campfire_choices":[{"data":"rmod:maintain","floor":6.0,"key":"SMITH"},{"data":"AT_BodySlamDance","floor":8.0,"key":"SMITH"},{"data":"AT_ShrugMaster","floor":15.0,"key":"SMITH"},{"data":"Shrug It Off","floor":23.0,"key":"SMITH"},{"data":"AT_CaressingTears","floor":27.0,"key":"SMITH"},{"data":"Inflame","floor":29.0,"key":"SMITH"},{"data":"Juggernaut","floor":32.0,"key":"SMITH"},{"data":"Metallicize","floor":40,"key":"SMITH"},{"floor":44,"key":"REST"},{"data":"MostiFishMod:KingOfFree","floor":46,"key":"SMITH"}],"circlet_count":0,"master_deck":["Defend_R","Defend_R","Defend_R","Bash","rmod:maintain+1","AT_BodySlamDance+1","Headbutt","AT_CaressingTears+1","AT_ShrugMaster+1","Shrug It Off+1","AT_ShrugMaster","Inflame+1","Battle Trance+1","Double Tap+1","Metallicize+1","MostiFishMod:KingOfFree+1","Flame Barrier+1"],"relics":["Burning Blood","DaveBox","REME_ComplimentaryCards","ice","AT_ATBox","BionicSphere","SynthV:TestCard","AT_DeathDance","Toy Ornithopter","Orichalcum","Membership Card","Oddly Smooth Stone","Dota2Spire:DrumOfEndurance","Toxic Egg 2","ExusiaiGun","vexMod:BarristanHead","Replay:Towering Pillar of Hats"],"acts_visited":["Exordium","TheCity","TheBeyond"],"potions_floor_usage":[47,50],"damage_taken":[{"damage":0.0,"enemies":"2 Louse","floor":1.0,"turns":2.0},{"damage":0.0,"enemies":"Small Slimes","floor":3.0,"turns":3.0},{"damage":0.0,"enemies":"Cultist","floor":4.0,"turns":2.0},{"damage":0.0,"enemies":"Replay:BlueRogue","floor":7.0,"turns":3.0},{"damage":0.0,"enemies":"3 Louse","floor":10.0,"turns":3.0},{"damage":0.0,"enemies":"Looter","floor":11.0,"turns":1.0},{"damage":0.0,"enemies":"Gremlin Nob","floor":13.0,"turns":2.0},{"damage":0.0,"enemies":"Fading Forest","floor":16.0,"turns":4.0},{"damage":2.0,"enemies":"2 Thieves","floor":18.0,"turns":3.0},{"damage":0.0,"enemies":"Shell Parasite","floor":19.0,"turns":3.0},{"damage":0.0,"enemies":"Book of Stabbing","floor":24.0,"turns":3.0},{"damage":0.0,"enemies":"Snake Plant","floor":28.0,"turns":2.0},{"damage":6.0,"enemies":"Slavers","floor":30.0,"turns":3.0},{"damage":0.0,"enemies":"3 Cultists","floor":31.0,"turns":3.0},{"damage":0.0,"enemies":"Collector","floor":33.0,"turns":4.0},{"damage":0,"enemies":"3 Darklings","floor":35,"turns":2},{"damage":11,"enemies":"Orb Walker","floor":42,"turns":2},{"damage":0,"enemies":"R_Hoarder","floor":45,"turns":2},{"damage":0,"enemies":"4 Shapes","floor":47,"turns":5},{"damage":0,"enemies":"Maw","floor":48,"turns":3},{"damage":3,"enemies":"Replay:Hell Engine","floor":50,"turns":2}],"seed_played":"4757809152043378332","potions_obtained":[{"floor":3.0,"key":"DuplicationPotion"},{"floor":7.0,"key":"Reflective Coating"},{"floor":11.0,"key":"Weak Potion"},{"floor":16.0,"key":"FearPotion"},{"floor":33.0,"key":"BloodPotion"},{"floor":45,"key":"Energy Potion"},{"floor":47,"key":"Fruit Juice"}],"is_trial":false,"path_per_floor":["M","?","M","M","?","R","E","R","T","M","M","$","E","?","R","B",null,"M","M","$","?","?","R","E","?","T","R","M","R","E","M","R","B",null,"M","$","?","?","$","R","?","M","T","R","E","R","M","M","R","B",null],"character_chosen":"IRONCLAD","items_purchased":["Shrug It Off","Membership Card","Inflame","Metallicize","MostiFishMod:KingOfFree"],"campfire_rested":1,"item_purchase_floors":[12,20,20,36,36],"current_hp_per_floor":[80,80,80,80,80,80,80,80,80,80,80,80,80,80,80,80,80,80,80,80,80,80,80,80,80,80,80,80,80,80,80,80,80,80,80,80,80,80,80,80,60,60,60,80,80,80,85,85,85,85],"gold":20,"neow_bonus":"REMOVE_CARD","is_daily":false,"chose_seed":false,"campfire_upgraded":9,"win_rate":0.0,"timestamp":1609068526,"path_taken":["M","?","M","M","?","R","E","R","T","M","M","$","E","?","R","BOSS","M","?","$","?","?","R","E","?","T","R","M","R","E","M","R","BOSS","M","$","?","?","$","R","?","M","T","R","E","R","?","M","R","BOSS"],"items_purchased_type":["Card","Relic","Card","Card","Card"],"build_version":"2020-12-22","purchased_purges":6,"victory":true,"max_hp_per_floor":[80,80,80,80,80,80,80,80,80,80,80,80,80,80,80,80,80,80,80,80,80,80,80,80,80,80,80,80,80,80,80,80,80,80,80,80,80,80,80,80,80,80,80,80,80,80,85,85,85,85],"card_choices":[{"not_picked":["Havoc","Perfected Strike"],"picked":"Sword Boomerang","floor":1.0},{"not_picked":["MostiFishMod:Mania","Headbutt","Dropkick","Perfected Strike"],"picked":"AT_BodySlamDance","floor":3.0},{"not_picked":["Seeing Red","Feel No Pain","Cleave","Uppercut"],"picked":"Headbutt","floor":4.0},{"not_picked":["conspire:Charge","Thunderclap","Anger","Sword Boomerang"],"picked":"AT_CaressingTears","floor":7.0},{"not_picked":["Run Through","AT_IchimonjiDouble","Rage","Warcry","AT_GerminateFire"],"picked":"SKIP","floor":10.0},{"not_picked":["conspire:HitWhereItHurts","Perfected Strike","Twin Strike","Havoc"],"picked":"AT_ShrugMaster","floor":11.0},{"not_picked":["Thunderclap","Shockwave","Heavy Blade","Havoc","Burning Pact"],"picked":"SKIP","floor":13.0},{"not_picked":["Berserk","MostiFishMod:PerfectStrikeMKII","Limit Break","Reaper"],"picked":"Juggernaut","floor":16.0},{"not_picked":["ReplayReversal+1","Anger+1","Clash","Sword Boomerang+1","ReplayTheSpireMod:Strike From Hell"],"picked":"SKIP","floor":18.0},{"not_picked":["Headbutt","AT_ManFootWork","True Grit","Iron Wave"],"picked":"AT_ShrugMaster","floor":19.0},{"not_picked":["ReplayTheSpireMod:LeadingStrike","Perfected Strike","AT_IchimonjiDouble","Whirlwind","REME_TheLastStrike"],"picked":"SKIP","floor":24.0},{"not_picked":["AT_IchimonjiDouble","Heavy Blade","Defy Death","Anger","REME_Scribble+1"],"picked":"SKIP","floor":28.0},{"not_picked":["Replay:Undeath\u0027s Touch","Offering+1","Dropkick","Reckless Charge"],"picked":"Battle Trance+1","floor":30.0},{"not_picked":["Thunderclap","Infernal Blade+1","Uppercut","Life Link","AT_IchimonjiDouble"],"picked":"SKIP","floor":31.0},{"not_picked":["MostiFishMod:CullingBlade","Corruption","Immolate","Barricade"],"picked":"Double Tap+1","floor":33.0},{"not_picked":["ReplayTheSpireMod:Limb From Limb","AT_ManFootWork+1","Warcry+1","Cleave","Headbutt+1"],"picked":"SKIP","floor":35},{"not_picked":["Headbutt+1","MostiFishMod:BrandingRite+1","Hemogenesis","Abandon+1","Intimidate+1"],"picked":"SKIP","floor":42},{"not_picked":["Run Through+1","MostiFishMod:#F4004+1","Clash","Heavy Blade+1"],"picked":"Flame Barrier+1","floor":45},{"not_picked":["AT_BodySlamDance+1","Replay:Undeath\u0027s Touch+1","Clash+1","Clothesline+1","Shockwave+1"],"picked":"SKIP","floor":47},{"not_picked":["ReplayTheSpireMod:Strike From Hell+1","Clash+1","Heavy Blade","Evolve","Warcry+1"],"picked":"SKIP","floor":48}],"player_experience":748134,"relics_obtained":[{"floor":1.0,"key":"SynthV:TestCard"},{"floor":7.0,"key":"AT_DeathDance"},{"floor":9.0,"key":"Toy Ornithopter"},{"floor":13.0,"key":"Orichalcum"},{"floor":24.0,"key":"Oddly Smooth Stone"},{"floor":26.0,"key":"Dota2Spire:DrumOfEndurance"},{"floor":30.0,"key":"Toxic Egg 2"},{"floor":41,"key":"vexMod:BarristanHead"},{"floor":43,"key":"Replay:Towering Pillar of Hats"}],"event_choices":[{"cards_removed":["Strike_R"],"damage_healed":0.0,"max_hp_gain":0.0,"max_hp_loss":0.0,"gold_gain":0.0,"event_name":"Bonfire Elementals","player_choice":"Offered Basic","floor":14.0,"gold_loss":0.0,"damage_taken":0.0},{"damage_healed":0.0,"max_hp_gain":0.0,"max_hp_loss":0.0,"gold_gain":99.0,"event_name":"Nest","player_choice":"Stole From Cult","floor":21.0,"gold_loss":0.0,"damage_taken":0.0},{"damage_healed":0,"gold_gain":0,"player_choice":"Leave","damage_taken":0,"max_hp_gain":0,"max_hp_loss":0,"event_name":"conspire:Investor","floor":38,"gold_loss":0}],"is_beta":false,"boss_relics":[{"not_picked":["conspire:RoyalGoblet","HaiYi:Twilight","Replay:Grab Bag"]},{"not_picked":["Astrolabe","MostiFishMod:Hod"],"picked":"ExusiaiGun"}],"items_purged_floors":[12,20,36,39,49,49],"is_endless":false,"potions_floor_spawned":[3,7,11,13,16,30,31,33,45,47],"ascension_level":4}}