{"host":"f5ezd1v29dtbwkzo","time":1609078995,"event":{"mods":["2.2 Compatiblity","BaseMod","Hermit","Minty Spire (QoL Compilation)","Rare Cards Sparkle","Replay The Spire","StSLib"],"gold_per_floor":[116,208,222,222,268,308,332,344,356,368,399,425,455,467,479,617,629,659,694,805,817,829,875,164,74,74,74,97,97,116,154,154,279,279,297,320,45,64,84,123,123,136,160,185,185,208,223,67,67,67,67],"floor_reached":50,"playtime":2669,"items_purged":["Defend_B","ReplayTheSpireMod:Splinters"],"score":566,"play_id":"b9f073e7-1e28-4db1-ac21-0c1eb9a71fc4","local_time":"20201227172315","is_ascension_mode":false,"campfire_choices":[{"floor":8,"key":"REST"},{"floor":15,"key":"REST"},{"data":"Rainbow","floor":27,"key":"SMITH"},{"floor":32,"key":"REST"},{"floor":41,"key":"REST"},{"data":"Metamorphosis","floor":49,"key":"SMITH"}],"circlet_count":0,"master_deck":["Strike_B","Strike_B","Strike_B","Strike_B+1","Defend_B+1","Defend_B","Zap+1","Dualcast","Beam Cell+1","Hologram","Streamline+1","ReplayTheSpireMod:Calculation Training+1","Conserve Battery","Leap","BasicCrystalCard","Rainbow+1","Redo+1","Sunder+1","Conserve Battery+1","Sunder+1","Machine Learning","Chaos+1","Metamorphosis+1","Leap+1","Electrodynamics","Redo+1"],"relics":["Cracked Core","Gremlin Food","Ring of Fury","ReplayTheSpireMod:Ring of Exchange","MawBank","ReplayFunnel","Iron Hammer","Golden Idol","ClockworkSouvenir","MutagenicStrength","Durian","Replay:Bottled Snecko","DollysMirror","Bottled Flame","Onion Ring","Philosopher\u0027s Stone","ReplayTheSpireMod:CursedCoin","Juzu Bracelet","Cables","Omamori","Strawberry"],"acts_visited":["Exordium","TheCity","TheBeyond"],"potions_floor_usage":[12,31,31,33,39,50,50],"damage_taken":[{"damage":5,"enemies":"Small Slimes","floor":1,"turns":4},{"damage":0,"enemies":"Jaw Worm","floor":3,"turns":3},{"damage":14,"enemies":"Gremlin Nob","floor":6,"turns":3},{"damage":5,"enemies":"2 Louse","floor":7,"turns":2},{"damage":8,"enemies":"Blue Slaver","floor":11,"turns":2},{"damage":0,"enemies":"Gremlin Gang","floor":12,"turns":3},{"damage":0,"enemies":"2 Fungi Beasts","floor":13,"turns":3},{"damage":64,"enemies":"Hexaghost","floor":16,"turns":10},{"damage":4,"enemies":"3 Byrds","floor":18,"turns":6},{"damage":3,"enemies":"Spheric Guardian","floor":19,"turns":5},{"damage":9,"enemies":"Slavers","floor":23,"turns":6},{"damage":0,"enemies":"Shelled Parasite and Fungi","floor":28,"turns":2},{"damage":7,"enemies":"Snake Plant","floor":30,"turns":2},{"damage":34,"enemies":"Gremlin Leader","floor":31,"turns":11},{"damage":25,"enemies":"Champ","floor":33,"turns":12},{"damage":0,"enemies":"3 Darklings","floor":35,"turns":2},{"damage":0,"enemies":"Orb Walker","floor":36,"turns":2},{"damage":4,"enemies":"Sphere and 2 Shapes","floor":38,"turns":3},{"damage":21,"enemies":"Writhing Mass","floor":39,"turns":4},{"damage":17,"enemies":"Reptomancer","floor":40,"turns":7},{"damage":4,"enemies":"3 Darklings","floor":42,"turns":5},{"damage":3,"enemies":"4 Shapes","floor":44,"turns":3},{"damage":0,"enemies":"Transient","floor":46,"turns":5},{"damage":0,"enemies":"Writhing Mass","floor":47,"turns":5},{"damage":107,"enemies":"Awakened One","floor":50,"turns":12}],"seed_played":"6573488037005542033","potions_obtained":[{"floor":7,"key":"Milkshake"},{"floor":11,"key":"AttackPotion"},{"floor":13,"key":"FairyPotion"},{"floor":16,"key":"Strength Potion"},{"floor":18,"key":"SkillPotion"},{"floor":31,"key":"Flashbang"},{"floor":33,"key":"Swift Potion"},{"floor":36,"key":"PowerPotion"},{"floor":42,"key":"BlessingOfTheForge"}],"is_trial":false,"path_per_floor":["M","?","M","?","T","E","M","R","T","?","M","M","M","?","R","B",null,"M","M","?","?","?","E","$","?","T","R","M","?","M","E","R","B",null,"M","M","$","M","M","E","R","M","T","M","?","M","M","$","R","B"],"character_chosen":"DEFECT","items_purchased":["Replay:Bottled Snecko","DollysMirror","Bottled Flame","ReplayTheSpireMod:CursedCoin","Juzu Bracelet","Metamorphosis","Strawberry"],"campfire_rested":4,"item_purchase_floors":[24,24,24,37,37,37,48],"current_hp_per_floor":[70,70,70,70,70,56,51,73,73,73,65,65,65,65,75,11,75,71,68,68,68,68,64,64,64,64,64,64,64,57,23,47,22,80,80,80,80,76,55,38,62,58,58,55,55,55,55,62,62,0,0],"gold":67,"neow_bonus":"UPGRADE_CARD","is_daily":false,"chose_seed":false,"campfire_upgraded":2,"win_rate":0.0,"timestamp":1609078995,"path_taken":["M","?","M","?","?","E","?","R","T","?","M","M","?","?","R","BOSS","M","M","?","?","?","E","$","?","T","R","?","?","M","E","R","BOSS","M","?","$","M","M","E","R","M","T","M","?","M","M","$","R","BOSS"],"items_purchased_type":["Relic","Relic","Relic","Relic","Relic","Card","Relic"],"build_version":"2020-12-22","purchased_purges":2,"victory":false,"max_hp_per_floor":[75,75,75,75,75,75,75,75,75,75,75,75,75,75,75,75,75,75,75,75,75,75,80,80,80,80,80,80,80,80,80,80,80,80,80,80,80,80,80,80,80,80,80,80,80,80,80,87,87,87,87],"card_choices":[{"not_picked":["Turbo","Coolheaded"],"picked":"Beam Cell","floor":1},{"not_picked":["BootSequence","Barrage"],"picked":"Hologram","floor":2},{"not_picked":["Barrage","Leap"],"picked":"Streamline","floor":2},{"not_picked":["Compile Driver","Barrage","Streamline"],"picked":"SKIP","floor":3},{"not_picked":["Gash","Beam Cell"],"picked":"ReplayTheSpireMod:Calculation Training","floor":6},{"not_picked":["Core Surge","Cold Snap"],"picked":"Conserve Battery","floor":7},{"not_picked":["Redo","Compile Driver"],"picked":"Leap","floor":11},{"not_picked":["Glacier","Doom and Gloom"],"picked":"BasicCrystalCard","floor":12},{"not_picked":["Consume","FTL","Heatsinks"],"picked":"SKIP","floor":13},{"not_picked":["Creative AI","Buffer"],"picked":"Rainbow","floor":16},{"not_picked":["ReplaySolidLightProjector","Hologram"],"picked":"Redo","floor":18},{"not_picked":["Consume","Conserve Battery+1"],"picked":"Sunder+1","floor":19},{"not_picked":["Undo","Scrape"],"picked":"Conserve Battery+1","floor":23},{"not_picked":["Rebound","Steam","Barrage"],"picked":"SKIP","floor":28},{"not_picked":["Gash+1","Coolheaded","Sunder+1"],"picked":"SKIP","floor":30},{"not_picked":["Go for the Eyes","Coolheaded","ReplayTheSpireMod:Omega Cannon"],"picked":"SKIP","floor":31},{"not_picked":["Thunder Strike","Reboot"],"picked":"Machine Learning","floor":33},{"not_picked":["Capacitor","Turbo","Heatsinks"],"picked":"SKIP","floor":35},{"not_picked":["Compile Driver+1","Turbo"],"picked":"Chaos+1","floor":36},{"not_picked":["Storm+1","Glacier","Conserve Battery"],"picked":"SKIP","floor":38},{"not_picked":["Scrape+1","Redo"],"picked":"Leap+1","floor":39},{"not_picked":["Streamline","Skim","Gash"],"picked":"SKIP","floor":40},{"not_picked":["Go for the Eyes+1","Fusion+1"],"picked":"Electrodynamics","floor":42},{"not_picked":["Panic Button","ReplaySolidLightProjector"],"picked":"Redo+1","floor":44},{"not_picked":["Reprogram","Melter+1","Go for the Eyes"],"picked":"SKIP","floor":46},{"not_picked":["Panic Button","Leap+1","Seek"],"picked":"SKIP","floor":47}],"player_experience":297207,"relics_obtained":[{"floor":2,"key":"Gremlin Food"},{"floor":4,"key":"Ring of Fury"},{"floor":4,"key":"ReplayTheSpireMod:Ring of Exchange"},{"floor":5,"key":"MawBank"},{"floor":6,"key":"ReplayFunnel"},{"floor":9,"key":"Iron Hammer"},{"floor":23,"key":"Durian"},{"floor":31,"key":"Onion Ring"},{"floor":40,"key":"Cables"},{"floor":43,"key":"Omamori"}],"event_choices":[{"cards_removed":["Defend_B"],"damage_healed":0,"gold_gain":0,"player_choice":"Purged","damage_taken":0,"max_hp_gain":0,"max_hp_loss":0,"event_name":"Purifier","floor":10,"gold_loss":0},{"damage_healed":0,"gold_gain":0,"player_choice":"Take Wound","damage_taken":0,"relics_obtained":["Golden Idol"],"max_hp_gain":0,"max_hp_loss":0,"event_name":"Golden Idol","floor":14,"gold_loss":0,"cards_obtained":["Injury"]},{"damage_healed":0,"gold_gain":99,"player_choice":"Stole From Cult","damage_taken":0,"max_hp_gain":0,"max_hp_loss":0,"event_name":"Nest","floor":20,"gold_loss":0},{"damage_healed":0,"gold_gain":0,"player_choice":"Ignored","damage_taken":0,"max_hp_gain":0,"max_hp_loss":0,"event_name":"Ghosts","floor":21,"gold_loss":0},{"damage_healed":0,"gold_gain":0,"player_choice":"Inject Mutagens","damage_taken":0,"relics_obtained":["MutagenicStrength"],"max_hp_gain":0,"max_hp_loss":0,"event_name":"Drug Dealer","floor":22,"gold_loss":0},{"cards_removed":["Injury"],"damage_healed":0,"gold_gain":0,"player_choice":"Upgrade and Remove","damage_taken":0,"max_hp_gain":0,"max_hp_loss":0,"event_name":"Designer","floor":25,"gold_loss":90,"cards_upgraded":["Defend_B"]},{"damage_healed":0,"gold_gain":0,"player_choice":"Forge","damage_taken":0,"max_hp_gain":0,"max_hp_loss":0,"event_name":"Accursed Blacksmith","floor":29,"gold_loss":0,"cards_upgraded":["ReplayTheSpireMod:Calculation Training"]},{"damage_healed":0,"gold_gain":0,"player_choice":"Ignored","damage_taken":0,"max_hp_gain":0,"max_hp_loss":0,"event_name":"Mysterious Sphere","floor":45,"gold_loss":0}],"is_beta":false,"boss_relics":[{"not_picked":["Raider\u0027s Mask","Pandora\u0027s Box"],"picked":"ClockworkSouvenir"},{"not_picked":["Inserter","Empty Cage"],"picked":"Philosopher\u0027s Stone"}],"items_purged_floors":[24,37],"is_endless":false,"potions_floor_spawned":[7,11,13,16,18,28,31,33,36,42,44,47],"killed_by":"Awakened One","ascension_level":0}}