{"host":"j6locglyv7e0c0tm","time":1609031150,"event":{"mods":["BaseMod","Better Altar","Better Match","Better Note","Better Sensory Stone","Better Skull","Better Third Choice","Better Vampires","BetterRewards","Card Forge","Colored Powertips","Custom Start","DeckTracker","Downfall","Googly Eyes","Hermit","Highlight Path","Jorbs\u0027s Wanderer Trilogy","Marked Mod","Minty Spire (QoL Compilation)","Relic Stats","Replay The Spire","Shade Mod","Shop Mod","StSLib","Swap Starting Deck Mod","The Runesmith","TheFirefly"],"gold_per_floor":[114,127,137,150,168,168,203,203,203,228,26,26,42,42,42,147,147,158,158,43,53,68,68,83,114,141,166,176,86,86,86],"floor_reached":30,"playtime":1920,"items_purged":[],"score":282,"play_id":"1943768b-334c-4162-a52f-86b375d0ce4e","local_time":"20201227120550","is_ascension_mode":false,"campfire_choices":[{"data":"Zap","floor":6,"key":"SMITH"},{"floor":8,"key":"RECALL"},{"data":"Regret","floor":15,"key":"PURGE"}],"circlet_count":0,"master_deck":["Strike_B","Strike_B","Strike_B","Defend_B","Defend_B","Defend_B","Defend_B","Zap+1","Dualcast","Conserve Battery","ReplayTheSpireMod:Calculation Training","Gash","Leap+1","All For One+1","Apotheosis+1","Leap+1","Cold Snap+1","Barrage+1","BasicCrystalCard","expansioncontent:DonusPower","Chill+1","Blizzard+1","Hologram+1","Streamline+1","Pot Of Greed","Pot Of Greed","Pot Of Greed","Conserve Battery"],"relics":["FrozenCore","Hammer of Thor","Seething Fire","Anvil of the Gods","NeowsBlessing","Molten Egg 2","Juzu Bracelet","Mummified Hand","Nunchaku","Grinning Jar","Pantograph"],"acts_visited":["Exordium","TheCity"],"potions_floor_usage":[7,13,25],"damage_taken":[{"damage":0,"enemies":"Jaw Worm","floor":1,"turns":1},{"damage":0,"enemies":"Cultist","floor":2,"turns":1},{"damage":0,"enemies":"Small Slimes","floor":3,"turns":2},{"damage":7,"enemies":"Looter","floor":4,"turns":4},{"damage":1,"enemies":"Red Slaver","floor":5,"turns":4},{"damage":8,"enemies":"3 Sentries","floor":7,"turns":11},{"damage":10,"enemies":"Lagavulin","floor":10,"turns":6},{"damage":0,"enemies":"3 Louse","floor":13,"turns":4},{"damage":16,"enemies":"The Guardian","floor":16,"turns":11},{"damage":3,"enemies":"Spheric Guardian","floor":18,"turns":6},{"damage":8,"enemies":"Chosen","floor":21,"turns":6},{"damage":11,"enemies":"Centurion and Healer","floor":22,"turns":8},{"damage":3,"enemies":"3 Cultists","floor":24,"turns":6},{"damage":20,"enemies":"Book of Stabbing","floor":25,"turns":6},{"damage":9,"enemies":"Replay:Snechameleon","floor":27,"turns":7},{"damage":14,"enemies":"Snake Plant","floor":28,"turns":7},{"damage":8,"enemies":"Sentry and Sphere","floor":30,"turns":2}],"seed_played":"6733524420628146522","potions_obtained":[{"floor":1,"key":"SteroidPotion"},{"floor":2,"key":"LifebloodPotion"},{"floor":4,"key":"SkillPotion"},{"floor":13,"key":"LiquidMemories"},{"floor":22,"key":"champ:CounterPotion"},{"floor":25,"key":"FocusPotion"}],"is_trial":false,"path_per_floor":["M","M","M","M","M","R","E","R","T","E","$","?","M","?","R","B",null,"M","?","$","M","M","$","M","E","T","E","M","?","M"],"character_chosen":"DEFECT","items_purchased":["Apotheosis","Leap+1","BasicCrystalCard","expansioncontent:DonusPower"],"campfire_rested":0,"item_purchase_floors":[11,11,20,20],"current_hp_per_floor":[75,75,75,68,67,67,59,59,59,49,49,49,49,49,49,33,75,72,72,72,64,53,53,50,30,30,21,7,7,0,0],"gold":86,"neow_bonus":"THREE_ENEMY_KILL","is_daily":false,"chose_seed":false,"campfire_upgraded":1,"win_rate":0.0,"timestamp":1609031150,"path_taken":["M","M","M","M","M","R","E","R","T","E","$","?","M","?","R","BOSS","M","?","$","M","M","$","M","E","T","E","M","?","M"],"items_purchased_type":["Card","Card","Card","Card"],"build_version":"2020-12-22","purchased_purges":0,"victory":false,"max_hp_per_floor":[75,75,75,75,75,75,75,75,75,75,75,75,75,75,75,75,75,75,75,75,75,75,75,75,75,75,75,75,75,75,75],"relic_stats":{"Nunchaku":[2],"counters":[17,92],"Mummified Hand":[0],"Pantograph":0,"Juzu Bracelet":2,"obtain_stats":[{"Nunchaku":25,"NeowsBlessing":0,"Anvil of the Gods":0,"Mummified Hand":14,"Pantograph":27,"Molten Egg 2":7,"Hammer of Thor":0,"Juzu Bracelet":10,"Seething Fire":0,"Grinning Jar":26,"Cracked Core":0,"FrozenCore":17},{"Nunchaku":14,"NeowsBlessing":0,"Anvil of the Gods":0,"Mummified Hand":8,"Pantograph":15,"Molten Egg 2":6,"Hammer of Thor":0,"Juzu Bracelet":7,"Seething Fire":0,"Grinning Jar":14,"Cracked Core":0,"FrozenCore":9},{"Nunchaku":76,"NeowsBlessing":0,"Anvil of the Gods":0,"Mummified Hand":33,"Pantograph":83,"Molten Egg 2":23,"Hammer of Thor":0,"Juzu Bracelet":29,"Seething Fire":0,"Grinning Jar":76,"Cracked Core":0,"FrozenCore":44}],"FrozenCore":[16]},"card_choices":[{"not_picked":["Force Field","Sunder"],"picked":"Conserve Battery","floor":1},{"not_picked":["Panic Button","Beam Cell"],"picked":"ReplayTheSpireMod:Calculation Training","floor":2},{"not_picked":["Coolheaded","Leap"],"picked":"Gash","floor":3},{"not_picked":["BootSequence","ReplayTheSpireMod:Repulse","Compile Driver"],"picked":"SKIP","floor":4},{"not_picked":["Turbo","Undo"],"picked":"Leap","floor":5},{"not_picked":["Redo","Turbo","Skim"],"picked":"SKIP","floor":7},{"not_picked":["Turbo","Amplify"],"picked":"All For One+1","floor":10},{"not_picked":["Auto Shields","Panic Button"],"picked":"Cold Snap+1","floor":13},{"not_picked":["Doom and Gloom+1","Sunder+1"],"picked":"Barrage+1","floor":18},{"not_picked":["Coolheaded","Force Field"],"picked":"Chill+1","floor":21},{"not_picked":["ReplayGash+1","Redo"],"picked":"Blizzard+1","floor":22},{"not_picked":["Time Bomb","BootSequence+1"],"picked":"Hologram+1","floor":24},{"not_picked":["Sweeping Beam+1","Turbo"],"picked":"Streamline+1","floor":25},{"not_picked":["ReplayRNGCard","Sweeping Beam+1"],"picked":"Conserve Battery","floor":27},{"not_picked":["Steam","Time Bomb","Sweeping Beam+1"],"picked":"SKIP","floor":28}],"player_experience":793850,"relics_obtained":[{"floor":7,"key":"Molten Egg 2"},{"floor":10,"key":"Juzu Bracelet"},{"floor":25,"key":"Nunchaku"},{"floor":26,"key":"Grinning Jar"},{"floor":27,"key":"Pantograph"}],"event_choices":[{"damage_healed":0,"gold_gain":0,"player_choice":"Ignored","damage_taken":0,"max_hp_gain":0,"max_hp_loss":0,"event_name":"Transmorgrifier","floor":12,"gold_loss":0},{"damage_healed":0,"gold_gain":0,"player_choice":"Box","damage_taken":0,"relics_obtained":["Mummified Hand"],"max_hp_gain":0,"max_hp_loss":0,"event_name":"Big Fish","floor":14,"gold_loss":0,"cards_obtained":["Regret"]},{"damage_healed":0,"gold_gain":0,"player_choice":"Upgraded","damage_taken":0,"max_hp_gain":0,"max_hp_loss":0,"event_name":"Upgrade Shrine","floor":19,"gold_loss":0,"cards_upgraded":["Apotheosis"]},{"cards_removed":["Strike_B"],"damage_healed":0,"gold_gain":0,"player_choice":"Upgrade and Remove","damage_taken":0,"max_hp_gain":0,"max_hp_loss":0,"event_name":"Designer","floor":29,"gold_loss":90,"cards_upgraded":["Leap"]}],"is_beta":false,"boss_relics":[{"not_picked":["SlaversCollar","ReplayTheSpireMod:DimensionalGlitch"],"picked":"FrozenCore"}],"items_purged_floors":[],"is_endless":false,"potions_floor_spawned":[1,2,4,13,22,24,25],"killed_by":"Sentry and Sphere","ascension_level":0}}