{"host":"4nqeo0vu1vuav7gg","time":1609074107,"event":{"mods":["AchievementEnabler","BaseMod","Block Reminder","Colored Map","Colored Powertips","Highlight Path","Minty Spire (QoL Compilation)","Quick Restart","Rare Cards Sparkle","Relic Relevance Reorder","StSLib"],"gold_per_floor":[110,26,26,26,39,39,54,54,54,75,105,105,135,18,18,93,93,107,32,32,32,48,48,48],"floor_reached":23,"playtime":1603,"items_purged":["Regret"],"score":371,"play_id":"b931f8ed-6ffd-4f5e-9600-a89be3da6820","local_time":"20201227140147","is_ascension_mode":true,"campfire_choices":[{"data":"Zap","floor":6.0,"key":"SMITH"},{"data":"Dualcast","floor":8.0,"key":"SMITH"},{"data":"Creative AI","floor":12.0,"key":"SMITH"},{"floor":15.0,"key":"RECALL"}],"circlet_count":0,"master_deck":["AscendersBane","Strike_B","Strike_B","Strike_B","Defend_B","Defend_B","Defend_B","Defend_B","Zap+1","Dualcast+1","BootSequence","Doom and Gloom","Ball Lightning","Sweeping Beam","Chill","Creative AI+1","Rip and Tear","Reboot+1","Compile Driver+1","Capacitor"],"relics":["Cracked Core","Ice Cream","Odd Mushroom","Inserter","NeowsBlessing","Vajra","PreservedInsect","Bag of Marbles"],"acts_visited":["Exordium","TheCity"],"potions_floor_usage":[],"damage_taken":[{"damage":0.0,"enemies":"Jaw Worm","floor":1.0,"turns":1.0},{"damage":0.0,"enemies":"2 Louse","floor":5.0,"turns":1.0},{"damage":0.0,"enemies":"Small Slimes","floor":7.0,"turns":1.0},{"damage":0.0,"enemies":"The Mushroom Lair","floor":10.0,"turns":2.0},{"damage":14.0,"enemies":"Lagavulin","floor":11.0,"turns":6.0},{"damage":5.0,"enemies":"3 Sentries","floor":13.0,"turns":4.0},{"damage":28.0,"enemies":"The Guardian","floor":16.0,"turns":8.0},{"damage":26.0,"enemies":"Spheric Guardian","floor":18.0,"turns":5.0},{"damage":21.0,"enemies":"3 Byrds","floor":22.0,"turns":4.0},{"damage":16,"enemies":"Slavers","floor":23,"turns":2}],"seed_played":"-4409668697902856819","potions_obtained":[{"floor":1.0,"key":"SteroidPotion"},{"floor":7.0,"key":"EssenceOfSteel"},{"floor":10.0,"key":"Regen Potion"},{"floor":18.0,"key":"Strength Potion"}],"is_trial":false,"path_per_floor":["M","$","?","$","M","R","M","R","T","?","E","R","E","$","R","B",null,"M","?","?","?","M","E"],"character_chosen":"DEFECT","items_purchased":["Doom and Gloom","Rip and Tear"],"campfire_rested":0,"item_purchase_floors":[2,14],"current_hp_per_floor":[64,64,64,64,64,64,64,64,64,64,59,59,54,54,54,26,60,34,34,34,34,13,0,0],"gold":48,"neow_bonus":"THREE_ENEMY_KILL","is_daily":false,"chose_seed":false,"campfire_upgraded":3,"win_rate":0.0,"timestamp":1609074107,"path_taken":["M","$","?","$","M","R","M","R","T","?","E","R","E","?","R","BOSS","M","?","?","?","M","E"],"items_purchased_type":["Card","Card"],"build_version":"2020-12-22","purchased_purges":1,"victory":false,"max_hp_per_floor":[71,71,71,71,71,71,71,71,71,71,71,71,71,71,71,71,71,71,71,71,71,71,71,71],"card_choices":[{"not_picked":["Coolheaded","Streamline"],"picked":"BootSequence","floor":1.0},{"not_picked":["Sweeping Beam","Aggregate"],"picked":"Ball Lightning","floor":5.0},{"not_picked":["Coolheaded","Steam Power"],"picked":"Sweeping Beam","floor":7.0},{"not_picked":["Glacier","Sweeping Beam"],"picked":"Chill","floor":10.0},{"not_picked":["Steam","Hologram"],"picked":"Creative AI","floor":11.0},{"not_picked":["Barrage","Steam Power","Rebound"],"picked":"SKIP","floor":13.0},{"not_picked":["Amplify","Machine Learning"],"picked":"Reboot","floor":16.0},{"not_picked":["Skim","Stack"],"picked":"Compile Driver+1","floor":18.0},{"not_picked":["Beam Cell+1","Turbo"],"picked":"Capacitor","floor":22.0}],"player_experience":1020880,"relics_obtained":[{"floor":9.0,"key":"Vajra"},{"floor":10.0,"key":"Odd Mushroom"},{"floor":11.0,"key":"PreservedInsect"},{"floor":13.0,"key":"Bag of Marbles"}],"event_choices":[{"damage_healed":0.0,"max_hp_gain":0.0,"max_hp_loss":0.0,"gold_gain":0.0,"event_name":"Big Fish","player_choice":"Box","floor":3.0,"gold_loss":0.0,"damage_taken":0.0,"relics_obtained":["Ice Cream"],"cards_obtained":["Regret"]},{"damage_healed":0.0,"max_hp_gain":0.0,"max_hp_loss":0.0,"gold_gain":0.0,"event_name":"Mushrooms","player_choice":"Fought Mushrooms","floor":10.0,"gold_loss":0.0,"damage_taken":0.0},{"cards_removed":["Strike_B"],"damage_healed":0.0,"max_hp_gain":0.0,"max_hp_loss":0.0,"gold_gain":0.0,"event_name":"Beggar","player_choice":"Gave Gold","floor":19.0,"gold_loss":75.0,"damage_taken":0.0},{"damage_healed":0.0,"max_hp_gain":0.0,"max_hp_loss":0.0,"gold_gain":0.0,"event_name":"Ghosts","player_choice":"Ignored","floor":20.0,"gold_loss":0.0,"damage_taken":0.0},{"damage_healed":0.0,"max_hp_gain":0.0,"max_hp_loss":0.0,"gold_gain":0.0,"event_name":"Accursed Blacksmith","player_choice":"Forge","floor":21.0,"gold_loss":0.0,"damage_taken":0.0,"cards_upgraded":["Reboot"]}],"is_beta":false,"boss_relics":[{"not_picked":["Nuclear Battery","Runic Pyramid"],"picked":"Inserter"}],"items_purged_floors":[14],"is_endless":false,"potions_floor_spawned":[1,7,10,18],"killed_by":"Slavers","ascension_level":18}}