{"host":"q8fgl2od8kqkd5ip","time":1609107973,"event":{"mods":["AchievementEnabler","BaseMod","Colored Map","Colored Powertips","Highlight Path","Minty Spire (QoL Compilation)","Rare Cards Sparkle","Replay The Spire","StSLib"],"gold_per_floor":[113,125,141,157,7,7,7,32,56,56,6,31,31,49,49,49,49],"floor_reached":16,"playtime":1280,"items_purged":["Strike_G"],"score":121,"play_id":"fa0f0e00-393d-4f93-aeca-ee8e31e84355","local_time":"20201227232613","is_ascension_mode":true,"campfire_choices":[{"data":"Noxious Fumes","floor":6,"key":"SMITH"},{"data":"Defend_G","floor":10,"key":"SMITH"},{"data":"Deadly Poison","floor":13,"key":"SMITH"},{"floor":15,"key":"DIG"}],"circlet_count":0,"master_deck":["Strike_G","Strike_G","Strike_G","Defend_G","Defend_G","Defend_G","Defend_G+1","Survivor","Neutralize+1","Dagger Spray","Crippling Poison","Deadly Poison+1","Noxious Fumes+1"],"relics":["Ring of the Snake","Bag of Marbles","Strawberry","Dream Catcher","HornCleat"],"acts_visited":["Exordium"],"potions_floor_usage":[3,16,16],"damage_taken":[{"damage":0,"enemies":"2 Louse","floor":1,"turns":3},{"damage":0,"enemies":"Small Slimes","floor":2,"turns":4},{"damage":0,"enemies":"Jaw Worm","floor":3,"turns":3},{"damage":8,"enemies":"Looter","floor":4,"turns":3},{"damage":5,"enemies":"Replay:BlueRogue","floor":8,"turns":6},{"damage":22,"enemies":"Gremlin Nob","floor":12,"turns":4},{"damage":2,"enemies":"Blue Slaver","floor":14,"turns":4},{"damage":38,"enemies":"Slime Boss","floor":16,"turns":6}],"seed_played":"2460131922157077899","potions_obtained":[{"floor":2,"key":"Poison Potion"},{"floor":4,"key":"Elixir"},{"floor":14,"key":"Flashbang"}],"is_trial":false,"path_per_floor":["M","M","M","M","$","R","?","E","T","R","?","E","R","M","R_BF","B"],"character_chosen":"THE_SILENT","items_purchased":["Noxious Fumes"],"campfire_rested":0,"item_purchase_floors":[5],"current_hp_per_floor":[70,70,70,62,62,62,55,50,57,57,57,35,35,33,33,0,0],"gold":49,"neow_bonus":"UPGRADE_CARD","is_daily":false,"chose_seed":false,"campfire_upgraded":3,"win_rate":0.0,"timestamp":1609107973,"path_taken":["M","M","M","M","$","R","?","E","T","R","?","E","R","M","R_BF","BOSS"],"items_purchased_type":["Card"],"build_version":"2020-12-22","purchased_purges":1,"victory":false,"max_hp_per_floor":[70,70,70,70,70,70,70,70,77,77,77,77,77,77,77,77,77],"card_choices":[{"not_picked":["Slice","Sucker Punch"],"picked":"Dagger Spray","floor":1},{"not_picked":["ReplayTheSpireMod:Exploit Weakness","Cloak And Dagger"],"picked":"Crippling Poison","floor":2},{"not_picked":["Slice","Underhanded Strike","Quick Slash"],"picked":"SKIP","floor":3},{"not_picked":["Backstab","Poisoned Stab"],"picked":"Deadly Poison","floor":4},{"not_picked":["Underhanded Strike","Malaise","Poisoned Stab"],"picked":"SKIP","floor":8},{"not_picked":["Quick Slash","Hidden Blade","Deflect"],"picked":"SKIP","floor":12},{"not_picked":["Dodge and Roll","Dagger Spray","Dagger Throw"],"picked":"SKIP","floor":14}],"player_experience":396574,"relics_obtained":[{"floor":8,"key":"Bag of Marbles"},{"floor":9,"key":"Strawberry"},{"floor":12,"key":"Dream Catcher"},{"floor":15,"key":"HornCleat"}],"event_choices":[{"cards_removed":["Defend_G"],"damage_healed":0,"gold_gain":0,"player_choice":"Card Removal","damage_taken":7,"max_hp_gain":0,"max_hp_loss":0,"event_name":"Golden Wing","floor":7,"gold_loss":0},{"cards_removed":["Strike_G"],"damage_healed":0,"gold_gain":0,"player_choice":"Card Removal","damage_taken":0,"max_hp_gain":0,"max_hp_loss":0,"event_name":"The Cleric","floor":11,"gold_loss":50}],"is_beta":false,"boss_relics":[],"items_purged_floors":[5],"is_endless":false,"potions_floor_spawned":[2,4,14],"killed_by":"Slime Boss","ascension_level":2}}