{"host":"bxdue9bkfm2khp2x","time":1609087037,"event":{"mods":["ATMod(阿瑾Mod)","Aspiration","BaseMod","Better Vampires","Challenge The Spire","Colored Powertips","Conspire","Decade(王小明)","Dota2Spire","Highlight Path","Minty Spire (QoL Compilation)","MostiFishMod","Replay The Spire","RumiaBox-露米娅的神秘盒子","Spicy Shops","StSLib","Td1madao Mod","The Alterego","The Cursed","WarShipGirlsR/战舰少女R mod","noobMod","vexMod","【功能Mod】混沌之环修复补丁","【遗物卡牌】REMEMod","篝火指南"],"gold_per_floor":[118,136,0,14,14,14,47,47,47,47,59,88,88,4,4,75,75,93,8,27,39,39,39,56,56,104,117,17,47,47,76,76,151,151,171,171,188,188,206,206,233,233,258,271,303,183,43,43,43,43],"floor_reached":51,"playtime":2985,"items_purged":["Replay:Hysterical Blindness","Strike_G","Outmaneuver","Spreading Infection","Writhe"],"score":2026,"play_id":"540f75ec-333b-436c-a702-1445bbdd816a","local_time":"20201228003717","is_ascension_mode":true,"campfire_choices":[{"data":"Cloak And Dagger","floor":6.0,"key":"SMITH"},{"data":"Burst","floor":8.0,"key":"SMITH"},{"data":"Panache","floor":10.0,"key":"SMITH"},{"data":"Infinite Blades","floor":15.0,"key":"SMITH"},{"data":"AT_EssenceShift","floor":23.0,"key":"SMITH"},{"data":"MostiFishMod:HiddenBlade","floor":25.0,"key":"SMITH"},{"data":"Cloak And Dagger","floor":30.0,"key":"SMITH"},{"data":"Neutralize","floor":32.0,"key":"SMITH"},{"data":"Envenom","floor":40.0,"key":"SMITH"},{"data":"Caltrops","floor":42.0,"key":"SMITH"},{"data":"Escape Plan","floor":49,"key":"SMITH"}],"circlet_count":0,"master_deck":["AscendersBane","Defend_G","Defend_G","Defend_G","Survivor","Neutralize+1","Panache+1","Dagger Spray","Cloak And Dagger+1","Blade Dance","Escape Plan+1","Burst+1","Cloak And Dagger+1","Infinite Blades+1","Footwork+1","AT_EssenceShift+1","MostiFishMod:HiddenBlade+1","Caltrops+1","MostiFishMod:WinterMarkForm","Envenom+1","MostiFishMod:Wind"],"relics":["Ring of the Snake","DaveBox","REME_ComplimentaryCards","ice","AT_ATBox","NeowsBlessing","DianPoetry","SynthV:TestCard","Paper Crane","conspire:BottledYoYo","Pet Ghost","ReplayTheSpireMod:CursedCoin","SoulBox","The Courier","Byrd Skull","Sundial","Kintsugi","Gremlin Food","aspiration:ChemicalBlood","conspire:DeflatedDodgeball"],"acts_visited":["Exordium","TheCity","TheBeyond"],"potions_floor_usage":[50],"damage_taken":[{"damage":0.0,"enemies":"Cultist","floor":1.0,"turns":1.0},{"damage":0.0,"enemies":"Small Slimes","floor":2.0,"turns":1.0},{"damage":0.0,"enemies":"Jaw Worm","floor":4.0,"turns":1.0},{"damage":5.0,"enemies":"Gremlin Nob","floor":7.0,"turns":3.0},{"damage":0.0,"enemies":"Looter","floor":11.0,"turns":2.0},{"damage":0.0,"enemies":"3 Sentries","floor":12.0,"turns":4.0},{"damage":0.0,"enemies":"The Guardian","floor":16.0,"turns":6.0},{"damage":0.0,"enemies":"Chosen","floor":18.0,"turns":3.0},{"damage":0.0,"enemies":"2 Thieves","floor":20.0,"turns":2.0},{"damage":0.0,"enemies":"Snake Plant","floor":21.0,"turns":4.0},{"damage":0.0,"enemies":"Sentry and Sphere","floor":24.0,"turns":3.0},{"damage":16.0,"enemies":"Shelled Parasite and Fungi","floor":27.0,"turns":4.0},{"damage":0.0,"enemies":"Gremlin Leader","floor":29.0,"turns":5.0},{"damage":0.0,"enemies":"conspire:SneckoGhost","floor":31.0,"turns":4.0},{"damage":0.0,"enemies":"Pondfish","floor":33.0,"turns":4.0},{"damage":0.0,"enemies":"3 Shapes","floor":35.0,"turns":3.0},{"damage":0.0,"enemies":"Orb Walker","floor":37.0,"turns":3.0},{"damage":0.0,"enemies":"3 Darklings","floor":39.0,"turns":2.0},{"damage":0.0,"enemies":"Reptomancer","floor":41.0,"turns":3.0},{"damage":0.0,"enemies":"Sphere and 2 Shapes","floor":44.0,"turns":3.0},{"damage":0.0,"enemies":"Giant Head","floor":45.0,"turns":5.0},{"damage":14,"enemies":"Replay:Hell Engine","floor":50,"turns":5}],"seed_played":"5909603104797121841","potions_obtained":[{"floor":2.0,"key":"Venom Potion"},{"floor":7.0,"key":"PowerPotion"},{"floor":16.0,"key":"SkillPotion"},{"floor":31.0,"key":"Explosive Potion"},{"floor":33.0,"key":"Energy Potion"},{"floor":44.0,"key":"Fire Potion"}],"is_trial":false,"path_per_floor":["M","M","$","M","?","R","E","R","T","R","M","E","?","$","R","B",null,"M","?","M","M","?","R","M","R","T","M","$","E","R","E","R","B",null,"M","?","M","?","M","R","E","R","T","M","E","$","R","?","R","B",null],"character_chosen":"THE_SILENT","items_purchased":["Cloak And Dagger","Blade Dance","ReplayTheSpireMod:CursedCoin","Footwork+1"],"campfire_rested":0,"item_purchase_floors":[3,3,14,14],"current_hp_per_floor":[59,59,59,59,59,59,54,54,54,54,54,54,50,50,50,50,62,62,62,62,62,62,62,62,62,62,46,46,46,46,46,46,46,61,61,66,66,66,66,66,66,66,66,66,66,66,66,66,66,52],"gold":43,"neow_bonus":"THREE_ENEMY_KILL","is_daily":false,"chose_seed":false,"campfire_upgraded":11,"win_rate":0.0,"timestamp":1609087037,"path_taken":["M","M","$","M","?","R","E","R","T","R","M","E","?","?","R","BOSS","M","?","M","M","?","R","M","R","T","M","?","E","R","E","R","BOSS","M","?","M","?","M","R","E","R","T","M","E","$","R","?","R","BOSS"],"items_purchased_type":["Card","Card","Relic","Card"],"build_version":"2020-12-22","purchased_purges":5,"victory":true,"max_hp_per_floor":[66,66,66,66,66,66,66,66,66,66,66,66,66,66,66,66,66,66,66,66,66,66,66,66,66,66,66,66,66,66,66,66,66,66,66,66,66,66,66,66,66,66,66,66,66,66,66,66,66,66],"card_choices":[{"not_picked":["Acrobatics","Sucker Punch","Flying Knee"],"picked":"SKIP","floor":1.0},{"not_picked":["Outmaneuver","Predator","Acrobatics","AT_WindFlip"],"picked":"Dagger Spray","floor":2.0},{"not_picked":["Outmaneuver","Poisoned Stab","Dodge and Roll","Backflip"],"picked":"Escape Plan","floor":4.0},{"not_picked":["Underhanded Strike","Tactician","Dagger Spray","Blade Dance"],"picked":"Burst","floor":7.0},{"not_picked":["All Out Attack","Hidden Blade","Calculated Gamble","Underhanded Strike"],"picked":"Cloak And Dagger","floor":11.0},{"not_picked":["Deadly Poison","MostiFishMod:Dislodge","Terror","Outmaneuver"],"picked":"Infinite Blades","floor":12.0},{"not_picked":["Phantasmal Killer","Replay:Bag of Tricks","ReplayTheSpireMod:Necrosis","Well Laid Plans"],"picked":"AT_EssenceShift","floor":16.0},{"not_picked":["PiercingWail","Acrobatics","Deadly Poison","Distraction"],"picked":"Outmaneuver","floor":18.0},{"not_picked":["Calculated Gamble","AT_ThistleTea","Catalyst","MostiFishMod:PerfectParry"],"picked":"Flying Knee+1","floor":20.0},{"not_picked":["Acrobatics","REME_GreenPollution","Slice","Burst","Dagger Spray"],"picked":"SKIP","floor":21.0},{"not_picked":[],"picked":"MostiFishMod:HiddenBlade","floor":22.0},{"not_picked":["Deflect+1","MostiFishMod:PoisonShield","Dagger Throw","Slice+1"],"picked":"Caltrops","floor":24.0},{"not_picked":["MostiFishMod:FrostNova","Flechettes","MostiFishMod:PreservedThorns","Bane","Riddle With Holes"],"picked":"SKIP","floor":27.0},{"not_picked":["Poisoned Stab+1","AT_ShadowStep","AT_KneejerkReflex","Deflect"],"picked":"MostiFishMod:WinterMarkForm","floor":29.0},{"not_picked":["Slice","PiercingWail","Flying Knee","AT_ThistleTea","AT_WindFlip+1"],"picked":"SKIP","floor":31.0},{"not_picked":["Prepared","Blade Dance+1","Acrobatics","Replay:Poison Smokescreen","Cloak And Dagger"],"picked":"SKIP","floor":35.0},{"not_picked":["Deflect","Bane","AT_Desolate","Calculated Gamble","Cloak And Dagger"],"picked":"SKIP","floor":37.0},{"not_picked":["REME_ShadowStrike","Bane","Flying Knee+1","Deflect"],"picked":"Envenom","floor":39.0},{"not_picked":["Bane","Finisher","Night Terror","MostiFishMod:PerfectParry"],"picked":"MostiFishMod:Wind","floor":41.0},{"not_picked":["Poisoned Stab","Deadly Poison","Deflect","ReplayTheSpireMod:Shiv Toss","Dodge and Roll+1"],"picked":"SKIP","floor":44.0},{"not_picked":["Deadly Poison","MostiFishMod:InvigoratingSolution","Noxious Fumes","Replay:Bag of Tricks","MostiFishMod:PoisonShield"],"picked":"SKIP","floor":45.0}],"player_experience":751509,"relics_obtained":[{"floor":1.0,"key":"SynthV:TestCard"},{"floor":7.0,"key":"Paper Crane"},{"floor":9.0,"key":"conspire:BottledYoYo"},{"floor":12.0,"key":"Pet Ghost"},{"floor":29.0,"key":"Byrd Skull"},{"floor":31.0,"key":"Sundial"},{"floor":41.0,"key":"Gremlin Food"},{"floor":43.0,"key":"aspiration:ChemicalBlood"},{"floor":45.0,"key":"conspire:DeflatedDodgeball"}],"event_choices":[{"damage_healed":0.0,"max_hp_gain":0.0,"max_hp_loss":0.0,"gold_gain":0.0,"event_name":"conspire:Investor","player_choice":"Leave","floor":13.0,"gold_loss":0.0,"damage_taken":0.0},{"damage_healed":0.0,"max_hp_gain":0.0,"max_hp_loss":0.0,"gold_gain":0.0,"event_name":"Addict","player_choice":"Obtained Relic","floor":19.0,"gold_loss":85.0,"damage_taken":0.0,"relics_obtained":["The Courier"]},{"damage_healed":0.0,"max_hp_gain":0.0,"max_hp_loss":0.0,"gold_gain":0.0,"event_name":"Mysterious Sphere","player_choice":"Ignored","floor":38.0,"gold_loss":0.0,"damage_taken":0.0},{"cards_removed":["Defend_G"],"damage_healed":0,"gold_gain":0,"player_choice":"Offered Basic","damage_taken":0,"max_hp_gain":0,"max_hp_loss":0,"event_name":"Bonfire Elementals","floor":48,"gold_loss":0}],"is_beta":false,"boss_relics":[{"not_picked":["Black Star","vexMod:BigBerry"],"picked":"SoulBox"},{"not_picked":["MoonlightInvasionPlan","Calling Bell"],"picked":"Kintsugi"}],"items_purged_floors":[14,14,28,46,47],"is_endless":false,"potions_floor_spawned":[2,7,12,16,31,33,37,39,44],"ascension_level":19}}