{"host":"ff0k6g9g9j8o52vm","time":1609051312,"event":{"mods":["AchievementEnabler","Astrologer","BaseMod","Beaked The Cultist","Colored Map","Colored Powertips","Downfall","Duelist Mod","GifTheSpireLib","Gremlin Mod","Hermit","Jorbs\u0027s Wanderer Trilogy","Koishi","Marisa????????","Minty Spire (QoL Compilation)","StSLib","The Animator","The Bug Knight","The Construct","The Cursed","The Disciple","The Forsaken","The Hayseed","The Hierophant","The Judge","The Jungle","The Mystic","The Necromancer","The Poker Player","The Runesmith","The Senshi","The Servant 0.9.4","TheArtist"],"gold_per_floor":[118,136,149,165,180,207,207,233,256,256,269,269,285,67,67,165,165,185,203,203,29,29,29,29,29],"floor_reached":24,"playtime":2399,"items_purged":["beaked:Defend_Y"],"score":208,"play_id":"bc4ede37-6bd3-4ef8-8a90-b48284d1bd77","local_time":"20201226224152","is_ascension_mode":false,"campfire_choices":[{"data":"beaked:Evade","floor":7,"key":"SMITH"},{"floor":10,"key":"REST"},{"floor":15,"key":"REST"},{"floor":23,"key":"REST"}],"circlet_count":0,"master_deck":["beaked:Strike_Y","beaked:Strike_Y","beaked:Strike_Y","beaked:Strike_Y","beaked:Strike_Y","beaked:Defend_Y","beaked:Defend_Y","beaked:Defend_Y","beaked:Ceremony","beaked:Ceremony","beaked:Ceremony","beaked:Evade+1","beaked:RitualOfBody","beaked:Flinch","beaked:BraceForImpact","beaked:MimicWarrior","beaked:DigDeep","beaked:CursingBlood","beaked:Overexert","beaked:Windmill","expansioncontent:AwakenDeath","beaked:Poke","beaked:ScreechingChant","beaked:Tweet","beaked:SacrificialAttack","beaked:Cower"],"relics":["beaked:MendingPlumage","Oddly Smooth Stone","Bag of Preparation","Art of War","SlaversCollar","Bag of Marbles"],"acts_visited":["Exordium","TheCity"],"potions_floor_usage":[8,8,8,13,24],"damage_taken":[{"damage":3,"enemies":"Jaw Worm","floor":1,"turns":5},{"damage":1,"enemies":"Cultist","floor":2,"turns":4},{"damage":0,"enemies":"2 Louse","floor":3,"turns":4},{"damage":13,"enemies":"Exordium Wildlife","floor":4,"turns":7},{"damage":21,"enemies":"Looter","floor":5,"turns":4},{"damage":11,"enemies":"Lagavulin","floor":6,"turns":6},{"damage":60,"enemies":"Gremlin Nob","floor":8,"turns":6},{"damage":7,"enemies":"2 Fungi Beasts","floor":11,"turns":5},{"damage":28,"enemies":"3 Louse","floor":13,"turns":5},{"damage":71,"enemies":"Hexaghost","floor":16,"turns":9},{"damage":70,"enemies":"3 Byrds","floor":18,"turns":8},{"damage":42,"enemies":"Chosen","floor":19,"turns":8},{"damage":67,"enemies":"Slavers","floor":24,"turns":3}],"seed_played":"-2647581377558168482","potions_obtained":[{"floor":2,"key":"hexamod:EctoCoolerPotion"},{"floor":3,"key":"FearPotion"},{"floor":5,"key":"Explosive Potion"},{"floor":11,"key":"PowerPotion"},{"floor":16,"key":"Energy Potion"}],"is_trial":false,"path_per_floor":["M","M","M","M","M","E","R","E","T","R","M","?","M","$","R","B",null,"M","M","?","$","?","R","E"],"character_chosen":"BEAKED_THE_CULTIST","items_purchased":["expansioncontent:AwakenDeath","beaked:Poke","beaked:Cower","Bag of Marbles"],"campfire_rested":3,"item_purchase_floors":[14,14,21,21],"current_hp_per_floor":[55,55,55,55,39,44,44,3,3,19,31,31,25,25,41,15,55,21,15,15,15,15,31,0,0],"gold":29,"neow_bonus":"TEN_PERCENT_HP_BONUS","is_daily":false,"chose_seed":false,"campfire_upgraded":1,"win_rate":0.0,"timestamp":1609051312,"path_taken":["M","M","M","M","M","E","R","E","T","R","M","?","M","$","R","BOSS","M","M","?","$","?","R","E"],"items_purchased_type":["Card","Card","Card","Relic"],"build_version":"2020-12-22","purchased_purges":1,"victory":false,"max_hp_per_floor":[55,55,55,55,55,55,55,55,55,55,55,55,55,55,55,55,55,55,55,55,55,55,55,55,55],"card_choices":[{"not_picked":["beaked:Resilience","beaked:Mantra"],"picked":"beaked:Evade","floor":1},{"not_picked":["beaked:Insight","beaked:SurvivalInstinct"],"picked":"beaked:RitualOfBody","floor":2},{"not_picked":["beaked:SurvivalInstinct","beaked:Sacrifice"],"picked":"beaked:Flinch","floor":3},{"not_picked":["beaked:Replenish","beaked:Evade"],"picked":"beaked:BraceForImpact","floor":4},{"not_picked":["beaked:Tradeoff","beaked:Redirect"],"picked":"beaked:MimicWarrior","floor":5},{"not_picked":["beaked:BarbedWire","beaked:SacrificialDive"],"picked":"beaked:DigDeep","floor":6},{"not_picked":["beaked:Insight","beaked:Mantra"],"picked":"beaked:CursingBlood","floor":8},{"not_picked":["beaked:SacrificialDive","beaked:MimicWarrior"],"picked":"beaked:Overexert","floor":11},{"not_picked":["beaked:FeelMyPain","beaked:Cower"],"picked":"beaked:Windmill","floor":13},{"not_picked":["beaked:AwakenedForm","beaked:FakeOut"],"picked":"beaked:ScreechingChant","floor":16},{"not_picked":["beaked:StickSmack","beaked:Mantra+1"],"picked":"beaked:Tweet","floor":18},{"not_picked":["beaked:BloodForTheGods","beaked:DigDeeper+1"],"picked":"beaked:SacrificialAttack","floor":19}],"player_experience":859149,"relics_obtained":[{"floor":6,"key":"Oddly Smooth Stone"},{"floor":8,"key":"Bag of Preparation"},{"floor":9,"key":"Art of War"}],"event_choices":[{"cards_removed":["beaked:Strike_Y"],"damage_healed":0,"gold_gain":0,"player_choice":"Purged","damage_taken":0,"max_hp_gain":0,"max_hp_loss":0,"event_name":"Purifier","floor":12,"gold_loss":0},{"damage_healed":0,"gold_gain":0,"player_choice":"Ignored","damage_taken":0,"max_hp_gain":0,"max_hp_loss":0,"event_name":"Vampires","floor":20,"gold_loss":0},{"damage_healed":0,"gold_gain":0,"player_choice":"Ignored","damage_taken":0,"max_hp_gain":0,"max_hp_loss":0,"event_name":"Ghosts","floor":22,"gold_loss":0}],"is_beta":false,"boss_relics":[{"not_picked":["Velvet Choker","SacredBark"],"picked":"SlaversCollar"}],"items_purged_floors":[14],"is_endless":false,"potions_floor_spawned":[2,3,5,11,16],"killed_by":"Slavers","ascension_level":0}}