{"host":"u0f5uy314yz7olfc","time":1609091021,"event":{"mods":["AchievementEnabler","Aspiration","BaseMod","Better Altar","Better Match","Better Note","Better Sensory Stone","Better Skull","Better Third Choice","BetterRewards","Block Reminder","Colored Map","Colored Powertips","DeckTracker","Dota2Spire","Emptier Cage","Gold Saver","Highlight Path","Hubris","Infinite Spire","Marked Mod","Mimic Mod","Minty Spire (QoL Compilation)","Permanent Neow","Quick Restart","Rare Cards Sparkle","Relic Sorter","Replay The Spire","Shop Mod","StSLib","The Bladedancer","The Blue Laboratory","Watcher Patcher"],"gold_per_floor":[116,126,26,26,26,26,43,43,43,43,19,19,33,33,33,131,131,150,150,18,34,50,50,62,62,62],"floor_reached":25,"playtime":1572,"items_purged":[],"score":216,"play_id":"8ff9ed6f-ab12-4000-8c0d-e5a18b706fe5","local_time":"20201228004341","is_ascension_mode":false,"campfire_choices":[{"floor":6,"key":"REST"},{"floor":8,"key":"REST"},{"floor":12,"key":"RECALL"},{"floor":15,"key":"REST"},{"floor":23,"key":"REST"}],"circlet_count":0,"master_deck":["blademaster:Strike","blademaster:Strike","blademaster:Strike","blademaster:Strike","blademaster:Defend","blademaster:Defend","blademaster:Defend","blademaster:Defend","blademaster:RagingBlow","blademaster:HighVoltage","blademaster:BrainBloom","blademaster:ThunderSlash","blademaster:DragonStrike","blademaster:AwakeningDefend","blademaster:Stability","blademaster:Cut","blademaster:EyeOfTheTornado","blademaster:FuriousStrike","blademaster:Sharpen","blademaster:CullingStrike+1","blademaster:Quickstep","blademaster:Flurry","blademaster:Blockade","blademaster:AspectOfLightning","blademaster:Overcharge","blademaster:AwakeningStrike","blademaster:Empower","blademaster:EyeOfTheStorm","blademaster:Blindside","blademaster:AwakeningStrike","Pommel Strike+1","blademaster:DragonStrike","blademaster:WindSlash"],"relics":["blademaster:DancersAmulet","MerchantsRug","hubris:Towel","aspiration:IroncladSkillbook","Garlic"],"acts_visited":["Exordium","TheCity"],"potions_floor_usage":[25,25],"damage_taken":[{"damage":6,"enemies":"2 Louse","floor":1,"turns":4},{"damage":1,"enemies":"Small Slimes","floor":2,"turns":6},{"damage":16,"enemies":"Jaw Worm","floor":7,"turns":6},{"damage":25,"enemies":"3 Louse","floor":13,"turns":5},{"damage":29,"enemies":"Hexaghost","floor":16,"turns":10},{"damage":31,"enemies":"Spheric Guardian","floor":18,"turns":7},{"damage":13,"enemies":"3 Byrds","floor":21,"turns":5},{"damage":16,"enemies":"Snecko","floor":22,"turns":6},{"damage":14,"enemies":"Centurion and Healer","floor":24,"turns":6},{"damage":39,"enemies":"Cultist and Chosen","floor":25,"turns":6}],"seed_played":"314267868291891340","potions_obtained":[{"floor":7,"key":"blueLaboratory:RememoryPotion"},{"floor":16,"key":"blueLaboratory:PhilterOfMotion"},{"floor":18,"key":"blueLaboratory:LouseDecoction"},{"floor":22,"key":"BlessingOfTheForge"}],"is_trial":false,"path_per_floor":["M","M","$","?","?","R","M","R","T","?","$","R","M","?","R","B",null,"M","?","?","M","M","R","M","M"],"character_chosen":"THE_BLADEMASTER","items_purchased":["blademaster:BrainBloom","blademaster:ThunderSlash","blademaster:DragonStrike","blademaster:AwakeningDefend","blademaster:Stability","MerchantsRug","blademaster:Cut","blademaster:EyeOfTheTornado","blademaster:FuriousStrike","blademaster:Sharpen","blademaster:CullingStrike+1","blademaster:Quickstep","blademaster:Blockade","blademaster:AspectOfLightning","blademaster:AwakeningStrike"],"campfire_rested":4,"item_purchase_floors":[0,0,0,0,0,0,0,0,0,0,0,0,3,3,11],"current_hp_per_floor":[26,25,25,18,18,40,24,46,46,46,46,46,21,21,43,14,75,48,48,48,39,27,49,39,0,0],"gold":62,"neow_bonus":"","is_daily":false,"chose_seed":false,"campfire_upgraded":0,"win_rate":0.0,"timestamp":1609091021,"path_taken":["M","M","$","?","?","R","M","R","T","?","$","R","M","?","R","BOSS","M","?","?","M","M","R","M","M"],"items_purchased_type":["Card","Card","Card","Card","Card","Relic","Card","Card","Card","Card","Card","Card","Card","Card","Card"],"build_version":"2020-12-22","purchased_purges":0,"victory":false,"max_hp_per_floor":[75,75,75,75,75,75,75,75,75,75,75,75,75,75,75,75,75,75,75,75,75,75,75,75,75,75],"card_choices":[{"not_picked":["blademaster:Hailwind","blademaster:DaggerAndCloak"],"picked":"blademaster:ChargingUp","floor":1},{"not_picked":["blademaster:Thrust","blademaster:Stormstrike"],"picked":"blademaster:Flurry","floor":2},{"not_picked":["blademaster:FuriousStrike","blademaster:AirSlash"],"picked":"blademaster:Overcharge","floor":7},{"not_picked":["blademaster:AirSlash","blademaster:Overcharge"],"picked":"blademaster:Empower","floor":13},{"not_picked":["blademaster:CloudOfSteel","blademaster:FuryOfTheElements"],"picked":"blademaster:Blindside","floor":16},{"not_picked":["blademaster:IcyWind","blademaster:Thrust","Clothesline"],"picked":"blademaster:AwakeningStrike","floor":18},{"not_picked":["Feel No Pain","blademaster:CullingStrike+1","Combust"],"picked":"Pommel Strike+1","floor":21},{"not_picked":["True Grit","Second Wind","Abandon"],"picked":"blademaster:DragonStrike","floor":22},{"not_picked":["Uppercut","ReplayTheSpireMod:LeadingStrike+1","blademaster:AwakeningStrike"],"picked":"blademaster:WindSlash","floor":24}],"player_experience":341720,"relics_obtained":[],"event_choices":[{"cards_removed":["blademaster:ChargingUp"],"damage_healed":0,"gold_gain":0,"player_choice":"Card Removal","damage_taken":7,"max_hp_gain":0,"max_hp_loss":0,"event_name":"Golden Wing","floor":4,"gold_loss":0},{"damage_healed":0,"gold_gain":1,"player_choice":"4","damage_taken":0,"max_hp_gain":0,"max_hp_loss":0,"event_name":"betterStone:BetterStone","floor":14,"gold_loss":0,"cards_obtained":["blademaster:EyeOfTheStorm"]},{"damage_healed":0,"gold_gain":0,"player_choice":"Ignored","damage_taken":0,"max_hp_gain":0,"max_hp_loss":0,"event_name":"N\u0027loth","floor":19,"gold_loss":0},{"damage_healed":0,"gold_gain":0,"player_choice":"Paid Gold","damage_taken":0,"relics_obtained":["Garlic"],"max_hp_gain":0,"max_hp_loss":0,"event_name":"WeMeetAgain","floor":20,"gold_loss":132}],"is_beta":false,"boss_relics":[{"not_picked":["Abe\u0027s Treasure","aspiration:SilentSkillbook"],"picked":"aspiration:IroncladSkillbook"}],"items_purged_floors":[],"is_endless":false,"potions_floor_spawned":[7,16,18,22],"killed_by":"Cultist and Chosen","ascension_level":0}}