{"host":"9d83omykrosjn1d3","time":1609064434,"event":{"mods":["AchievementEnabler","BaseMod","BetterRewards","Card Forge","Downfall","Hubris","Minty Spire (QoL Compilation)","Permanent Neow","Shop Mod","StSLib","SuperFastMode","The Construct"],"gold_per_floor":[111,111,76,76,94,124,157,190,217,246,274,306,306,332,332,427,427,445,462,494,125,125,156,190,217,241,241,571,606,640,671,671,766,766,777,514,514,545,767,767,767],"floor_reached":40,"playtime":1687,"items_purged":[],"score":800,"play_id":"1ac4cfc3-1c1d-4124-b85f-0d34aa25bf97","local_time":"20201227192034","daily_mods":["Heirloom","Flight","downfall:Lament","DeadlyEvents","Elite Swarm"],"is_ascension_mode":false,"campfire_choices":[{"data":"Rampage","floor":13,"key":"SMITH"},{"data":"Double Tap","floor":15,"key":"SMITH"},{"data":"Evolve","floor":27,"key":"SMITH"},{"floor":32,"key":"REST"}],"circlet_count":0,"master_deck":["Defend_R+1","Bash+1","Evolve+1","hubris:DuctTapeCard"],"relics":["Burning Blood","Hammer of Thor","Seething Fire","Anvil of the Gods","NeowsBlessing","hubris:FunFungus","hubris:OldNail","Happy Flower","Art of War","PreservedInsect","Ornamental Fan","Letter Opener","Pen Nib","hubris:Metronome","Runic Pyramid","Red Mask","MerchantsRug","Blue Candle","Question Card","Omamori","StrikeDummy","construct:RocketBooster","Strawberry","Old Coin","Toxic Egg 2","Guardian:PocketSentry","Bronze Scales","Mark of Pain","Ice Cream","hubris:DuctTape"],"acts_visited":["Exordium","TheCity","TheBeyond"],"potions_floor_usage":[],"damage_taken":[{"damage":0,"enemies":"Small Slimes","floor":1,"turns":1},{"damage":0,"enemies":"Cultist","floor":5,"turns":1},{"damage":0,"enemies":"Gremlin Nob","floor":6,"turns":1},{"damage":31,"enemies":"Lagavulin","floor":7,"turns":5},{"damage":6,"enemies":"Gremlin Nob","floor":8,"turns":3},{"damage":26,"enemies":"3 Sentries","floor":10,"turns":5},{"damage":13,"enemies":"Lagavulin","floor":11,"turns":5},{"damage":9,"enemies":"3 Sentries","floor":12,"turns":3},{"damage":0,"enemies":"Gremlin Nob","floor":14,"turns":2},{"damage":11,"enemies":"Slime Boss","floor":16,"turns":4},{"damage":20,"enemies":"2 Thieves","floor":18,"turns":3},{"damage":15,"enemies":"3 Byrds","floor":19,"turns":4},{"damage":12,"enemies":"Masked Bandits","floor":20,"turns":3},{"damage":21,"enemies":"Slavers","floor":23,"turns":3},{"damage":0,"enemies":"Gremlin Leader","floor":24,"turns":3},{"damage":4,"enemies":"Book of Stabbing","floor":25,"turns":2},{"damage":33,"enemies":"Slavers","floor":28,"turns":4},{"damage":0,"enemies":"Gremlin Leader","floor":29,"turns":3},{"damage":4,"enemies":"Book of Stabbing","floor":30,"turns":2},{"damage":4,"enemies":"Gremlin Leader","floor":31,"turns":2},{"damage":16,"enemies":"hubris:MusketHawk","floor":33,"turns":4},{"damage":7,"enemies":"3 Darklings","floor":35,"turns":3},{"damage":8,"enemies":"Nemesis","floor":38,"turns":3},{"damage":0,"enemies":"Reptomancer","floor":40,"turns":2}],"seed_played":"1428277007995732570","potions_obtained":[{"floor":1,"key":"SteroidPotion"},{"floor":6,"key":"champ:CounterPotion"},{"floor":8,"key":"Dexterity Potion"},{"floor":28,"key":"EssenceOfSteel"},{"floor":33,"key":"SteroidPotion"}],"is_trial":true,"path_per_floor":["M","?","$","?","M","E","E","E","T","E","E","E","R","E","R","B",null,"M","M","?","$","?","E","E","E","T","R","E","E","E","E","R","B",null,"M","$","$","E","?","E"],"character_chosen":"IRONCLAD","items_purchased":["Rampage","MerchantsRug","Blue Candle","Ice Cream"],"campfire_rested":1,"item_purchase_floors":[3,21,21,36],"current_hp_per_floor":[80,80,80,80,80,80,56,56,56,36,37,34,34,40,40,35,80,66,57,51,51,51,36,42,44,51,51,24,30,32,34,60,50,87,86,86,86,85,85,85,85],"gold":767,"neow_bonus":"","is_daily":false,"chose_seed":false,"campfire_upgraded":3,"win_rate":0.0,"timestamp":1609064434,"path_taken":["M","?","?","?","?","E","E","E","T","E","E","E","R","E","R","BOSS","M","?","?","$","?","E","E","E","T","R","E","E","E","E","R","BOSS","M","?","$","?","?","E"],"items_purchased_type":["Card","Relic","Relic","Relic"],"build_version":"2020-12-22","purchased_purges":0,"victory":false,"max_hp_per_floor":[80,80,80,80,80,80,80,80,80,80,80,80,80,80,80,80,80,80,80,80,80,80,80,80,80,87,87,87,87,87,87,87,87,87,87,87,87,87,87,87,87],"card_choices":[{"not_picked":["Reckless Charge","Bloodletting","Clothesline"],"picked":"SKIP","floor":1},{"not_picked":["hubris:SharpeningStone","Body Slam"],"picked":"Evolve","floor":5},{"not_picked":["Juggernaut","Fiend Fire","hubris:StunningStrike"],"picked":"SKIP","floor":6},{"not_picked":["Berserk","Juggernaut","Offering"],"picked":"SKIP","floor":7},{"not_picked":["Juggernaut","Berserk","Bludgeon"],"picked":"SKIP","floor":8},{"not_picked":["Juggernaut","hubris:StunningStrike","Feed"],"picked":"SKIP","floor":10},{"not_picked":["Demon Form","Bludgeon"],"picked":"Double Tap","floor":11},{"not_picked":["Juggernaut","Exhume","Brutality"],"picked":"SKIP","floor":12},{"not_picked":["Brutality","Impervious","Exhume"],"picked":"SKIP","floor":14},{"not_picked":["Thunderclap","Armaments+1","Headbutt"],"picked":"SKIP","floor":18},{"not_picked":["Fire Breathing+1","Sentinel","Body Slam"],"picked":"SKIP","floor":19},{"not_picked":["Limit Break","Demon Form","Feed","Exhume"],"picked":"SKIP","floor":23},{"not_picked":["Reaper","Double Tap","Offering","Limit Break"],"picked":"SKIP","floor":24},{"not_picked":["Impervious","Bludgeon","Double Tap","Corruption"],"picked":"SKIP","floor":25},{"not_picked":["Feed","Brutality","Fiend Fire","Limit Break"],"picked":"SKIP","floor":28},{"not_picked":["Brutality","Immolate","Offering+1","Impervious+1"],"picked":"SKIP","floor":29},{"not_picked":["Berserk","Bludgeon","Fiend Fire","Double Tap+1"],"picked":"SKIP","floor":30},{"not_picked":["Impervious+1","Exhume+1","Fiend Fire","Brutality"],"picked":"SKIP","floor":31},{"not_picked":["Sentinel+1","Iron Wave+1","Anger+1","Thunderclap"],"picked":"SKIP","floor":35},{"not_picked":["Offering+1","Fiend Fire","Impervious+1","Double Tap+1"],"picked":"SKIP","floor":38}],"player_experience":673807,"relics_obtained":[{"floor":6,"key":"hubris:OldNail"},{"floor":7,"key":"Happy Flower"},{"floor":8,"key":"Art of War"},{"floor":9,"key":"PreservedInsect"},{"floor":10,"key":"Ornamental Fan"},{"floor":11,"key":"Letter Opener"},{"floor":12,"key":"Pen Nib"},{"floor":14,"key":"hubris:Metronome"},{"floor":20,"key":"Red Mask"},{"floor":23,"key":"Omamori"},{"floor":24,"key":"StrikeDummy"},{"floor":25,"key":"construct:RocketBooster"},{"floor":26,"key":"Strawberry"},{"floor":28,"key":"Old Coin"},{"floor":29,"key":"Toxic Egg 2"},{"floor":30,"key":"Guardian:PocketSentry"},{"floor":31,"key":"Bronze Scales"},{"floor":38,"key":"hubris:DuctTape"}],"event_choices":[{"damage_healed":0,"gold_gain":0,"player_choice":"Upgraded","damage_taken":0,"max_hp_gain":0,"max_hp_loss":0,"event_name":"Upgrade Shrine","floor":2,"gold_loss":0,"cards_upgraded":["Bash"]},{"cards_removed":["Strike_R"],"damage_healed":0,"gold_gain":0,"player_choice":"Purged","damage_taken":0,"max_hp_gain":0,"max_hp_loss":0,"event_name":"Purifier","floor":4,"gold_loss":0},{"damage_healed":0,"gold_gain":0,"player_choice":"Fought Bandits","damage_taken":0,"max_hp_gain":0,"max_hp_loss":0,"event_name":"Masked Bandits","floor":20,"gold_loss":0},{"cards_removed":["Double Tap"],"damage_healed":0,"gold_gain":0,"player_choice":"Gave Card","damage_taken":0,"relics_obtained":["Question Card"],"max_hp_gain":0,"max_hp_loss":0,"event_name":"WeMeetAgain","floor":22,"gold_loss":0},{"damage_healed":0,"gold_gain":222,"player_choice":"Wore Mask","damage_taken":0,"max_hp_gain":0,"max_hp_loss":0,"event_name":"Tomb of Lord Red Mask","floor":39,"gold_loss":0}],"is_beta":false,"boss_relics":[{"not_picked":["hubris:Stopwatch","Tiny House"],"picked":"Runic Pyramid"},{"not_picked":["expansioncontent:StudyCardRelic","hubris:ScarierMask"],"picked":"Mark of Pain"}],"items_purged_floors":[],"is_endless":false,"potions_floor_spawned":[1,6,8,16,19,20,28,33],"killed_by":"Reptomancer","ascension_level":0}}