{"host":"rmsq46plbpwfbxcc","time":1609069545,"event":{"mods":["AchievementEnabler","BaseMod","Colored Map","DeckTracker","Minty Spire (QoL Compilation)","Permanent Neow","SuperFastMode"],"gold_per_floor":[109,124,49,49,68,96,96,96,96,114,114,148,148,160,160,232,232,252,265,265,284,284,284,320,330,355,355,381,424,424,446,446,523,577,590,609,226,226,226],"floor_reached":38,"playtime":1633,"items_purged":["Defend_G","Grand Finale"],"score":952,"play_id":"ac5e867d-36c5-4a6e-a209-22fb426f036c","local_time":"20201227204545","is_ascension_mode":true,"campfire_choices":[{"data":"Glass Knife","floor":8.0,"key":"SMITH"},{"data":"Footwork","floor":13.0,"key":"SMITH"},{"data":"Blur","floor":15.0,"key":"SMITH"},{"data":"A Thousand Cuts","floor":23.0,"key":"SMITH"},{"floor":27.0,"key":"REST"},{"floor":30.0,"key":"REST"},{"data":"Blade Dance","floor":32.0,"key":"SMITH"}],"circlet_count":0,"master_deck":["AscendersBane","Survivor","Neutralize+1","Deflect+1","Predator+1","After Image+1","Footwork+1","Glass Knife+1","Crippling Poison","Blur+1","PiercingWail","A Thousand Cuts+1","Blade Dance+1","Cloak And Dagger","Blur","PiercingWail","Well Laid Plans","PiercingWail","Sucker Punch","Slice","Blur","Bouncing Flask","Burst","Accuracy"],"relics":["Astrolabe","Mummified Hand","Whetstone","Sundial","SlaversCollar","Oddly Smooth Stone","CeramicFish","Centennial Puzzle","Bottled Flame","Pandora\u0027s Box","Ornamental Fan"],"acts_visited":["Exordium","TheCity","TheBeyond"],"potions_floor_usage":[],"damage_taken":[{"damage":3.0,"enemies":"Small Slimes","floor":1.0,"turns":4.0},{"damage":0.0,"enemies":"2 Louse","floor":2.0,"turns":3.0},{"damage":4.0,"enemies":"Cultist","floor":5.0,"turns":4.0},{"damage":2.0,"enemies":"Lagavulin","floor":6.0,"turns":6.0},{"damage":0.0,"enemies":"Red Slaver","floor":10.0,"turns":2.0},{"damage":4.0,"enemies":"3 Sentries","floor":12.0,"turns":6.0},{"damage":0.0,"enemies":"3 Louse","floor":14.0,"turns":2.0},{"damage":6.0,"enemies":"Hexaghost","floor":16.0,"turns":15.0},{"damage":1.0,"enemies":"Spheric Guardian","floor":18.0,"turns":6.0},{"damage":12.0,"enemies":"Shell Parasite","floor":19.0,"turns":5.0},{"damage":0.0,"enemies":"3 Cultists","floor":21.0,"turns":6.0},{"damage":22.0,"enemies":"Slavers","floor":24.0,"turns":6.0},{"damage":11.0,"enemies":"Snecko","floor":25.0,"turns":6.0},{"damage":23.0,"enemies":"Shelled Parasite and Fungi","floor":28.0,"turns":7.0},{"damage":0.0,"enemies":"Gremlin Leader","floor":29.0,"turns":8.0},{"damage":2.0,"enemies":"Sentry and Sphere","floor":31.0,"turns":6.0},{"damage":0.0,"enemies":"Collector","floor":33.0,"turns":9.0},{"damage":9.0,"enemies":"3 Shapes","floor":35.0,"turns":5.0},{"damage":6.0,"enemies":"3 Darklings","floor":36.0,"turns":8.0},{"damage":45,"enemies":"2 Orb Walkers","floor":38,"turns":4}],"seed_played":"-2148662604715073260","potions_obtained":[{"floor":2.0,"key":"CunningPotion"},{"floor":6.0,"key":"Swift Potion"},{"floor":7.0,"key":"DistilledChaos"},{"floor":7.0,"key":"PowerPotion"},{"floor":12.0,"key":"CunningPotion"},{"floor":16.0,"key":"FearPotion"},{"floor":18.0,"key":"CultistPotion"},{"floor":19.0,"key":"Poison Potion"},{"floor":21.0,"key":"SteroidPotion"},{"floor":28.0,"key":"SpeedPotion"},{"floor":31.0,"key":"EssenceOfSteel"},{"floor":36.0,"key":"Ancient Potion"}],"is_trial":false,"path_per_floor":["M","M","$","?","M","E","?","R","T","M","$","E","R","M","R","B",null,"M","M","?","M","?","R","E","M","T","R","M","E","R","M","R","B",null,"M","M","$","?"],"character_chosen":"THE_SILENT","items_purchased":["Ornamental Fan"],"campfire_rested":2,"item_purchase_floors":[37],"current_hp_per_floor":[56,56,56,56,52,50,50,50,50,50,50,46,46,46,46,40,60,59,47,47,47,47,47,25,14,14,33,10,10,29,27,27,27,56,47,41,41,0,0],"gold":226,"neow_bonus":"BOSS_RELIC","is_daily":false,"chose_seed":false,"campfire_upgraded":5,"win_rate":0.0,"timestamp":1609069545,"path_taken":["M","M","$","?","M","E","?","R","T","?","?","E","R","M","R","BOSS","M","M","?","M","?","R","E","M","T","R","M","E","R","M","R","BOSS","M","?","$","?"],"items_purchased_type":["Relic"],"build_version":"2020-12-22","purchased_purges":2,"victory":false,"max_hp_per_floor":[66,66,66,66,66,66,66,66,66,66,66,66,66,66,66,66,66,66,66,66,66,66,66,66,66,66,66,66,66,66,66,66,66,66,66,66,66,66,66],"card_choices":[{"not_picked":["Prepared","Underhanded Strike","Bane"],"picked":"SKIP","floor":1.0},{"not_picked":["All Out Attack","Crippling Poison","Concentrate"],"picked":"SKIP","floor":2.0},{"not_picked":["Deadly Poison","Noxious Fumes"],"picked":"Footwork","floor":5.0},{"not_picked":["Quick Slash","Prepared"],"picked":"Glass Knife","floor":6.0},{"not_picked":["Dagger Spray","Bane"],"picked":"Crippling Poison","floor":10.0},{"not_picked":["Flying Knee","Backflip"],"picked":"Blur","floor":12.0},{"not_picked":["Flechettes","Dagger Throw"],"picked":"PiercingWail","floor":14.0},{"not_picked":["Glass Knife","Doppelganger"],"picked":"A Thousand Cuts","floor":16.0},{"not_picked":["Poisoned Stab","Dagger Throw","Bane"],"picked":"SKIP","floor":18.0},{"not_picked":["Bane","Dagger Spray"],"picked":"Blade Dance","floor":19.0},{"not_picked":["Dodge and Roll+1","Doppelganger","PiercingWail"],"picked":"SKIP","floor":21.0},{"not_picked":["Deflect","Masterful Stab+1"],"picked":"Blur","floor":24.0},{"not_picked":["Dodge and Roll","Sucker Punch","Dagger Spray"],"picked":"SKIP","floor":25.0},{"not_picked":["Skewer","Cloak And Dagger"],"picked":"PiercingWail","floor":28.0},{"not_picked":["Backstab","Catalyst"],"picked":"Well Laid Plans","floor":29.0},{"not_picked":["Flying Knee+1","Endless Agony"],"picked":"PiercingWail","floor":31.0},{"not_picked":["Dagger Spray","Dodge and Roll","Heel Hook+1"],"picked":"SKIP","floor":35.0},{"not_picked":["Eviscerate","PiercingWail+1"],"picked":"Accuracy","floor":36.0}],"player_experience":1396939,"relics_obtained":[{"floor":6.0,"key":"Mummified Hand"},{"floor":9.0,"key":"Whetstone"},{"floor":12.0,"key":"Sundial"},{"floor":24.0,"key":"CeramicFish"},{"floor":26.0,"key":"Centennial Puzzle"},{"floor":29.0,"key":"Bottled Flame"}],"event_choices":[{"damage_healed":0.0,"max_hp_gain":0.0,"max_hp_loss":0.0,"gold_gain":0.0,"event_name":"Liars Game","player_choice":"Ignored","floor":4.0,"gold_loss":0.0,"damage_taken":0.0},{"damage_healed":0.0,"max_hp_gain":0.0,"max_hp_loss":0.0,"gold_gain":0.0,"event_name":"Lab","player_choice":"Got Potions","floor":7.0,"gold_loss":0.0,"damage_taken":0.0},{"damage_healed":0.0,"max_hp_gain":0.0,"max_hp_loss":0.0,"gold_gain":0.0,"event_name":"The Library","player_choice":"Read","floor":20.0,"gold_loss":0.0,"damage_taken":0.0,"cards_obtained":["Cloak And Dagger"]},{"damage_healed":0.0,"max_hp_gain":0.0,"max_hp_loss":0.0,"gold_gain":0.0,"event_name":"WeMeetAgain","player_choice":"Gave Potion","floor":22.0,"gold_loss":0.0,"damage_taken":0.0,"relics_obtained":["Oddly Smooth Stone"]},{"damage_healed":0,"gold_gain":0,"player_choice":"Fight","damage_taken":0,"max_hp_gain":0,"max_hp_loss":0,"event_name":"Mysterious Sphere","floor":38,"gold_loss":0}],"is_beta":false,"boss_relics":[{"not_picked":["Velvet Choker","Runic Pyramid"],"picked":"SlaversCollar"},{"not_picked":["Black Star","SacredBark"],"picked":"Pandora\u0027s Box"}],"items_purged_floors":[3,37],"is_endless":false,"potions_floor_spawned":[2,6,12,16,18,19,21,28,31,36],"killed_by":"2 Orb Walkers","ascension_level":18}}