{"host":"ccz","time":1609052843,"event":{"mods":["BaseMod","Minty Spire (QoL Compilation)","Reimu£®≤©¿ˆ¡È√Œ£©","StSLib","°æπ¶ƒ‹Mod°øªÏ„Á÷Æª∑–ﬁ∏¥≤π∂°","ÛÙª÷∏ƒœ"],"gold_per_floor":[116,116,111,111,36,36,69,79,79,97,114,14,14,25,25,130,130,145,157,157,173,272,272,288,288,288],"floor_reached":25,"playtime":778,"items_purged":["Poor:ReiMu","Strike_Lin:ReiMu"],"score":205,"play_id":"0afc1308-4f6f-4965-ac0f-6c1a17eed4fb","local_time":"20201227150723","is_ascension_mode":false,"campfire_choices":[{"data":"FantasyMoon:ReiMu","floor":6.0,"key":"SMITH"},{"data":"MountainWay:ReiMu","floor":15,"key":"SMITH"},{"data":"FantasyMoon:ReiMu","floor":23,"key":"SMITH"}],"circlet_count":0,"master_deck":["Strike_Lin:ReiMu","Strike_Lin:ReiMu","Strike_Lin:ReiMu","Defend_Lin:ReiMu","Defend_Lin:ReiMu","Defend_Lin:ReiMu","Defend_Lin:ReiMu","NB:ReiMu","Stagnation:ReiMu","KyokaiOfKami:ReiMu+1","FantasyMoon:ReiMu+1","Conquer:ReiMu","MountainWay:ReiMu+1","RainPray2:ReiMu","ManaGlint:ReiMu+1","FantasyMoon:ReiMu+1","SpringWay:ReiMu"],"relics":["FlyPower:ReiMu","Molten Egg 2","Meat on the Bone","Bottled Lightning","DonationBox:ReiMu"],"acts_visited":["TheCity"],"potions_floor_usage":[18,24,25],"damage_taken":[{"damage":0.0,"enemies":"2 Louse","floor":1.0,"turns":2.0},{"damage":7.0,"enemies":"Cultist","floor":3.0,"turns":4.0},{"damage":12.0,"enemies":"3 Sentries","floor":7.0,"turns":5.0},{"damage":5.0,"enemies":"Jaw Worm","floor":8.0,"turns":3.0},{"damage":0,"enemies":"3 Louse","floor":10,"turns":1},{"damage":0,"enemies":"Large Slime","floor":11,"turns":4},{"damage":7,"enemies":"Looter","floor":14,"turns":5},{"damage":30,"enemies":"Hexaghost","floor":16,"turns":13},{"damage":19,"enemies":"Chosen","floor":18,"turns":6},{"damage":0,"enemies":"Spheric Guardian","floor":19,"turns":3},{"damage":2,"enemies":"Centurion and Healer","floor":21,"turns":4},{"damage":11,"enemies":"Snake Plant","floor":24,"turns":5},{"damage":36,"enemies":"Gremlin Leader","floor":25,"turns":4}],"seed_played":"3164218725235640627","potions_obtained":[{"floor":3.0,"key":"Fire Potion"},{"floor":7.0,"key":"LiquidFlight:ReiMu"},{"floor":14,"key":"FearPotion"},{"floor":16,"key":"LiquidMemories"},{"floor":18,"key":"PinkPotion:ReiMu"}],"is_trial":false,"path_per_floor":["M","?","M","?","$","R","E","M","T","M","M","$","T","M","R","B",null,"M","M","?","M","?","R","M","E"],"character_chosen":"REIMU","items_purchased":[],"campfire_rested":0,"item_purchase_floors":[],"current_hp_per_floor":[65,65,58,58,58,58,46,41,41,41,41,41,41,34,34,16,65,46,46,46,44,44,44,33,0,0],"gold":288,"neow_bonus":"THREE_RARE_CARDS","is_daily":false,"chose_seed":false,"campfire_upgraded":3,"win_rate":0.0,"timestamp":1609052843,"path_taken":["M","?","?","?","$","R","E","M","T","?","M","?","?","M","R","BOSS","M","M","?","M","?","R","M","E"],"items_purchased_type":[],"build_version":"2020-12-18","purchased_purges":2,"victory":false,"max_hp_per_floor":[65,65,65,65,65,65,65,65,65,65,65,65,65,65,65,65,65,65,65,65,65,65,65,65,65,65],"card_choices":[{"not_picked":["Determination:ReiMu","SubcavityFantasy:ReiMu"],"picked":"KyokaiOfKami:ReiMu","floor":0.0},{"not_picked":["EmergencyTakeOff:ReiMu","SubAcupoint:ReiMu"],"picked":"FantasyMoon:ReiMu","floor":1.0},{"not_picked":["LearningPray:ReiMu","RainPray2:ReiMu"],"picked":"Conquer:ReiMu","floor":3.0},{"not_picked":["KamiSacrifice:ReiMu","PayForSelf:ReiMu+1"],"picked":"MountainWay:ReiMu","floor":7.0},{"not_picked":["Meditation:ReiMu","EmergencyTakeOff:ReiMu"],"picked":"RainPray2:ReiMu","floor":8.0},{"not_picked":["AirStrike:ReiMu+1","TightArray:ReiMu+1"],"picked":"ManaGlint:ReiMu+1","floor":10},{"not_picked":["Intuition:ReiMu","Mountainwind:ReiMu"],"picked":"FantasyMoon:ReiMu","floor":11},{"not_picked":["AirStrike:ReiMu+1","CleanRite:ReiMu","InherentArray:ReiMu"],"picked":"SKIP","floor":14},{"not_picked":["Enchanting:ReiMu","PhosphorusFlame:ReiMu","OctopathBindingBorder2:ReiMu+1"],"picked":"SKIP","floor":18},{"not_picked":["RainPray2:ReiMu","Amulet:ReiMu"],"picked":"SpringWay:ReiMu","floor":19},{"not_picked":["Intuition:ReiMu","BarrageOfMoneybags:ReiMu+1","Dreaming2:ReiMu+1"],"picked":"SKIP","floor":21},{"not_picked":["BarrageOfMoneybags:ReiMu+1","SpiritualOutbreak2:ReiMu+1","PayForSelf:ReiMu+1"],"picked":"SKIP","floor":24}],"player_experience":145393,"relics_obtained":[{"floor":7.0,"key":"Molten Egg 2"},{"floor":9.0,"key":"Meat on the Bone"},{"floor":13,"key":"Bottled Lightning"}],"event_choices":[{"damage_healed":0.0,"max_hp_gain":0.0,"max_hp_loss":0.0,"gold_gain":0.0,"event_name":"Upgrade Shrine","player_choice":"Upgraded","floor":2.0,"gold_loss":0.0,"damage_taken":0.0,"cards_upgraded":["KyokaiOfKami:ReiMu"]},{"damage_healed":0.0,"max_hp_gain":0.0,"max_hp_loss":0.0,"gold_gain":0.0,"event_name":"NoteForYourself","player_choice":"Ignored","floor":4.0,"gold_loss":0.0,"damage_taken":0.0},{"damage_healed":0,"gold_gain":0,"player_choice":"Ignored","damage_taken":0,"max_hp_gain":0,"max_hp_loss":0,"event_name":"Cursed Tome","floor":20,"gold_loss":0},{"damage_healed":0,"gold_gain":99,"player_choice":"Stole From Cult","damage_taken":0,"max_hp_gain":0,"max_hp_loss":0,"event_name":"Nest","floor":22,"gold_loss":0}],"is_beta":true,"boss_relics":[{"not_picked":["Fusion Hammer","SacredBark"],"picked":"DonationBox:ReiMu"}],"items_purged_floors":[5,12],"is_endless":false,"potions_floor_spawned":[3,7,14,16,18],"killed_by":"Gremlin Leader","ascension_level":0}}