{"host":"cz3p2o9n3b1gdmkz","time":1609090201,"event":{"mods":["AchievementEnabler","BaseMod","CapriCore","GungeonMod","Hermit","Lobotomy","Minty Spire (QoL Compilation)","Replay The Spire","Shop Mod","StSLib","SuperFastMode","The Cursed","The Dragon Tamer","The Gatherer","The Jungle","The Poker Player","The Runesmith"],"gold_per_floor":[116,134,185,110,122,122,152,152,152,182,199,216,216,236,236,314,314,331,331,315,330,355,355,373,373,443,458,488,502,12,30,30,105,105,123,171,181,124,138,170,186,130,130,130,149,14,14,32,32,32,32],"floor_reached":52,"playtime":2251,"items_purged":["Gatherer:Defend_Gatherer","Gatherer:Strike_Gatherer"],"score":1666,"play_id":"ea8d653c-652e-4098-9356-8cf230c854ba","local_time":"20201228023001","is_ascension_mode":true,"metric_token":1117,"campfire_choices":[{"floor":6.0,"key":"REST"},{"data":"Gatherer:Centralize","floor":13.0,"key":"SMITH"},{"floor":15.0,"key":"REST"},{"data":"Gatherer:FlowerBeam","floor":23.0,"key":"SMITH"},{"data":"Gatherer:FlowerPower","floor":25.0,"key":"SMITH"},{"data":"Gatherer:TacticalStrike","floor":32.0,"key":"SMITH"},{"data":"Gatherer:Snatch","floor":44.0,"key":"SMITH"},{"data":"Gatherer:QuickSynthesis","floor":49,"key":"SMITH"}],"circlet_count":0,"master_deck":["AscendersBane","Gatherer:Strike_Gatherer","Gatherer:Strike_Gatherer","Gatherer:Strike_Gatherer","Gatherer:Defend_Gatherer","Gatherer:Defend_Gatherer","Gatherer:Defend_Gatherer","Gatherer:Centralize+1","Gatherer:FlowerWhip+3","Gatherer:Nutrients","Gatherer:ScherryThrow","Gatherer:Photoscythe+1","Gatherer:FlowerBeam+2","Gatherer:FlowerPower+2","Gatherer:TacticalStrike+1","Gatherer:RecoveryHerb+1","Gatherer:LuckyClover","Gatherer:Snatch+1","Gatherer:AlchemyTrial","Gatherer:EnergyBasket","Gatherer:FlowerShield+1","Gatherer:FlowerShield+2","Gatherer:EnergyBasket+1","Gatherer:Liquidism+1","Gatherer:FlowerFalling+2","Gatherer:QuickSynthesis+1","Gatherer:QuickSynthesis"],"relics":["Gatherer:AlchemyBag","DemoMod:ChaffGrenade","PreservedInsect","Garlic","Nunchaku","Painkiller Herb","Replay:Wax Seal","Gatherer:FloralEgg","Red Mask","Medical Kit","Vajra","SacredBark","Prayer Wheel","Pen Nib","InkBottle"],"acts_visited":["Exordium","TheCity","TheBeyond"],"potions_floor_usage":[50,50],"damage_taken":[{"damage":0.0,"enemies":"Cultist","floor":1.0,"turns":3.0},{"damage":9.0,"enemies":"Small Slimes","floor":2.0,"turns":3.0},{"damage":1.0,"enemies":"Jaw Worm","floor":5.0,"turns":3.0},{"damage":17.0,"enemies":"Gremlin Nob","floor":7.0,"turns":3.0},{"damage":13.0,"enemies":"3 Sentries","floor":10.0,"turns":6.0},{"damage":0.0,"enemies":"2 Fungi Beasts","floor":11.0,"turns":2.0},{"damage":0.0,"enemies":"Looter","floor":12.0,"turns":3.0},{"damage":0.0,"enemies":"Red Slaver","floor":14.0,"turns":4.0},{"damage":0.0,"enemies":"Fading Forest","floor":16.0,"turns":11.0},{"damage":0.0,"enemies":"3 Byrds","floor":18.0,"turns":6.0},{"damage":19.0,"enemies":"2 Thieves","floor":20.0,"turns":4.0},{"damage":3.0,"enemies":"Centurion and Healer","floor":21.0,"turns":5.0},{"damage":0.0,"enemies":"Shelled Parasite and Fungi","floor":24.0,"turns":5.0},{"damage":0.0,"enemies":"Snake Plant","floor":27.0,"turns":2.0},{"damage":3.0,"enemies":"Masked Bandits","floor":28.0,"turns":3.0},{"damage":0.0,"enemies":"Sentry and Sphere","floor":29.0,"turns":3.0},{"damage":2.0,"enemies":"Shelled Parasite and Fungi","floor":31.0,"turns":3.0},{"damage":24.0,"enemies":"Pondfish","floor":33.0,"turns":6.0},{"damage":9.0,"enemies":"3 Darklings","floor":35.0,"turns":3.0},{"damage":30.0,"enemies":"2 Orb Walkers","floor":36.0,"turns":5.0},{"damage":1.0,"enemies":"Orb Walker","floor":37.0,"turns":2.0},{"damage":8.0,"enemies":"3 Darklings","floor":39.0,"turns":4.0},{"damage":9.0,"enemies":"Nemesis","floor":40.0,"turns":5.0},{"damage":3.0,"enemies":"Maw","floor":41.0,"turns":6.0},{"damage":0.0,"enemies":"Sphere and 2 Shapes","floor":45.0,"turns":4.0},{"damage":15,"enemies":"Writhing Mass","floor":48,"turns":5},{"damage":17,"enemies":"Time Eater","floor":50,"turns":7}],"seed_played":"-5835580350868346757","potions_obtained":[{"floor":1.0,"key":"Strength Potion"},{"floor":2.0,"key":"Explosive Potion"},{"floor":10.0,"key":"Elixir"},{"floor":14.0,"key":"Cursed Concoction"},{"floor":16.0,"key":"Regen Potion"},{"floor":21.0,"key":"DuplicationPotion"},{"floor":27.0,"key":"Energy Potion"},{"floor":28.0,"key":"SkillPotion"},{"floor":35.0,"key":"Strength Potion"},{"floor":37.0,"key":"BlessingOfTheForge"},{"floor":40.0,"key":"Toxic Potion"}],"is_trial":false,"path_per_floor":["M","M","?","$","M","R","E","?","T","E","M","M","R","M","R","B",null,"?","?","?","?","T","T","?","T","T","?","?","?","T","?","T","B",null,"?","?","?","T","?","E","?","T","T","T","?","T","?","?","T","B",null,null],"character_chosen":"THE_GATHERER","items_purchased":["Medical Kit","Vajra","Gatherer:RecoveryHerb+1","Gatherer:EnergyBasket","BloodPotion","Regen Potion","Gatherer:QuickSynthesis"],"campfire_rested":2,"item_purchase_floors":[30,30,30,38,42,46,46],"current_hp_per_floor":[60,51,29,29,28,48,31,31,31,18,18,18,18,18,38,38,60,60,60,41,38,38,38,52,52,52,52,49,49,49,49,49,27,57,50,24,32,32,31,31,36,36,36,36,43,67,67,56,56,56,56],"gold":32,"neow_bonus":"UPGRADE_CARD","is_daily":false,"chose_seed":false,"campfire_upgraded":6,"win_rate":0.0,"timestamp":1609090201,"path_taken":["M","?","?","$","M","R","E","?","T","E","M","M","R","M","R","BOSS","?","?","?","?","?","T","?","T","T","?","?","?","T","?","T","BOSS","?","?","?","T","?","E","?","T","T","T","?","T","?","?","T","BOSS"],"items_purchased_type":["Relic","Relic","Card","Card","Potion","Potion","Card"],"build_version":"2020-12-22","purchased_purges":2,"victory":true,"max_hp_per_floor":[67,67,67,67,67,67,67,67,67,67,67,67,67,67,67,67,67,67,67,67,67,67,67,67,67,67,67,67,67,67,67,67,67,67,67,67,67,67,67,67,67,67,67,67,67,67,67,67,67,67,67],"card_choices":[{"not_picked":["Gatherer:CarefulStrike","Gatherer:SmartManeuver","Gatherer:SealedBomb"],"picked":"SKIP","floor":1.0},{"not_picked":["Gatherer:OddSpoils","Gatherer:PotentialSlash"],"picked":"Gatherer:Nutrients","floor":2.0},{"not_picked":["Gatherer:QuickSynthesis","Gatherer:PotentialSlash"],"picked":"Gatherer:ScherryThrow","floor":5.0},{"not_picked":["Gatherer:GatherMaterial","Gatherer:AlchemyTrial","Gatherer:TreeGrowth"],"picked":"SKIP","floor":7.0},{"not_picked":["Gatherer:Duality","Gatherer:AlchemyTrial","Gatherer:ScrollOfPurity"],"picked":"SKIP","floor":10.0},{"not_picked":["Gatherer:WoolGloves","Gatherer:BalancedGrowth","Gatherer:Convert"],"picked":"SKIP","floor":11.0},{"not_picked":["Gatherer:Nutrients","Gatherer:EchoOfNature","Gatherer:Frenzy"],"picked":"SKIP","floor":12.0},{"not_picked":["Gatherer:VenomBarrier","Gatherer:AromaProtection","Gatherer:ScherryThrow"],"picked":"SKIP","floor":14.0},{"not_picked":["Gatherer:PoisonMastery","Gatherer:CursedBlade"],"picked":"Gatherer:Photoscythe","floor":16.0},{"not_picked":["Gatherer:ScherryThrow+1","Gatherer:PotentialSlash","Gatherer:EnergyBasket"],"picked":"SKIP","floor":18.0},{"not_picked":["Gatherer:Misfortune","Gatherer:QuickSynthesis"],"picked":"Gatherer:FlowerBeam","floor":20.0},{"not_picked":["Gatherer:OddSpoils","Gatherer:PotentialSlash+1","Gatherer:EnergyBasket"],"picked":"SKIP","floor":21.0},{"not_picked":["Gatherer:GatherMaterial","Gatherer:AlchemyTrial"],"picked":"Gatherer:FlowerPower","floor":24.0},{"not_picked":["Gatherer:VenomBarrier+1","Gatherer:DrugPower","Gatherer:SaveValuables"],"picked":"SKIP","floor":27.0},{"not_picked":["Gatherer:VenomBarrier+1","Gatherer:DrugPower","Gatherer:SaveValuables"],"picked":"SKIP","floor":27.0},{"not_picked":["Gatherer:Snatch","Gatherer:MindSearch"],"picked":"Gatherer:TacticalStrike","floor":28.0},{"not_picked":["Gatherer:Frenzy","Gatherer:SaveValuables","Gatherer:Uplift"],"picked":"SKIP","floor":29.0},{"not_picked":["Gatherer:RecoveryHerb","Gatherer:AcidicSpray","Gatherer:Snatch"],"picked":"SKIP","floor":31.0},{"not_picked":["Gatherer:CursedBlade","Gatherer:PoisonMastery"],"picked":"Gatherer:LuckyClover","floor":33.0},{"not_picked":["Gatherer:RecipeChange","Gatherer:Nutrients"],"picked":"Gatherer:Snatch","floor":35.0},{"not_picked":["Gatherer:WoolGloves","Gatherer:WitheringStrike","Gatherer:SmartManeuver+1"],"picked":"SKIP","floor":37.0},{"not_picked":["Gatherer:AlchemyTrial","Gatherer:Herbalism","Gatherer:Enchant"],"picked":"SKIP","floor":37.0},{"not_picked":["Gatherer:Herbalism","Gatherer:Enchant"],"picked":"Gatherer:AlchemyTrial","floor":37.0},{"not_picked":["Gatherer:WoolGloves","Gatherer:WitheringStrike","Gatherer:SmartManeuver+1"],"picked":"SKIP","floor":37.0},{"not_picked":["Gatherer:AromaProtection","Gatherer:CarefulStrike"],"picked":"Gatherer:FlowerShield","floor":39.0},{"not_picked":["Gatherer:SealedBomb","Gatherer:Snatch+1"],"picked":"Gatherer:FlowerShield+1","floor":39.0},{"not_picked":["Gatherer:GlowingPlant","Gatherer:AlchemyTrial+1"],"picked":"Gatherer:EnergyBasket+1","floor":40.0},{"not_picked":["Gatherer:UpgradeBag","Gatherer:SmartManeuver"],"picked":"Gatherer:Liquidism+1","floor":41.0},{"not_picked":["Gatherer:EnergyBasket","Gatherer:Solidify+1","Gatherer:Frenzy"],"picked":"SKIP","floor":41.0},{"not_picked":["Gatherer:Frenzy+1","Gatherer:CarefulStrike"],"picked":"Gatherer:FlowerFalling+1","floor":45.0},{"not_picked":["Gatherer:Duplicator","Gatherer:TacticalStrike"],"picked":"Gatherer:QuickSynthesis","floor":45.0},{"not_picked":["Gatherer:Examine","Gatherer:BalancedGrowth","Gatherer:TreeGrowth+1"],"picked":"SKIP","floor":48},{"not_picked":["Gatherer:Transmute+1","Gatherer:PotentialSlash","Gatherer:SmartManeuver"],"picked":"SKIP","floor":48}],"player_experience":1048369,"relics_obtained":[{"floor":3.0,"key":"DemoMod:ChaffGrenade"},{"floor":7.0,"key":"PreservedInsect"},{"floor":9.0,"key":"Garlic"},{"floor":10.0,"key":"Nunchaku"},{"floor":22.0,"key":"Replay:Wax Seal"},{"floor":26.0,"key":"Gatherer:FloralEgg"},{"floor":28.0,"key":"Red Mask"},{"floor":36.0,"key":"Prayer Wheel"},{"floor":40.0,"key":"Pen Nib"},{"floor":43.0,"key":"InkBottle"}],"event_choices":[{"damage_healed":0.0,"max_hp_gain":0.0,"max_hp_loss":0.0,"gold_gain":0.0,"event_name":"Upgrade Shrine","player_choice":"Upgraded","floor":19.0,"gold_loss":0.0,"damage_taken":0.0,"cards_upgraded":["Gatherer:Photoscythe"]},{"damage_healed":0.0,"max_hp_gain":0.0,"max_hp_loss":0.0,"gold_gain":0.0,"event_name":"Masked Bandits","player_choice":"Fought Bandits","floor":28.0,"gold_loss":0.0,"damage_taken":0.0},{"damage_healed":0.0,"max_hp_gain":0.0,"max_hp_loss":0.0,"gold_gain":0.0,"event_name":"Mysterious Sphere","player_choice":"Fight","floor":36.0,"gold_loss":0.0,"damage_taken":0.0},{"cards_removed":["Gatherer:Strike_Gatherer"],"damage_healed":0.0,"max_hp_gain":0.0,"max_hp_loss":0.0,"gold_gain":0.0,"event_name":"Purifier","player_choice":"Purged","floor":47.0,"gold_loss":0.0,"damage_taken":0.0}],"is_beta":false,"boss_relics":[{"not_picked":["Ectoplasm","Busted Crown"],"picked":"Painkiller Herb"},{"not_picked":["SlaversCollar","Runesmith:UraniumAnvil"],"picked":"SacredBark"}],"items_purged_floors":[4,30],"is_endless":false,"potions_floor_spawned":[1,2,10,14,16,21,27,28,29,35,37,40],"ascension_level":16}}