{"host":"f5h077e5av00giy4","time":1609079128,"event":{"mods":["Act Like it!","Aspiration","BaseMod","Colored Powertips","Conspire","Decade(王小明)","Hermit","Hunter 猎人","KinomotoSakuraMod(木之本樱)","Koishi","KomeijiMod","Marisa（F雨　魔理沙）","Minty Spire (QoL Compilation)","MostiFishMod","Nova Terra(诺娃・泰拉)","Pale of the Ancients","Quick Restart","Reimu（博丽灵梦）","Relic Stats","Remilia（蕾米莉亚）","Replay The Spire","RumiaBox-露米娅的神秘盒子","Shop Mod","Spicy Shops","StSLib","TestMod","The Alterego","The Gatherer","The Mystic","The Poker Player","The Runesmith","The Servant 0.9.4","TheWitcher","Yakumo Yukari mod","Youmu（魂魄妖梦）","Yuyuko","noobMod","vexMod","【功能Mod】聪明的最终Boss","【遗物卡牌】REMEMod","篝火指南"],"gold_per_floor":[118,118,118,129,146,181,197,228,279,309,83,83,97,132,85,261,261,281,281,14,14,26,62,89,103,128,-1239,-1229,-1214,-1194,-1161,-1161,-1084,-1084,-1084],"floor_reached":34,"playtime":2067,"items_purged":["Injury"],"score":918,"play_id":"a47a1524-65db-41d5-9d53-755e4bd6c92f","local_time":"20201227222528","is_ascension_mode":true,"campfire_choices":[{"floor":12,"key":"RECALL"}],"circlet_count":0,"master_deck":["Strike_G+1","Strike_G","Strike_G+1","Strike_G","Strike_G","Defend_G","Defend_G","Defend_G","Defend_G","Defend_G","Survivor","Neutralize","Initiator","Dagger Throw","Crippling Poison+1","Deadly Poison+1","MostiFishMod:PerfectParry+1","Deadly Poison+1","Acrobatics+1","Reflex+1","Replay:Poison Smokescreen+1","MostiFishMod:Opportunism+1","A Thousand Cuts","Toxin Wave+1","Poisoned Stab","Infinite Blades","Hidden Blade+1","Corpse Explosion+1","Setup+1","Flying Knee","Escape Plan+1","ReplayTheSpireMod:Exploit Weakness+1","MostiFishMod:FullyArmed+1"],"relics":["Ring of the Snake","testmod-TestBox","ice","DaveBox","REME_ComplimentaryCards","testmod-GiftOfSatan","HaiYi:Twilight","SynthV:TestCard","Toxic Egg 2","MagicDraw4","MerchantsRug","SynthV","AddBug","MagicDraw4","GodSword6","GremlinMask","Ice Cream","SSSystem","Onion Ring","DaveBox","SynthV:MejaisSoulstealer","Whetstone","testmod-EnergyCheck"],"acts_visited":["Exordium","TheCity","TheBeyond"],"potions_floor_usage":[8,16,16,22,25,25,27,29],"damage_taken":[{"damage":0,"enemies":"Jaw Worm","floor":1,"turns":1},{"damage":0,"enemies":"2 Louse","floor":4,"turns":1},{"damage":0,"enemies":"Small Slimes","floor":5,"turns":2},{"damage":12,"enemies":"Lagavulin","floor":6,"turns":5},{"damage":5,"enemies":"Red Slaver","floor":7,"turns":2},{"damage":4,"enemies":"Gremlin Nob","floor":8,"turns":3},{"damage":0,"enemies":"Looter","floor":10,"turns":2},{"damage":0,"enemies":"Exordium Wildlife","floor":13,"turns":2},{"damage":2,"enemies":"3 Sentries","floor":14,"turns":3},{"damage":16,"enemies":"Fading Forest","floor":16,"turns":10},{"damage":23,"enemies":"3 Byrds","floor":18,"turns":4},{"damage":15,"enemies":"2 Thieves","floor":22,"turns":3},{"damage":33,"enemies":"Gremlin Leader","floor":24,"turns":4},{"damage":10,"enemies":"Centurion and Healer","floor":25,"turns":5},{"damage":21,"enemies":"Book of Stabbing","floor":27,"turns":5},{"damage":0,"enemies":"Snake Plant","floor":28,"turns":2},{"damage":0,"enemies":"Shelled Parasite and Fungi","floor":29,"turns":1},{"damage":7,"enemies":"conspire:HollyBat","floor":30,"turns":7},{"damage":14,"enemies":"REME_1_Revenger","floor":31,"turns":2},{"damage":3,"enemies":"Champ","floor":33,"turns":8}],"seed_played":"596292984154516690","potions_obtained":[{"floor":4,"key":"CunningPotion"},{"floor":5,"key":"Energy Potion"},{"floor":10,"key":"Fire Potion"},{"floor":16,"key":"Toxic Potion"},{"floor":18,"key":"GamblersBrew"},{"floor":24,"key":"Fruit Juice"},{"floor":25,"key":"FearPotion"},{"floor":28,"key":"CunningPotion"},{"floor":33,"key":"Ancient Potion"}],"is_trial":false,"path_per_floor":["M","?","?","M","M","E","M","E","T","M","$","R","M","E","R","B",null,"M","?","$","?","M","R","E","M","T","E","M","M","M","E","R","B",null],"character_chosen":"THE_SILENT","items_purchased":["MerchantsRug","SynthV","GodSword6"],"campfire_rested":0,"item_purchase_floors":[11,15,20],"current_hp_per_floor":[76,76,76,76,82,78,79,78,78,78,78,78,84,82,82,72,83,63,63,63,63,48,48,21,22,22,92,92,100,93,79,79,90,106,106],"gold":-1084,"neow_bonus":"TEN_PERCENT_HP_BONUS","is_daily":false,"chose_seed":false,"campfire_upgraded":0,"win_rate":0.0,"timestamp":1609079128,"path_taken":["M","?","?","M","M","E","M","E","T","M","$","R","M","E","R","BOSS","M","?","$","?","M","R","E","M","T","E","M","M","?","E","R","BOSS"],"items_purchased_type":["Relic","Relic","Relic"],"build_version":"2020-12-22","purchased_purges":1,"victory":false,"max_hp_per_floor":[77,77,77,77,82,82,82,82,82,82,82,82,87,87,87,87,87,87,87,87,87,87,87,87,92,92,92,95,100,102,105,105,111,111,111],"relic_stats":{"counters":[20,72],"Whetstone":["Strike_G","Strike_G"],"obtain_stats":[{"Ice Cream":24,"MerchantsRug":11,"testmod-TestBox":0,"SynthV:MejaisSoulstealer":27,"DaveBox":0,"SynthV":15,"SSSystem":26,"GremlinMask":21,"PreservedInsect":14,"AddBug":17,"ice":0,"Whetstone":31,"MagicDraw4":6,"MawBank":9,"testmod-Brilliant":8,"testmod-GiftOfSatan":0,"SynthV:TestCard":1,"HaiYi:Twilight":0,"Onion Ring":27,"GodSword6":20,"Toxic Egg 2":3,"testmod-EnergyCheck":34,"Ring of the Snake":0,"REME_ComplimentaryCards":0},{"Ice Cream":13,"MerchantsRug":7,"testmod-TestBox":0,"SynthV:MejaisSoulstealer":15,"DaveBox":0,"SynthV":9,"SSSystem":14,"GremlinMask":11,"PreservedInsect":9,"AddBug":10,"ice":0,"Whetstone":19,"MagicDraw4":4,"MawBank":6,"testmod-Brilliant":6,"testmod-GiftOfSatan":0,"SynthV:TestCard":1,"HaiYi:Twilight":0,"Onion Ring":15,"GodSword6":11,"Toxic Egg 2":1,"testmod-EnergyCheck":20,"Ring of the Snake":0,"REME_ComplimentaryCards":0},{"Ice Cream":42,"MerchantsRug":16,"testmod-TestBox":0,"SynthV:MejaisSoulstealer":52,"DaveBox":0,"SynthV":21,"SSSystem":47,"GremlinMask":35,"PreservedInsect":21,"AddBug":31,"ice":0,"Whetstone":64,"MagicDraw4":9,"MawBank":14,"testmod-Brilliant":14,"testmod-GiftOfSatan":0,"SynthV:TestCard":1,"HaiYi:Twilight":0,"Onion Ring":52,"GodSword6":35,"Toxic Egg 2":1,"testmod-EnergyCheck":72,"Ring of the Snake":0,"REME_ComplimentaryCards":0}],"Ring of the Snake":[40]},"card_choices":[{"not_picked":["Deflect","Hidden Blade"],"picked":"Dagger Throw","floor":1},{"not_picked":["Hidden Blade+1","Eviscerate","Blade Dance+1","Dagger Throw"],"picked":"Crippling Poison+1","floor":4},{"not_picked":["ReplayTheSpireMod:Scrap Shanks","Blade Dance+1","Predator","Bane"],"picked":"Deadly Poison+1","floor":5},{"not_picked":["Leg Sweep+1","Underhanded Strike","Doppelganger+1","Sucker Punch"],"picked":"MostiFishMod:PerfectParry+1","floor":6},{"not_picked":["MostiFishMod:PerfectParry+1","Heel Hook","Underhanded Strike","Endless Agony"],"picked":"Deadly Poison+1","floor":7},{"not_picked":["MostiFishMod:PerfectParry+1","Slice","Escape Plan+1","Infinite Blades"],"picked":"Acrobatics+1","floor":8},{"not_picked":["Backstab","Footwork","Underhanded Strike","PiercingWail+1"],"picked":"Reflex+1","floor":10},{"not_picked":["Flying Knee","Poisoned Stab","Deadly Poison+1","Calculated Gamble+1"],"picked":"Replay:Poison Smokescreen+1","floor":13},{"not_picked":["Flechettes","Acrobatics+1","Underhanded Strike","PiercingWail+1"],"picked":"MostiFishMod:Opportunism+1","floor":14},{"not_picked":["Venomology+1","After Image","REME_GrazeFinale","Doppelganger+1"],"picked":"A Thousand Cuts","floor":16},{"not_picked":["Poisoned Stab","Dagger Throw","MostiFishMod:ThornCasing","Heel Hook"],"picked":"Toxin Wave+1","floor":18},{"not_picked":["Underhanded Strike","Deadly Poison+1","Bane","ReplayTheSpireMod:Scrap Shanks"],"picked":"Poisoned Stab","floor":22},{"not_picked":["Flying Knee","Quick Slash","Bane","Flechettes+1"],"picked":"Infinite Blades","floor":24},{"not_picked":["Endless Agony","Finisher","Underhanded Strike","Flying Knee"],"picked":"Hidden Blade+1","floor":25},{"not_picked":["conspire:PoisonWeapons+1","Calculated Gamble+1","Hidden Blade+1","Dash"],"picked":"Corpse Explosion+1","floor":27},{"not_picked":["Bane","Blade Dance+1","Hidden Blade+1","Deflect+1"],"picked":"Setup+1","floor":28},{"not_picked":["Deadly Poison+1","Sucker Punch","MostiFishMod:InvigoratingSolution+1","ReplayTheSpireMod:Exploit Weakness+1"],"picked":"Flying Knee","floor":29},{"not_picked":["Hidden Blade+1","Cloak And Dagger+1","ReplayTheSpireMod:Scrap Shanks","Deadly Poison+1"],"picked":"Escape Plan+1","floor":30},{"not_picked":["Heel Hook","Dagger Spray","Blade Dance+1","Eviscerate"],"picked":"ReplayTheSpireMod:Exploit Weakness+1","floor":31},{"not_picked":["ReplayTheSpireMod:From All Sides","MostiFishMod:Listen+1","Replay:Bag of Tricks+1","Tools of the Trade"],"picked":"MostiFishMod:FullyArmed+1","floor":33}],"player_experience":263098,"relics_obtained":[{"floor":1,"key":"SynthV:TestCard"},{"floor":6,"key":"MagicDraw4"},{"floor":8,"key":"testmod-Brilliant"},{"floor":9,"key":"MawBank"},{"floor":14,"key":"PreservedInsect"},{"floor":18,"key":"MagicDraw4"},{"floor":24,"key":"Ice Cream"},{"floor":26,"key":"SSSystem"},{"floor":27,"key":"Onion Ring"},{"floor":27,"key":"DaveBox"},{"floor":31,"key":"Whetstone"}],"event_choices":[{"damage_healed":0,"gold_gain":0,"player_choice":"Ignored","damage_taken":0,"max_hp_gain":0,"max_hp_loss":0,"event_name":"Beggar","floor":19,"gold_loss":0},{"damage_healed":0,"gold_gain":0,"player_choice":"Trade","damage_taken":0,"relics_obtained":["GremlinMask"],"max_hp_gain":0,"max_hp_loss":0,"event_name":"FaceTrader","floor":21,"gold_loss":0}],"is_beta":false,"boss_relics":[{"not_picked":["HereWithMe","conspire:SpecialSausage"],"picked":"AddBug"},{"not_picked":["Snecko Eye","aspiration:RitualDagger"],"picked":"testmod-EnergyCheck"}],"items_purged_floors":[11],"is_endless":false,"potions_floor_spawned":[4,5,10,13,16,18,24,25,28,33],"ascension_level":20}}