{"host":"ggy1mjjy92c62u6a","time":1609078368,"event":{"mods":["10 clothes from DAL","BaseMod","LazyManMod","Minty Spire (QoL Compilation)","Quick Restart","Relic Stats","Shop Mod","Spicy Shops","StSLib","【功能Mod】混沌之环修复补丁","【遗物Mod】死灵法师NEW","【遗物卡牌】REMEMod"],"gold_per_floor":[119,131,131,150,150,150,166,166,166,206,14,14,35,0,0,0,0],"floor_reached":16,"playtime":799,"items_purged":[],"score":100,"play_id":"4447ab7f-ef6f-4d46-b274-d79382d8cf89","local_time":"20201227221248","is_ascension_mode":false,"campfire_choices":[{"data":"dwlrmod:CroneWeavess","floor":6,"key":"SMITH"},{"data":"dwlrmod:Kazakus","floor":12,"key":"SMITH"},{"data":"Toxic_Smoke_Screen","floor":15,"key":"SMITH"}],"circlet_count":0,"master_deck":["Strike_W","Strike_W+1","Strike_W","Defend_W","Defend_W","Defend_W","Defend_W","Negative_Energy_Arrows+1","Bone_Wall","Negative_Energy_Burst","Toxic_Smoke_Screen+1","PosionWeak2","dwlrmod:CroneWeavess+1","dwlrmod:Kazakus+1","Melter"],"relics":["Vampire_Amulet","REME_ComplimentaryCards","dwlrmod:ProjectRecorder","Golden Idol","REME_HourglassOfDeath","MerchantsRug","UndeadPower"],"acts_visited":["Exordium"],"potions_floor_usage":[],"damage_taken":[{"damage":0,"enemies":"2 Louse","floor":1,"turns":4},{"damage":3,"enemies":"Jaw Worm","floor":2,"turns":3},{"damage":2,"enemies":"Cultist","floor":4,"turns":5},{"damage":3,"enemies":"Large Slime","floor":7,"turns":7},{"damage":17,"enemies":"3 Sentries","floor":10,"turns":8},{"damage":7,"enemies":"Gremlin Gang","floor":13,"turns":5},{"damage":0,"enemies":"The Guardian","floor":16,"turns":2}],"seed_played":"8572548986202936558","potions_obtained":[{"floor":2,"key":"BlessingOfTheForge"},{"floor":7,"key":"Ancient Potion"},{"floor":10,"key":"REME_GoldPotion"}],"is_trial":false,"path_per_floor":["M","M","?","M","?","R","M","?","T","E","$","R","M","?","R","B"],"character_chosen":"NECROMANCER","items_purchased":["MerchantsRug","UndeadPower"],"campfire_rested":0,"item_purchase_floors":[11,11],"current_hp_per_floor":[75,72,54,52,52,52,49,49,49,32,32,32,25,43,43,43,43],"gold":0,"neow_bonus":"TRANSFORM_CARD","is_daily":false,"chose_seed":false,"campfire_upgraded":3,"win_rate":0.0,"timestamp":1609078368,"path_taken":["M","M","?","M","?","R","?","?","T","E","$","R","?","?","R","BOSS"],"items_purchased_type":["Relic","Relic"],"build_version":"2020-12-22","purchased_purges":0,"victory":false,"max_hp_per_floor":[75,75,75,75,75,75,75,75,75,75,75,75,75,75,75,75,75],"relic_stats":{"counters":[7,34],"Golden Idol":19,"obtain_stats":[{"MerchantsRug":11,"dwlrmod:ProjectRecorder":2,"Gremlin Horn":5,"REME_HourglassOfDeath":9,"UndeadPower":11,"Golden Idol":3,"Vampire_Amulet":0,"Whetstone":10,"REME_ComplimentaryCards":0},{"MerchantsRug":5,"dwlrmod:ProjectRecorder":2,"Gremlin Horn":3,"REME_HourglassOfDeath":4,"UndeadPower":5,"Golden Idol":2,"Vampire_Amulet":0,"Whetstone":5,"REME_ComplimentaryCards":0},{"MerchantsRug":27,"dwlrmod:ProjectRecorder":7,"Gremlin Horn":12,"REME_HourglassOfDeath":19,"UndeadPower":27,"Golden Idol":7,"Vampire_Amulet":0,"Whetstone":27,"REME_ComplimentaryCards":0}]},"card_choices":[{"not_picked":["finger_Of_Death","Vampiric_Strike"],"picked":"Toxic_Smoke_Screen","floor":1},{"not_picked":["PosionWeak","Posionadd"],"picked":"PosionWeak2","floor":2},{"not_picked":["dwlrmod:LunarEclipse","dwlrmod:Lubberkin"],"picked":"dwlrmod:CroneWeavess","floor":4},{"not_picked":["Summon_Undead","Life_Drain","Summon_Undead_Army"],"picked":"SKIP","floor":4},{"not_picked":["dwlrmod:VividHorrors","dwlrmod:Lubberkin"],"picked":"dwlrmod:Kazakus","floor":7},{"not_picked":["Summon_Undead_Army","Blood_Curse","Toxic_Smoke_Screen"],"picked":"SKIP","floor":7},{"not_picked":["Necrotic_Claws","Summon_Undead_Army","OverdoomLine"],"picked":"SKIP","floor":10},{"not_picked":["Shackles_Of_Pain","WallConcept","Necrotic_Claws"],"picked":"SKIP","floor":13}],"player_experience":43329,"relics_obtained":[{"floor":2,"key":"dwlrmod:ProjectRecorder"},{"floor":9,"key":"REME_HourglassOfDeath"},{"floor":10,"key":"Whetstone"}],"event_choices":[{"damage_healed":0,"gold_gain":0,"player_choice":"Take Damage","damage_taken":18,"relics_obtained":["Golden Idol"],"max_hp_gain":0,"max_hp_loss":0,"event_name":"Golden Idol","floor":3,"gold_loss":0},{"damage_healed":0,"gold_gain":0,"player_choice":"Gave Potion","damage_taken":0,"relics_obtained":["Gremlin Horn"],"max_hp_gain":0,"max_hp_loss":0,"event_name":"WeMeetAgain","floor":5,"gold_loss":0},{"damage_healed":0,"gold_gain":0,"player_choice":"Ignored","damage_taken":0,"max_hp_gain":0,"max_hp_loss":0,"event_name":"NoteForYourself","floor":8,"gold_loss":0},{"damage_healed":18,"gold_gain":0,"player_choice":"Healed","damage_taken":0,"max_hp_gain":0,"max_hp_loss":0,"event_name":"The Cleric","floor":14,"gold_loss":35}],"is_beta":false,"boss_relics":[],"items_purged_floors":[],"is_endless":false,"potions_floor_spawned":[2,7,10],"killed_by":"The Guardian","ascension_level":0}}