{"host":"Rich","time":1609040925,"event":{"mods":["AchievementEnabler","BaseMod","Highlight Path","Minty Spire (QoL Compilation)","Relic Stats"],"gold_per_floor":[110,185,185,185,51,51,78,78,126,126,140,156,186,206,206,206,206],"floor_reached":16,"playtime":343,"items_purged":[],"score":266,"play_id":"8346b27c-6177-4bdd-854a-7714deeafa65","local_time":"20201226224845","is_ascension_mode":true,"campfire_choices":[{"data":"Blade Dance","floor":6.0,"key":"SMITH"},{"data":"Bouncing Flask","floor":8.0,"key":"SMITH"},{"floor":10.0,"key":"REST"},{"data":"Malaise","floor":15.0,"key":"SMITH"}],"circlet_count":0,"master_deck":["AscendersBane","Strike_G","Strike_G","Strike_G","Strike_G","Defend_G","Defend_G","Defend_G","Defend_G","Defend_G","Survivor","Neutralize","Flying Knee","Blade Dance+1","Backstab","Bouncing Flask+1","Predator","Malaise+1"],"relics":["Ring of the Snake","NeowsBlessing","Bottled Flame","Vajra","Matryoshka"],"acts_visited":["Exordium"],"potions_floor_usage":[16],"damage_taken":[{"damage":0.0,"enemies":"Jaw Worm","floor":1.0,"turns":1.0},{"damage":0.0,"enemies":"Lagavulin","floor":7.0,"turns":1.0},{"damage":0.0,"enemies":"Small Slimes","floor":11.0,"turns":1.0},{"damage":0.0,"enemies":"2 Louse","floor":12.0,"turns":1.0},{"damage":7.0,"enemies":"3 Sentries","floor":13.0,"turns":8.0},{"damage":0.0,"enemies":"Exordium Thugs","floor":14.0,"turns":3.0},{"damage":54,"enemies":"Slime Boss","floor":16,"turns":9}],"seed_played":"1508935389565085468","potions_obtained":[{"floor":13.0,"key":"SmokeBomb"},{"floor":14.0,"key":"SteroidPotion"}],"is_trial":false,"path_per_floor":["M","?","?","$","$","R","E","R","T","R","M","M","E","M","R","B"],"character_chosen":"THE_SILENT","items_purchased":["Blade Dance","Backstab"],"campfire_rested":1,"item_purchase_floors":[5,5],"current_hp_per_floor":[59,48,41,41,41,41,41,41,41,60,60,60,53,53,53,0,0],"gold":206,"neow_bonus":"THREE_ENEMY_KILL","is_daily":false,"chose_seed":false,"campfire_upgraded":3,"win_rate":0.0,"timestamp":1609040925,"path_taken":["M","?","?","?","$","R","E","R","T","R","M","M","E","M","R","BOSS"],"items_purchased_type":["Card","Card"],"build_version":"2020-12-18","purchased_purges":0,"victory":false,"max_hp_per_floor":[66,66,66,66,66,66,66,66,66,66,66,66,66,66,66,66,66],"relic_stats":{"counters":[7,24],"obtain_stats":[{"Bottled Flame":7,"Matryoshka":13,"NeowsBlessing":0,"Vajra":9,"Ring of the Snake":0},{"Bottled Flame":2,"Matryoshka":5,"NeowsBlessing":0,"Vajra":2,"Ring of the Snake":0},{"Bottled Flame":2,"Matryoshka":12,"NeowsBlessing":0,"Vajra":2,"Ring of the Snake":0}],"Ring of the Snake":[14]},"card_choices":[{"not_picked":["Slice","Prepared"],"picked":"Flying Knee","floor":1.0},{"not_picked":["Underhanded Strike","Backflip"],"picked":"Bouncing Flask","floor":7.0},{"not_picked":["Poisoned Stab","Sucker Punch"],"picked":"Predator","floor":11.0},{"not_picked":["Tactician","Deadly Poison","Flying Knee"],"picked":"SKIP","floor":12.0},{"not_picked":["Underhanded Strike","Flying Knee","Dodge and Roll"],"picked":"SKIP","floor":13.0},{"not_picked":["Prepared","Slice"],"picked":"Malaise","floor":14.0}],"player_experience":1933205,"relics_obtained":[{"floor":7.0,"key":"Bottled Flame"},{"floor":9.0,"key":"Vajra"},{"floor":13.0,"key":"Matryoshka"}],"event_choices":[{"damage_healed":0.0,"max_hp_gain":0.0,"max_hp_loss":0.0,"gold_gain":75.0,"event_name":"World of Goop","player_choice":"Gather Gold","floor":2.0,"gold_loss":0.0,"damage_taken":11.0},{"cards_removed":["Strike_G"],"damage_healed":0.0,"max_hp_gain":0.0,"max_hp_loss":0.0,"gold_gain":0.0,"event_name":"Golden Wing","player_choice":"Card Removal","floor":3.0,"gold_loss":0.0,"damage_taken":7.0}],"is_beta":true,"boss_relics":[],"items_purged_floors":[],"is_endless":false,"potions_floor_spawned":[13,14],"killed_by":"Slime Boss","ascension_level":20}}