{"host":"oy4pyvr762z5n0bb","time":1609049458,"event":{"mods":["AchievementEnabler","BaseMod","Colored Map","Colored Powertips","Googly Eyes","Key Reminder","Minty Spire (QoL Compilation)","Quick Restart","Relic Sorter","StSLib","SuperFastMode","Unceasing Turn Reminder","slay the spire mod where everything is the same but ironclad has a cowboy hat"],"gold_per_floor":[113,113,130,205,225,250,250,261,261,261,261,261,75,109,109,207,207,225,251,251,251,264,264,9,9,9,9,29,29,54,71,71,166,166,185,145,156,206,206,206,234,234,234,234,267,278,278,290,290,290,290],"floor_reached":50,"playtime":1093,"items_purged":["Strike_R","Decay"],"score":680,"play_id":"0092c731-d251-4ff5-9f3a-93c939dbe076","local_time":"20201226221058","is_ascension_mode":true,"campfire_choices":[{"data":"Warcry","floor":7.0,"key":"SMITH"},{"data":"Hemokinesis","floor":10.0,"key":"SMITH"},{"floor":12.0,"key":"REST"},{"data":"Immolate","floor":15.0,"key":"SMITH"},{"data":"J.A.X.","floor":23.0,"key":"SMITH"},{"data":"Offering","floor":27.0,"key":"SMITH"},{"data":"Battle Trance","floor":29.0,"key":"SMITH"},{"floor":32.0,"key":"REST"},{"floor":40.0,"key":"REST"},{"data":"Disarm","floor":44.0,"key":"SMITH"},{"floor":49,"key":"REST"}],"circlet_count":0,"master_deck":["Strike_R+1","Strike_R","Strike_R","Defend_R","Defend_R+1","Defend_R","Defend_R","Bash","Apotheosis+1","Flex","Immolate+1","Warcry+1","Sword Boomerang","Hemokinesis+1","Battle Trance+1","Dropkick","Headbutt","Offering+1","Disarm+1","Burning Pact+1","J.A.X.+1","Writhe","Thunderclap","Shame","Warcry+1","Limit Break+1","True Grit+1","Armaments+1","Fire Breathing","Parasite"],"relics":["Black Blood","Blood Vial","Bag of Preparation","Question Card","Mark of Pain","Red Mask","Singing Bowl","ClockworkSouvenir","PreservedInsect","Pocketwatch","Lantern","WingedGreaves","Champion Belt","Mummified Hand","Lizard Tail","Oddly Smooth Stone"],"acts_visited":["Exordium","TheCity","TheBeyond"],"potions_floor_usage":[48,50,50,50],"damage_taken":[{"damage":4.0,"enemies":"Small Slimes","floor":1.0,"turns":4.0},{"damage":10.0,"enemies":"Jaw Worm","floor":3.0,"turns":4.0},{"damage":0.0,"enemies":"2 Louse","floor":5.0,"turns":2.0},{"damage":23.0,"enemies":"3 Sentries","floor":6.0,"turns":4.0},{"damage":18.0,"enemies":"Blue Slaver","floor":8.0,"turns":4.0},{"damage":22.0,"enemies":"Gremlin Nob","floor":14.0,"turns":3.0},{"damage":43.0,"enemies":"The Guardian","floor":16.0,"turns":10.0},{"damage":2.0,"enemies":"Spheric Guardian","floor":18.0,"turns":2.0},{"damage":8.0,"enemies":"Masked Bandits","floor":19.0,"turns":1.0},{"damage":8.0,"enemies":"3 Byrds","floor":22.0,"turns":2.0},{"damage":21.0,"enemies":"Centurion and Healer","floor":28.0,"turns":2.0},{"damage":16.0,"enemies":"Book of Stabbing","floor":30.0,"turns":3.0},{"damage":5.0,"enemies":"3 Cultists","floor":31.0,"turns":2.0},{"damage":32.0,"enemies":"Collector","floor":33.0,"turns":5.0},{"damage":19.0,"enemies":"Orb Walker","floor":35.0,"turns":3.0},{"damage":28.0,"enemies":"3 Shapes","floor":37.0,"turns":5.0},{"damage":17.0,"enemies":"Mind Bloom Boss Battle","floor":38.0,"turns":4.0},{"damage":22.0,"enemies":"Giant Head","floor":41.0,"turns":4.0},{"damage":42,"enemies":"Reptomancer","floor":45,"turns":4},{"damage":20,"enemies":"Sphere and 2 Shapes","floor":46,"turns":3},{"damage":27,"enemies":"Writhing Mass","floor":48,"turns":5},{"damage":127,"enemies":"Donu and Deca","floor":50,"turns":7}],"seed_played":"1567624545908524891","potions_obtained":[{"floor":5.0,"key":"EssenceOfSteel"},{"floor":6.0,"key":"Regen Potion"},{"floor":14.0,"key":"FearPotion"},{"floor":16.0,"key":"DistilledChaos"},{"floor":19.0,"key":"Energy Potion"},{"floor":28.0,"key":"Fire Potion"},{"floor":33.0,"key":"Energy Potion"},{"floor":38.0,"key":"Weak Potion"},{"floor":45,"key":"Energy Potion"},{"floor":46,"key":"Weak Potion"},{"floor":48,"key":"Block Potion"}],"is_trial":false,"path_per_floor":["M","?","M","?","M","E","R","M","T","R","?","R","$","E","R","B",null,"M","?","?","?","M","R","$","?","T","R","M","R","E","M","R","B",null,"M","?","M","?","?","R","E","?","T","R","E","M","T","M","R","B"],"character_chosen":"IRONCLAD","items_purchased":["Battle Trance","Dropkick","ClockworkSouvenir"],"campfire_rested":4,"item_purchase_floors":[13,13,24],"current_hp_per_floor":[80,80,76,65,71,54,54,53,53,53,37,61,61,47,47,12,63,69,69,69,69,69,69,69,69,69,69,58,58,50,55,80,56,77,72,72,60,59,59,85,77,77,77,77,51,47,47,36,64,0,0],"gold":290,"neow_bonus":"RANDOM_COLORLESS_2","is_daily":false,"chose_seed":false,"campfire_upgraded":7,"win_rate":0.0,"timestamp":1609049458,"path_taken":["M","?","M","?","M","E","R","M","T","R","?","R","$","E","R","BOSS","M","?","?","?","?","R","$","?","T","R","M","R","E","M","R","BOSS","M","?","?","?","?","R","E","?","T","R","E","?","?","M","R","BOSS"],"items_purchased_type":["Card","Card","Relic"],"build_version":"2020-12-22","purchased_purges":2,"victory":false,"max_hp_per_floor":[80,80,80,80,80,80,80,80,80,80,80,80,80,80,80,80,80,80,80,80,80,80,80,80,80,80,80,82,82,82,84,84,84,84,84,84,86,88,88,88,88,88,88,88,90,92,92,94,94,94,94],"card_choices":[{"not_picked":["HandOfGreed","Magnetism"],"picked":"Apotheosis","floor":0.0},{"not_picked":["Clash","Blood for Blood"],"picked":"Flex","floor":1.0},{"not_picked":["Headbutt","Iron Wave"],"picked":"Immolate","floor":3.0},{"not_picked":["Fire Breathing","Body Slam"],"picked":"Warcry","floor":5.0},{"not_picked":["Warcry","Blood for Blood"],"picked":"Sword Boomerang","floor":6.0},{"not_picked":["Sever Soul","Disarm"],"picked":"Hemokinesis","floor":8.0},{"not_picked":["Body Slam","Blood for Blood"],"picked":"Headbutt","floor":14.0},{"not_picked":["Impervious","Brutality","Barricade"],"picked":"Offering","floor":16.0},{"not_picked":["Clash","Anger","Clothesline"],"picked":"Disarm","floor":18.0},{"not_picked":["Anger","Wild Strike","Clothesline"],"picked":"Burning Pact+1","floor":19.0},{"not_picked":["Twin Strike","Clothesline","Pommel Strike"],"picked":"Thunderclap","floor":22.0},{"not_picked":["Rampage","Clash+1","Heavy Blade","Uppercut+1"],"picked":"Singing Bowl","floor":28.0},{"not_picked":["Impervious","Rage","Anger"],"picked":"Warcry+1","floor":30.0},{"not_picked":["Dark Embrace","Seeing Red","Havoc","Sever Soul+1"],"picked":"Singing Bowl","floor":31.0},{"not_picked":["Demon Form","Feed","Brutality"],"picked":"Limit Break","floor":33.0},{"not_picked":["Battle Trance","Clothesline+1","Flex+1"],"picked":"True Grit+1","floor":35.0},{"not_picked":["Metallicize+1","Disarm+1","Searing Blow","Havoc"],"picked":"Singing Bowl","floor":37.0},{"not_picked":["Burning Pact","Seeing Red+1","Wild Strike+1","Infernal Blade"],"picked":"Singing Bowl","floor":38.0},{"not_picked":["Sentinel","Rage+1","Shockwave+1"],"picked":"Armaments+1","floor":41.0},{"not_picked":["Power Through","Clothesline+1","Wild Strike","True Grit"],"picked":"Singing Bowl","floor":45},{"not_picked":["Rampage+1","Twin Strike+1","Seeing Red+1","Barricade"],"picked":"Singing Bowl","floor":46},{"not_picked":["Fire Breathing","Perfected Strike","Cleave","Clash+1"],"picked":"Singing Bowl","floor":48}],"player_experience":590235,"relics_obtained":[{"floor":6.0,"key":"Blood Vial"},{"floor":9.0,"key":"Bag of Preparation"},{"floor":14.0,"key":"Question Card"},{"floor":19.0,"key":"Red Mask"},{"floor":26.0,"key":"Pocketwatch"},{"floor":30.0,"key":"Lantern"},{"floor":38.0,"key":"WingedGreaves"},{"floor":41.0,"key":"Champion Belt"},{"floor":43.0,"key":"Mummified Hand"},{"floor":45,"key":"Lizard Tail"},{"floor":47,"key":"Oddly Smooth Stone"}],"event_choices":[{"damage_healed":0.0,"max_hp_gain":0.0,"max_hp_loss":0.0,"gold_gain":0.0,"event_name":"Living Wall","player_choice":"Grow","floor":2.0,"gold_loss":0.0,"damage_taken":0.0,"cards_upgraded":["Apotheosis"]},{"damage_healed":0.0,"max_hp_gain":0.0,"max_hp_loss":0.0,"gold_gain":75.0,"event_name":"World of Goop","player_choice":"Gather Gold","floor":4.0,"gold_loss":0.0,"damage_taken":11.0},{"damage_healed":0.0,"max_hp_gain":0.0,"max_hp_loss":0.0,"gold_gain":0.0,"event_name":"Shining Light","player_choice":"Entered Light","floor":11.0,"gold_loss":0.0,"damage_taken":16.0,"cards_upgraded":["Strike_R","Defend_R"]},{"damage_healed":0.0,"max_hp_gain":0.0,"max_hp_loss":0.0,"gold_gain":0.0,"event_name":"Masked Bandits","player_choice":"Fought Bandits","floor":19.0,"gold_loss":0.0,"damage_taken":0.0},{"damage_healed":0.0,"max_hp_gain":0.0,"max_hp_loss":0.0,"gold_gain":0.0,"event_name":"Drug Dealer","player_choice":"Obtain J.A.X.","floor":20.0,"gold_loss":0.0,"damage_taken":0.0,"cards_obtained":["J.A.X."]},{"damage_healed":0.0,"max_hp_gain":0.0,"max_hp_loss":0.0,"gold_gain":0.0,"event_name":"The Mausoleum","player_choice":"Opened","floor":21.0,"gold_loss":0.0,"damage_taken":0.0,"relics_obtained":["Singing Bowl"],"cards_obtained":["Writhe"]},{"damage_healed":0.0,"max_hp_gain":0.0,"max_hp_loss":0.0,"gold_gain":0.0,"event_name":"Addict","player_choice":"Stole Relic","floor":25.0,"gold_loss":0.0,"damage_taken":0.0,"relics_obtained":["PreservedInsect"],"cards_obtained":["Shame"]},{"damage_healed":0.0,"max_hp_gain":0.0,"max_hp_loss":0.0,"gold_gain":0.0,"event_name":"Designer","player_choice":"Upgrade","floor":36.0,"gold_loss":40.0,"damage_taken":0.0,"cards_upgraded":["Limit Break"]},{"damage_healed":0.0,"max_hp_gain":0.0,"max_hp_loss":0.0,"gold_gain":0.0,"event_name":"MindBloom","player_choice":"Fight","floor":38.0,"gold_loss":0.0,"damage_taken":0.0},{"damage_healed":0.0,"max_hp_gain":0.0,"max_hp_loss":0.0,"gold_gain":0.0,"event_name":"Mysterious Sphere","player_choice":"Ignored","floor":39.0,"gold_loss":0.0,"damage_taken":0.0},{"damage_healed":0.0,"max_hp_gain":0.0,"max_hp_loss":0.0,"gold_gain":0.0,"cards_transformed":["Strike_R"],"event_name":"Transmorgrifier","player_choice":"Transformed","floor":42.0,"gold_loss":0.0,"damage_taken":0.0,"cards_obtained":["Fire Breathing"]}],"is_beta":false,"boss_relics":[{"not_picked":["Black Star","Runic Pyramid"],"picked":"Mark of Pain"},{"not_picked":["Sozu","Tiny House"],"picked":"Black Blood"}],"items_purged_floors":[13,24],"is_endless":false,"potions_floor_spawned":[5,6,14,16,19,28,33,38,45,46,48],"killed_by":"Donu and Deca","ascension_level":5}}