{"host":"dcj2yvrgcvh5dl2s","time":1609070277,"event":{"mods":["BaseMod","Better Note","Block Reminder","Colored Powertips","DeckTracker","Minty Spire (QoL Compilation)","Quick Restart","Rare Cards Sparkle","Relic Stats","StSLib"],"gold_per_floor":[114,114,114,134,134,59,92,92,117,138,178,16,16,39,39,39,39],"floor_reached":16,"playtime":275,"items_purged":[],"score":246,"play_id":"64e992b2-74b9-42ec-82ac-f6b8381618cb","local_time":"20201227215757","is_ascension_mode":true,"campfire_choices":[{"data":"Flex","floor":8,"key":"SMITH"},{"floor":13,"key":"REST"},{"data":"Feel No Pain","floor":15,"key":"SMITH"}],"circlet_count":0,"master_deck":["AscendersBane","Strike_R","Strike_R","Strike_R","Strike_R","Strike_R","Defend_R","Defend_R","Bash","Perfected Strike+1","Flex+1","Feel No Pain+1"],"relics":["Burning Blood","NeowsBlessing","Golden Idol","InkBottle","Lantern","Molten Egg 2","HandDrill"],"acts_visited":["Exordium"],"potions_floor_usage":[11,16],"damage_taken":[{"damage":0,"enemies":"Small Slimes","floor":1,"turns":1},{"damage":0,"enemies":"2 Louse","floor":4,"turns":1},{"damage":0,"enemies":"Lagavulin","floor":7,"turns":1},{"damage":0,"enemies":"Jaw Worm","floor":10,"turns":1},{"damage":30,"enemies":"3 Sentries","floor":11,"turns":7},{"damage":13,"enemies":"Blue Slaver","floor":14,"turns":2},{"damage":55,"enemies":"Hexaghost","floor":16,"turns":8}],"seed_played":"-5951153776338026552","potions_obtained":[{"floor":10,"key":"Fire Potion"},{"floor":14,"key":"Block Potion"}],"is_trial":false,"path_per_floor":["M","?","?","M","?","?","E","R","T","M","E","$","R","M","R","B"],"character_chosen":"IRONCLAD","items_purchased":["HandDrill"],"campfire_rested":1,"item_purchase_floors":[12],"current_hp_per_floor":[74,74,48,54,47,47,53,53,53,59,35,35,57,50,50,0,0],"gold":39,"neow_bonus":"THREE_ENEMY_KILL","is_daily":false,"chose_seed":false,"campfire_upgraded":2,"win_rate":0.0,"timestamp":1609070277,"path_taken":["M","?","?","M","?","?","E","R","T","M","E","?","R","?","R","BOSS"],"items_purchased_type":["Relic"],"build_version":"2020-12-22","purchased_purges":0,"victory":false,"max_hp_per_floor":[75,75,75,75,75,75,75,75,75,75,75,75,75,75,75,75,75],"relic_stats":{"counters":[7,21],"Golden Idol":28,"HandDrill":[0],"obtain_stats":[{"Lantern":9,"NeowsBlessing":0,"Golden Idol":3,"Molten Egg 2":11,"HandDrill":12,"Burning Blood":0,"InkBottle":7},{"Lantern":3,"NeowsBlessing":0,"Golden Idol":1,"Molten Egg 2":5,"HandDrill":5,"Burning Blood":0,"InkBottle":3},{"Lantern":3,"NeowsBlessing":0,"Golden Idol":1,"Molten Egg 2":11,"HandDrill":11,"Burning Blood":0,"InkBottle":3}],"Burning Blood":36,"InkBottle":[4]},"card_choices":[{"not_picked":["Havoc","Armaments"],"picked":"Perfected Strike","floor":1},{"not_picked":["Iron Wave","Havoc","Wild Strike"],"picked":"SKIP","floor":4},{"not_picked":["Spot Weakness","Clash"],"picked":"Flex","floor":7},{"not_picked":["Dark Embrace","Rage","Thunderclap"],"picked":"SKIP","floor":10},{"not_picked":["Rampage+1","Rage","Armaments"],"picked":"SKIP","floor":11},{"not_picked":["Burning Pact","Anger+1"],"picked":"Feel No Pain","floor":14}],"player_experience":2071082,"relics_obtained":[{"floor":7,"key":"InkBottle"},{"floor":9,"key":"Lantern"},{"floor":11,"key":"Molten Egg 2"}],"event_choices":[{"damage_healed":0,"gold_gain":0,"player_choice":"Grow","damage_taken":0,"max_hp_gain":0,"max_hp_loss":0,"event_name":"Living Wall","floor":2,"gold_loss":0,"cards_upgraded":["Perfected Strike"]},{"damage_healed":0,"gold_gain":0,"player_choice":"Take Damage","damage_taken":26,"relics_obtained":["Golden Idol"],"max_hp_gain":0,"max_hp_loss":0,"event_name":"Golden Idol","floor":3,"gold_loss":0},{"cards_removed":["Defend_R"],"damage_healed":0,"gold_gain":0,"player_choice":"Card Removal","damage_taken":7,"max_hp_gain":0,"max_hp_loss":0,"event_name":"Golden Wing","floor":5,"gold_loss":0},{"cards_removed":["Defend_R"],"damage_healed":0,"gold_gain":0,"player_choice":"Card Removal","damage_taken":0,"max_hp_gain":0,"max_hp_loss":0,"event_name":"The Cleric","floor":6,"gold_loss":75}],"is_beta":false,"boss_relics":[],"items_purged_floors":[],"is_endless":false,"potions_floor_spawned":[10,14],"killed_by":"Hexaghost","ascension_level":17}}