{"host":"m77rrhbqzv44va4v","time":1609094535,"event":{"mods":["AchievementEnabler","BaseMod","Colored Map","DeckTracker","Keyboard Shortcuts","Minty Spire (QoL Compilation)","StSLib","SuperFastMode","everything is the same but u backflip on backflip"],"gold_per_floor":[116,116,41,58,58,92,92,106,129,153,153,191,36,36,36],"floor_reached":14,"playtime":185,"items_purged":["Strike_R"],"score":203,"play_id":"ba000a32-1850-4b1a-b49a-28add89dd53e","local_time":"20201228034215","is_ascension_mode":true,"campfire_choices":[{"data":"Inflame","floor":7,"key":"SMITH"}],"circlet_count":0,"master_deck":["AscendersBane","Strike_R","Strike_R","Strike_R","Strike_R","Defend_R","Defend_R","Defend_R","Defend_R","Bash","Armaments+1","Inflame+1","Wild Strike","Shockwave","Flame Barrier","Disarm"],"relics":["Burning Blood","NeowsBlessing","Golden Idol","Juzu Bracelet","Strawberry","Boot","Medical Kit"],"acts_visited":["Exordium"],"potions_floor_usage":[6,10,14],"damage_taken":[{"damage":0,"enemies":"2 Louse","floor":1,"turns":1},{"damage":0,"enemies":"Small Slimes","floor":4,"turns":2},{"damage":0,"enemies":"3 Sentries","floor":6,"turns":2},{"damage":6,"enemies":"Cultist","floor":8,"turns":4},{"damage":27,"enemies":"Gremlin Gang","floor":10,"turns":5},{"damage":41,"enemies":"Lagavulin","floor":12,"turns":6},{"damage":31,"enemies":"3 Sentries","floor":14,"turns":4}],"seed_played":"7917151269139640240","potions_obtained":[{"floor":4,"key":"SneckoOil"},{"floor":6,"key":"Fruit Juice"},{"floor":8,"key":"GamblersBrew"},{"floor":12,"key":"ColorlessPotion"}],"is_trial":false,"path_per_floor":["M","?","$","M","?","E","R","M","T","M","?","E","$","E"],"character_chosen":"IRONCLAD","items_purchased":["Medical Kit"],"campfire_rested":0,"item_purchase_floors":[13],"current_hp_per_floor":[78,78,78,80,60,71,71,71,78,57,57,22,22,0,0],"gold":36,"neow_bonus":"THREE_ENEMY_KILL","is_daily":false,"chose_seed":false,"campfire_upgraded":1,"win_rate":0.0,"timestamp":1609094535,"path_taken":["M","?","$","M","?","E","R","M","T","M","?","E","$","E"],"items_purchased_type":["Relic"],"build_version":"2020-12-22","purchased_purges":1,"victory":false,"max_hp_per_floor":[80,80,80,80,80,85,85,85,92,92,92,92,92,92,92],"card_choices":[{"not_picked":["Warcry","Ghostly Armor"],"picked":"Armaments","floor":1},{"not_picked":["Clash","Spot Weakness"],"picked":"Inflame","floor":4},{"not_picked":["Dropkick","Fiend Fire"],"picked":"Wild Strike","floor":6},{"not_picked":["Armaments","Headbutt"],"picked":"Shockwave","floor":8},{"not_picked":["Clothesline","Dual Wield"],"picked":"Flame Barrier","floor":10},{"not_picked":["Rage","Rupture"],"picked":"Disarm","floor":12}],"player_experience":814221,"relics_obtained":[{"floor":6,"key":"Juzu Bracelet"},{"floor":9,"key":"Strawberry"},{"floor":12,"key":"Boot"}],"event_choices":[{"damage_healed":0,"gold_gain":0,"player_choice":"Grow","damage_taken":0,"max_hp_gain":0,"max_hp_loss":0,"event_name":"Living Wall","floor":2,"gold_loss":0,"cards_upgraded":["Armaments"]},{"damage_healed":0,"gold_gain":0,"player_choice":"Take Damage","damage_taken":20,"relics_obtained":["Golden Idol"],"max_hp_gain":0,"max_hp_loss":0,"event_name":"Golden Idol","floor":5,"gold_loss":0},{"damage_healed":0,"gold_gain":0,"player_choice":"Ignored","damage_taken":0,"max_hp_gain":0,"max_hp_loss":0,"event_name":"Liars Game","floor":11,"gold_loss":0}],"is_beta":false,"boss_relics":[],"items_purged_floors":[3],"is_endless":false,"potions_floor_spawned":[4,6,8,12],"killed_by":"3 Sentries","ascension_level":13}}