{"host":"qj91dvco5uhu9oti","time":1609104122,"event":{"mods":["BaseMod","Colored Map","Keyboard Shortcuts","Minty Spire (QoL Compilation)","Permanent Neow","Relic Stats","StSLib","SuperFastMode","everything is the same but u backflip on backflip"],"gold_per_floor":[360,360,285,6,6,6,6,6],"floor_reached":7,"playtime":142,"items_purged":["Strike_G"],"score":67,"play_id":"9cee0533-6480-4597-a334-e8a024ad6473","local_time":"20201228062202","is_ascension_mode":true,"campfire_choices":[{"data":"Deadly Poison","floor":6,"key":"SMITH"}],"circlet_count":0,"master_deck":["AscendersBane","Strike_G","Strike_G","Strike_G","Defend_G","Defend_G","Defend_G","Defend_G","Defend_G","Survivor","Neutralize","Catalyst","Deadly Poison+1","Catalyst"],"relics":["Ring of the Snake","Strawberry","Membership Card"],"acts_visited":["Exordium"],"potions_floor_usage":[],"damage_taken":[{"damage":0.0,"enemies":"Jaw Worm","floor":1.0,"turns":6.0},{"damage":47,"enemies":"3 Sentries","floor":7,"turns":13}],"seed_played":"-4990735877779166537","potions_obtained":[],"is_trial":false,"path_per_floor":["M","?","?","$","?","R","E"],"character_chosen":"THE_SILENT","items_purchased":["Membership Card","Deadly Poison","Catalyst"],"campfire_rested":0,"item_purchase_floors":[4,4,4],"current_hp_per_floor":[44,46,46,46,46,46,0,0],"gold":6,"neow_bonus":"TWO_FIFTY_GOLD","is_daily":false,"chose_seed":false,"campfire_upgraded":1,"win_rate":0.0,"timestamp":1609104122,"path_taken":["M","?","?","$","?","R","E"],"items_purchased_type":["Relic","Card","Card"],"build_version":"2020-12-22","purchased_purges":1,"victory":false,"max_hp_per_floor":[66,73,73,73,73,73,73,73],"relic_stats":{"counters":[2,19],"obtain_stats":[{"Strawberry":2,"Membership Card":4,"Ring of the Snake":0},{"Strawberry":1,"Membership Card":1,"Ring of the Snake":0},{"Strawberry":6,"Membership Card":6,"Ring of the Snake":0}],"Ring of the Snake":[4]},"card_choices":[{"not_picked":["Acrobatics","Dodge and Roll"],"picked":"Catalyst","floor":1.0}],"player_experience":314536,"relics_obtained":[],"event_choices":[{"damage_healed":0.0,"max_hp_gain":0.0,"max_hp_loss":0.0,"gold_gain":0.0,"event_name":"Scrap Ooze","player_choice":"Success","floor":2.0,"gold_loss":0.0,"damage_taken":5.0,"relics_obtained":["Strawberry"]},{"cards_removed":["Strike_G"],"damage_healed":0.0,"max_hp_gain":0.0,"max_hp_loss":0.0,"gold_gain":0.0,"event_name":"The Cleric","player_choice":"Card Removal","floor":3.0,"gold_loss":75.0,"damage_taken":0.0},{"damage_healed":0,"gold_gain":0,"player_choice":"Ignored","damage_taken":0,"max_hp_gain":0,"max_hp_loss":0,"event_name":"Liars Game","floor":5,"gold_loss":0}],"is_beta":false,"boss_relics":[],"items_purged_floors":[4],"is_endless":false,"potions_floor_spawned":[],"killed_by":"3 Sentries","ascension_level":16}}