{"host":"hkfd27larxvbrzdx","time":1609067911,"event":{"mods":["AchievementEnabler","BaseMod","Minty Spire (QoL Compilation)"],"gold_per_floor":[116,116,126,126,201,201,50,76,76,92,92,92,92,121,121,218,218,128,53,53,53,53,53,53,53],"floor_reached":24,"playtime":5202,"items_purged":["Strike_P"],"score":235,"play_id":"05c45e6f-59c6-4acb-8608-1b72f443ff94","local_time":"20201227191831","is_ascension_mode":true,"campfire_choices":[{"data":"Sanctity","floor":6,"key":"SMITH"},{"data":"Eruption","floor":11,"key":"SMITH"},{"floor":13,"key":"REST"},{"data":"LikeWater","floor":15,"key":"SMITH"},{"floor":23,"key":"REST"}],"circlet_count":0,"master_deck":["Strike_P+1","Strike_P","Defend_P+1","Defend_P","Defend_P","Defend_P","Eruption+1","Vigilance","Consecrate","Sanctity+1","Meditate+1","LikeWater+1","Swivel+1","ClearTheMind+1","DeusExMachina+1","PathToVictory+1","Evaluate+1","EmptyBody+1"],"relics":["PureWater","Potion Belt","Toxic Egg 2","Torii","Shuriken","Ectoplasm"],"acts_visited":["Exordium","TheCity"],"potions_floor_usage":[8],"damage_taken":[{"damage":0,"enemies":"Small Slimes","floor":1,"turns":3},{"damage":0,"enemies":"2 Louse","floor":3,"turns":2},{"damage":10,"enemies":"Gremlin Nob","floor":8,"turns":4},{"damage":0,"enemies":"Cultist","floor":10,"turns":3},{"damage":1,"enemies":"Lagavulin","floor":14,"turns":10},{"damage":13,"enemies":"Slime Boss","floor":16,"turns":13},{"damage":37,"enemies":"2 Thieves","floor":18,"turns":5},{"damage":3,"enemies":"3 Byrds","floor":20,"turns":5},{"damage":13,"enemies":"Shelled Parasite and Fungi","floor":21,"turns":6},{"damage":8,"enemies":"Sentry and Sphere","floor":22,"turns":11},{"damage":36,"enemies":"Book of Stabbing","floor":24,"turns":11}],"seed_played":"7463319723084324792","potions_obtained":[{"floor":1,"key":"BlessingOfTheForge"},{"floor":10,"key":"Energy Potion"},{"floor":18,"key":"Ambrosia"},{"floor":22,"key":"Energy Potion"}],"is_trial":false,"path_per_floor":["M","?","M","?","?","R","$","E","T","M","R","?","R","E","R","B",null,"M","$","M","M","M","R","E"],"character_chosen":"WATCHER","items_purchased":["Meditate+1","LikeWater"],"campfire_rested":2,"item_purchase_floors":[7,7],"current_hp_per_floor":[72,58,58,55,48,48,48,38,38,38,38,31,52,51,51,38,72,35,35,32,19,11,32,0,0],"gold":53,"neow_bonus":"RANDOM_COMMON_RELIC","is_daily":false,"chose_seed":false,"campfire_upgraded":3,"win_rate":0.0,"timestamp":1609067911,"path_taken":["M","?","M","?","?","R","$","E","T","?","R","?","R","E","R","BOSS","M","$","M","M","M","R","E"],"items_purchased_type":["Card","Card"],"build_version":"2020-12-22","purchased_purges":1,"victory":false,"max_hp_per_floor":[72,72,72,72,72,72,72,72,72,72,72,72,72,72,72,72,72,72,72,72,72,72,72,72,72],"card_choices":[{"not_picked":["Indignation","BowlingBash"],"picked":"Consecrate","floor":1},{"not_picked":["EmptyFist","Judgement"],"picked":"Sanctity","floor":3},{"not_picked":["FollowUp","BowlingBash"],"picked":"Swivel+1","floor":8},{"not_picked":["Wireheading","Meditate+1","BowlingBash"],"picked":"SKIP","floor":10},{"not_picked":["EmptyFist","FlyingSleeves"],"picked":"ClearTheMind+1","floor":14},{"not_picked":["Alpha+1","DevaForm"],"picked":"DeusExMachina+1","floor":16},{"not_picked":["Crescendo+1","Meditate+1"],"picked":"PathToVictory+1","floor":18},{"not_picked":["JustLucky","ClearTheMind+1"],"picked":"Evaluate+1","floor":20},{"not_picked":["BowlingBash","EmptyMind+1","FollowUp"],"picked":"SKIP","floor":21},{"not_picked":["SashWhip","Scrawl+1"],"picked":"EmptyBody+1","floor":22}],"player_experience":118199,"relics_obtained":[{"floor":8,"key":"Torii"},{"floor":14,"key":"Shuriken"}],"event_choices":[{"damage_healed":0,"gold_gain":0,"player_choice":"Entered Light","damage_taken":14,"max_hp_gain":0,"max_hp_loss":0,"event_name":"Shining Light","floor":2,"gold_loss":0,"cards_upgraded":["Strike_P","Defend_P"]},{"damage_healed":0,"gold_gain":0,"player_choice":"Success","damage_taken":3,"relics_obtained":["Toxic Egg 2"],"max_hp_gain":0,"max_hp_loss":0,"event_name":"Scrap Ooze","floor":4,"gold_loss":0},{"damage_healed":0,"gold_gain":75,"player_choice":"Touch","damage_taken":7,"max_hp_gain":0,"max_hp_loss":0,"event_name":"FaceTrader","floor":5,"gold_loss":0},{"cards_removed":["Strike_P"],"damage_healed":0,"gold_gain":0,"player_choice":"Card Removal","damage_taken":7,"max_hp_gain":0,"max_hp_loss":0,"event_name":"Golden Wing","floor":12,"gold_loss":0}],"is_beta":false,"boss_relics":[{"not_picked":["SacredBark","VioletLotus"],"picked":"Ectoplasm"}],"items_purged_floors":[19],"is_endless":false,"potions_floor_spawned":[1,10,18,22],"killed_by":"Book of Stabbing","ascension_level":3}}