{"host":"27tk4xseidcli2mr","time":1609079255,"event":{"mods":["2.2 Compatiblity","AchievementEnabler","Aspiration","BaseMod","Better Third Choice","Conspire","Custom Start","Hubris","Jorbs\u0027s Wanderer Trilogy","Minty Spire (QoL Compilation)","Replay The Spire","StSLib","SuperFastMode","[IsaacMod]????"],"gold_per_floor":[112,112,122,43,131,131,166,166,166,166,166,184,216,232,232,232,232],"floor_reached":16,"playtime":500,"items_purged":[],"score":216,"play_id":"d988d3ac-85e9-48dd-aca8-eca608a18375","local_time":"20201227152735","is_ascension_mode":true,"campfire_choices":[{"data":"ReplayRNGCard","floor":6.0,"key":"SMITH"},{"floor":8.0,"key":"REST"},{"floor":11.0,"key":"REST"},{"floor":15,"key":"REST"}],"circlet_count":0,"master_deck":["AscendersBane","Strike_B","Strike_B","Strike_B","Strike_B","Defend_B","Defend_B","Defend_B","Defend_B","Zap","Dualcast","Machine Learning","ReplayRNGCard+1","BasicCrystalCard","Gash","Leap","Pain","Capacitor","Conserve Battery","Cold Snap","Ball Lightning","Sweeping Beam","Beam Cell"],"relics":["Cracked Core","HushsDoor","MaYiHuaBei","Cables","Mercury Hourglass","hubris:Towel","Kunai"],"acts_visited":["Exordium"],"potions_floor_usage":[16],"damage_taken":[{"damage":6.0,"enemies":"Jaw Worm","floor":1.0,"turns":5.0},{"damage":2.0,"enemies":"Cultist","floor":3.0,"turns":4.0},{"damage":49.0,"enemies":"Gremlin Nob","floor":7.0,"turns":6.0},{"damage":5.0,"enemies":"2 Louse","floor":12.0,"turns":3.0},{"damage":24.0,"enemies":"Replay:BlueRogue","floor":13.0,"turns":8.0},{"damage":11,"enemies":"Exordium Wildlife","floor":14,"turns":5},{"damage":42,"enemies":"Fading Forest","floor":16,"turns":7}],"seed_played":"-3214545967396825782","potions_obtained":[{"floor":7.0,"key":"Languid Potion"},{"floor":14,"key":"Explosive Potion"}],"is_trial":false,"path_per_floor":["M","?","M","$","?","R","E","R","T","?","R","M","E","M","R","B"],"character_chosen":"DEFECT","items_purchased":["Gash","Leap"],"campfire_rested":3,"item_purchase_floors":[4,4],"current_hp_per_floor":[58,58,56,56,56,56,7,28,28,28,49,44,20,9,30,0,0],"gold":232,"neow_bonus":"ONE_RANDOM_RARE_CARD","is_daily":false,"chose_seed":false,"campfire_upgraded":1,"win_rate":0.0,"timestamp":1609079255,"path_taken":["M","?","M","$","?","R","E","R","T","?","R","M","E","M","R","BOSS"],"items_purchased_type":["Card","Card"],"build_version":"2020-12-22","purchased_purges":0,"victory":false,"max_hp_per_floor":[71,71,71,71,71,71,71,71,71,71,71,71,71,71,71,71,71],"card_choices":[{"not_picked":["Coolheaded","Compile Driver"],"picked":"ReplayRNGCard","floor":1.0},{"not_picked":["Redo","Reinforced Body"],"picked":"BasicCrystalCard","floor":3.0},{"not_picked":["Panic Button","Auto Shields"],"picked":"Capacitor","floor":5.0},{"not_picked":["Reprogram","ReplaySort"],"picked":"Conserve Battery","floor":5.0},{"not_picked":["Steam","BasicCrystalCard"],"picked":"Cold Snap","floor":5.0},{"not_picked":["conspire:Rain","Barrage"],"picked":"Ball Lightning","floor":7.0},{"not_picked":["Steam Power","Pulse"],"picked":"Sweeping Beam","floor":12.0},{"not_picked":["Beam Cell","hubris:SpecializedCircuitry","Rip and Tear"],"picked":"SKIP","floor":13},{"not_picked":["Scrape","Compile Driver"],"picked":"Beam Cell","floor":14}],"player_experience":1238700,"relics_obtained":[{"floor":7.0,"key":"Cables"},{"floor":9.0,"key":"Mercury Hourglass"},{"floor":13,"key":"Kunai"}],"event_choices":[],"is_beta":false,"boss_relics":[],"items_purged_floors":[],"is_endless":false,"potions_floor_spawned":[7,14],"killed_by":"Fading Forest","ascension_level":20}}