{"host":"qbnk2vkaq38efxaz","time":1609039600,"event":{"mods":["BaseMod","Minty Spire (QoL Compilation)"],"gold_per_floor":[117,117,42,142,161,196,196,207,285,319,335,354,372,403,403,403,403],"floor_reached":16,"playtime":1274,"items_purged":["Defend_R"],"score":162,"play_id":"7df06fe4-afce-4610-97b4-b0affdc1fc40","local_time":"20201226192640","is_ascension_mode":true,"campfire_choices":[{"data":"Bash","floor":15,"key":"SMITH"}],"circlet_count":0,"master_deck":["Strike_R","Strike_R","Strike_R","Strike_R","Defend_R","Defend_R","Bash+1","Shrug It Off","Rampage","Heavy Blade","Perfected Strike","Shrug It Off","Limit Break","Wild Strike","Pommel Strike"],"relics":["Burning Blood","NeowsBlessing","Smiling Mask","Shuriken","Omamori","Turnip"],"acts_visited":["Exordium"],"potions_floor_usage":[14,16],"damage_taken":[{"damage":0,"enemies":"Small Slimes","floor":1,"turns":1},{"damage":0,"enemies":"Cultist","floor":5,"turns":1},{"damage":0,"enemies":"Lagavulin","floor":6,"turns":1},{"damage":4,"enemies":"Jaw Worm","floor":8,"turns":2},{"damage":20,"enemies":"Gremlin Nob","floor":10,"turns":4},{"damage":21,"enemies":"Exordium Thugs","floor":11,"turns":5},{"damage":13,"enemies":"Blue Slaver","floor":12,"turns":3},{"damage":5,"enemies":"Large Slime","floor":13,"turns":6},{"damage":15,"enemies":"Lagavulin","floor":14,"turns":5},{"damage":37,"enemies":"Hexaghost","floor":16,"turns":8}],"seed_played":"4905861619141549860","potions_obtained":[{"floor":5,"key":"Explosive Potion"},{"floor":6,"key":"DuplicationPotion"},{"floor":10,"key":"FearPotion"},{"floor":11,"key":"AttackPotion"}],"is_trial":false,"path_per_floor":["M","?","$","?","M","E","?","M","T","E","M","M","M","E","R","B"],"character_chosen":"IRONCLAD","items_purchased":[],"campfire_rested":0,"item_purchase_floors":[],"current_hp_per_floor":[80,73,73,73,79,80,80,80,80,66,51,44,45,36,36,0,0],"gold":403,"neow_bonus":"THREE_ENEMY_KILL","is_daily":false,"chose_seed":false,"campfire_upgraded":1,"win_rate":0.0,"timestamp":1609039600,"path_taken":["M","?","$","?","?","E","?","M","T","E","M","M","M","E","R","BOSS"],"items_purchased_type":[],"build_version":"2020-12-22","purchased_purges":1,"victory":false,"max_hp_per_floor":[80,80,80,80,80,80,80,80,80,80,80,80,80,80,80,80,80],"card_choices":[{"not_picked":["Searing Blow","Anger"],"picked":"Shrug It Off","floor":1},{"not_picked":["Clash","Carnage"],"picked":"Rampage","floor":5},{"not_picked":["Armaments","Second Wind"],"picked":"Heavy Blade","floor":6},{"not_picked":["Entrench","Rupture"],"picked":"Perfected Strike","floor":8},{"not_picked":["Uppercut","Blood for Blood","Sever Soul"],"picked":"SKIP","floor":10},{"not_picked":["Twin Strike","Pommel Strike"],"picked":"Shrug It Off","floor":11},{"not_picked":["Bloodletting","Iron Wave"],"picked":"Limit Break","floor":12},{"not_picked":["Shrug It Off","Heavy Blade"],"picked":"Wild Strike","floor":13},{"not_picked":["Warcry","Burning Pact"],"picked":"Pommel Strike","floor":14}],"player_experience":78874,"relics_obtained":[{"floor":6,"key":"Smiling Mask"},{"floor":9,"key":"Shuriken"},{"floor":10,"key":"Omamori"},{"floor":14,"key":"Turnip"}],"event_choices":[{"cards_removed":["Defend_R"],"damage_healed":0,"gold_gain":0,"player_choice":"Card Removal","damage_taken":7,"max_hp_gain":0,"max_hp_loss":0,"event_name":"Golden Wing","floor":2,"gold_loss":0},{"damage_healed":0,"gold_gain":100,"player_choice":"Pray","damage_taken":0,"max_hp_gain":0,"max_hp_loss":0,"event_name":"Golden Shrine","floor":4,"gold_loss":0},{"cards_removed":["Strike_R"],"damage_healed":0,"gold_gain":0,"player_choice":"Purged","damage_taken":0,"max_hp_gain":0,"max_hp_loss":0,"event_name":"Purifier","floor":7,"gold_loss":0}],"is_beta":false,"boss_relics":[],"items_purged_floors":[3],"is_endless":false,"potions_floor_spawned":[5,6,10,11,13],"killed_by":"Hexaghost","ascension_level":2}}