{"host":"rmsq46plbpwfbxcc","time":1609040769,"event":{"mods":["AchievementEnabler","BaseMod","Colored Map","DeckTracker","Minty Spire (QoL Compilation)","Permanent Neow","SuperFastMode"],"gold_per_floor":[117,117,42,42,63,63,98,132,132,132,150,175,188,212,212,303,303,324,339,126,146,146,146],"floor_reached":22,"playtime":802,"items_purged":["Injury","Strike_G"],"score":344,"play_id":"40b335ab-8193-4824-a3f8-6518280969c6","local_time":"20201227124609","is_ascension_mode":true,"campfire_choices":[{"data":"Neutralize","floor":6.0,"key":"SMITH"},{"floor":10,"key":"REST"},{"data":"Blade Dance","floor":15,"key":"SMITH"}],"circlet_count":0,"master_deck":["AscendersBane","Strike_G","Strike_G","Strike_G","Strike_G","Defend_G","Defend_G","Defend_G","Defend_G","Defend_G","Survivor","Neutralize+1","CurseOfTheBell","Deadly Poison","Blade Dance+1","Tactician","Backflip","Noxious Fumes","Cloak And Dagger","Bullet Time","Acrobatics+1","PiercingWail"],"relics":["Calling Bell","Vajra","HornCleat","Ginger","Golden Idol","Ancient Tea Set","Odd Mushroom","Smiling Mask","Calipers","Art of War","Sozu","Strawberry"],"acts_visited":["Exordium","TheCity"],"potions_floor_usage":[8,16,18,22],"damage_taken":[{"damage":0.0,"enemies":"Cultist","floor":1.0,"turns":4.0},{"damage":0.0,"enemies":"2 Louse","floor":5.0,"turns":4.0},{"damage":23.0,"enemies":"The Mushroom Lair","floor":7.0,"turns":6.0},{"damage":16,"enemies":"Lagavulin","floor":8,"turns":7},{"damage":0,"enemies":"Jaw Worm","floor":11,"turns":4},{"damage":8,"enemies":"Blue Slaver","floor":13,"turns":3},{"damage":0,"enemies":"Large Slime","floor":14,"turns":5},{"damage":3,"enemies":"Hexaghost","floor":16,"turns":9},{"damage":5,"enemies":"3 Byrds","floor":18,"turns":5},{"damage":14,"enemies":"Shell Parasite","floor":19,"turns":7},{"damage":37,"enemies":"Shelled Parasite and Fungi","floor":21,"turns":9},{"damage":13,"enemies":"Masked Bandits","floor":22,"turns":3}],"seed_played":"-6987361250631950009","potions_obtained":[{"floor":1.0,"key":"Strength Potion"},{"floor":7.0,"key":"Regen Potion"},{"floor":8,"key":"PowerPotion"},{"floor":16,"key":"Strength Potion"}],"is_trial":false,"path_per_floor":["M","?","$","?","M","R","?","E","T","R","M","T","M","M","R","B",null,"M","M","$","M","?"],"character_chosen":"THE_SILENT","items_purchased":["Strawberry"],"campfire_rested":1,"item_purchase_floors":[20],"current_hp_per_floor":[59,59,59,33,33,33,10,9,9,28,28,28,20,20,20,17,54,49,35,42,5,0,0],"gold":146,"neow_bonus":"BOSS_RELIC","is_daily":false,"chose_seed":false,"campfire_upgraded":2,"win_rate":0.0,"timestamp":1609040769,"path_taken":["M","?","$","?","M","R","?","E","T","R","M","?","M","M","R","BOSS","M","M","$","M","?"],"items_purchased_type":["Relic"],"build_version":"2020-12-22","purchased_purges":2,"victory":false,"max_hp_per_floor":[66,66,66,66,66,66,66,66,66,66,66,66,66,66,66,66,66,66,66,73,73,73,73],"card_choices":[{"not_picked":["Acrobatics","Poisoned Stab","Underhanded Strike"],"picked":"SKIP","floor":1.0},{"not_picked":["Bane","Masterful Stab"],"picked":"Deadly Poison","floor":5.0},{"not_picked":["Underhanded Strike","Masterful Stab"],"picked":"Blade Dance","floor":7.0},{"not_picked":["Bouncing Flask","Underhanded Strike"],"picked":"Tactician","floor":8},{"not_picked":["Poisoned Stab","Dodge and Roll"],"picked":"Backflip","floor":11},{"not_picked":["Tactician","Backflip"],"picked":"Noxious Fumes","floor":13},{"not_picked":["Corpse Explosion","Slice"],"picked":"Cloak And Dagger","floor":14},{"not_picked":["Unload","Die Die Die"],"picked":"Bullet Time","floor":16},{"not_picked":["Sucker Punch","Deadly Poison"],"picked":"Acrobatics+1","floor":18},{"not_picked":["Prepared","Dodge and Roll+1","Deflect"],"picked":"SKIP","floor":19},{"not_picked":["Backflip","Well Laid Plans"],"picked":"PiercingWail","floor":21}],"player_experience":1390105,"relics_obtained":[{"floor":0.0,"key":"Vajra"},{"floor":0.0,"key":"HornCleat"},{"floor":0.0,"key":"Ginger"},{"floor":7.0,"key":"Odd Mushroom"},{"floor":8,"key":"Smiling Mask"},{"floor":9,"key":"Calipers"},{"floor":12,"key":"Art of War"}],"event_choices":[{"damage_healed":0.0,"max_hp_gain":0.0,"max_hp_loss":0.0,"gold_gain":0.0,"event_name":"Golden Idol","player_choice":"Take Wound","floor":2.0,"gold_loss":0.0,"damage_taken":0.0,"relics_obtained":["Golden Idol"],"cards_obtained":["Injury"]},{"damage_healed":0.0,"max_hp_gain":0.0,"max_hp_loss":0.0,"gold_gain":0.0,"event_name":"Scrap Ooze","player_choice":"Success","floor":4.0,"gold_loss":0.0,"damage_taken":26.0,"relics_obtained":["Ancient Tea Set"]},{"damage_healed":0.0,"max_hp_gain":0.0,"max_hp_loss":0.0,"gold_gain":0.0,"event_name":"Mushrooms","player_choice":"Fought Mushrooms","floor":7.0,"gold_loss":0.0,"damage_taken":0.0},{"damage_healed":0,"gold_gain":0,"player_choice":"Fought Bandits","damage_taken":0,"max_hp_gain":0,"max_hp_loss":0,"event_name":"Masked Bandits","floor":22,"gold_loss":0}],"is_beta":false,"boss_relics":[{"not_picked":["Runic Pyramid","Snecko Eye"],"picked":"Sozu"}],"items_purged_floors":[3,20],"is_endless":false,"potions_floor_spawned":[1,7,8,16],"killed_by":"Masked Bandits","ascension_level":17}}