{"host":"Yuki","time":1609047560,"event":{"mods":["AchievementEnabler","BaseMod","Block Reminder","Colored Map","Colored Powertips","Googly Eyes","Highlight Path","Minty Spire (QoL Compilation)","Permanent Neow","Quick Restart","Random Character Button","Random Character Mod","Relic Stats","StSLib","The Wild Card","everything is the same but u backflip on backflip","slay the spire mod where everything is the same but ironclad has a cowboy hat"],"gold_per_floor":[114,125,75,94,105,105,164,164,164,182,193,7,7,27,27,122,122,132,150,150,170,186,186,220,220,220,245,265,365,383,400,400,495,495,515,535,546,562,572,606,606,621,621,652,72,86,98,128,128,128,128,128,3,34,34],"floor_reached":56,"playtime":5078,"items_purged":["theWildCard:BasicStrike","theWildCard:BasicStrike","theWildCard:CallToAdventure"],"score":1719,"play_id":"8e917165-adf0-4adf-8cde-70411e31a7a2","local_time":"20201226233920","is_ascension_mode":true,"campfire_choices":[{"data":"theWildCard:EnergyTheft","floor":6.0,"key":"SMITH"},{"data":"theWildCard:StingingStrike","floor":8.0,"key":"SMITH"},{"data":"theWildCard:Attunement","floor":13.0,"key":"SMITH"},{"data":"theWildCard:ManOfManyFaces","floor":15.0,"key":"SMITH"},{"data":"theWildCard:EnergyTheft","floor":23,"key":"SMITH"},{"floor":25,"key":"REST"},{"data":"theWildCard:EnergyTheft","floor":32,"key":"SMITH"},{"floor":41,"key":"RECALL"},{"data":"theWildCard:Attunement","floor":49,"key":"SMITH"},{"data":"theWildCard:TheArcanaUnleashed","floor":52,"key":"SMITH"}],"circlet_count":0,"master_deck":["theWildCard:BasicDefend","theWildCard:BasicDefend","theWildCard:BasicDefend","theWildCard:BasicDefend","theWildCard:Arsene","theWildCard:EnergyTheft+1","theWildCard:Safeguard","theWildCard:StingingStrike+1","theWildCard:SeveringSlash","theWildCard:ArchaicAssault","theWildCard:ArcaneArts+1","theWildCard:Loki+1","theWildCard:ManOfManyFaces+1","theWildCard:Attunement+1","theWildCard:ArchaicAssault","theWildCard:ArcaneArts+1","theWildCard:TheUniverse","theWildCard:EnergyTheft+1","theWildCard:SeveringSlash+1","theWildCard:ArchaicAssault","theWildCard:StingingStrike","theWildCard:StingingStrike","theWildCard:EnergyTheft+1","theWildCard:TheArcanaUnleashed+1","theWildCard:StingingStrike","theWildCard:EnergyTheft+1","theWildCard:SeveringSlash+1","theWildCard:Proficiency+1","theWildCard:ArchaicAssault+1","theWildCard:ArchaicAssault+1","theWildCard:Attunement+1","theWildCard:SeveringSlash","theWildCard:ArcanaArtistry+1","theWildCard:Impatience+1"],"relics":["theWildCard:VelvetContract","Toxic Egg 2","Runic Pyramid","TungstenRod","Potion Belt","PreservedInsect","theWildCard:Wildcard","MealTicket","Kunai","Strawberry","Boot","TheAbacus","Happy Flower","Blood Vial"],"acts_visited":["Exordium","TheCity","TheBeyond","TheEnding"],"potions_floor_usage":[31,35,36,36,38,46,48],"damage_taken":[{"damage":4.0,"enemies":"Small Slimes","floor":1.0,"turns":3.0},{"damage":0.0,"enemies":"2 Louse","floor":2.0,"turns":3.0},{"damage":1.0,"enemies":"Jaw Worm","floor":4.0,"turns":3.0},{"damage":1.0,"enemies":"Red Slaver","floor":5.0,"turns":4.0},{"damage":12.0,"enemies":"Lagavulin Event","floor":7.0,"turns":6.0},{"damage":5.0,"enemies":"Lots of Slimes","floor":10.0,"turns":4.0},{"damage":4.0,"enemies":"Exordium Thugs","floor":11.0,"turns":5.0},{"damage":6.0,"enemies":"Exordium Wildlife","floor":14.0,"turns":3.0},{"damage":0.0,"enemies":"Slime Boss","floor":16.0,"turns":3.0},{"damage":9,"enemies":"2 Thieves","floor":18,"turns":2},{"damage":5,"enemies":"Shell Parasite","floor":19,"turns":2},{"damage":0,"enemies":"Cultist and Chosen","floor":21,"turns":2},{"damage":19,"enemies":"Centurion and Healer","floor":22,"turns":2},{"damage":4,"enemies":"Book of Stabbing","floor":24,"turns":2},{"damage":0,"enemies":"Gremlin Leader","floor":27,"turns":3},{"damage":0,"enemies":"Sentry and Sphere","floor":28,"turns":3},{"damage":0,"enemies":"3 Cultists","floor":30,"turns":2},{"damage":5,"enemies":"Snecko","floor":31,"turns":4},{"damage":0,"enemies":"Collector","floor":33,"turns":2},{"damage":0,"enemies":"Orb Walker","floor":35,"turns":1},{"damage":0,"enemies":"3 Shapes","floor":36,"turns":1},{"damage":14,"enemies":"Spire Growth","floor":37,"turns":2},{"damage":0,"enemies":"3 Darklings","floor":38,"turns":1},{"damage":0,"enemies":"Sphere and 2 Shapes","floor":39,"turns":1},{"damage":0,"enemies":"Nemesis","floor":40,"turns":1},{"damage":0,"enemies":"4 Shapes","floor":42,"turns":1},{"damage":0,"enemies":"Giant Head","floor":44,"turns":2},{"damage":0,"enemies":"3 Darklings","floor":46,"turns":1},{"damage":0,"enemies":"Jaw Worm Horde","floor":47,"turns":1},{"damage":0,"enemies":"Nemesis","floor":48,"turns":1},{"damage":21,"enemies":"Time Eater","floor":50,"turns":4},{"damage":0,"enemies":"Shield and Spear","floor":54,"turns":1},{"damage":0,"enemies":"The Heart","floor":55,"turns":3}],"seed_played":"5734342224632183612","potions_obtained":[{"floor":1.0,"key":"Dexterity Potion"},{"floor":2.0,"key":"SteroidPotion"},{"floor":4.0,"key":"BlessingOfTheForge"},{"floor":7.0,"key":"Regen Potion"},{"floor":27,"key":"LiquidMemories"},{"floor":31,"key":"GamblersBrew"},{"floor":33,"key":"AttackPotion"},{"floor":37,"key":"SkillPotion"},{"floor":39,"key":"Strength Potion"},{"floor":42,"key":"Energy Potion"},{"floor":46,"key":"Energy Potion"},{"floor":48,"key":"GamblersBrew"}],"is_trial":false,"path_per_floor":["M","M","?","M","M","R","?","R","T","M","M","$","R","M","R","B",null,"M","M","?","M","M","R","E","R","T","E","M","?","M","M","R","B",null,"M","M","M","M","M","E","R","M","T","E","$","M","M","E","R","B",null,"R","$","E","B",null],"character_chosen":"THE_WILD_CARD","items_purchased":["theWildCard:Attunement","theWildCard:ArchaicAssault","theWildCard:Attunement","Boot","TheAbacus","FairyPotion"],"campfire_rested":1,"item_purchase_floors":[12,12,45,45,45,45],"current_hp_per_floor":[56,56,56,55,54,54,42,42,42,37,33,33,33,27,27,27,60,51,46,46,46,27,27,23,41,41,41,41,41,41,41,41,41,60,60,60,46,46,46,46,46,46,46,53,67,67,67,67,67,46,67,67,67,67,67],"gold":34,"neow_bonus":"TRANSFORM_CARD","is_daily":false,"chose_seed":false,"campfire_upgraded":8,"win_rate":0.0,"timestamp":1609047560,"path_taken":["M","M","?","M","M","R","?","R","T","M","M","$","R","M","R","BOSS","M","M","?","M","M","R","E","R","T","E","M","?","?","?","R","BOSS","M","M","M","M","M","E","R","M","T","E","$","M","M","E","R","BOSS","R","$","E","BOSS"],"items_purchased_type":["Card","Card","Card","Relic","Relic","Potion"],"build_version":"2020-12-18","purchased_purges":3,"victory":true,"max_hp_per_floor":[60,60,60,60,60,60,60,60,60,60,60,60,60,60,60,60,60,60,60,60,60,60,60,60,60,60,60,60,60,60,60,60,60,60,60,60,60,60,60,60,60,60,60,67,67,67,67,67,67,67,67,67,67,67,67],"relic_stats":{"Blood Vial":0,"TheAbacus":[702],"Happy Flower":[2],"counters":[33,79],"MealTicket":14,"PreservedInsect":287,"Kunai":[58],"Boot":[87],"obtain_stats":[{"Potion Belt":26,"Happy Flower":48,"theWildCard:Wildcard":34,"PreservedInsect":27,"Boot":45,"Blood Vial":54,"theWildCard:VelvetContract":0,"TheAbacus":45,"Strawberry":44,"MealTicket":40,"Kunai":43,"Toxic Egg 2":7,"TungstenRod":24,"Runic Pyramid":17},{"Potion Belt":14,"Happy Flower":30,"theWildCard:Wildcard":19,"PreservedInsect":15,"Boot":27,"Blood Vial":32,"theWildCard:VelvetContract":0,"TheAbacus":27,"Strawberry":27,"MealTicket":25,"Kunai":26,"Toxic Egg 2":5,"TungstenRod":14,"Runic Pyramid":9},{"Potion Belt":44,"Happy Flower":71,"theWildCard:Wildcard":58,"PreservedInsect":47,"Boot":68,"Blood Vial":76,"theWildCard:VelvetContract":0,"TheAbacus":68,"Strawberry":68,"MealTicket":65,"Kunai":66,"Toxic Egg 2":19,"TungstenRod":44,"Runic Pyramid":34}],"TungstenRod":8},"card_choices":[{"not_picked":["theWildCard:SacrificialStroke","theWildCard:Proficiency"],"picked":"theWildCard:Safeguard","floor":1.0},{"not_picked":["theWildCard:Alice","theWildCard:Salvation"],"picked":"theWildCard:StingingStrike","floor":2.0},{"not_picked":["theWildCard:Sakuya","theWildCard:StalwartBlade"],"picked":"theWildCard:SeveringSlash","floor":4.0},{"not_picked":["theWildCard:Safeguard","theWildCard:ArcaneArts"],"picked":"theWildCard:ArchaicAssault","floor":5.0},{"not_picked":["theWildCard:MaskChange+1","theWildCard:Providence"],"picked":"theWildCard:ArcaneArts+1","floor":7.0},{"not_picked":["theWildCard:Michael+1","theWildCard:MaskChange+1"],"picked":"theWildCard:Loki+1","floor":10.0},{"not_picked":["theWildCard:StalwartBlade","theWildCard:FinalHour+1"],"picked":"theWildCard:ManOfManyFaces","floor":11.0},{"not_picked":["theWildCard:Sakuya+1","theWildCard:BladeOfGenerations"],"picked":"theWildCard:ArcaneArts+1","floor":14.0},{"not_picked":["theWildCard:ChangingDestiny+1","theWildCard:Desolation"],"picked":"theWildCard:TheUniverse","floor":16.0},{"not_picked":["theWildCard:StalwartBlade+1","theWildCard:Alice+1"],"picked":"theWildCard:EnergyTheft","floor":18},{"not_picked":["theWildCard:Patience+1","theWildCard:Lucifer+1"],"picked":"theWildCard:SeveringSlash+1","floor":19},{"not_picked":["theWildCard:SeveringSlash","theWildCard:CryOfAgony"],"picked":"theWildCard:ArchaicAssault","floor":21},{"not_picked":["theWildCard:StalwartBlade","theWildCard:EnergizedStroke","theWildCard:PaleRider+1"],"picked":"SKIP","floor":22},{"not_picked":["theWildCard:ShieldOfMany+1","theWildCard:TheUniverse","theWildCard:Patience+1"],"picked":"SKIP","floor":24},{"not_picked":["theWildCard:ArcaneArts+1","theWildCard:Polydeuces+1"],"picked":"theWildCard:StingingStrike","floor":27},{"not_picked":["theWildCard:Unburden+1","theWildCard:PowerOfTheArcana"],"picked":"theWildCard:StingingStrike","floor":28},{"not_picked":["theWildCard:BladeOfGenerations","theWildCard:Michael+1","theWildCard:Overwhelm"],"picked":"SKIP","floor":30},{"not_picked":["theWildCard:Michael+1","theWildCard:BladeOfGenerations+1"],"picked":"theWildCard:EnergyTheft","floor":31},{"not_picked":["theWildCard:Amaterasu+1","theWildCard:Lucifer+1"],"picked":"theWildCard:TheArcanaUnleashed","floor":33},{"not_picked":["theWildCard:MaskChange+1","theWildCard:StingingStrike","theWildCard:Odin+1"],"picked":"SKIP","floor":35},{"not_picked":["theWildCard:MaskChange+1","theWildCard:Odin+1"],"picked":"theWildCard:StingingStrike","floor":35},{"not_picked":["theWildCard:BladeOfGenerations+1","theWildCard:UnderLockAndKey+1","theWildCard:Impatience+1"],"picked":"SKIP","floor":36},{"not_picked":["theWildCard:Salvation+1","theWildCard:PaleRider+1"],"picked":"theWildCard:EnergyTheft+1","floor":37},{"not_picked":["theWildCard:Abstinence+1","theWildCard:SacrificialStroke"],"picked":"theWildCard:SeveringSlash+1","floor":38},{"not_picked":["theWildCard:Polydeuces+1","theWildCard:TheUniverse"],"picked":"theWildCard:Proficiency+1","floor":39},{"not_picked":["theWildCard:EnergizedStroke+1","theWildCard:MagicalMight"],"picked":"theWildCard:ArchaicAssault+1","floor":40},{"not_picked":["theWildCard:BladeOfGenerations","theWildCard:Polydeuces+1","theWildCard:Unburden+1"],"picked":"SKIP","floor":42},{"not_picked":["theWildCard:Sakuya+1","theWildCard:Metatron+1"],"picked":"theWildCard:ArchaicAssault+1","floor":44},{"not_picked":["theWildCard:PaleRider+1","theWildCard:IdentityTheft+1"],"picked":"theWildCard:SeveringSlash","floor":46},{"not_picked":["theWildCard:SacrificialStroke+1","theWildCard:Michael+1","theWildCard:EnergizedStroke"],"picked":"SKIP","floor":47},{"not_picked":["theWildCard:Michael+1","theWildCard:SeveringSlash"],"picked":"theWildCard:ArcanaArtistry+1","floor":48},{"not_picked":["theWildCard:Odin+1","theWildCard:ShieldOfMany+1"],"picked":"theWildCard:Impatience+1","floor":54}],"player_experience":1223847,"relics_obtained":[{"floor":7.0,"key":"Toxic Egg 2"},{"floor":24,"key":"TungstenRod"},{"floor":26,"key":"Potion Belt"},{"floor":27,"key":"PreservedInsect"},{"floor":40,"key":"MealTicket"},{"floor":43,"key":"Kunai"},{"floor":44,"key":"Strawberry"},{"floor":48,"key":"Happy Flower"},{"floor":54,"key":"Blood Vial"}],"event_choices":[{"cards_removed":["theWildCard:BasicStrike"],"damage_healed":0.0,"max_hp_gain":0.0,"max_hp_loss":0.0,"gold_gain":0.0,"event_name":"The Cleric","player_choice":"Card Removal","floor":3.0,"gold_loss":50.0,"damage_taken":0.0},{"damage_healed":0.0,"max_hp_gain":0.0,"max_hp_loss":0.0,"gold_gain":30.0,"event_name":"Dead Adventurer","player_choice":"Searched \u00273\u0027 times","floor":7.0,"gold_loss":0.0,"damage_taken":0.0},{"damage_healed":0,"gold_gain":0,"player_choice":"Ignored","damage_taken":0,"max_hp_gain":0,"max_hp_loss":0,"event_name":"Vampires","floor":20,"gold_loss":0},{"damage_healed":0,"gold_gain":100,"player_choice":"Pray","damage_taken":0,"max_hp_gain":0,"max_hp_loss":0,"event_name":"Golden Shrine","floor":29,"gold_loss":0}],"is_beta":true,"boss_relics":[{"not_picked":["Runic Dome","Tiny House"],"picked":"Runic Pyramid"},{"not_picked":["Pandora\u0027s Box","Astrolabe"],"picked":"theWildCard:Wildcard"}],"items_purged_floors":[12,45,53],"is_endless":false,"potions_floor_spawned":[1,2,4,7,16,21,27,31,33,37,39,42,46,48],"ascension_level":1}}