{"host":"sav7uxregyirlf69","time":1609079978,"event":{"mods":["AchievementEnabler","BaseMod","Colored Map","DeckTracker","Keyboard Shortcuts","Minty Spire (QoL Compilation)","READ ME - Guardian Mod","StSLib","SuperFastMode"],"gold_per_floor":[112,112,131,144,159,159,176,176,223,91,101,101,1,21,21,93,93,109,109,109,109,109],"floor_reached":21,"playtime":457,"items_purged":["Strike_G","Pain"],"score":342,"play_id":"0b8f65a5-f152-42c9-b262-456fbdd0d1ac","local_time":"20201227233938","is_ascension_mode":true,"campfire_choices":[{"data":"Neutralize","floor":6,"key":"SMITH"},{"data":"Prepared","floor":15,"key":"SMITH"}],"circlet_count":0,"master_deck":["AscendersBane","Strike_G","Defend_G","Defend_G","Defend_G","Defend_G","Survivor","Neutralize+1","Poisoned Stab","Flying Knee","Dagger Throw","Grand Finale","Prepared+1","Acrobatics","Dagger Throw"],"relics":["Ring of the Snake","WarpedTongs","Cursed Key"],"acts_visited":["Exordium","TheCity"],"potions_floor_usage":[16,16],"damage_taken":[{"damage":6,"enemies":"Cultist","floor":1,"turns":4},{"damage":0,"enemies":"2 Louse","floor":3,"turns":2},{"damage":0,"enemies":"Small Slimes","floor":4,"turns":3},{"damage":6,"enemies":"Red Slaver","floor":5,"turns":3},{"damage":1,"enemies":"Looter","floor":7,"turns":4},{"damage":8,"enemies":"2 Fungi Beasts","floor":11,"turns":4},{"damage":6,"enemies":"Large Slime","floor":14,"turns":3},{"damage":27,"enemies":"The Guardian","floor":16,"turns":15},{"damage":34,"enemies":"2 Thieves","floor":18,"turns":5},{"damage":16,"enemies":"Spheric Guardian","floor":21,"turns":5}],"seed_played":"-4092103087329566179","potions_obtained":[{"floor":4,"key":"DuplicationPotion"},{"floor":7,"key":"AttackPotion"},{"floor":16,"key":"Dexterity Potion"}],"is_trial":false,"path_per_floor":["M","?","M","M","M","R","M","?","T","$","M","?","$","M","R","B",null,"M","?","$","M"],"character_chosen":"THE_SILENT","items_purchased":["Acrobatics"],"campfire_rested":0,"item_purchase_floors":[10],"current_hp_per_floor":[53,53,53,53,47,47,46,46,46,46,38,38,38,32,32,5,46,12,12,12,0,0],"gold":109,"neow_bonus":"REMOVE_TWO","is_daily":false,"chose_seed":false,"campfire_upgraded":2,"win_rate":0.0,"timestamp":1609079978,"path_taken":["M","?","?","M","M","R","M","?","T","$","M","?","$","?","R","BOSS","M","?","$","?"],"items_purchased_type":["Card"],"build_version":"2020-12-22","purchased_purges":2,"victory":false,"max_hp_per_floor":[60,60,60,60,60,60,60,60,60,60,60,60,60,60,60,60,60,60,60,60,60,60],"card_choices":[{"not_picked":["Quick Slash","Flying Knee"],"picked":"Poisoned Stab","floor":1},{"not_picked":["Distraction","PiercingWail"],"picked":"Dagger Throw","floor":3},{"not_picked":["Distraction","Underhanded Strike"],"picked":"Grand Finale","floor":4},{"not_picked":["Dash","PiercingWail","Underhanded Strike"],"picked":"SKIP","floor":5},{"not_picked":["Deflect","Endless Agony"],"picked":"Prepared","floor":7},{"not_picked":["Deadly Poison","Slice"],"picked":"Dagger Throw","floor":11},{"not_picked":["Outmaneuver","Quick Slash","Crippling Poison"],"picked":"SKIP","floor":14},{"not_picked":["Cloak And Dagger","Outmaneuver","Deflect"],"picked":"SKIP","floor":18}],"player_experience":1021283,"relics_obtained":[],"event_choices":[{"damage_healed":0,"gold_gain":0,"player_choice":"1 cards matched","damage_taken":0,"max_hp_gain":0,"max_hp_loss":0,"event_name":"Match and Keep!","floor":2,"gold_loss":0,"cards_obtained":["Flying Knee"]},{"cards_removed":["Strike_G"],"damage_healed":0,"gold_gain":0,"player_choice":"Forget","damage_taken":0,"max_hp_gain":0,"max_hp_loss":0,"event_name":"Living Wall","floor":8,"gold_loss":0},{"damage_healed":0,"gold_gain":0,"player_choice":"Rummage","damage_taken":0,"relics_obtained":["WarpedTongs"],"max_hp_gain":0,"max_hp_loss":0,"event_name":"Accursed Blacksmith","floor":12,"gold_loss":0,"cards_obtained":["Pain"]},{"cards_removed":["Strike_G"],"damage_healed":0,"gold_gain":0,"player_choice":"Card Removal","damage_taken":0,"max_hp_gain":0,"max_hp_loss":0,"event_name":"Wheel of Change","floor":19,"gold_loss":0}],"is_beta":false,"boss_relics":[{"not_picked":["Black Star","HoveringKite"],"picked":"Cursed Key"}],"items_purged_floors":[10,13],"is_endless":false,"potions_floor_spawned":[4,7,16],"killed_by":"Spheric Guardian","ascension_level":20}}