{"host":"e4wnmsyty9uvvtwf","time":1609062170,"event":{"mods":["Act Like it!","BaseMod","Colored Map","Colored Powertips","Gensokyo","Marisa£®ÏF”Í°°ƒß¿Ì…≥£©","Minty Spire (QoL Compilation)","Rare Cards Sparkle","StSLib"],"gold_per_floor":[118,137,1,1,1,1,36,36,36,80,377,377,377,844,844,851,851],"floor_reached":16,"playtime":715,"items_purged":[],"score":196,"play_id":"f0eb5ec0-8beb-4226-b8ec-ad358c1b8de6","local_time":"20201227174250","is_ascension_mode":true,"campfire_choices":[{"data":"Gensokyo:CrescentMoonSlash","floor":6,"key":"SMITH"},{"floor":8,"key":"REST"},{"data":"FinalSpark","floor":13,"key":"SMITH"},{"floor":15,"key":"REST"}],"circlet_count":0,"master_deck":["AscendersBane","Strike_MRS","Strike_MRS","Strike_MRS","Strike_MRS","Defend_MRS","Defend_MRS","Defend_MRS","Defend_MRS","MasterSpark","UpSweep","FinalSpark+1","EnergyFlow","Gensokyo:CrescentMoonSlash+1","Robbery","ShootTheMoon","6A","ShootingEcho"],"relics":["MiniHakkero","AmplifyWand","Letter Opener","Toy Ornithopter","Old Coin"],"acts_visited":["Exordium"],"potions_floor_usage":[10,11,16],"damage_taken":[{"damage":0,"enemies":"Gensokyo:3_Fairies","floor":1,"turns":4},{"damage":6,"enemies":"Gensokyo:Gryphon","floor":2,"turns":3},{"damage":27,"enemies":"Gensokyo:Cirno","floor":7,"turns":6},{"damage":20,"enemies":"Gensokyo:Mamizou","floor":10,"turns":9},{"damage":7,"enemies":"Gensokyo:Python","floor":11,"turns":4},{"damage":11,"enemies":"Gensokyo:Kitsune","floor":14,"turns":3},{"damage":63,"enemies":"Gensokyo:Kokoro","floor":16,"turns":11}],"seed_played":"1928377344153520995","potions_obtained":[{"floor":2,"key":"PowerPotion"},{"floor":10,"key":"Weak Potion"},{"floor":11,"key":"Fruit Juice"}],"is_trial":false,"path_per_floor":["M","M","COS","?","?","R","E","R","T","E","M","?","R","M","R","B"],"character_chosen":"MARISA","items_purchased":[],"campfire_rested":2,"item_purchase_floors":[],"current_hp_per_floor":[63,57,57,43,43,43,16,37,37,17,20,39,39,28,50,0,0],"gold":851,"neow_bonus":"ONE_RANDOM_RARE_CARD","is_daily":false,"chose_seed":false,"campfire_upgraded":2,"win_rate":0.0,"timestamp":1609062170,"path_taken":["M","M","COS","?","?","R","E","R","T","E","M","?","R","?","R","BOSS"],"items_purchased_type":[],"build_version":"2020-12-22","purchased_purges":0,"victory":false,"max_hp_per_floor":[70,70,70,70,70,70,70,70,70,70,75,75,75,75,75,75,75],"card_choices":[{"not_picked":["6A","IllusionStar"],"picked":"EnergyFlow","floor":1},{"not_picked":["Acceleration","IllusionStar","ManaConvection"],"picked":"SKIP","floor":2},{"not_picked":["LuminesStrike","NonDirectionalLaser"],"picked":"Robbery","floor":7},{"not_picked":["MeteoricShower","UnstableBomb"],"picked":"ShootTheMoon","floor":10},{"not_picked":["WitchOfGreed","AsteroidBelt"],"picked":"6A","floor":11},{"not_picked":["WitchLeyline","LuminesStrike"],"picked":"ShootingEcho","floor":14}],"player_experience":660753,"relics_obtained":[{"floor":7,"key":"AmplifyWand"},{"floor":9,"key":"Letter Opener"},{"floor":10,"key":"Toy Ornithopter"}],"event_choices":[],"is_beta":false,"boss_relics":[],"items_purged_floors":[],"is_endless":false,"potions_floor_spawned":[2,10,11],"killed_by":"Gensokyo:Kokoro","ascension_level":20}}