{"host":"0luxfixkkfk9wck3","time":1609079920,"event":{"mods":["BaseMod","Downfall","Highlight Path","Minty Spire (QoL Compilation)","StSLib"],"gold_per_floor":[99,116,216,243,243,274,301,326,339,350,362,362,381,399,416,511,511,436,467,617,43,56,41,112,125,141,152,102,134,134,134,153,254,254,254,270,625,625,216,216,216,240,240,259,259,269,269,269,283,283],"floor_reached":51,"playtime":151601,"items_purged":["sneckomod:Strike","sneckomod:Strike"],"score":733,"play_id":"aa6ed9db-262b-4b10-8ec3-ce13ee1f6b16","local_time":"20201227083840","is_ascension_mode":true,"campfire_choices":[{"data":"sneckomod:SnekBite","floor":1,"key":"SMITH"},{"floor":12,"key":"RECALL"},{"data":"sneckomod:UnlimitedRolls","floor":18,"key":"SMITH"},{"data":"sneckomod:SnakeSap","floor":30,"key":"SMITH"},{"data":"sneckomod:Nope","floor":35,"key":"SMITH"},{"data":"sneckomod:UnknownRareAttack","floor":40,"key":"SMITH"},{"data":"sneckomod:UnknownRarePower","floor":43,"key":"SMITH"},{"data":"expansioncontent:StudyTheSpire","floor":45,"key":"SMITH"},{"floor":47,"key":"REST"}],"circlet_count":0,"master_deck":["sneckomod:Strike","sneckomod:Defend","sneckomod:Defend","sneckomod:Defend","sneckomod:TailWhip","sneckomod:SnekBite+1","sneckomod:Unknown","sneckomod:Unknown","sneckomod:SoulDraw","sneckomod:SnakeSap+1","sneckomod:ImprovisedAttack","sneckomod:UnknownDexterity","sneckomod:Nope+1","sneckomod:Unknown0Cost","sneckomod:UnknownBlock","sneckomod:UnknownExhaust","sneckomod:SlitherStrike","sneckomod:UnlimitedRolls+1","CurseOfTheBell","sneckomod:IronFang+1","sneckomod:UnknownClassSLIMEBOUND+1","sneckomod:UnknownUncommonPower","sneckomod:QuickBite+1","sneckomod:UnknownUncommonSkill+1","sneckomod:QuickMove","sneckomod:ImprovisedAttack+1","sneckomod:UnknownRarePower+1","sneckomod:QuickMove+1","sneckomod:UnknownDexterity","sneckomod:CheapStock","sneckomod:UnknownRareAttack+1","expansioncontent:StudyTheSpire+1","sneckomod:CheapStock+1","sneckomod:UnknownClassGUARDIAN+1"],"relics":["sneckomod:SneckoSoul","Bag of Preparation","Boot","Vajra","Odd Mushroom","Calling Bell","Anchor","Pantograph","Pocketwatch","downfall:HeartBlessingRed","OrangePellets","Letter Opener","Bottled Tornado","Singing Bowl","sneckomod:BabySnecko","Snecko Eye","Old Coin","Lantern","Pen Nib","Potion Belt"],"acts_visited":["Exordium","TheCity","TheBeyond"],"potions_floor_usage":[6,13,33,37,50,50],"damage_taken":[{"damage":15,"enemies":"Small Slimes","floor":2,"turns":3},{"damage":6,"enemies":"Lagavulin","floor":6,"turns":4},{"damage":12,"enemies":"The Mushroom Lair","floor":8,"turns":4},{"damage":7,"enemies":"Jaw Worm","floor":9,"turns":2},{"damage":0,"enemies":"2 Louse","floor":10,"turns":3},{"damage":0,"enemies":"2 Fungi Beasts","floor":11,"turns":2},{"damage":13,"enemies":"Exordium Thugs","floor":13,"turns":3},{"damage":6,"enemies":"Gremlin Gang","floor":14,"turns":3},{"damage":7,"enemies":"2 Fungi Beasts","floor":15,"turns":3},{"damage":2,"enemies":"downfall:Defect","floor":16,"turns":3},{"damage":0,"enemies":"Chosen","floor":19,"turns":4},{"damage":1,"enemies":"downfall:FleeingMerchant","floor":21,"turns":4},{"damage":0,"enemies":"Centurion and Healer","floor":22,"turns":5},{"damage":12,"enemies":"downfall:FleeingMerchant","floor":23,"turns":4},{"damage":21,"enemies":"Snake Plant","floor":25,"turns":4},{"damage":25,"enemies":"Sentry and Sphere","floor":26,"turns":4},{"damage":12,"enemies":"Centurion and Healer","floor":27,"turns":5},{"damage":7,"enemies":"Book of Stabbing","floor":29,"turns":3},{"damage":15,"enemies":"Chosen and Byrds","floor":32,"turns":6},{"damage":25,"enemies":"downfall:Silent","floor":33,"turns":5},{"damage":0,"enemies":"3 Darklings","floor":36,"turns":4},{"damage":20,"enemies":"2 Orb Walkers","floor":37,"turns":3},{"damage":0,"enemies":"downfall:FleeingMerchant","floor":39,"turns":4},{"damage":13,"enemies":"Orb Walker","floor":42,"turns":3},{"damage":8,"enemies":"Transient","floor":44,"turns":5},{"damage":27,"enemies":"Spire Growth","floor":46,"turns":5},{"damage":4,"enemies":"3 Darklings","floor":49,"turns":3},{"damage":1,"enemies":"downfall:Watcher","floor":50,"turns":6}],"seed_played":"7373478562656976121","potions_obtained":[{"floor":0,"key":"DistilledChaos"},{"floor":0,"key":"FairyPotion"},{"floor":0,"key":"EssenceOfSteel"},{"floor":2,"key":"AttackPotion"},{"floor":6,"key":"Weak Potion"},{"floor":15,"key":"sneckomod:DiceRollPotion"},{"floor":19,"key":"Strength Potion"},{"floor":25,"key":"SneckoOil"},{"floor":32,"key":"Slimebound:ThreeZeroPotion"},{"floor":33,"key":"SkillPotion"},{"floor":37,"key":"FearPotion"},{"floor":42,"key":"SmokeBomb"},{"floor":44,"key":"ColorlessPotion"},{"floor":49,"key":"Strength Potion"}],"is_trial":false,"path_per_floor":["R","M","?","T","?","E","T","?","M","M","M","R","M","M","M","B",null,"R","M","?","$","M","$","T","M","M","M","?","E","R","?","M","B",null,"R","M","?","?","$","R","T","M","R","M","R","M","R","?","M","B",null],"character_chosen":"THE_SNECKO","items_purchased":["OrangePellets","Letter Opener","sneckomod:UnknownUncommonPower","Lantern","Pen Nib","sneckomod:UnknownRareAttack","expansioncontent:StudyTheSpire"],"campfire_rested":1,"item_purchase_floors":[21,21,21,39,39,39,39],"current_hp_per_floor":[90,90,90,90,87,83,83,73,69,71,74,74,64,61,68,68,94,94,94,94,95,95,93,93,73,52,42,76,71,71,71,56,57,100,100,100,96,96,99,99,99,86,86,79,79,54,86,86,88,108],"gold":283,"neow_bonus":"THREE_SMALL_POTIONS","is_daily":false,"chose_seed":false,"campfire_upgraded":7,"win_rate":0.0,"timestamp":1609079920,"path_taken":["R","M","?","?","?","E","T","?","M","M","M","R","M","M","M","BOSS","R","M","?","?","M","$","T","M","M","?","?","E","R","?","M","BOSS","R","M","?","?","$","R","T","?","R","M","R","M","R","?","M","BOSS"],"items_purchased_type":["Relic","Relic","Card","Relic","Relic","Card","Card"],"build_version":"2020-12-22","purchased_purges":2,"victory":true,"max_hp_per_floor":[90,90,90,90,90,90,90,90,91,91,92,92,93,94,94,94,94,94,94,94,96,96,96,96,97,97,97,97,99,99,99,99,100,100,100,100,101,101,104,104,104,104,104,105,105,107,107,107,109,109],"card_choices":[{"not_picked":["sneckomod:UnknownCommonAttack","sneckomod:UnknownVulnerable"],"picked":"sneckomod:SoulDraw","floor":2},{"not_picked":["sneckomod:UnknownClassGREEN","sneckomod:UnknownStrength"],"picked":"sneckomod:SnakeSap","floor":6},{"not_picked":["sneckomod:Unknown1Cost","sneckomod:UnknownBlock"],"picked":"sneckomod:ImprovisedAttack","floor":8},{"not_picked":["sneckomod:ImprovisedAttack","sneckomod:UnknownWeak"],"picked":"sneckomod:UnknownDexterity","floor":9},{"not_picked":["sneckomod:UnknownUncommonSkill","sneckomod:DiceCrush"],"picked":"sneckomod:Nope","floor":10},{"not_picked":["sneckomod:UnknownCommonSkill","sneckomod:UnknownVulnerable"],"picked":"sneckomod:Unknown0Cost","floor":11},{"not_picked":["sneckomod:ImprovisedAttack","sneckomod:SoulDraw"],"picked":"sneckomod:UnknownBlock","floor":13},{"not_picked":["sneckomod:DiceCrush","sneckomod:UnknownBlock"],"picked":"sneckomod:UnknownExhaust","floor":14},{"not_picked":["sneckomod:UnknownBlock","sneckomod:UnknownCommonAttack"],"picked":"sneckomod:SlitherStrike","floor":15},{"not_picked":["sneckomod:UnknownColorless","sneckomod:Unknown3Cost"],"picked":"sneckomod:UnlimitedRolls","floor":16},{"not_picked":["sneckomod:UnknownExhaust","sneckomod:UnknownWeak+1"],"picked":"sneckomod:IronFang+1","floor":19},{"not_picked":["sneckomod:MixItUp","sneckomod:UnknownCommonAttack"],"picked":"sneckomod:UnknownClassSLIMEBOUND+1","floor":21},{"not_picked":["sneckomod:UnknownX","sneckomod:DiceBoulder"],"picked":"sneckomod:QuickBite+1","floor":22},{"not_picked":["sneckomod:PureSnecko","sneckomod:IronFang","sneckomod:Rotation"],"picked":"SKIP","floor":23},{"not_picked":["sneckomod:UnknownVulnerable","sneckomod:WideSting"],"picked":"sneckomod:UnknownUncommonSkill+1","floor":25},{"not_picked":["sneckomod:UnknownBlock","sneckomod:UnknownWeak","sneckomod:RainOfDice"],"picked":"SKIP","floor":26},{"not_picked":["sneckomod:DiceCrush","sneckomod:Mudshield"],"picked":"sneckomod:QuickMove","floor":27},{"not_picked":["sneckomod:UnknownVulnerable","sneckomod:QuickBite","sneckomod:GlitteringGambit"],"picked":"Singing Bowl","floor":29},{"not_picked":["sneckomod:UnknownVulnerable","sneckomod:UnknownStrike+1"],"picked":"sneckomod:ImprovisedAttack+1","floor":32},{"not_picked":["sneckomod:DangerNoodle","sneckomod:UnlimitedRolls"],"picked":"sneckomod:UnknownRarePower","floor":33},{"not_picked":["sneckomod:UnknownBlock+1","sneckomod:Rotation"],"picked":"sneckomod:QuickMove+1","floor":36},{"not_picked":["sneckomod:DiceCrush","sneckomod:UnknownWeak"],"picked":"sneckomod:UnknownDexterity","floor":37},{"not_picked":["hexamod:FirstSeal","hexamod:FourthSeal","hexamod:SecondSeal"],"picked":"Singing Bowl","floor":39},{"not_picked":["sneckomod:UnknownBlock","sneckomod:QuickBite+1"],"picked":"sneckomod:CheapStock","floor":39},{"not_picked":["sneckomod:UnknownClassRED","sneckomod:UnknownBlock+1"],"picked":"sneckomod:CheapStock+1","floor":42},{"not_picked":["sneckomod:DiceBlock","sneckomod:UnknownX"],"picked":"sneckomod:UnknownClassGUARDIAN+1","floor":44},{"not_picked":["sneckomod:RainOfDice+1","sneckomod:UnknownUncommonSkill","sneckomod:DangerNoodle"],"picked":"Singing Bowl","floor":46},{"not_picked":["sneckomod:DiceBoulder","sneckomod:DiceCrush","sneckomod:WideSting+1"],"picked":"Singing Bowl","floor":49}],"player_experience":10599002,"relics_obtained":[{"floor":4,"key":"Blood Vial"},{"floor":6,"key":"Boot"},{"floor":7,"key":"Vajra"},{"floor":8,"key":"Odd Mushroom"},{"floor":17,"key":"Anchor"},{"floor":17,"key":"Pantograph"},{"floor":17,"key":"Pocketwatch"},{"floor":24,"key":"Bottled Tornado"},{"floor":29,"key":"Singing Bowl"},{"floor":37,"key":"Old Coin"},{"floor":41,"key":"Potion Belt"}],"event_choices":[{"damage_healed":0,"gold_gain":0,"player_choice":"Success","damage_taken":3,"relics_obtained":["Bag of Preparation"],"max_hp_gain":0,"max_hp_loss":0,"event_name":"Scrap Ooze","floor":5,"gold_loss":0},{"damage_healed":0,"gold_gain":0,"player_choice":"Fought Mushrooms","damage_taken":0,"max_hp_gain":0,"max_hp_loss":0,"event_name":"Mushrooms","floor":8,"gold_loss":0},{"damage_healed":0,"gold_gain":0,"player_choice":"Fight","damage_taken":0,"max_hp_gain":0,"max_hp_loss":0,"event_name":"Mysterious Sphere","floor":37,"gold_loss":0},{"cards_removed":["sneckomod:Bewildered"],"damage_healed":0,"gold_gain":0,"player_choice":"Purged","damage_taken":0,"max_hp_gain":0,"max_hp_loss":0,"event_name":"Purifier","floor":38,"gold_loss":0}],"is_beta":false,"boss_relics":[{"not_picked":["SlaversCollar","Empty Cage"],"picked":"Calling Bell"},{"not_picked":["Busted Crown","Coffee Dripper"],"picked":"Snecko Eye"}],"items_purged_floors":[21,39],"is_endless":false,"potions_floor_spawned":[2,6,11,15,16,19,25,26,32,33,42,44,49],"ascension_level":2}}