{"host":"fuszjwm6fqgjjp4d","time":1609061515,"event":{"mods":["BaseMod","Bestiary","Colored Map","DeckTracker","Minty Spire (QoL Compilation)","Permanent Neow","Relic Sorter","Relic Stats","StSLib"],"gold_per_floor":[110,129,279,279,279,279,322,350,375,410,187,187,206,232,232,315,315,344,367,175,184,42,42,78,101,125,146,179,59,59,95,95,95,95],"floor_reached":33,"playtime":1338,"items_purged":["Strike_G","Strike_G","Writhe","Strike_G"],"score":626,"play_id":"74a65779-8621-4eca-ad7e-c2dc31b552bc","local_time":"20201227033155","is_ascension_mode":true,"campfire_choices":[{"data":"Venomology","floor":6,"key":"SMITH"},{"data":"Wraith Form v2","floor":12,"key":"SMITH"},{"floor":15,"key":"REST"},{"floor":23,"key":"REST"},{"floor":30,"key":"RECALL"},{"floor":32,"key":"REST"}],"circlet_count":0,"master_deck":["AscendersBane","Strike_G","Defend_G","Defend_G","Defend_G","Defend_G","Defend_G","Survivor","Neutralize","Venomology+1","Blade Dance","Quick Slash","Quick Slash","Masterful Stab","Wraith Form v2+1","Venomology+1","Cloak And Dagger","Backflip","After Image","Escape Plan+1","PiercingWail","Caltrops","Cloak And Dagger","Quick Slash","PiercingWail","Dagger Throw","After Image","Accuracy"],"relics":["Ring of the Snake","CeramicFish","Lantern","Ancient Tea Set","DollysMirror","Fusion Hammer","Anchor","Toy Ornithopter","Tiny Chest","The Courier","Eternal Feather"],"acts_visited":["Exordium","TheCity"],"potions_floor_usage":[1,2,7,7,10,13,14,16,16,16,16,18,19,19,24,24,24,24,24,24,25,25,27,28,28,28,31,33,33,33],"damage_taken":[{"damage":0,"enemies":"2 Louse","floor":1,"turns":3},{"damage":0,"enemies":"Small Slimes","floor":2,"turns":3},{"damage":20,"enemies":"Lagavulin","floor":7,"turns":6},{"damage":0,"enemies":"Cultist","floor":8,"turns":4},{"damage":15,"enemies":"3 Sentries","floor":10,"turns":7},{"damage":0,"enemies":"Lots of Slimes","floor":13,"turns":3},{"damage":0,"enemies":"3 Louse","floor":14,"turns":3},{"damage":29,"enemies":"The Guardian","floor":16,"turns":13},{"damage":0,"enemies":"3 Byrds","floor":18,"turns":7},{"damage":6,"enemies":"Chosen","floor":19,"turns":7},{"damage":19,"enemies":"Gremlin Leader","floor":24,"turns":7},{"damage":9,"enemies":"3 Cultists","floor":25,"turns":7},{"damage":0,"enemies":"Centurion and Healer","floor":27,"turns":7},{"damage":11,"enemies":"Book of Stabbing","floor":28,"turns":5},{"damage":1,"enemies":"Slavers","floor":31,"turns":8},{"damage":97,"enemies":"Automaton","floor":33,"turns":10}],"seed_played":"1893179807101414038","potions_obtained":[{"floor":1,"key":"Poison Potion"},{"floor":10,"key":"Swift Potion"},{"floor":19,"key":"Swift Potion"},{"floor":28,"key":"FearPotion"}],"is_trial":false,"path_per_floor":["M","M","?","?","?","R","E","M","T","E","$","R","M","M","R","B",null,"M","M","$","?","$","R","E","M","T","M","E","$","R","E","R","B"],"character_chosen":"THE_SILENT","items_purchased":["DollysMirror","Caltrops","Cloak And Dagger","Quick Slash"],"campfire_rested":3,"item_purchase_floors":[11,20,20,22],"current_hp_per_floor":[59,59,59,59,59,59,39,39,39,24,24,24,24,24,43,14,53,53,47,47,47,47,66,47,48,48,53,57,57,57,61,66,0,0],"gold":95,"neow_bonus":"ONE_RANDOM_RARE_CARD","is_daily":false,"chose_seed":false,"campfire_upgraded":2,"win_rate":0.0,"timestamp":1609061515,"path_taken":["M","M","?","?","?","R","E","M","T","E","$","R","M","M","R","BOSS","M","?","?","?","$","R","E","M","T","M","E","$","R","E","R","BOSS"],"items_purchased_type":["Relic","Card","Card","Card"],"build_version":"2020-12-22","purchased_purges":4,"victory":false,"max_hp_per_floor":[66,66,66,66,66,66,66,66,66,66,66,66,66,66,66,66,66,66,66,66,66,66,66,66,66,66,66,66,66,66,66,66,66,66],"relic_stats":{"counters":[16,100],"CeramicFish":153,"Tiny Chest":0,"Eternal Feather":5,"obtain_stats":[{"Lantern":9,"Anchor":21,"DollysMirror":11,"CeramicFish":7,"Tiny Chest":26,"Eternal Feather":31,"Fusion Hammer":17,"The Courier":28,"Ancient Tea Set":10,"Toy Ornithopter":24,"Ring of the Snake":0},{"Lantern":4,"Anchor":10,"DollysMirror":5,"CeramicFish":3,"Tiny Chest":12,"Eternal Feather":15,"Fusion Hammer":8,"The Courier":14,"Ancient Tea Set":5,"Toy Ornithopter":11,"Ring of the Snake":0},{"Lantern":16,"Anchor":56,"DollysMirror":23,"CeramicFish":12,"Tiny Chest":70,"Eternal Feather":90,"Fusion Hammer":42,"The Courier":82,"Ancient Tea Set":23,"Toy Ornithopter":63,"Ring of the Snake":0}],"Toy Ornithopter":35,"Ring of the Snake":[32]},"card_choices":[{"not_picked":["All Out Attack","Distraction"],"picked":"Blade Dance","floor":1},{"not_picked":["Cloak And Dagger","Expertise"],"picked":"Quick Slash","floor":2},{"not_picked":["Cloak And Dagger","Choke"],"picked":"Quick Slash","floor":7},{"not_picked":["Slice","Dodge and Roll"],"picked":"Masterful Stab","floor":8},{"not_picked":["Deadly Poison","Riddle With Holes"],"picked":"Wraith Form v2","floor":10},{"not_picked":["Acrobatics","Reflex"],"picked":"Cloak And Dagger","floor":13},{"not_picked":["Flying Knee","Slice"],"picked":"Backflip","floor":14},{"not_picked":["Malaise","Venomology"],"picked":"After Image","floor":16},{"not_picked":["Quick Slash","Distraction"],"picked":"Escape Plan+1","floor":18},{"not_picked":["Reflex+1","Choke+1"],"picked":"PiercingWail","floor":19},{"not_picked":["Bullet Time","Distraction"],"picked":"PiercingWail","floor":24},{"not_picked":["Blade Dance","Reflex"],"picked":"Dagger Throw","floor":25},{"not_picked":["Quick Slash","Infinite Blades"],"picked":"After Image","floor":27},{"not_picked":["Corpse Explosion","Dagger Throw+1","Bane"],"picked":"SKIP","floor":28},{"not_picked":["Dagger Throw","Prepared"],"picked":"Accuracy","floor":31}],"player_experience":1226447,"relics_obtained":[{"floor":7,"key":"CeramicFish"},{"floor":9,"key":"Lantern"},{"floor":10,"key":"Ancient Tea Set"},{"floor":24,"key":"Toy Ornithopter"},{"floor":26,"key":"Tiny Chest"},{"floor":28,"key":"The Courier"},{"floor":31,"key":"Eternal Feather"}],"event_choices":[{"damage_healed":0,"gold_gain":150,"player_choice":"AGREE","damage_taken":0,"max_hp_gain":0,"max_hp_loss":0,"event_name":"Liars Game","floor":3,"gold_loss":0,"cards_obtained":["Doubt"]},{"cards_removed":["Doubt"],"damage_healed":0,"gold_gain":0,"player_choice":"Forget","damage_taken":0,"max_hp_gain":0,"max_hp_loss":0,"event_name":"Living Wall","floor":4,"gold_loss":0},{"cards_removed":["Strike_G"],"damage_healed":0,"gold_gain":0,"player_choice":"Purged","damage_taken":0,"max_hp_gain":0,"max_hp_loss":0,"event_name":"Purifier","floor":5,"gold_loss":0},{"damage_healed":0,"gold_gain":0,"player_choice":"Opened","damage_taken":0,"relics_obtained":["Anchor"],"max_hp_gain":0,"max_hp_loss":0,"event_name":"The Mausoleum","floor":21,"gold_loss":0,"cards_obtained":["Writhe"]}],"is_beta":false,"boss_relics":[{"not_picked":["Ectoplasm","Velvet Choker"],"picked":"Fusion Hammer"}],"items_purged_floors":[11,20,22,29],"is_endless":false,"potions_floor_spawned":[1,10,13,19,28],"killed_by":"Automaton","ascension_level":20}}