{"host":"yuoancq4cku3x8wq","time":1609087802,"event":{"mods":["ATMod(°¢èªMod)","AchievementEnabler","BaseMod","Minty Spire (QoL Compilation)","Quick Restart","StSLib","SuperFastMode"],"gold_per_floor":[116,116,126,141,66,66,96,96,96,126,51,84,102,119,119,193,193,212,237,252,268,288,320,334,334,334,334,368,368,401,416,416,488,488,502,513,438,448,463,496,513,547,547,561,75,126,126,151,151,151,151,151,151,44,78,78],"floor_reached":57,"playtime":2147,"items_purged":["Defend_P","Strike_P","Strike_P"],"score":5823,"play_id":"159ae59c-eb58-4ff2-8678-292f6cc250ed","local_time":"20201228005002","is_ascension_mode":true,"campfire_choices":[{"data":"AT_DivineConfetti","floor":6.0,"key":"SMITH"},{"data":"Tantrum","floor":8.0,"key":"SMITH"},{"data":"Fasting2","floor":15.0,"key":"SMITH"},{"floor":25.0,"key":"REST"},{"data":"Prostrate","floor":27.0,"key":"SMITH"},{"data":"CutThroughFate","floor":29.0,"key":"SMITH"},{"data":"Pray","floor":32.0,"key":"SMITH"},{"floor":47.0,"key":"RECALL"},{"data":"AT_DivineConfetti","floor":49.0,"key":"SMITH"},{"data":"InnerPeace","floor":53.0,"key":"SMITH"}],"circlet_count":0,"master_deck":["AscendersBane","Defend_P+1","Defend_P+1","Eruption","Vigilance+1","AT_TwilightShroud","Tantrum+1","AT_DivineConfetti+1","CutThroughFate+1","Fasting2+1","DevaForm+1","MentalFortress+1","Study+1","Prostrate+1","Pray+1","FlurryOfBlows","Omniscience+1","AT_DivineConfetti+1","Prostrate+1","InnerPeace+1","Adaptation+1","FearNoEvil"],"relics":["AT_ATBox","Runic Pyramid","Pear","Smiling Mask","AT_BellDemon","Bird Faced Urn","Art of War","StrikeDummy","Frozen Egg 2","Mummified Hand","VioletLotus","AT_SeraphEmbrace","Red Mask","AT_RabadonDeathcap","AT_GoldPhoenixTree","Pen Nib","Damaru","AT_SilvercatRing","Bronze Scales","InkBottle","Oddly Smooth Stone","Bag of Marbles","HornCleat","Centennial Puzzle","AT_ForceNature","Bag of Preparation","Coffee Dripper","Happy Flower","White Beast Statue","AT_ImmortalShieldbow","Sundial","Singing Bowl","War Paint","Kunai","AT_SunfireAegis","Meat on the Bone","Darkstone Periapt","Dream Catcher","Bottled Tornado","Calipers","Boot","Strawberry","Toy Ornithopter","Bottled Lightning","Pantograph"],"acts_visited":["Exordium","TheCity","TheBeyond","TheEnding"],"potions_floor_usage":[56,56],"damage_taken":[{"damage":2.0,"enemies":"Jaw Worm","floor":1.0,"turns":5.0},{"damage":0.0,"enemies":"Cultist","floor":3.0,"turns":4.0},{"damage":0.0,"enemies":"2 Louse","floor":4.0,"turns":3.0},{"damage":0.0,"enemies":"Gremlin Nob","floor":7.0,"turns":2.0},{"damage":0.0,"enemies":"3 Sentries","floor":10.0,"turns":4.0},{"damage":0.0,"enemies":"Lagavulin","floor":12.0,"turns":6.0},{"damage":8.0,"enemies":"Blue Slaver","floor":13.0,"turns":4.0},{"damage":0.0,"enemies":"Exordium Wildlife","floor":14.0,"turns":3.0},{"damage":4.0,"enemies":"The Guardian","floor":16.0,"turns":6.0},{"damage":0.0,"enemies":"Chosen","floor":18.0,"turns":4.0},{"damage":14.0,"enemies":"Masked Bandits","floor":19.0,"turns":4.0},{"damage":0.0,"enemies":"Spheric Guardian","floor":20.0,"turns":4.0},{"damage":22.0,"enemies":"Shelled Parasite and Fungi","floor":21.0,"turns":4.0},{"damage":0.0,"enemies":"Chosen and Byrds","floor":22.0,"turns":4.0},{"damage":67.0,"enemies":"Book of Stabbing","floor":23.0,"turns":5.0},{"damage":0.0,"enemies":"Cultist and Chosen","floor":24.0,"turns":4.0},{"damage":28.0,"enemies":"Gremlin Leader","floor":28.0,"turns":4.0},{"damage":0.0,"enemies":"Book of Stabbing","floor":30.0,"turns":4.0},{"damage":0.0,"enemies":"Centurion and Healer","floor":31.0,"turns":4.0},{"damage":0.0,"enemies":"Collector","floor":33.0,"turns":3.0},{"damage":0.0,"enemies":"3 Shapes","floor":35.0,"turns":2.0},{"damage":0.0,"enemies":"3 Darklings","floor":36.0,"turns":3.0},{"damage":0.0,"enemies":"Jaw Worm Horde","floor":38.0,"turns":3.0},{"damage":0.0,"enemies":"Writhing Mass","floor":39.0,"turns":3.0},{"damage":0.0,"enemies":"Nemesis","floor":40.0,"turns":5.0},{"damage":0.0,"enemies":"4 Shapes","floor":41.0,"turns":2.0},{"damage":0.0,"enemies":"Reptomancer","floor":42.0,"turns":3.0},{"damage":0.0,"enemies":"Sphere and 2 Shapes","floor":44.0,"turns":4.0},{"damage":0.0,"enemies":"2 Orb Walkers","floor":46.0,"turns":3.0},{"damage":0.0,"enemies":"Giant Head","floor":48.0,"turns":3.0},{"damage":0.0,"enemies":"Time Eater","floor":50.0,"turns":3.0},{"damage":0.0,"enemies":"Donu and Deca","floor":51.0,"turns":4.0},{"damage":0.0,"enemies":"Shield and Spear","floor":55.0,"turns":3.0},{"damage":79,"enemies":"The Heart","floor":56,"turns":3}],"seed_played":"1698359323556820850","potions_obtained":[{"floor":1.0,"key":"CultistPotion"},{"floor":3.0,"key":"AttackPotion"},{"floor":12.0,"key":"BottledMiracle"},{"floor":14.0,"key":"Swift Potion"},{"floor":20.0,"key":"GamblersBrew"},{"floor":28.0,"key":"EssenceOfSteel"},{"floor":30.0,"key":"Energy Potion"},{"floor":33.0,"key":"GamblersBrew"},{"floor":36.0,"key":"Ambrosia"},{"floor":40.0,"key":"LiquidMemories"},{"floor":41.0,"key":"SpeedPotion"}],"is_trial":false,"path_per_floor":["M","?","M","M","$","R","E","R","T","E","?","E","M","M","R","B",null,"M","?","M","M","M","E","M","R","T","R","E","R","E","M","R","B",null,"M","M","?","M","M","E","M","E","T","M","$","?","R","E","R","B","B",null,"R","$","E","B",null],"character_chosen":"WATCHER","items_purchased":["Adaptation+1","Bottled Tornado","FearNoEvil","PowerPotion"],"campfire_rested":1,"item_purchase_floors":[45,45,45,54],"current_hp_per_floor":[59,59,59,59,59,59,69,69,69,69,69,69,63,65,65,63,74,78,70,76,62,70,11,17,40,40,40,20,20,26,32,32,38,68,74,78,78,78,78,78,80,82,82,82,82,84,84,93,93,93,93,93,93,93,95,45],"gold":78,"neow_bonus":"BOSS_RELIC","is_daily":false,"chose_seed":false,"campfire_upgraded":8,"win_rate":0.0,"timestamp":1609087802,"path_taken":["M","?","?","?","$","R","E","R","T","E","?","E","M","M","R","BOSS","M","?","M","M","M","E","M","R","T","R","E","R","E","M","R","BOSS","M","M","?","M","M","E","?","E","T","M","$","?","R","E","R","BOSS","BOSS","R","$","E","BOSS"],"items_purchased_type":["Card","Relic","Card","Potion"],"build_version":"2020-12-22","purchased_purges":3,"victory":true,"max_hp_per_floor":[68,68,68,68,68,68,78,78,78,78,78,78,78,78,78,78,78,78,78,78,78,78,78,78,78,78,78,78,78,78,78,78,78,78,78,78,78,78,78,78,80,82,82,82,82,84,84,93,93,93,93,93,93,93,95,95],"card_choices":[{"not_picked":["Crescendo","WheelKick"],"picked":"Tantrum","floor":1.0},{"not_picked":["Halt","SashWhip","ClearTheMind"],"picked":"SKIP","floor":3.0},{"not_picked":["SignatureMove","ThirdEye"],"picked":"AT_DivineConfetti","floor":4.0},{"not_picked":["Evaluate","PathToVictory"],"picked":"CutThroughFate","floor":7.0},{"not_picked":["InnerPeace","ThirdEye"],"picked":"Fasting2","floor":10.0},{"not_picked":["Prostrate","CrushJoints","AT_OneInchPunch"],"picked":"SKIP","floor":12.0},{"not_picked":["Worship","Protect","Consecrate"],"picked":"SKIP","floor":13.0},{"not_picked":["EmptyFist","Nirvana+1","Halt"],"picked":"SKIP","floor":14.0},{"not_picked":["Scrawl","AT_MachinaRedman"],"picked":"DevaForm+1","floor":16.0},{"not_picked":["Prostrate","WheelKick+1"],"picked":"MentalFortress+1","floor":18.0},{"not_picked":["CrushJoints","BowlingBash"],"picked":"Study+1","floor":20.0},{"not_picked":["EmptyBody","FollowUp","DeceiveReality"],"picked":"SKIP","floor":21.0},{"not_picked":["Wireheading+1","Consecrate","Sanctity"],"picked":"SKIP","floor":22.0},{"not_picked":["Indignation","SandsOfTime+1"],"picked":"Prostrate","floor":23.0},{"not_picked":["Halt+1","PathToVictory","CutThroughFate+1"],"picked":"SKIP","floor":24.0},{"not_picked":["EmptyFist","Meditate","SignatureMove"],"picked":"SKIP","floor":28.0},{"not_picked":["Establishment+1","CutThroughFate"],"picked":"Pray","floor":30.0},{"not_picked":["FearNoEvil","Swivel+1"],"picked":"FlurryOfBlows","floor":31.0},{"not_picked":["ConjureBlade","Blasphemy"],"picked":"Omniscience","floor":33.0},{"not_picked":["Indignation","Sanctity+1","WheelKick"],"picked":"SKIP","floor":35.0},{"not_picked":["Crescendo","WreathOfFlame","CrushJoints"],"picked":"SKIP","floor":36.0},{"not_picked":["EmptyFist","FollowUp","PathToVictory"],"picked":"SKIP","floor":38.0},{"not_picked":["Study+1","SashWhip"],"picked":"AT_DivineConfetti","floor":39.0},{"not_picked":["ClearTheMind","EmptyBody"],"picked":"Prostrate","floor":40.0},{"not_picked":["DeceiveReality","ClearTheMind","AT_ChampionKick"],"picked":"Singing Bowl","floor":41.0},{"not_picked":["FlyingSleeves","Perseverance","CarveReality"],"picked":"Singing Bowl","floor":42.0},{"not_picked":["Consecrate+1","ThirdEye"],"picked":"InnerPeace","floor":44.0},{"not_picked":["Pray","WindmillStrike","WreathOfFlame"],"picked":"Singing Bowl","floor":46.0},{"not_picked":["WaveOfTheHand","ThirdEye+1","CrushJoints+1"],"picked":"Singing Bowl","floor":48.0},{"not_picked":["FlurryOfBlows","Perseverance+1","Halt"],"picked":"Singing Bowl","floor":55.0}],"player_experience":234750,"relics_obtained":[{"floor":7.0,"key":"Pear"},{"floor":9.0,"key":"Smiling Mask"},{"floor":10.0,"key":"AT_BellDemon"},{"floor":12.0,"key":"Bird Faced Urn"},{"floor":12.0,"key":"Art of War"},{"floor":13.0,"key":"StrikeDummy"},{"floor":14.0,"key":"Frozen Egg 2"},{"floor":16.0,"key":"Mummified Hand"},{"floor":18.0,"key":"AT_ArchangelStaff"},{"floor":19.0,"key":"Red Mask"},{"floor":19.0,"key":"AT_RabadonDeathcap"},{"floor":20.0,"key":"AT_GoldPhoenixTree"},{"floor":21.0,"key":"Pen Nib"},{"floor":22.0,"key":"Damaru"},{"floor":23.0,"key":"AT_SilvercatRing"},{"floor":23.0,"key":"Bronze Scales"},{"floor":24.0,"key":"InkBottle"},{"floor":28.0,"key":"Oddly Smooth Stone"},{"floor":28.0,"key":"Bag of Marbles"},{"floor":30.0,"key":"HornCleat"},{"floor":30.0,"key":"Centennial Puzzle"},{"floor":31.0,"key":"AT_ForceNature"},{"floor":33.0,"key":"Bag of Preparation"},{"floor":35.0,"key":"Happy Flower"},{"floor":36.0,"key":"White Beast Statue"},{"floor":38.0,"key":"AT_ImmortalShieldbow"},{"floor":39.0,"key":"Sundial"},{"floor":40.0,"key":"Singing Bowl"},{"floor":40.0,"key":"War Paint"},{"floor":41.0,"key":"Kunai"},{"floor":42.0,"key":"AT_SunfireAegis"},{"floor":42.0,"key":"Meat on the Bone"},{"floor":43.0,"key":"Darkstone Periapt"},{"floor":44.0,"key":"Dream Catcher"},{"floor":46.0,"key":"Calipers"},{"floor":46.0,"key":"Boot"},{"floor":48.0,"key":"Strawberry"},{"floor":48.0,"key":"Toy Ornithopter"},{"floor":55.0,"key":"Bottled Lightning"},{"floor":55.0,"key":"Pantograph"}],"event_choices":[{"cards_removed":["Defend_P"],"damage_healed":0.0,"max_hp_gain":0.0,"max_hp_loss":0.0,"gold_gain":0.0,"event_name":"Purifier","player_choice":"Purged","floor":2.0,"gold_loss":0.0,"damage_taken":0.0},{"cards_removed":["Strike_P"],"damage_healed":0.0,"max_hp_gain":0.0,"max_hp_loss":0.0,"gold_gain":0.0,"event_name":"The Cleric","player_choice":"Card Removal","floor":11.0,"gold_loss":75.0,"damage_taken":0.0},{"damage_healed":0.0,"max_hp_gain":0.0,"max_hp_loss":0.0,"gold_gain":0.0,"event_name":"Masked Bandits","player_choice":"Fought Bandits","floor":19.0,"gold_loss":0.0,"damage_taken":0.0},{"cards_removed":["Strike_P"],"damage_healed":0.0,"max_hp_gain":0.0,"max_hp_loss":0.0,"gold_gain":0.0,"event_name":"Designer","player_choice":"Single Remove","floor":37.0,"gold_loss":75.0,"damage_taken":0.0},{"damage_healed":0.0,"max_hp_gain":0.0,"max_hp_loss":0.0,"gold_gain":0.0,"event_name":"Mysterious Sphere","player_choice":"Fight","floor":46.0,"gold_loss":0.0,"damage_taken":0.0}],"is_beta":false,"boss_relics":[{"not_picked":["Snecko Eye","Velvet Choker"],"picked":"VioletLotus"},{"not_picked":["Fusion Hammer","Calling Bell"],"picked":"Coffee Dripper"}],"items_purged_floors":[5,45,54],"is_endless":false,"potions_floor_spawned":[1,3,4,12,14,20,22,28,30,33,36,38,39,40,41,42,44,46,48,55],"ascension_level":20}}