{"host":"2cyf8dghbnnkmltz","time":1609089938,"event":{"mods":["BaseMod","Hermit","Minty Spire (QoL Compilation)","StSLib","The Servant 0.9.4"],"gold_per_floor":[116,131,148,0,75,75,75,75,100,117,117,131,131,165,165,261,261,273,0,0,0,18,49,49,49,74,84,116,129,228,255,267,379,391,417,448,510,522,547,559,571,583,618,246,258,258,258,291,291,291],"floor_reached":51,"playtime":4564,"items_purged":["Strike_S","Strike_S","Strike_S"],"score":856,"play_id":"7366ed13-b6e8-4d8e-ae19-5f268904d2d4","local_time":"20201228012538","is_ascension_mode":false,"campfire_choices":[{"data":"KidneyShot","floor":6.0,"key":"SMITH"},{"data":"SilverBlades","floor":11.0,"key":"SMITH"},{"data":"Read","floor":13.0,"key":"SMITH"},{"floor":15.0,"key":"REST"},{"data":"BestPractice","floor":24.0,"key":"SMITH"},{"data":"Solidify","floor":32.0,"key":"SMITH"},{"data":"BottledTime","floor":40,"key":"SMITH"},{"data":"Duplication","floor":42,"key":"SMITH"},{"data":"ShiftingGears","floor":49,"key":"SMITH"}],"circlet_count":0,"master_deck":["Defend_S","Defend_S","Defend_S","Defend_S","KidneyShot+1","Exchange","FlawlessForm","Ricochet","GearUp","Rearm","StarChef","Solidify+1","SilverBlades+1","Read+1","DoubleEdge+1","Sunlight+1","Contraction","ShiftingGears+1","BestPractice+1","Replace","Ghostly","Ghostly","Ghostly","Ghostly","Ghostly","BottledTime+1","Duplication+1","StarChef"],"relics":["SplendidAttire","Anchor","Molten Egg 2","Strawberry","Tiny Chest","Lantern","MawBank","MysterySword","PocketWatch","Toxic Egg 2","Orichalcum","Toolbox","Bottled Lightning","Calipers"],"acts_visited":["Exordium","TheCity","TheBeyond"],"potions_floor_usage":[],"damage_taken":[{"damage":0.0,"enemies":"2 Louse","floor":1.0,"turns":3.0},{"damage":0.0,"enemies":"Small Slimes","floor":2.0,"turns":3.0},{"damage":2.0,"enemies":"Jaw Worm","floor":3.0,"turns":5.0},{"damage":0.0,"enemies":"Looter","floor":10.0,"turns":5.0},{"damage":0.0,"enemies":"Blue Slaver","floor":12.0,"turns":4.0},{"damage":6.0,"enemies":"Gremlin Nob","floor":14.0,"turns":6.0},{"damage":4.0,"enemies":"The Guardian","floor":16.0,"turns":10.0},{"damage":21.0,"enemies":"3 Byrds","floor":18.0,"turns":5.0},{"damage":0.0,"enemies":"Chosen","floor":22.0,"turns":3.0},{"damage":14.0,"enemies":"Gremlin Leader","floor":23.0,"turns":7.0},{"damage":0.0,"enemies":"Snecko","floor":27.0,"turns":6.0},{"damage":3.0,"enemies":"Book of Stabbing","floor":28.0,"turns":6.0},{"damage":1.0,"enemies":"3 Cultists","floor":29.0,"turns":7.0},{"damage":3.0,"enemies":"Gremlin Leader","floor":31.0,"turns":9.0},{"damage":0.0,"enemies":"Automaton","floor":33.0,"turns":12.0},{"damage":0.0,"enemies":"Orb Walker","floor":35.0,"turns":5.0},{"damage":0.0,"enemies":"3 Darklings","floor":36.0,"turns":6.0},{"damage":0.0,"enemies":"Mind Bloom Boss Battle","floor":37.0,"turns":8.0},{"damage":0.0,"enemies":"Transient","floor":39.0,"turns":5.0},{"damage":0,"enemies":"Writhing Mass","floor":45,"turns":7},{"damage":0,"enemies":"Reptomancer","floor":48,"turns":5},{"damage":0,"enemies":"Awakened One","floor":50,"turns":18}],"seed_played":"9024656278836619080","potions_obtained":[{"floor":1.0,"key":"Weak Potion"},{"floor":3.0,"key":"LiquidMemories"},{"floor":14.0,"key":"FearPotion"},{"floor":22.0,"key":"Block Potion"},{"floor":23.0,"key":"Swift Potion"}],"is_trial":false,"path_per_floor":["M","M","M","$","?","R","?","?","T","M","R","M","R","E","R","B",null,"M","$","?","?","M","E","R","?","T","M","E","M","?","E","R","B",null,"M","M","?","T","M","R","?","R","T","$","M","?","T","E","R","B",null],"character_chosen":"THE_SERVANT","items_purchased":["StarChef","ShiftingGears","BestPractice","Replace","StarChef","LiquidMemories","Toolbox"],"campfire_rested":1,"item_purchase_floors":[4,19,19,19,44,44,44],"current_hp_per_floor":[47,47,45,45,34,34,34,34,34,34,34,34,34,28,47,43,65,44,44,44,44,44,37,37,36,36,36,33,32,32,29,29,29,36,36,36,36,36,36,36,36,36,36,36,36,34,34,34,34,34],"gold":291,"neow_bonus":"THREE_RARE_CARDS","is_daily":false,"chose_seed":false,"campfire_upgraded":8,"win_rate":0.0,"timestamp":1609089938,"path_taken":["M","M","M","$","?","R","?","?","T","M","R","M","R","E","R","BOSS","M","$","?","?","M","E","R","?","T","?","E","M","?","E","R","BOSS","M","M","?","?","M","R","?","R","T","$","?","?","?","E","R","BOSS"],"items_purchased_type":["Card","Card","Card","Card","Card","Potion","Relic"],"build_version":"2020-12-22","purchased_purges":3,"victory":true,"max_hp_per_floor":[65,65,65,65,65,65,65,65,65,65,65,65,65,65,65,65,65,65,65,65,65,65,72,72,36,36,36,36,36,36,36,36,36,36,36,36,36,36,36,36,36,36,36,36,36,34,34,34,34,34],"card_choices":[{"not_picked":["LightFlow","MurderousAura"],"picked":"FlawlessForm","floor":0.0},{"not_picked":["GearUp","Snipe"],"picked":"Ricochet","floor":1.0},{"not_picked":["DoubleEdge","Rewind"],"picked":"GearUp","floor":2.0},{"not_picked":["FastForward","Sabotage"],"picked":"Rearm","floor":3.0},{"not_picked":["Misdirection","DoubleEdge"],"picked":"SilverBlades","floor":10.0},{"not_picked":["Ricochet","GearUp"],"picked":"Read","floor":12.0},{"not_picked":["BestPractice","Unruled+1"],"picked":"DoubleEdge+1","floor":14.0},{"not_picked":["Dilation","Deny"],"picked":"Sunlight+1","floor":16.0},{"not_picked":["Desolation+1","Luminosity"],"picked":"Contraction","floor":18.0},{"not_picked":["Replace","BestPractice+1","Revamp+1"],"picked":"SKIP","floor":22.0},{"not_picked":["Replace+1","Revamp","FanOfKnives+1"],"picked":"SKIP","floor":23.0},{"not_picked":["Revamp+1","Sabotage+1"],"picked":"BottledTime","floor":27.0},{"not_picked":["SurpressingFire","Replace","Read"],"picked":"SKIP","floor":28.0},{"not_picked":["TimeWarp+1","Revamp","Advance"],"picked":"SKIP","floor":29.0},{"not_picked":["Starlight+1","Replace","RealityMarble"],"picked":"SKIP","floor":31.0},{"not_picked":["FloweringNight","KillingDoll+1"],"picked":"Duplication","floor":33.0},{"not_picked":["SpecialFormula","ShatteredReality+1","Revamp+1"],"picked":"SKIP","floor":35.0},{"not_picked":["Rearm","Starlight+1","Snipe+1"],"picked":"SKIP","floor":36.0},{"not_picked":["TimeWarp+1","Ricochet+1","ShatteredReality+1"],"picked":"SKIP","floor":39.0},{"not_picked":["Spin+1","Rewind+1","Defy+1"],"picked":"SKIP","floor":45},{"not_picked":["FastForward+1","InstantArmor+1","TimeWarp+1"],"picked":"SKIP","floor":48}],"player_experience":1120793,"relics_obtained":[{"floor":9.0,"key":"Anchor"},{"floor":14.0,"key":"Molten Egg 2"},{"floor":23.0,"key":"Strawberry"},{"floor":26.0,"key":"Tiny Chest"},{"floor":28.0,"key":"Lantern"},{"floor":31.0,"key":"MawBank"},{"floor":37.0,"key":"PocketWatch"},{"floor":38.0,"key":"Toxic Egg 2"},{"floor":43,"key":"Orichalcum"},{"floor":47,"key":"Bottled Lightning"},{"floor":48,"key":"Calipers"}],"event_choices":[{"damage_healed":0.0,"max_hp_gain":0.0,"max_hp_loss":0.0,"gold_gain":75.0,"event_name":"World of Goop","player_choice":"Gather Gold","floor":5.0,"gold_loss":0.0,"damage_taken":11.0},{"damage_healed":0.0,"max_hp_gain":0.0,"max_hp_loss":0.0,"gold_gain":0.0,"cards_transformed":["Strike_S"],"event_name":"Living Wall","player_choice":"Change","floor":7.0,"gold_loss":0.0,"damage_taken":0.0,"cards_obtained":["Solidify"]},{"damage_healed":0.0,"max_hp_gain":0.0,"max_hp_loss":0.0,"gold_gain":0.0,"event_name":"Liars Game","player_choice":"Ignored","floor":8.0,"gold_loss":0.0,"damage_taken":0.0},{"damage_healed":0.0,"max_hp_gain":0.0,"max_hp_loss":0.0,"gold_gain":0.0,"event_name":"Vampires","player_choice":"Ignored","floor":20.0,"gold_loss":0.0,"damage_taken":0.0},{"damage_healed":0.0,"max_hp_gain":0.0,"max_hp_loss":0.0,"gold_gain":0.0,"event_name":"The Mausoleum","player_choice":"Ignored","floor":21.0,"gold_loss":0.0,"damage_taken":0.0},{"damage_healed":0.0,"max_hp_gain":0.0,"max_hp_loss":36.0,"gold_gain":0.0,"event_name":"Ghosts","player_choice":"Became a Ghost","floor":25.0,"gold_loss":0.0,"damage_taken":0.0,"cards_obtained":["Ghostly","Ghostly","Ghostly","Ghostly","Ghostly"]},{"damage_healed":0.0,"max_hp_gain":0.0,"max_hp_loss":0.0,"gold_gain":99.0,"event_name":"Nest","player_choice":"Stole From Cult","floor":30.0,"gold_loss":0.0,"damage_taken":0.0},{"damage_healed":0.0,"max_hp_gain":0.0,"max_hp_loss":0.0,"gold_gain":0.0,"event_name":"MindBloom","player_choice":"Fight","floor":37.0,"gold_loss":0.0,"damage_taken":0.0},{"damage_healed":0,"gold_gain":0,"player_choice":"Ignored","damage_taken":0,"max_hp_gain":0,"max_hp_loss":0,"event_name":"SecretPortal","floor":41,"gold_loss":0},{"damage_healed":0,"gold_gain":0,"player_choice":"Max HP","damage_taken":0,"max_hp_gain":0,"max_hp_loss":2,"event_name":"Winding Halls","floor":46,"gold_loss":0}],"is_beta":false,"boss_relics":[{"not_picked":["Runic Pyramid","Coffee Dripper"],"picked":"SplendidAttire"},{"not_picked":["Philosopher\u0027s Stone","SlaversCollar"],"picked":"MysterySword"}],"items_purged_floors":[4,19,44],"is_endless":false,"potions_floor_spawned":[1,3,14,22,23,29,45],"ascension_level":0}}