{"host":"3vowk6u87i5f9rte","time":1609092776,"event":{"mods":["BaseMod","Better Third Choice","BetterRewards","Hubris","Minty Spire (QoL Compilation)","Quick Restart","Shop Mod","StSLib","SuperFastMode"],"gold_per_floor":[114,134,149,100,50,50,85,85,85,85,95,95,57,69,69,170,170,189,204,217,132,146,146,121,121,121,121,73,57,57,73,73,171,171,185,185,204,217,234,252,96,96,96,109,125,143,143,156,156,156],"floor_reached":51,"playtime":1716,"items_purged":[],"score":720,"play_id":"83fdfc99-9633-4569-b4b7-dc84965a078d","local_time":"20201228021256","is_ascension_mode":false,"campfire_choices":[{"data":"Accuracy","floor":6.0,"key":"SMITH"},{"data":"Blade Dance","floor":8.0,"key":"SMITH"},{"data":"Cloak And Dagger","floor":15.0,"key":"SMITH"},{"data":"After Image","floor":23.0,"key":"SMITH"},{"data":"Cloak And Dagger","floor":30.0,"key":"SMITH"},{"floor":32.0,"key":"REST"},{"data":"1","floor":42.0,"key":"LIFT"},{"data":"2","floor":47,"key":"LIFT"},{"data":"3","floor":49,"key":"LIFT"}],"circlet_count":0,"master_deck":["Strike_G","Strike_G","Strike_G","Defend_G","Defend_G","Defend_G","Defend_G","Survivor","Neutralize","Blade Dance+1","Accuracy+1","PiercingWail","Predator","Endless Agony","Cloak And Dagger+1","After Image+1","Dagger Spray+1","Cloak And Dagger+1","Accuracy+1","Backflip+1","PiercingWail","Choke+1","Distraction","A Thousand Cuts","Masterful Stab+1","Noxious Fumes","Underhanded Strike+1","Quick Slash+1","Second Wind+1","Steam","CarveReality+1"],"relics":["Ring of the Snake","hubris:Reverence","Gremlin Horn","hubris:Towel","hubris:Icosahedron","Empty Cage","Molten Egg 2","Dead Branch","Happy Flower","hubris:GlazedTorus","Strawberry","hubris:BlackHole","Girya","PrismaticShard","hubris:Metronome"],"acts_visited":["Exordium","TheCity","TheBeyond"],"potions_floor_usage":[50],"damage_taken":[{"damage":0.0,"enemies":"2 Louse","floor":1.0,"turns":3.0},{"damage":0.0,"enemies":"Small Slimes","floor":2.0,"turns":2.0},{"damage":0.0,"enemies":"Jaw Worm","floor":3.0,"turns":4.0},{"damage":13.0,"enemies":"Lagavulin","floor":7.0,"turns":7.0},{"damage":9.0,"enemies":"Blue Slaver","floor":11.0,"turns":3.0},{"damage":3.0,"enemies":"Red Slaver","floor":13.0,"turns":3.0},{"damage":0.0,"enemies":"3 Louse","floor":14.0,"turns":2.0},{"damage":28.0,"enemies":"Hexaghost","floor":16.0,"turns":10.0},{"damage":0.0,"enemies":"2 Thieves","floor":18.0,"turns":2.0},{"damage":0.0,"enemies":"Shell Parasite","floor":19.0,"turns":5.0},{"damage":0.0,"enemies":"Centurion and Healer","floor":20.0,"turns":5.0},{"damage":15.0,"enemies":"Snecko","floor":22.0,"turns":5.0},{"damage":21.0,"enemies":"Book of Stabbing","floor":24.0,"turns":4.0},{"damage":5.0,"enemies":"Slavers","floor":29.0,"turns":6.0},{"damage":0.0,"enemies":"Chosen and Byrds","floor":31.0,"turns":3.0},{"damage":30.0,"enemies":"Champ","floor":33.0,"turns":6.0},{"damage":0.0,"enemies":"Orb Walker","floor":35.0,"turns":1.0},{"damage":0.0,"enemies":"3 Shapes","floor":37.0,"turns":1.0},{"damage":0.0,"enemies":"Sphere and 2 Shapes","floor":38.0,"turns":1.0},{"damage":0.0,"enemies":"Transient","floor":39.0,"turns":1.0},{"damage":0.0,"enemies":"Maw","floor":40.0,"turns":1.0},{"damage":0.0,"enemies":"Writhing Mass","floor":44.0,"turns":1.0},{"damage":0,"enemies":"Transient","floor":45,"turns":1},{"damage":0,"enemies":"Spire Growth","floor":46,"turns":1},{"damage":0,"enemies":"Jaw Worm Horde","floor":48,"turns":1},{"damage":14,"enemies":"Time Eater","floor":50,"turns":3}],"seed_played":"-471856875449158431","potions_obtained":[{"floor":3.0,"key":"SkillPotion"},{"floor":13.0,"key":"DistilledChaos"},{"floor":16.0,"key":"Regen Potion"},{"floor":20.0,"key":"Regen Potion"},{"floor":22.0,"key":"SpeedPotion"},{"floor":33.0,"key":"AttackPotion"},{"floor":38.0,"key":"BlessingOfTheForge"}],"is_trial":false,"path_per_floor":["M","M","M","$","?","R","E","R","T","?","M","?","M","M","R","B",null,"M","M","M","?","M","R","E","?","T","T","$","E","R","M","R","B",null,"M","?","M","M","M","M","$","R","T","M","M","M","R","M","R","B",null],"character_chosen":"THE_SILENT","items_purchased":["PiercingWail","PiercingWail","PrismaticShard"],"campfire_rested":1,"item_purchase_floors":[4,28,41],"current_hp_per_floor":[77,77,77,77,77,77,64,64,64,64,55,55,52,52,52,24,77,77,77,77,77,62,62,41,41,41,41,41,43,43,43,68,38,84,84,84,84,84,84,84,84,84,84,84,84,84,84,84,84,70],"gold":156,"neow_bonus":"TEN_PERCENT_HP_BONUS","is_daily":false,"chose_seed":false,"campfire_upgraded":5,"win_rate":0.0,"timestamp":1609092776,"path_taken":["M","M","M","$","?","R","E","R","T","?","M","?","M","M","R","BOSS","M","M","M","?","M","R","E","?","T","?","$","E","R","M","R","BOSS","M","?","M","M","M","M","$","R","T","?","M","M","R","M","R","BOSS"],"items_purchased_type":["Card","Card","Relic"],"build_version":"2020-12-22","purchased_purges":0,"victory":true,"max_hp_per_floor":[77,77,77,77,77,77,77,77,77,77,77,77,77,77,77,77,77,77,77,77,77,77,77,77,77,77,77,77,84,84,84,84,84,84,84,84,84,84,84,84,84,84,84,84,84,84,84,84,84,84],"card_choices":[{"not_picked":["Underhanded Strike","Prepared"],"picked":"Blade Dance","floor":1.0},{"not_picked":["Blade Dance","Sucker Punch"],"picked":"Accuracy","floor":2.0},{"not_picked":["Sucker Punch","Catalyst","Underhanded Strike"],"picked":"SKIP","floor":3.0},{"not_picked":["Slice","hubris:SlightOfHand"],"picked":"Predator","floor":7.0},{"not_picked":["Backflip","Setup","Deadly Poison"],"picked":"SKIP","floor":11.0},{"not_picked":["Quick Slash","Slice"],"picked":"Endless Agony","floor":13.0},{"not_picked":["hubris:SlightOfHand","Eviscerate"],"picked":"Cloak And Dagger","floor":14.0},{"not_picked":["Adrenaline","Venomology"],"picked":"After Image","floor":16.0},{"not_picked":["Outmaneuver","Underhanded Strike","Sucker Punch"],"picked":"SKIP","floor":18.0},{"not_picked":["Skewer","Sucker Punch"],"picked":"Dagger Spray+1","floor":19.0},{"not_picked":["Prepared","Dagger Spray"],"picked":"Cloak And Dagger","floor":20.0},{"not_picked":["hubris:Sniper","Poisoned Stab+1"],"picked":"Accuracy+1","floor":22.0},{"not_picked":["Bane+1","Well Laid Plans+1"],"picked":"Backflip+1","floor":24.0},{"not_picked":["Dagger Throw+1","Concentrate"],"picked":"Choke+1","floor":29.0},{"not_picked":["hubris:Counter+1","Deadly Poison"],"picked":"Distraction","floor":31.0},{"not_picked":["Venomology","Wraith Form v2"],"picked":"A Thousand Cuts","floor":33.0},{"not_picked":["Caltrops","Acrobatics"],"picked":"Masterful Stab+1","floor":35.0},{"not_picked":["hubris:SlightOfHand+1","Setup+1"],"picked":"Noxious Fumes","floor":37.0},{"not_picked":["Bane+1","Flying Knee+1"],"picked":"Underhanded Strike+1","floor":38.0},{"not_picked":["hubris:TrickCloak+1","PiercingWail+1","Poisoned Stab+1"],"picked":"SKIP","floor":39.0},{"not_picked":["Blade Dance+1","Tactician","Flying Knee+1"],"picked":"SKIP","floor":40.0},{"not_picked":["CutThroughFate+1","CrushJoints+1"],"picked":"Quick Slash+1","floor":44.0},{"not_picked":["FlyingSleeves+1","Wallop+1"],"picked":"Second Wind+1","floor":45},{"not_picked":["LikeWater","Reflex+1"],"picked":"Steam","floor":46},{"not_picked":["JustLucky+1","hubris:SlightOfHand"],"picked":"CarveReality+1","floor":48}],"player_experience":474935,"relics_obtained":[{"floor":7.0,"key":"hubris:Reverence"},{"floor":9.0,"key":"Gremlin Horn"},{"floor":24.0,"key":"Dead Branch"},{"floor":26.0,"key":"Happy Flower"},{"floor":27.0,"key":"hubris:GlazedTorus"},{"floor":29.0,"key":"Strawberry"},{"floor":43.0,"key":"hubris:Metronome"}],"event_choices":[{"cards_removed":["Strike_G"],"damage_healed":0.0,"max_hp_gain":0.0,"max_hp_loss":0.0,"gold_gain":0.0,"event_name":"The Cleric","player_choice":"Card Removal","floor":5.0,"gold_loss":50.0,"damage_taken":0.0},{"damage_healed":0.0,"max_hp_gain":0.0,"max_hp_loss":0.0,"gold_gain":0.0,"event_name":"Addict","player_choice":"Obtained Relic","floor":21.0,"gold_loss":85.0,"damage_taken":0.0,"relics_obtained":["Molten Egg 2"]},{"damage_healed":0.0,"max_hp_gain":0.0,"max_hp_loss":0.0,"gold_gain":0.0,"event_name":"Beggar","player_choice":"Ignored","floor":25.0,"gold_loss":0.0,"damage_taken":0.0},{"damage_healed":0.0,"max_hp_gain":0.0,"max_hp_loss":0.0,"gold_gain":0.0,"event_name":"WeMeetAgain","player_choice":"Gave Potion","floor":36.0,"gold_loss":0.0,"damage_taken":0.0,"relics_obtained":["Girya"]}],"is_beta":false,"boss_relics":[{"not_picked":["Busted Crown","Ectoplasm"],"picked":"Empty Cage"},{"not_picked":["Velvet Choker","hubris:Backtick"],"picked":"hubris:BlackHole"}],"items_purged_floors":[],"is_endless":false,"potions_floor_spawned":[3,13,16,20,22,31,33,35,38,40,44,45],"ascension_level":0}}