{"host":"mgc7o2tpy0ck407l","time":1609038957,"event":{"mods":["Alarm Clock","AlwaysNeverKeys","BaseMod","Better Altar","Better Match","Better Note","Better Sensory Stone","Better Skull","Better Third Choice","Better Vampires","Block Reminder","Booster Modes","Challenge The Spire","Colored Map","Colored Powertips","Disable Question Mark Monsters","Emptier Cage","Infinite Spire","Minty Spire (QoL Compilation)","Permanent Neow","Quick Restart","Rare Cards Sparkle","Reorder Act Four","Replay The Spire","Spicy Shops","StSLib","Transform Curses","Unceasing Turn Reminder"],"gold_per_floor":[20,38,38,48,48,48,78,52,79,97,127,127,9,21,21,123,123,134,134,134,134,147,173,173,205,205,205,12,31,132,148,148,244,244,256,271,271,271,285,285,317,317,317,349,399,411,411,437,437,437,437,60,60,98,105],"floor_reached":56,"playtime":2579,"items_purged":["Parasite","Doubt","Shame","Strike_G"],"score":1521,"play_id":"c1dff5ca-2a78-459e-84e1-0fcfc589d9ab","local_time":"20201226221557","is_ascension_mode":true,"campfire_choices":[{"data":"Neutralize","floor":6.0,"key":"SMITH"},{"data":"Cloak And Dagger","floor":12.0,"key":"SMITH"},{"floor":15.0,"key":"DIG"},{"floor":24,"key":"REST"},{"floor":27,"key":"REST"},{"floor":32,"key":"REST"},{"floor":40,"key":"REST"},{"floor":42,"key":"REST"},{"data":"Infinite Blades+1","floor":49,"key":"PURGE"},{"floor":53,"key":"REST"}],"circlet_count":0,"master_deck":["Strike_G","Strike_G+1","Defend_G","Defend_G","Defend_G+1","Defend_G","Survivor","Neutralize+1","Cloak And Dagger+1","Escape Plan+1","ReplayTheSpireMod:Scrap Shanks+1","Caltrops+1","Slice","Accuracy","A Thousand Cuts+1","infinitespire:Gouge+1","Prepared+1","Expertise+1","ReplayTheSpireMod:Scrap Shanks+1","Calculated Gamble+1","Unload","Prepared+1","After Image+1","Acrobatics","Underhanded Strike+1","Prepared+1","Prepared+1","Concentrate+1","Slice"],"relics":["Ring of the Snake","Unceasing Top","infinitespire:WardingShard","Gremlin Food","Happy Flower","Membership Card","Replay:Lucky Slots","infinitespire:PuzzleCube","Fusion Hammer","Replay:Blank Codex","Mercury Hourglass","ReplayTheSpireMod:Lightbulb","Garlic","ReplayTheSpireMod:CursedCoin","Bag of Preparation","Mango","Dream Catcher","Centennial Puzzle","Replay:Drink Me","Replay:Bottled Eggs","Pantograph","Pear","Tough Bandages","Bronze Scales","Ninja Scroll","Replay:Bottled Flurry","infinitespire:EmpoweringShard"],"acts_visited":["Exordium","TheCity","TheBeyond","TheEnding"],"potions_floor_usage":[25,25,50,55,55],"damage_taken":[{"damage":0.0,"enemies":"2 Louse","floor":1.0,"turns":3.0},{"damage":0.0,"enemies":"Jaw Worm","floor":2.0,"turns":6.0},{"damage":5.0,"enemies":"Cultist","floor":4.0,"turns":4.0},{"damage":0.0,"enemies":"Large Slime","floor":10.0,"turns":6.0},{"damage":13.0,"enemies":"Lagavulin","floor":11.0,"turns":8.0},{"damage":0.0,"enemies":"2 Fungi Beasts","floor":14.0,"turns":3.0},{"damage":20.0,"enemies":"Fading Forest","floor":16.0,"turns":11.0},{"damage":17.0,"enemies":"2 Thieves","floor":18.0,"turns":4.0},{"damage":7.0,"enemies":"3 Byrds","floor":22.0,"turns":3.0},{"damage":29,"enemies":"Slavers","floor":23,"turns":5},{"damage":1,"enemies":"Gremlin Leader","floor":25,"turns":4},{"damage":0,"enemies":"Cultist and Chosen","floor":29,"turns":3},{"damage":10,"enemies":"Centurion and Healer","floor":31,"turns":3},{"damage":9,"enemies":"Collector","floor":33,"turns":3},{"damage":0,"enemies":"Orb Walker","floor":35,"turns":2},{"damage":4,"enemies":"3 Shapes","floor":36,"turns":3},{"damage":0,"enemies":"Spire Growth","floor":39,"turns":2},{"damage":0,"enemies":"R_Hoarder","floor":41,"turns":4},{"damage":0,"enemies":"Giant Head","floor":44,"turns":3},{"damage":0,"enemies":"Mind Bloom Boss Battle","floor":45,"turns":3},{"damage":0,"enemies":"Jaw Worm Horde","floor":46,"turns":2},{"damage":0,"enemies":"4 Shapes","floor":48,"turns":2},{"damage":0,"enemies":"Donu and Deca","floor":50,"turns":3},{"damage":0,"enemies":"Shield and Spear","floor":54,"turns":3},{"damage":14,"enemies":"The Heart","floor":55,"turns":5}],"seed_played":"4723455007788900510","potions_obtained":[{"floor":1.0,"key":"Strength Potion"},{"floor":2.0,"key":"Toxic Potion"},{"floor":4.0,"key":"Adrenaline Potion"},{"floor":16.0,"key":"Poison Potion"},{"floor":18.0,"key":"Explosive Potion"},{"floor":23,"key":"Doom Potion"},{"floor":33,"key":"Swift Potion"},{"floor":35,"key":"Elixir"},{"floor":39,"key":"Block Potion"},{"floor":54,"key":"Cursed Concoction"}],"is_trial":false,"path_per_floor":["M","M","$","M","?","R","?","$","T","M","E","R","$","M","R_BF","B",null,"M","AVR","?","?","M","E","R","E","T","R","$","M","?","M","R","B",null,"M","M","?","?","M","R","E","R","T","E","?","M","?","M","R_BF","B",null,"$","R","E","B",null],"character_chosen":"THE_SILENT","items_purchased":["Slice","Membership Card","Accuracy","Replay:Lucky Slots","ReplayTheSpireMod:CursedCoin","Bag of Preparation","Mango","ReplayTheSpireMod:Scrap Shanks","Dream Catcher","Bronze Scales","Slice","Ninja Scroll","Replay:Bottled Flurry"],"campfire_rested":6,"item_purchase_floors":[8,13,13,13,28,28,28,28,28,52,52,52,52],"current_hp_per_floor":[70,70,70,65,65,65,65,65,65,65,52,52,52,52,52,44,70,53,53,53,37,30,1,21,20,20,40,54,54,54,44,68,59,61,61,57,57,57,57,58,58,58,58,68,68,68,68,68,68,68,68,68,68,68,54],"gold":105,"neow_bonus":"ONE_RARE_RELIC","is_daily":false,"chose_seed":false,"campfire_upgraded":2,"win_rate":0.0,"timestamp":1609038957,"path_taken":["M","M","$","M","?","R","?","$","T","M","E","R","$","M","R_BF","BOSS","M","AVR","?","?","M","E","R","E","T","R","$","M","?","?","R","BOSS","M","?","?","?","M","R","E","R","T","E","?","M","?","M","R_BF","BOSS","$","R","E","BOSS"],"items_purchased_type":["Card","Relic","Card","Relic","Relic","Relic","Relic","Card","Relic","Relic","Card","Relic","Relic"],"build_version":"2020-12-22","purchased_purges":4,"victory":true,"max_hp_per_floor":[70,70,70,70,70,70,70,70,70,70,70,70,70,70,70,70,70,70,67,67,67,67,67,67,67,67,67,81,81,81,81,81,81,61,61,61,58,58,58,58,58,58,58,68,68,68,68,68,68,68,68,68,68,68,68],"card_choices":[{"not_picked":["Dagger Throw","Leg Sweep"],"picked":"Cloak And Dagger","floor":1.0},{"not_picked":["Dodge and Roll","Concentrate"],"picked":"Escape Plan","floor":2.0},{"not_picked":["Dodge and Roll","Outmaneuver"],"picked":"ReplayTheSpireMod:Scrap Shanks","floor":4.0},{"not_picked":["Well Laid Plans","Deadly Poison","PiercingWail"],"picked":"SKIP","floor":10.0},{"not_picked":["Flying Knee","Malaise","PiercingWail"],"picked":"SKIP","floor":11.0},{"not_picked":["Dash","Bane"],"picked":"Infinite Blades","floor":14.0},{"not_picked":["infinitespire:Neurotoxin","Phantasmal Killer"],"picked":"A Thousand Cuts","floor":16.0},{"not_picked":["Poisoned Stab+1","PiercingWail+1","Distraction"],"picked":"SKIP","floor":18.0},{"not_picked":["Bouncing Flask+1","PiercingWail"],"picked":"Prepared+1","floor":22.0},{"not_picked":["Deadly Poison","Bane","Underhanded Strike"],"picked":"SKIP","floor":23},{"not_picked":["Burst","Deadly Poison+1"],"picked":"Expertise+1","floor":25},{"not_picked":["Underhanded Strike","Backflip","Cloak And Dagger"],"picked":"SKIP","floor":29},{"not_picked":["Dagger Throw","PiercingWail"],"picked":"Calculated Gamble+1","floor":30},{"not_picked":["Bane","Poisoned Stab+1"],"picked":"Unload","floor":30},{"not_picked":["Heel Hook+1","Deadly Poison"],"picked":"Prepared+1","floor":31},{"not_picked":["All Out Attack","Crippling Poison"],"picked":"After Image","floor":32},{"not_picked":["ReplayTheSpireMod:Exploit Weakness","Dash+1"],"picked":"Acrobatics","floor":35},{"not_picked":["Cloak And Dagger+1","Acrobatics"],"picked":"Underhanded Strike+1","floor":36},{"not_picked":["Blade Dance","Choke","Quick Slash+1"],"picked":"SKIP","floor":39},{"not_picked":["Concentrate","Dodge and Roll+1"],"picked":"Prepared+1","floor":41},{"not_picked":["ReplayTheSpireMod:Scrap Shanks","Concentrate"],"picked":"Prepared+1","floor":42},{"not_picked":["Acrobatics+1","Backflip+1","Toxin Wave+1"],"picked":"SKIP","floor":44},{"not_picked":["Leg Sweep","Malaise"],"picked":"Concentrate+1","floor":46},{"not_picked":["Crippling Poison","Dodge and Roll+1","Toxin Wave"],"picked":"SKIP","floor":48},{"not_picked":["Distraction","Acrobatics","Deadly Poison+1"],"picked":"SKIP","floor":54}],"player_experience":703610,"relics_obtained":[{"floor":9.0,"key":"Gremlin Food"},{"floor":11.0,"key":"Happy Flower"},{"floor":15.0,"key":"infinitespire:PuzzleCube"},{"floor":21.0,"key":"Replay:Blank Codex"},{"floor":23,"key":"Mercury Hourglass"},{"floor":25,"key":"ReplayTheSpireMod:Lightbulb"},{"floor":26,"key":"Garlic"},{"floor":30,"key":"Centennial Puzzle"},{"floor":41,"key":"Replay:Bottled Eggs"},{"floor":43,"key":"Pantograph"},{"floor":44,"key":"Pear"},{"floor":45,"key":"Tough Bandages"},{"floor":54,"key":"infinitespire:EmpoweringShard"}],"event_choices":[{"damage_healed":0.0,"max_hp_gain":0.0,"max_hp_loss":0.0,"gold_gain":30.0,"event_name":"Dead Adventurer","player_choice":"Searched \u00273\u0027 times","floor":7.0,"gold_loss":0.0,"damage_taken":0.0,"relics_obtained":["infinitespire:WardingShard"]},{"damage_healed":0.0,"max_hp_gain":0.0,"max_hp_loss":0.0,"gold_gain":0.0,"event_name":"betterNote:BetterNote","player_choice":"Ignored","floor":20.0,"gold_loss":0.0,"damage_taken":0.0,"cards_obtained":["infinitespire:SealOfDarkness"]},{"damage_healed":0.0,"max_hp_gain":0.0,"max_hp_loss":0.0,"gold_gain":0.0,"event_name":"Cursed Tome","player_choice":"Obtained Book","floor":21.0,"gold_loss":0.0,"damage_taken":16.0},{"damage_healed":0,"gold_gain":0,"player_choice":"Max HP","damage_taken":0,"max_hp_gain":0,"max_hp_loss":3,"event_name":"Winding Halls","floor":37,"gold_loss":0},{"damage_healed":0,"gold_gain":0,"player_choice":"Fight","damage_taken":0,"max_hp_gain":0,"max_hp_loss":0,"event_name":"MindBloom","floor":45,"gold_loss":0},{"damage_healed":0,"gold_gain":0,"player_choice":"Forge","damage_taken":0,"max_hp_gain":0,"max_hp_loss":0,"event_name":"Accursed Blacksmith","floor":47,"gold_loss":0,"cards_upgraded":["A Thousand Cuts"]}],"is_beta":false,"boss_relics":[{"not_picked":["HoveringKite","Snecko Heart"],"picked":"Fusion Hammer"},{"not_picked":["Runic Dome","Kintsugi"],"picked":"Replay:Drink Me"}],"items_purged_floors":[19,28,52,52],"is_endless":false,"potions_floor_spawned":[1,2,4,16,18,23,33,35,39,44,54],"ascension_level":1}}