{"host":"nox","time":1609052676,"event":{"mods":["Act Like it!","Aspiration","BaseMod","Better Altar","Better Match","Better Note","Better Sensory Stone","Better Skull","Better Third Choice","BetterRewards","Colored Powertips","Conspire","Energized Spire","GifTheSpireLib","Hubris","Infinite Spire","Minty Spire (QoL Compilation)","Pale of the Ancients","Quick Restart","Rare Cards Sparkle","Replay The Spire","Shop Mod","Spikes Relics","StSLib","Stuff the Spire","SuperFastMode","The Alterego","vexMod"],"gold_per_floor":[110,120,139,154,168,202,202,229,255,66,100,112,143,155,167,281,293,325,352,364,364],"floor_reached":20,"playtime":1270,"items_purged":[],"score":309,"play_id":"88f48bbd-8c1b-45cc-9ea4-a119c879af33","local_time":"20201227140436","is_ascension_mode":true,"campfire_choices":[{"data":"Beam Cell","floor":7.0,"key":"SMITH"},{"floor":15.0,"key":"REST"}],"circlet_count":0,"master_deck":["Strike_B","Strike_B","Strike_B","Strike_B","Defend_B","Defend_B","Defend_B","Defend_B","Zap+1","Dualcast+1","ReplayGash","Gash","Ball Lightning","Beam Cell+1","Reforge+1","Shame","Looming Evil","infinitespire:SevenWalls+1","Conserve Battery+1","Pain","Gash"],"relics":["aspiration:FutureDiary","aspiration:EnhancedActuators","StuffTheSpire:Experiment12","MawBank","WarpedTongs","vexMod:ImprovementManual"],"acts_visited":["Exordium","TheCity"],"potions_floor_usage":[19,20],"damage_taken":[{"damage":10.0,"enemies":"2 Louse","floor":1.0,"turns":4.0},{"damage":1.0,"enemies":"Cultist","floor":2.0,"turns":3.0},{"damage":13.0,"enemies":"infinitespire:Voidling","floor":3.0,"turns":4.0},{"damage":3.0,"enemies":"3 Louse","floor":4.0,"turns":5.0},{"damage":0.0,"enemies":"Large Slime","floor":5.0,"turns":4.0},{"damage":0.0,"enemies":"Gremlin Nob","floor":6.0,"turns":3.0},{"damage":35.0,"enemies":"3 Sentries","floor":8.0,"turns":6.0},{"damage":3.0,"enemies":"Gremlin Nob","floor":11.0,"turns":3.0},{"damage":0.0,"enemies":"Blue Slaver","floor":13.0,"turns":2.0},{"damage":23.0,"enemies":"Slime Boss","floor":16.0,"turns":10.0},{"damage":26,"enemies":"2 Thieves","floor":18,"turns":5},{"damage":9,"enemies":"3 Byrds","floor":19,"turns":3},{"damage":25,"enemies":"Snecko","floor":20,"turns":4}],"seed_played":"6579052669547021092","potions_obtained":[{"floor":3.0,"key":"GamblersBrew"},{"floor":4.0,"key":"SpeedPotion"},{"floor":5.0,"key":"Adrenaline Potion"},{"floor":8.0,"key":"Explosive Potion"},{"floor":13.0,"key":"Milkshake"},{"floor":18,"key":"Toxic Potion"},{"floor":19,"key":"Dexterity Potion"}],"is_trial":false,"path_per_floor":["M","M","M","M","M","E","R","E","T","$","E","?","M","?","R","B",null,"M","M","M"],"character_chosen":"DEFECT","items_purchased":["Reforge"],"campfire_rested":1,"item_purchase_floors":[10],"current_hp_per_floor":[58,57,44,41,41,41,41,6,6,6,3,3,3,3,25,2,57,31,22,0,0],"gold":364,"neow_bonus":"BOSS_RELIC","is_daily":false,"chose_seed":false,"campfire_upgraded":1,"win_rate":0.0,"timestamp":1609052676,"path_taken":["M","M","M","M","M","E","R","E","T","$","E","?","M","?","R","BOSS","M","?","?"],"items_purchased_type":["Card"],"build_version":"2020-11-17","purchased_purges":0,"victory":false,"max_hp_per_floor":[75,75,75,75,75,75,75,75,75,75,75,75,75,75,75,75,75,75,75,75,75],"card_choices":[{"not_picked":["Redo","Cold Snap"],"picked":"ReplayGash","floor":1.0},{"not_picked":["Redo","Streamline"],"picked":"Gash","floor":2.0},{"not_picked":["Streamline","Doom and Gloom","Stack"],"picked":"SKIP","floor":3.0},{"not_picked":["ReplaySolidLightProjector","RefreshScreen"],"picked":"Ball Lightning","floor":4.0},{"not_picked":["Compile Driver","Core Surge"],"picked":"Beam Cell","floor":5.0},{"not_picked":["Heatsinks","Steam Power","Barrage"],"picked":"SKIP","floor":6.0},{"not_picked":["aspiration:Polymerization","Panic Button","Coolheaded"],"picked":"SKIP","floor":8.0},{"not_picked":["Turbo","Streamline","Buffer"],"picked":"SKIP","floor":11.0},{"not_picked":["infinitespire:Fortify","infinitespire:Oblivion"],"picked":"infinitespire:SevenWalls","floor":12.0},{"not_picked":["Reinforced Body","Panic Button"],"picked":"Conserve Battery","floor":13.0},{"not_picked":["Skim","Redo"],"picked":"Gash","floor":18},{"not_picked":["Beam Cell","Hello World","Self Repair"],"picked":"SKIP","floor":19}],"player_experience":261537,"relics_obtained":[{"floor":6.0,"key":"aspiration:EnhancedActuators"},{"floor":8.0,"key":"StuffTheSpire:Experiment12"},{"floor":11.0,"key":"MawBank"}],"event_choices":[{"damage_healed":0.0,"max_hp_gain":0.0,"max_hp_loss":0.0,"gold_gain":0.0,"event_name":"Accursed Blacksmith","player_choice":"Rummage","floor":14.0,"gold_loss":0.0,"damage_taken":0.0,"relics_obtained":["WarpedTongs"],"cards_obtained":["Pain"]}],"is_beta":true,"boss_relics":[{"not_picked":["Inserter","StuffTheSpire:RunicHypercube"],"picked":"vexMod:ImprovementManual"}],"items_purged_floors":[],"is_endless":false,"potions_floor_spawned":[3,4,5,8,13,18,19],"killed_by":"Snecko","ascension_level":8}}