{"host":"q79spna8ofw6hj3r","time":1609100742,"event":{"mods":["Aspiration","Bard","BaseMod","Beaked The Cultist","Bestiary","Better Altar","Better Match","Better Note","Better Sensory Stone","Better Skull","Better Third Choice","Better Vampires","BetterRewards","Block Reminder","Challenge The Spire","Colored Map","Colored Powertips","Conspire","Custom Start","Energized Spire","Friendly Minions","Halation","Hubris","Infinite Spire","Jedi Mod","Mimic Mod","Minty Spire (QoL Compilation)","Permanent Neow","Quick Restart","Relic Filter","Relic Sorter","Replay The Spire","Shop Mod","StSLib","SuperFastMode","Synergy Search","The Cursed","The Hierophant","The Runesmith","slay the spire mod where everything is the same but ironclad has a cowboy hat","vexMod"],"gold_per_floor":[112,37,312,324,224,224,234,109,146,2,2,2,2,19,19,115,115,132,150,150,166,178,178,178,178],"floor_reached":24,"playtime":661,"items_purged":["Defend_G","Strike_G","Strike_G","Regret"],"score":283,"play_id":"9756ba3d-18d7-4054-8b7e-a70c95f145a8","local_time":"20201227222542","is_ascension_mode":true,"campfire_choices":[{"data":"FlyingSleeves","floor":6,"key":"SMITH"},{"data":"BowlingBash","floor":11,"key":"SMITH"},{"data":"Crescendo","floor":15,"key":"SMITH"},{"data":"infinitespire:NeuralNetwork","floor":23,"key":"SMITH"}],"circlet_count":0,"master_deck":["Strike_G","Strike_G","Strike_G","Defend_G","Defend_G","Defend_G","Survivor","Neutralize","FlyingSleeves+1","Backflip","BowlingBash+1","Crescendo+1","A Thousand Cuts","infinitespire:NeuralNetwork+1"],"relics":["Ring of the Snake","aspiration:Nostalgia","Replay:M_SmolderingBlood","Replay:Baseball","MerchantsRug","conspire:RoyalGoblet","halation:BottledHappiness"],"acts_visited":["Exordium","TheCity"],"potions_floor_usage":[16,16],"damage_taken":[{"damage":6,"enemies":"Small Slimes","floor":1,"turns":5},{"damage":3,"enemies":"Cultist","floor":4,"turns":4},{"damage":6,"enemies":"Jaw Worm","floor":7,"turns":3},{"damage":11,"enemies":"Blue Slaver","floor":9,"turns":12},{"damage":10,"enemies":"Blue Slaver","floor":14,"turns":3},{"damage":3,"enemies":"Slime Boss","floor":16,"turns":6},{"damage":17,"enemies":"Spheric Guardian","floor":18,"turns":3},{"damage":16,"enemies":"Chosen","floor":19,"turns":4},{"damage":39,"enemies":"Sentry and Sphere","floor":21,"turns":4},{"damage":62,"enemies":"Snecko","floor":22,"turns":4},{"damage":40,"enemies":"Gremlin Leader","floor":24,"turns":2}],"seed_played":"3649115603307349986","potions_obtained":[{"floor":1,"key":"ColorlessPotion"},{"floor":7,"key":"Explosive Potion"},{"floor":16,"key":"LiquidBronze"},{"floor":19,"key":"Poison Potion"}],"is_trial":false,"path_per_floor":["M","$","?","M","$","R","M","$","MIM","$","R","?","$","M","R","B",null,"M","M","AVR","M","M","R","E"],"character_chosen":"THE_SILENT","items_purchased":["MerchantsRug"],"campfire_rested":0,"item_purchase_floors":[10],"current_hp_per_floor":[64,64,64,61,61,61,55,55,44,44,44,37,37,27,27,24,70,53,37,37,35,33,33,0,0],"gold":178,"neow_bonus":"NOSTALGIA","is_daily":false,"chose_seed":false,"campfire_upgraded":4,"win_rate":0.0,"timestamp":1609100742,"path_taken":["M","$","?","?","?","R","M","$","MIM","$","R","?","?","M","R","BOSS","M","M","AVR","M","M","R","E"],"items_purchased_type":["Relic"],"build_version":"2020-12-22","purchased_purges":4,"victory":false,"max_hp_per_floor":[70,70,70,70,70,70,70,70,70,70,70,70,70,70,70,70,70,70,70,70,70,70,70,70,70],"card_choices":[{"not_picked":["Hidden Blade","FollowUp"],"picked":"FlyingSleeves","floor":1},{"not_picked":["Poisoned Stab","Dagger Throw"],"picked":"Backflip","floor":4},{"not_picked":["Deflect","jedi:pocketpoison","CrushJoints"],"picked":"SKIP","floor":7},{"not_picked":["Quick Slash","Die Die Die"],"picked":"BowlingBash","floor":9},{"not_picked":["Dagger Spray","Dagger Throw"],"picked":"Crescendo","floor":14},{"not_picked":["Venomology","jedi:brewingpoison"],"picked":"A Thousand Cuts","floor":16},{"not_picked":["Accuracy","Deadly Poison","ReplayTheSpireMod:Exploit Weakness"],"picked":"SKIP","floor":18},{"not_picked":["jedi:pocketpoison","conspire:DoublingDagger","Slice"],"picked":"SKIP","floor":19},{"not_picked":["Dodge and Roll","Quick Slash","Riddle With Holes"],"picked":"SKIP","floor":21},{"not_picked":["Dodge and Roll","Quick Slash","Riddle With Holes"],"picked":"SKIP","floor":21},{"not_picked":["Prepared","conspire:PoisonWeapons","Bane"],"picked":"SKIP","floor":22}],"player_experience":205131,"relics_obtained":[{"floor":9,"key":"Replay:Baseball"}],"event_choices":[{"damage_healed":0,"gold_gain":275,"player_choice":"Desecrate","damage_taken":0,"max_hp_gain":0,"max_hp_loss":0,"event_name":"Golden Shrine","floor":3,"gold_loss":0,"cards_obtained":["Regret"]},{"cards_removed":["Defend_G"],"damage_healed":0,"gold_gain":0,"player_choice":"Card Removal","damage_taken":7,"max_hp_gain":0,"max_hp_loss":0,"event_name":"Golden Wing","floor":12,"gold_loss":0}],"is_beta":false,"boss_relics":[{"not_picked":["hubris:GrandSneckoEye","jedi:battlestandard"],"picked":"conspire:RoyalGoblet"}],"items_purged_floors":[2,5,8,20],"is_endless":false,"potions_floor_spawned":[1,7,16,19],"killed_by":"Gremlin Leader","ascension_level":4}}