{"host":"dcj2yvrgcvh5dl2s","time":1609063902,"event":{"mods":["BaseMod","Better Note","Block Reminder","Colored Powertips","DeckTracker","Minty Spire (QoL Compilation)","Quick Restart","Rare Cards Sparkle","Relic Stats","StSLib"],"gold_per_floor":[112,112,129,140,35,68,68,68,68],"floor_reached":8,"playtime":439,"items_purged":[],"score":104,"play_id":"427abbae-50b9-4e87-9fe3-be2aaa702d56","local_time":"20201227201142","is_ascension_mode":true,"campfire_choices":[{"floor":7,"key":"REST"}],"circlet_count":0,"master_deck":["AscendersBane","Strike_R","Strike_R","Strike_R","Strike_R","Strike_R","Defend_R","Defend_R","Defend_R","Defend_R","Bash","Disarm","Thunderclap","Whirlwind"],"relics":["Burning Blood","Toy Ornithopter","CaptainsWheel"],"acts_visited":["Exordium"],"potions_floor_usage":[6,8,8],"damage_taken":[{"damage":10,"enemies":"2 Louse","floor":1,"turns":4},{"damage":12,"enemies":"Cultist","floor":3,"turns":4},{"damage":23,"enemies":"Jaw Worm","floor":4,"turns":6},{"damage":31,"enemies":"Gremlin Nob","floor":6,"turns":5},{"damage":62,"enemies":"Lagavulin","floor":8,"turns":11}],"seed_played":"-5304637936137451604","potions_obtained":[{"floor":1,"key":"Dexterity Potion"},{"floor":4,"key":"DuplicationPotion"},{"floor":6,"key":"Swift Potion"}],"is_trial":false,"path_per_floor":["M","?","M","M","$","E","R","E"],"character_chosen":"IRONCLAD","items_purchased":["Disarm","Thunderclap"],"campfire_rested":1,"item_purchase_floors":[5,5],"current_hp_per_floor":[64,60,54,37,37,17,39,0,0],"gold":68,"neow_bonus":"RANDOM_COMMON_RELIC","is_daily":false,"chose_seed":false,"campfire_upgraded":0,"win_rate":0.0,"timestamp":1609063902,"path_taken":["M","?","?","M","$","E","R","E"],"items_purchased_type":["Card","Card"],"build_version":"2020-12-22","purchased_purges":0,"victory":false,"max_hp_per_floor":[75,75,75,75,75,75,75,75,75],"relic_stats":{"counters":[5,30],"obtain_stats":[{"CaptainsWheel":6,"Burning Blood":0,"Toy Ornithopter":0},{"CaptainsWheel":4,"Burning Blood":0,"Toy Ornithopter":0},{"CaptainsWheel":19,"Burning Blood":0,"Toy Ornithopter":0}],"Burning Blood":24,"Toy Ornithopter":15},"card_choices":[{"not_picked":["Second Wind","Anger","Iron Wave"],"picked":"SKIP","floor":1},{"not_picked":["Bloodletting","Armaments","Power Through"],"picked":"SKIP","floor":3},{"not_picked":["Power Through","Clash","Twin Strike"],"picked":"SKIP","floor":4},{"not_picked":["Juggernaut","Burning Pact"],"picked":"Whirlwind","floor":6}],"player_experience":2071082,"relics_obtained":[{"floor":6,"key":"CaptainsWheel"}],"event_choices":[{"damage_healed":0,"gold_gain":0,"player_choice":"Bought 0 Potions","damage_taken":0,"max_hp_gain":0,"max_hp_loss":0,"event_name":"The Woman in Blue","floor":2,"gold_loss":0}],"is_beta":false,"boss_relics":[],"items_purged_floors":[],"is_endless":false,"potions_floor_spawned":[1,4,6],"killed_by":"Lagavulin","ascension_level":17}}