{"host":"t5h83eruwt5lxl3o","time":1609049406,"event":{"mods":["AchievementEnabler","Act Like it!","BaseMod","CapriCore","Colored Map","DeckTracker","Hermit","Highlight Path","Koishi","Marisa£¨Ùöéë¡¡Øª×âÞÞ£©","Minty Spire (QoL Compilation)","Permanent Neow","Quick Restart","StSLib","SuperFastMode","The Cursed","The Immortal","everything is the same but u backflip on backflip"],"gold_per_floor":[115,115,125,138,63,63,78,106,132,142,170,170,183,202,202,274,274,289,300,49,49,61,61,105,105,105,144,171,189,223,223,223,311,311,331,331,331,109,109,145,145,157,183,183,217,217,288,325,325,325,325,325,22,62,62,62],"floor_reached":55,"playtime":2712,"items_purged":["Strike_R","Strike_R","Defend_R"],"score":1831,"play_id":"b5a4a18d-4db8-4e32-8f28-ea11a2afa466","local_time":"20201227151006","is_ascension_mode":true,"campfire_choices":[{"data":"Uppercut","floor":6.0,"key":"SMITH"},{"data":"Rampage","floor":15.0,"key":"SMITH"},{"data":"Dual Wield","floor":23.0,"key":"SMITH"},{"data":"RitualDagger","floor":25.0,"key":"SMITH"},{"data":"Dramatic Entrance","floor":32.0,"key":"SMITH"},{"data":"Double Tap","floor":41.0,"key":"SMITH"},{"floor":49.0,"key":"RECALL"},{"data":"Demon Form","floor":52.0,"key":"SMITH"}],"circlet_count":0,"master_deck":["AscendersBane","Strike_R","Strike_R","Defend_R","Defend_R","Defend_R","Bash","Dramatic Entrance+1","Uppercut+1","Shrug It Off","Cleave","Dual Wield+1","Rampage+1","Immolate","Headbutt","RitualDagger+1","Offering","Second Wind","Reaper","Double Tap+1","Evolve+1","Disarm+1","Demon Form+1","Infernal Blade+1"],"relics":["Burning Blood","Tiny Chest","Anchor","Potion Belt","Mark of Pain","PreservedInsect","CeramicFish","Magic Flower","Centennial Puzzle","Omamori","Question Card","Coffee Dripper","Dream Catcher","Toy Ornithopter","Paper Frog","Toxic Egg 2","Meat on the Bone","Happy Flower","Strawberry"],"acts_visited":["Exordium","TheCity","TheBeyond","TheEnding"],"potions_floor_usage":[55,55],"damage_taken":[{"damage":11.0,"enemies":"Jaw Worm","floor":1.0,"turns":5.0},{"damage":0.0,"enemies":"2 Louse","floor":3.0,"turns":2.0},{"damage":0.0,"enemies":"Cultist","floor":4.0,"turns":4.0},{"damage":0.0,"enemies":"Gremlin Gang","floor":7.0,"turns":2.0},{"damage":21.0,"enemies":"Lagavulin","floor":8.0,"turns":6.0},{"damage":0.0,"enemies":"2 Fungi Beasts","floor":10.0,"turns":2.0},{"damage":22.0,"enemies":"3 Sentries","floor":11.0,"turns":9.0},{"damage":0.0,"enemies":"Large Slime","floor":13.0,"turns":5.0},{"damage":1.0,"enemies":"Looter","floor":14.0,"turns":2.0},{"damage":57.0,"enemies":"Hexaghost","floor":16.0,"turns":10.0},{"damage":20.0,"enemies":"2 Thieves","floor":18.0,"turns":4.0},{"damage":1.0,"enemies":"3 Byrds","floor":19.0,"turns":3.0},{"damage":11.0,"enemies":"Centurion and Healer","floor":22.0,"turns":7.0},{"damage":19.0,"enemies":"Book of Stabbing","floor":24.0,"turns":3.0},{"damage":0.0,"enemies":"Slavers","floor":27.0,"turns":3.0},{"damage":8.0,"enemies":"Chosen and Byrds","floor":29.0,"turns":3.0},{"damage":6.0,"enemies":"Gremlin Leader","floor":30.0,"turns":3.0},{"damage":45.0,"enemies":"Collector","floor":33.0,"turns":6.0},{"damage":56.0,"enemies":"3 Shapes","floor":35.0,"turns":6.0},{"damage":13.0,"enemies":"Nemesis","floor":40.0,"turns":3.0},{"damage":31.0,"enemies":"3 Darklings","floor":42.0,"turns":4.0},{"damage":39.0,"enemies":"Giant Head","floor":45.0,"turns":6.0},{"damage":0.0,"enemies":"Reptomancer","floor":48.0,"turns":2.0},{"damage":32.0,"enemies":"Time Eater","floor":50.0,"turns":7.0},{"damage":85.0,"enemies":"Shield and Spear","floor":54.0,"turns":4.0}],"seed_played":"-9174162658817715976","potions_obtained":[{"floor":1.0,"key":"DistilledChaos"},{"floor":3.0,"key":"FearPotion"},{"floor":8.0,"key":"Swift Potion"},{"floor":10.0,"key":"ElixirPotion"},{"floor":16.0,"key":"SkillPotion"},{"floor":18.0,"key":"Energy Potion"},{"floor":24.0,"key":"SteroidPotion"},{"floor":27.0,"key":"GamblersBrew"},{"floor":29.0,"key":"DistilledChaos"},{"floor":33.0,"key":"SkillPotion"},{"floor":35.0,"key":"SteroidPotion"}],"is_trial":false,"path_per_floor":["M","?","M","M","$","R","M","E","T","M","E","?","M","M","R","B",null,"M","M","$","?","M","R","E","R","T","E","T","M","E","?","R","B",null,"M","?","?","$","T","E","R","M","T","?","E","?","T","E","R","B",null,"R","$","E","B"],"character_chosen":"IRONCLAD","items_purchased":["PreservedInsect","AttackPotion","Fire Potion","SkillPotion","Dexterity Potion","FearPotion","Happy Flower"],"campfire_rested":0,"item_purchase_floors":[20,38,38,53,53,53,53],"current_hp_per_floor":[63,63,69,75,75,75,75,60,60,66,50,50,56,61,61,10,59,45,50,50,44,39,39,26,26,26,35,35,36,39,39,39,24,62,54,69,75,75,75,71,71,55,55,55,34,75,75,75,75,72,74,74,74,60,0,0],"gold":62,"neow_bonus":"RANDOM_COLORLESS","is_daily":false,"chose_seed":false,"campfire_upgraded":7,"win_rate":0.0,"timestamp":1609049406,"path_taken":["M","?","M","M","$","R","M","E","T","M","E","?","?","M","R","BOSS","M","M","$","?","M","R","E","R","T","E","?","M","E","?","R","BOSS","M","?","?","$","?","E","R","?","T","?","E","?","?","E","R","BOSS","R","$","E","BOSS"],"items_purchased_type":["Relic","Potion","Potion","Potion","Potion","Potion","Relic"],"build_version":"2020-12-22","purchased_purges":3,"victory":false,"max_hp_per_floor":[75,75,75,75,75,75,75,75,75,75,75,75,75,75,75,75,75,75,75,75,75,75,75,75,75,75,75,75,75,75,75,75,75,75,75,75,75,75,75,75,75,75,75,75,75,75,75,75,75,75,75,75,75,82,82,82],"card_choices":[{"not_picked":["Impatience","Dark Shackles"],"picked":"Dramatic Entrance","floor":0.0},{"not_picked":["True Grit","Rage"],"picked":"Uppercut","floor":1.0},{"not_picked":["Perfected Strike","Body Slam"],"picked":"Shrug It Off","floor":3.0},{"not_picked":["Iron Wave","Twin Strike"],"picked":"Cleave","floor":4.0},{"not_picked":["Iron Wave","Combust"],"picked":"Dual Wield","floor":7.0},{"not_picked":["Body Slam","Clothesline","Limit Break"],"picked":"SKIP","floor":8.0},{"not_picked":["Clothesline","Sever Soul","Body Slam"],"picked":"SKIP","floor":10.0},{"not_picked":["Shrug It Off","Rupture","Blood for Blood"],"picked":"SKIP","floor":11.0},{"not_picked":["Warcry","Searing Blow","Havoc"],"picked":"SKIP","floor":13.0},{"not_picked":["Shrug It Off","Heavy Blade"],"picked":"Rampage","floor":14.0},{"not_picked":["Limit Break","Berserk"],"picked":"Immolate","floor":16.0},{"not_picked":["Thunderclap","Rage"],"picked":"Sever Soul","floor":18.0},{"not_picked":["Perfected Strike","Flex"],"picked":"Headbutt","floor":19.0},{"not_picked":["Dual Wield","Sever Soul","Fire Breathing"],"picked":"SKIP","floor":22.0},{"not_picked":["Dual Wield","Sever Soul","Fire Breathing"],"picked":"SKIP","floor":22.0},{"not_picked":["Seeing Red","Clothesline"],"picked":"Offering","floor":24.0},{"not_picked":["Iron Wave+1","Armaments"],"picked":"Second Wind","floor":27.0},{"not_picked":["Pommel Strike","Clothesline","Iron Wave"],"picked":"SKIP","floor":29.0},{"not_picked":["Evolve","Combust+1"],"picked":"Reaper","floor":30.0},{"not_picked":["Juggernaut","Impervious","Immolate"],"picked":"Double Tap","floor":33.0},{"not_picked":["Headbutt+1","Body Slam","Dark Embrace","Dropkick"],"picked":"SKIP","floor":35.0},{"not_picked":["Shockwave","Searing Blow+1","Battle Trance"],"picked":"Evolve+1","floor":40.0},{"not_picked":["Sword Boomerang","Shrug It Off","Bloodletting","Combust"],"picked":"SKIP","floor":42.0},{"not_picked":["Shrug It Off","Intimidate+1","Anger"],"picked":"Disarm+1","floor":45.0},{"not_picked":["Clothesline","Flex+1","Ghostly Armor+1"],"picked":"Demon Form","floor":48.0},{"not_picked":["Armaments+1","Spot Weakness+1","Thunderclap"],"picked":"Infernal Blade+1","floor":54.0}],"player_experience":628481,"relics_obtained":[{"floor":8.0,"key":"Tiny Chest"},{"floor":9.0,"key":"Anchor"},{"floor":11.0,"key":"Potion Belt"},{"floor":24.0,"key":"CeramicFish"},{"floor":26.0,"key":"Magic Flower"},{"floor":27.0,"key":"Centennial Puzzle"},{"floor":28.0,"key":"Omamori"},{"floor":30.0,"key":"Question Card"},{"floor":40.0,"key":"Dream Catcher"},{"floor":43.0,"key":"Toy Ornithopter"},{"floor":45.0,"key":"Paper Frog"},{"floor":47.0,"key":"Toxic Egg 2"},{"floor":48.0,"key":"Meat on the Bone"},{"floor":54.0,"key":"Strawberry"}],"event_choices":[{"damage_healed":0.0,"max_hp_gain":0.0,"max_hp_loss":0.0,"gold_gain":0.0,"event_name":"Liars Game","player_choice":"Ignored","floor":2.0,"gold_loss":0.0,"damage_taken":0.0},{"damage_healed":0.0,"max_hp_gain":0.0,"max_hp_loss":0.0,"gold_gain":0.0,"event_name":"Shining Light","player_choice":"Ignored","floor":12.0,"gold_loss":0.0,"damage_taken":0.0},{"damage_healed":0.0,"max_hp_gain":0.0,"max_hp_loss":0.0,"gold_gain":0.0,"event_name":"Nest","player_choice":"Joined the Cult","floor":21.0,"gold_loss":0.0,"damage_taken":6.0,"cards_obtained":["RitualDagger"]},{"cards_removed":["Strike_R"],"damage_healed":0.0,"max_hp_gain":0.0,"max_hp_loss":0.0,"gold_gain":0.0,"event_name":"Back to Basics","player_choice":"Elegance","floor":31.0,"gold_loss":0.0,"damage_taken":0.0},{"damage_healed":15.0,"max_hp_gain":0.0,"max_hp_loss":0.0,"gold_gain":0.0,"event_name":"Winding Halls","player_choice":"Writhe","floor":36.0,"gold_loss":0.0,"damage_taken":0.0,"cards_obtained":["Writhe"]},{"damage_healed":6.0,"max_hp_gain":0.0,"max_hp_loss":0.0,"gold_gain":0.0,"event_name":"Wheel of Change","player_choice":"Full Heal","floor":37.0,"gold_loss":0.0,"damage_taken":0.0},{"cards_removed":["Sever Soul"],"damage_healed":0.0,"max_hp_gain":0.0,"max_hp_loss":0.0,"gold_gain":0.0,"event_name":"Falling","player_choice":"Removed Attack","floor":44.0,"gold_loss":0.0,"damage_taken":0.0},{"damage_healed":41.0,"max_hp_gain":0.0,"max_hp_loss":0.0,"gold_gain":0.0,"event_name":"MindBloom","player_choice":"Heal","floor":46.0,"gold_loss":0.0,"damage_taken":0.0,"cards_obtained":["Doubt"]}],"is_beta":false,"boss_relics":[{"not_picked":["Ectoplasm","Fusion Hammer"],"picked":"Mark of Pain"},{"not_picked":["Calling Bell","Black Star"],"picked":"Coffee Dripper"}],"items_purged_floors":[5,20,38],"is_endless":false,"potions_floor_spawned":[1,3,8,10,16,18,24,27,29,33,35],"killed_by":"The Heart","ascension_level":15}}