{"host":"v4tuy5ykrbdcm9o9","time":1609099368,"event":{"mods":["BaseMod","Duelist Mod","Minty Spire (QoL Compilation)","Replay The Spire","StSLib"],"gold_per_floor":[109,124,87,98,115,148,148,165,190,221,237,249,424,424,424],"floor_reached":14,"playtime":1108,"items_purged":[],"score":120,"play_id":"bdb86fa1-d936-44e9-9f83-a9cf2f49e932","local_time":"20201227150248","is_ascension_mode":true,"campfire_choices":[{"floor":7,"key":"REST"}],"circlet_count":0,"master_deck":["Strike_B","Strike_B","Strike_B","Strike_B","Defend_B","Defend_B","Defend_B","Defend_B","Zap","Dualcast","White Noise","BootSequence","ReplaySolidLightProjector","BootSequence","White Noise","Storm","Fission","Self Repair","Compile Driver","Go for the Eyes","Doubt"],"relics":["Cracked Core","Replay:Baseball","Lantern","Anchor"],"acts_visited":["Exordium"],"potions_floor_usage":[2,6,8,10,11,12,14,14],"damage_taken":[{"damage":6,"enemies":"Cultist","floor":1,"turns":4},{"damage":5,"enemies":"Small Slimes","floor":2,"turns":2},{"damage":0,"enemies":"2 Louse","floor":4,"turns":2},{"damage":18,"enemies":"Lots of Slimes","floor":5,"turns":4},{"damage":15,"enemies":"Replay:BlueRogue","floor":6,"turns":5},{"damage":2,"enemies":"Gremlin Gang","floor":8,"turns":6},{"damage":40,"enemies":"Gremlin Nob","floor":10,"turns":4},{"damage":7,"enemies":"Large Slime","floor":11,"turns":4},{"damage":0,"enemies":"Red Slaver","floor":12,"turns":2},{"damage":12,"enemies":"Replay:BlueRogue","floor":14,"turns":3}],"seed_played":"-1343084876487619193","potions_obtained":[{"floor":0,"key":"Toxic Potion"},{"floor":0,"key":"LiquidBronze"},{"floor":0,"key":"EssenceOfDarkness"},{"floor":1,"key":"FocusPotion"},{"floor":5,"key":"Explosive Potion"},{"floor":6,"key":"SpeedPotion"},{"floor":8,"key":"Swift Potion"},{"floor":11,"key":"SteroidPotion"},{"floor":12,"key":"Strength Potion"}],"is_trial":false,"path_per_floor":["M","M","$","M","M","E","R","M","T","E","M","M","?","E"],"character_chosen":"DEFECT","items_purchased":["ReplaySolidLightProjector"],"campfire_rested":1,"item_purchase_floors":[3],"current_hp_per_floor":[69,64,64,64,46,31,53,51,51,11,11,11,11,0,0],"gold":424,"neow_bonus":"THREE_SMALL_POTIONS","is_daily":false,"chose_seed":false,"campfire_upgraded":0,"win_rate":0.0,"timestamp":1609099368,"path_taken":["M","M","?","M","M","E","R","M","T","E","M","?","?","E"],"items_purchased_type":["Card"],"build_version":"2020-12-22","purchased_purges":0,"victory":false,"max_hp_per_floor":[75,75,75,75,75,75,75,75,75,75,75,75,75,75,75],"card_choices":[{"not_picked":["Go for the Eyes","Glacier"],"picked":"White Noise","floor":1},{"not_picked":["Capacitor","Turbo"],"picked":"BootSequence","floor":2},{"not_picked":["Compile Driver","Stack"],"picked":"BootSequence","floor":4},{"not_picked":["Tempest","Panic Button"],"picked":"White Noise","floor":5},{"not_picked":["Beam Cell","Force Field"],"picked":"Storm","floor":6},{"not_picked":["Panic Button","Consume"],"picked":"Fission","floor":8},{"not_picked":["Leap","Cold Snap"],"picked":"Self Repair","floor":10},{"not_picked":["Glacier","Barrage"],"picked":"Compile Driver","floor":11},{"not_picked":["ReplaySort","Reinforced Body"],"picked":"Go for the Eyes","floor":12}],"player_experience":470558,"relics_obtained":[{"floor":6,"key":"Replay:Baseball"},{"floor":9,"key":"Lantern"},{"floor":10,"key":"Anchor"}],"event_choices":[{"damage_healed":0,"gold_gain":175,"player_choice":"AGREE","damage_taken":0,"max_hp_gain":0,"max_hp_loss":0,"event_name":"Liars Game","floor":13,"gold_loss":0,"cards_obtained":["Doubt"]}],"is_beta":false,"boss_relics":[],"items_purged_floors":[],"is_endless":false,"potions_floor_spawned":[1,5,6,8,11,12],"killed_by":"Replay:BlueRogue","ascension_level":3}}