{"host":"s41rn2jhghpwfrvz","time":1609084699,"event":{"mods":["BaseMod","Minty Spire (QoL Compilation)","Quick Restart","Relic Stats","SuperFastMode"],"gold_per_floor":[109,109,127,202,212,243,255,285,285,297,326,351,364,374,374,450,450,464,464,475,475,485,511,524,524,524,554,570,584,584,609,609,681,681,691,708,708,721,402,436,436,467,494,494,526,526,551,361,361,361,361,361,361,64,97,97],"floor_reached":57,"playtime":2567,"items_purged":["Leap","Prepared","Hologram"],"score":3824,"play_id":"56674af9-d0a2-4657-b2e8-f4bfe6d7f3d0","local_time":"20201227175819","daily_mods":["SealedDeck","Diverse","DeadlyEvents"],"is_ascension_mode":true,"campfire_choices":[{"data":"Skim","floor":15,"key":"SMITH"},{"data":"Backflip","floor":25,"key":"SMITH"},{"data":"Turbo","floor":30,"key":"SMITH"},{"data":"Shrug It Off","floor":32,"key":"SMITH"},{"data":"Double Energy","floor":41,"key":"SMITH"},{"floor":44,"key":"RECALL"},{"data":"Burning Pact","floor":49,"key":"SMITH"},{"data":"Ghostly Armor","floor":53,"key":"SMITH"}],"circlet_count":0,"master_deck":["AscendersBane","Ghostly Armor+1","Streamline+1","Turbo+1","Protect+1","Body Slam+1","Backflip+1","Skim+1","Feed+1","Shrug It Off+1","Double Energy+1","Burning Pact+1"],"relics":["Burning Blood","Nunchaku","Ornamental Fan","Ice Cream","Pocketwatch","Pear","Calling Bell","Ancient Tea Set","Self Forming Clay","Ginger","Dream Catcher","Orichalcum","Mercury Hourglass","Runic Pyramid","Whetstone","Lantern","Unceasing Top","PreservedInsect","Oddly Smooth Stone","Bronze Scales","OrangePellets","Charon\u0027s Ashes"],"acts_visited":["Exordium","TheCity","TheBeyond","TheEnding"],"potions_floor_usage":[56,56],"damage_taken":[{"damage":0,"enemies":"Small Slimes","floor":1,"turns":6},{"damage":0,"enemies":"Jaw Worm","floor":3,"turns":2},{"damage":0,"enemies":"2 Louse","floor":5,"turns":2},{"damage":6,"enemies":"3 Sentries","floor":6,"turns":12},{"damage":0,"enemies":"Looter","floor":7,"turns":1},{"damage":17,"enemies":"Gremlin Nob","floor":8,"turns":3},{"damage":0,"enemies":"Exordium Thugs","floor":10,"turns":3},{"damage":0,"enemies":"3 Sentries","floor":11,"turns":7},{"damage":10,"enemies":"Lagavulin","floor":12,"turns":4},{"damage":0,"enemies":"Red Slaver","floor":13,"turns":2},{"damage":0,"enemies":"2 Fungi Beasts","floor":14,"turns":2},{"damage":0,"enemies":"The Guardian","floor":16,"turns":8},{"damage":3,"enemies":"2 Thieves","floor":18,"turns":3},{"damage":0,"enemies":"Spheric Guardian","floor":20,"turns":3},{"damage":0,"enemies":"Centurion and Healer","floor":22,"turns":5},{"damage":8,"enemies":"Gremlin Leader","floor":23,"turns":5},{"damage":2,"enemies":"Cultist and Chosen","floor":24,"turns":5},{"damage":53,"enemies":"Slavers","floor":27,"turns":6},{"damage":0,"enemies":"3 Cultists","floor":28,"turns":5},{"damage":7,"enemies":"Snake Plant","floor":29,"turns":3},{"damage":0,"enemies":"Book of Stabbing","floor":31,"turns":3},{"damage":0,"enemies":"Automaton","floor":33,"turns":6},{"damage":0,"enemies":"3 Darklings","floor":35,"turns":5},{"damage":0,"enemies":"Orb Walker","floor":36,"turns":3},{"damage":0,"enemies":"Spire Growth","floor":38,"turns":3},{"damage":0,"enemies":"Giant Head","floor":40,"turns":2},{"damage":3,"enemies":"Reptomancer","floor":42,"turns":3},{"damage":0,"enemies":"Nemesis","floor":45,"turns":3},{"damage":0,"enemies":"Reptomancer","floor":47,"turns":3},{"damage":0,"enemies":"Donu and Deca","floor":50,"turns":1},{"damage":1,"enemies":"Time Eater","floor":51,"turns":6},{"damage":0,"enemies":"Shield and Spear","floor":55,"turns":3},{"damage":25,"enemies":"The Heart","floor":56,"turns":5}],"seed_played":"-1311131449443215136","potions_obtained":[{"floor":3,"key":"DuplicationPotion"},{"floor":8,"key":"FearPotion"},{"floor":11,"key":"SpeedPotion"},{"floor":12,"key":"Dexterity Potion"}],"is_trial":true,"path_per_floor":["M","?","M","?","M","E","M","E","T","M","E","E","M","M","R","B",null,"M","?","M","?","M","E","M","R","T","E","M","M","R","E","R","B",null,"M","M","?","M","$","E","R","E","T","R","E","?","E","$","R","B","B",null,"R","$","E","B",null],"character_chosen":"IRONCLAD","items_purchased":["Whetstone","Double Energy","Burning Pact","OrangePellets"],"campfire_rested":0,"item_purchase_floors":[39,39,48,54],"current_hp_per_floor":[74,74,75,64,70,70,75,64,64,70,75,81,85,85,85,85,85,88,88,91,91,94,95,100,100,100,56,65,64,64,73,73,82,105,114,118,118,121,121,125,125,125,125,125,129,129,133,133,133,133,133,133,133,133,137,118],"gold":97,"neow_bonus":"","is_daily":false,"chose_seed":false,"campfire_upgraded":7,"win_rate":0.0,"timestamp":1609084699,"path_taken":["M","?","M","?","M","E","M","E","T","M","E","?","M","M","R","BOSS","M","?","M","?","M","E","M","R","T","E","M","?","R","E","R","BOSS","M","M","?","M","$","E","R","E","T","R","?","?","?","$","R","BOSS","BOSS","R","$","E","BOSS"],"items_purchased_type":["Relic","Card","Card","Relic"],"build_version":"2020-12-22","purchased_purges":3,"victory":true,"max_hp_per_floor":[75,75,75,75,75,75,75,75,75,75,75,85,85,85,85,85,85,88,88,91,91,94,97,100,100,100,103,106,106,106,109,109,112,112,115,118,118,121,121,125,125,125,125,125,129,129,133,133,133,133,133,133,133,133,137,137],"relic_stats":{"counters":[33,133],"Self Forming Clay":[39],"PreservedInsect":189,"Charon\u0027s Ashes":[68],"Ginger":[13],"Whetstone":["Streamline","Feed"],"Orichalcum":[12],"Burning Blood":111,"Mercury Hourglass":[166],"OrangePellets":[0],"Nunchaku":[29],"Dream Catcher":0,"Ornamental Fan":[232],"Bronze Scales":[69],"obtain_stats":[{"Ice Cream":9,"Lantern":40,"Pear":12,"Self Forming Clay":17,"Oddly Smooth Stone":45,"PreservedInsect":43,"Charon\u0027s Ashes":55,"Ginger":17,"Whetstone":39,"Orichalcum":27,"Ancient Tea Set":17,"Burning Blood":0,"Mercury Hourglass":31,"Calling Bell":17,"OrangePellets":54,"Nunchaku":6,"Dream Catcher":23,"Ornamental Fan":8,"Bronze Scales":47,"Unceasing Top":42,"Pocketwatch":11,"Runic Pyramid":34},{"Ice Cream":6,"Lantern":26,"Pear":9,"Self Forming Clay":12,"Oddly Smooth Stone":28,"PreservedInsect":27,"Charon\u0027s Ashes":32,"Ginger":12,"Whetstone":25,"Orichalcum":18,"Ancient Tea Set":12,"Burning Blood":0,"Mercury Hourglass":21,"Calling Bell":12,"OrangePellets":31,"Nunchaku":4,"Dream Catcher":16,"Ornamental Fan":6,"Bronze Scales":29,"Unceasing Top":27,"Pocketwatch":8,"Runic Pyramid":22},{"Ice Cream":26,"Lantern":109,"Pear":40,"Self Forming Clay":52,"Oddly Smooth Stone":115,"PreservedInsect":112,"Charon\u0027s Ashes":128,"Ginger":52,"Whetstone":107,"Orichalcum":79,"Ancient Tea Set":52,"Burning Blood":0,"Mercury Hourglass":90,"Calling Bell":52,"OrangePellets":125,"Nunchaku":22,"Dream Catcher":68,"Ornamental Fan":26,"Bronze Scales":118,"Unceasing Top":112,"Pocketwatch":36,"Runic Pyramid":96}],"Unceasing Top":[0],"Pocketwatch":[24]},"card_choices":[{"not_picked":["ForeignInfluence","Cleave","Steam Power"],"picked":"SKIP","floor":1},{"not_picked":["Headbutt","Heavy Blade","WreathOfFlame"],"picked":"SKIP","floor":3},{"not_picked":["Searing Blow","Second Wind","Hello World"],"picked":"SKIP","floor":5},{"not_picked":["Wish","Backflip","Armaments"],"picked":"SKIP","floor":6},{"not_picked":["Outmaneuver","EmptyBody","Flex"],"picked":"SKIP","floor":7},{"not_picked":["Force Field","Armaments","Streamline"],"picked":"SKIP","floor":8},{"not_picked":["Deadly Poison","Aggregate","LikeWater"],"picked":"SKIP","floor":10},{"not_picked":["Hologram","Havoc","Seeing Red"],"picked":"SKIP","floor":11},{"not_picked":["PathToVictory","Crescendo","Aggregate"],"picked":"SKIP","floor":12},{"not_picked":["Pummel","Glass Knife","Armaments"],"picked":"SKIP","floor":13},{"not_picked":["Deadly Poison","Go for the Eyes","Eviscerate"],"picked":"SKIP","floor":14},{"not_picked":["Electrodynamics","Doppelganger"],"picked":"Feed","floor":16},{"not_picked":["Sweeping Beam","Weave"],"picked":"Shrug It Off","floor":18},{"not_picked":["Worship","Prostrate","BowlingBash"],"picked":"SKIP","floor":20},{"not_picked":["Conserve Battery+1","Coolheaded","Study"],"picked":"SKIP","floor":22},{"not_picked":["Flechettes","SashWhip","Heavy Blade"],"picked":"SKIP","floor":23},{"not_picked":["InnerPeace","Sucker Punch","Seeing Red"],"picked":"SKIP","floor":24},{"not_picked":["Reaper","Riddle With Holes","Storm"],"picked":"SKIP","floor":27},{"not_picked":["Metallicize","InnerPeace","Hologram"],"picked":"SKIP","floor":28},{"not_picked":["Quick Slash","Fire Breathing","Evaluate"],"picked":"SKIP","floor":29},{"not_picked":["Masterful Stab","Headbutt","Prepared"],"picked":"SKIP","floor":31},{"not_picked":["CrushJoints+1","Protect+1","Twin Strike+1"],"picked":"SKIP","floor":35},{"not_picked":["Stack+1","Flying Knee","Dual Wield"],"picked":"SKIP","floor":36},{"not_picked":["Cold Snap+1","Dodge and Roll","Swivel"],"picked":"SKIP","floor":38},{"not_picked":["Escape Plan","Blizzard","Bouncing Flask+1"],"picked":"SKIP","floor":40},{"not_picked":["Ragnarok","Dash","Rebound"],"picked":"SKIP","floor":42},{"not_picked":["CrushJoints","Adaptation","Bane"],"picked":"SKIP","floor":45},{"not_picked":["Sweeping Beam","Compile Driver","BattleHymn"],"picked":"SKIP","floor":47},{"not_picked":["Armaments","BattleHymn","Twin Strike"],"picked":"SKIP","floor":55}],"player_experience":1609828,"relics_obtained":[{"floor":6,"key":"Nunchaku"},{"floor":8,"key":"Ornamental Fan"},{"floor":9,"key":"Ice Cream"},{"floor":11,"key":"Pocketwatch"},{"floor":12,"key":"Pear"},{"floor":17,"key":"Ancient Tea Set"},{"floor":17,"key":"Self Forming Clay"},{"floor":17,"key":"Ginger"},{"floor":23,"key":"Dream Catcher"},{"floor":27,"key":"Orichalcum"},{"floor":31,"key":"Mercury Hourglass"},{"floor":40,"key":"Lantern"},{"floor":42,"key":"Unceasing Top"},{"floor":43,"key":"PreservedInsect"},{"floor":45,"key":"Oddly Smooth Stone"},{"floor":47,"key":"Bronze Scales"},{"floor":55,"key":"Charon\u0027s Ashes"}],"event_choices":[{"damage_healed":0,"gold_gain":0,"player_choice":"Grow","damage_taken":0,"max_hp_gain":0,"max_hp_loss":0,"event_name":"Living Wall","floor":2,"gold_loss":0,"cards_upgraded":["Body Slam"]},{"damage_healed":0,"gold_gain":75,"player_choice":"Gather Gold","damage_taken":11,"max_hp_gain":0,"max_hp_loss":0,"event_name":"World of Goop","floor":4,"gold_loss":0},{"damage_healed":0,"gold_gain":0,"player_choice":"Ignored","damage_taken":0,"max_hp_gain":0,"max_hp_loss":0,"event_name":"Vampires","floor":19,"gold_loss":0},{"damage_healed":0,"gold_gain":0,"player_choice":"Ignored","damage_taken":0,"max_hp_gain":0,"max_hp_loss":0,"event_name":"Ghosts","floor":21,"gold_loss":0},{"damage_healed":0,"gold_gain":0,"player_choice":"0 cards matched","damage_taken":0,"max_hp_gain":0,"max_hp_loss":0,"event_name":"Match and Keep!","floor":37,"gold_loss":0,"cards_obtained":[]},{"damage_healed":0,"gold_gain":0,"player_choice":"Forge","damage_taken":0,"max_hp_gain":0,"max_hp_loss":0,"event_name":"Accursed Blacksmith","floor":46,"gold_loss":0,"cards_upgraded":["Protect"]}],"is_beta":false,"boss_relics":[{"not_picked":["Tiny House","Fusion Hammer"],"picked":"Calling Bell"},{"not_picked":["Runic Cube","Black Star"],"picked":"Runic Pyramid"}],"items_purged_floors":[39,48,54],"is_endless":false,"potions_floor_spawned":[3,8,11,12,13,20,22,23,33,36,38,42,45,47,55],"ascension_level":20}}