{"host":"Stein","time":1609041415,"event":{"mods":["BaseMod","Colored Map","Downfall","Minty Spire (QoL Compilation)","StSLib"],"gold_per_floor":[99,109,124,28,40,71,71,133,233,243,254,286,211,221,232,334,334,334,347,367,124,144,144,144,174,193,56,66,80,80,114,128,232,232,232,244,255,255,270,309,360,380,230,242,272,317,336,362,378,378,378,409,26,26,26],"floor_reached":56,"playtime":5731,"items_purged":["sneckomod:Strike","Pain"],"score":1773,"play_id":"05ccddf0-0d9a-4e8c-b4d0-fe4f44acfe1d","local_time":"20201226225655","is_ascension_mode":true,"campfire_choices":[{"data":"sneckomod:SnekBite","floor":1.0,"key":"SMITH"},{"floor":13.0,"key":"REST"},{"data":"sneckomod:Transmogrify","floor":18.0,"key":"SMITH"},{"floor":35.0,"key":"RECALL"},{"data":"sneckomod:UnknownRarePower","floor":43.0,"key":"SMITH"},{"data":"sneckomod:UnknownRarePower","floor":54,"key":"SMITH"}],"circlet_count":0,"master_deck":["sneckomod:Strike","sneckomod:Strike","sneckomod:Defend","sneckomod:Defend","sneckomod:Defend","sneckomod:TailWhip","sneckomod:SnekBite+1","sneckomod:Unknown","sneckomod:Unknown","sneckomod:UnknownVulnerable","sneckomod:UnknownBlock","sneckomod:QuickBite","sneckomod:CheapStock","sneckomod:UnknownUncommonPower","sneckomod:TrashToTreasure","sneckomod:ImprovisedGuard","sneckomod:Rotation+1","sneckomod:UnknownColorless","sneckomod:UnknownClassHEXA_GHOST_PURPLE","sneckomod:Nope","sneckomod:UnknownClassGREEN","sneckomod:Restock","sneckomod:Transmogrify+1","sneckomod:QuickMove+1","sneckomod:CheapStock+1","sneckomod:UnknownRarePower+1","sneckomod:UnknownRarePower+1","sneckomod:UnknownClassTHE_CHAMP_GRAY+1","sneckomod:UnknownClassGUARDIAN","sneckomod:UnknownWeak","sneckomod:Unknown1Cost+1","sneckomod:ImprovisedGuard+1","Ghostly","Ghostly","Ghostly","Ghostly","Ghostly","sneckomod:Mudshield","sneckomod:Unknown3Cost","sneckomod:UnknownClassPURPLE+1","sneckomod:SoulDraw","sneckomod:UnknownStrength","sneckomod:UnknownUncommonPower","sneckomod:UnknownWeak","sneckomod:Unknown2Cost+1","sneckomod:UnknownX+1","sneckomod:UnknownRareAttack","sneckomod:CheapStock"],"relics":["sneckomod:SneckoSoul","Question Card","downfall:HeartBlessingGreen","White Beast Statue","InkBottle","TheAbacus","Snecko Eye","Black Star","Kunai","downfall:HeartBlessingBlue","downfall:HeartBlessingRed","Pantograph","Mummified Hand","Vajra","Omamori","StrikeDummy","Du-Vu Doll","Incense Burner","Bottled Flame","Medical Kit","Toy Ornithopter"],"acts_visited":["Exordium","TheCity","TheBeyond","TheEnding"],"potions_floor_usage":[45,50,55,55],"damage_taken":[{"damage":0.0,"enemies":"2 Louse","floor":2.0,"turns":2.0},{"damage":8.0,"enemies":"Small Slimes","floor":3.0,"turns":3.0},{"damage":0.0,"enemies":"downfall:FleeingMerchant","floor":4.0,"turns":4.0},{"damage":4.0,"enemies":"Cultist","floor":5.0,"turns":4.0},{"damage":8.0,"enemies":"Lagavulin","floor":6.0,"turns":6.0},{"damage":17.0,"enemies":"3 Sentries","floor":8.0,"turns":6.0},{"damage":25.0,"enemies":"downfall:LadyInBlue","floor":9.0,"turns":11.0},{"damage":2.0,"enemies":"Red Slaver","floor":10.0,"turns":5.0},{"damage":0.0,"enemies":"Lots of Slimes","floor":11.0,"turns":2.0},{"damage":9.0,"enemies":"3 Sentries","floor":12.0,"turns":6.0},{"damage":4.0,"enemies":"Large Slime","floor":14.0,"turns":6.0},{"damage":13.0,"enemies":"3 Louse","floor":15.0,"turns":3.0},{"damage":0.0,"enemies":"downfall:Defect","floor":16.0,"turns":4.0},{"damage":10.0,"enemies":"Shell Parasite","floor":19.0,"turns":4.0},{"damage":1.0,"enemies":"Chosen","floor":20.0,"turns":6.0},{"damage":0.0,"enemies":"downfall:FleeingMerchant","floor":21.0,"turns":4.0},{"damage":5.0,"enemies":"Snake Plant","floor":22.0,"turns":3.0},{"damage":63.0,"enemies":"Book of Stabbing","floor":25.0,"turns":8.0},{"damage":14.0,"enemies":"Sentry and Sphere","floor":26.0,"turns":4.0},{"damage":7.0,"enemies":"downfall:FleeingMerchant","floor":27.0,"turns":4.0},{"damage":3.0,"enemies":"Snecko","floor":28.0,"turns":5.0},{"damage":23.0,"enemies":"Chosen and Byrds","floor":29.0,"turns":7.0},{"damage":6.0,"enemies":"Slavers","floor":31.0,"turns":6.0},{"damage":5.0,"enemies":"Shelled Parasite and Fungi","floor":32.0,"turns":6.0},{"damage":8.0,"enemies":"downfall:Watcher","floor":33.0,"turns":8.0},{"damage":4.0,"enemies":"3 Darklings","floor":36.0,"turns":5.0},{"damage":4.0,"enemies":"3 Shapes","floor":37.0,"turns":2.0},{"damage":3.0,"enemies":"Sphere and 2 Shapes","floor":39.0,"turns":5.0},{"damage":18.0,"enemies":"3 Darklings","floor":40.0,"turns":7.0},{"damage":2.0,"enemies":"Transient","floor":42.0,"turns":5.0},{"damage":4.0,"enemies":"4 Shapes","floor":44.0,"turns":6.0},{"damage":7,"enemies":"downfall:FleeingMerchant","floor":45,"turns":4},{"damage":0,"enemies":"3 Darklings","floor":46,"turns":5},{"damage":0,"enemies":"Maw","floor":47,"turns":5},{"damage":32,"enemies":"Reptomancer","floor":48,"turns":6},{"damage":0,"enemies":"Writhing Mass","floor":49,"turns":2},{"damage":0,"enemies":"downfall:Ironclad","floor":50,"turns":4},{"damage":1,"enemies":"downfall:CharBossMerchant","floor":52,"turns":7},{"damage":51,"enemies":"downfall:NeowBoss","floor":55,"turns":34}],"seed_played":"3371621708848969110","potions_obtained":[{"floor":3.0,"key":"AttackPotion"},{"floor":5.0,"key":"GamblersBrew"},{"floor":8.0,"key":"SkillPotion"},{"floor":9.0,"key":"Guardian:BlockOnCardUsePotion"},{"floor":9.0,"key":"Fire Potion"},{"floor":12.0,"key":"GamblersBrew"},{"floor":14.0,"key":"LiquidBronze"},{"floor":16.0,"key":"FearPotion"},{"floor":19.0,"key":"Ancient Potion"},{"floor":22.0,"key":"Dexterity Potion"},{"floor":26.0,"key":"FearPotion"},{"floor":27.0,"key":"sneckomod:MuddlingPotion"},{"floor":28.0,"key":"LiquidBronze"},{"floor":29.0,"key":"Ancient Potion"},{"floor":32.0,"key":"Strength Potion"},{"floor":42.0,"key":"Dexterity Potion"},{"floor":45,"key":"PowerPotion"},{"floor":46,"key":"SpeedPotion"}],"is_trial":false,"path_per_floor":["R","M","M","$","M","E","T","?","?","M","M","E","R","M","M","B",null,"R","M","M","$","M","?","T","E","M","$","M","M","?","E","M","B",null,"R","M","M","?","M","M","T","M","R","M","$","M","M","E","M","B",null,"E","$","R","B",null],"character_chosen":"THE_SNECKO","items_purchased":["sneckomod:CheapStock","DollysMirror","OrangePellets","Anchor","sneckomod:UnknownUncommonPower","Energy Potion","Medical Kit","Toy Ornithopter","sneckomod:CheapStock"],"campfire_rested":1,"item_purchase_floors":[4,21,27,45,45,53,53,53,53],"current_hp_per_floor":[91,92,84,84,81,73,73,56,31,30,31,22,50,47,34,34,96,96,86,85,87,83,83,83,21,8,13,23,16,16,29,36,41,59,59,56,60,60,57,46,46,44,71,67,61,62,63,51,52,75,75,75,75,75,71],"gold":26,"neow_bonus":"THREE_CARDS","is_daily":false,"chose_seed":false,"campfire_upgraded":4,"win_rate":0.0,"timestamp":1609041415,"path_taken":["R","M","M","$","M","E","T","?","?","?","M","E","R","M","M","BOSS","R","M","M","$","M","?","T","E","M","$","M","?","?","E","M","BOSS","R","M","M","?","M","M","T","M","R","M","$","M","M","E","M","BOSS","E","$","R","BOSS"],"items_purchased_type":["Card","Relic","Relic","Relic","Card","Potion","Relic","Relic","Card"],"build_version":"2020-12-18","purchased_purges":2,"victory":true,"max_hp_per_floor":[91,92,92,92,93,93,93,93,93,94,95,95,95,96,96,96,96,96,96,96,98,99,99,99,100,101,101,102,102,51,58,58,59,59,59,60,60,60,60,61,61,61,71,71,72,73,74,74,75,75,75,76,76,76,76],"card_choices":[{"not_picked":["sneckomod:UnknownBlock","sneckomod:Unknown1Cost"],"picked":"sneckomod:UnknownVulnerable","floor":0.0},{"not_picked":["sneckomod:UnknownCommonSkill","sneckomod:UnknownVulnerable"],"picked":"sneckomod:UnknownBlock","floor":2.0},{"not_picked":["sneckomod:DiceBlock","sneckomod:UnknownVulnerable","sneckomod:UnknownCommonAttack"],"picked":"SKIP","floor":3.0},{"not_picked":["sneckomod:DangerNoodle","sneckomod:SnekBeam"],"picked":"sneckomod:QuickBite","floor":4.0},{"not_picked":["sneckomod:RainOfDice","sneckomod:IronFang"],"picked":"sneckomod:UnknownUncommonPower","floor":5.0},{"not_picked":["sneckomod:DiceCrush","sneckomod:UnknownStrike"],"picked":"sneckomod:TrashToTreasure","floor":6.0},{"not_picked":["sneckomod:UnknownStrike","sneckomod:UnknownUncommonSkill"],"picked":"sneckomod:ImprovisedGuard","floor":8.0},{"not_picked":["sneckomod:QuickBite","sneckomod:PureSnecko","sneckomod:UnknownStrike"],"picked":"sneckomod:Rotation","floor":9.0},{"not_picked":["sneckomod:SoulRoll","sneckomod:UnknownBlock","sneckomod:UnknownWeak"],"picked":"sneckomod:UnknownColorless","floor":10.0},{"not_picked":["sneckomod:UnknownBlock","sneckomod:ImprovisedAttack","sneckomod:SoulDraw"],"picked":"sneckomod:UnknownClassHEXA_GHOST_PURPLE","floor":11.0},{"not_picked":["sneckomod:SoulDraw","sneckomod:QuickBite","sneckomod:IronFang"],"picked":"sneckomod:Nope","floor":12.0},{"not_picked":["sneckomod:SoulRoll","sneckomod:UnknownStrike","sneckomod:UnknownVulnerable"],"picked":"sneckomod:UnknownClassGREEN","floor":14.0},{"not_picked":["sneckomod:SoulRoll","sneckomod:Rotation","sneckomod:UnknownStrike"],"picked":"sneckomod:Restock","floor":15.0},{"not_picked":["sneckomod:Mudshield","sneckomod:GlitteringGambit","sneckomod:Restock"],"picked":"sneckomod:Transmogrify","floor":16.0},{"not_picked":["sneckomod:WideSting+1","sneckomod:DiceBoulder","sneckomod:QuickBite+1"],"picked":"sneckomod:QuickMove+1","floor":19.0},{"not_picked":["sneckomod:UnknownStrength","sneckomod:MasterEye","sneckomod:UnknownX"],"picked":"sneckomod:CheapStock+1","floor":20.0},{"not_picked":["sneckomod:DefensiveFlair+1","sneckomod:UnknownUncommonSkill+1","sneckomod:RainOfDice"],"picked":"sneckomod:UnknownRarePower","floor":21.0},{"not_picked":["sneckomod:UnknownCommonAttack","sneckomod:UnknownClassPURPLE","sneckomod:QuickBite"],"picked":"sneckomod:UnknownClassTHE_CHAMP_GRAY+1","floor":22.0},{"not_picked":["sneckomod:PureSnecko+1","sneckomod:UnknownUncommonAttack","sneckomod:UnknownCommonSkill"],"picked":"sneckomod:UnknownClassGUARDIAN","floor":25.0},{"not_picked":["sneckomod:UnknownVulnerable","sneckomod:WideSting","sneckomod:Nope"],"picked":"sneckomod:UnknownWeak","floor":26.0},{"not_picked":["sneckomod:SoulDraw","sneckomod:QuickMove","sneckomod:QuickBite+1","sneckomod:UnknownEthereal"],"picked":"SKIP","floor":27.0},{"not_picked":["sneckomod:UnknownClassRED","sneckomod:RainOfDice","sneckomod:UnknownClassPURPLE"],"picked":"sneckomod:Unknown1Cost+1","floor":28.0},{"not_picked":["sneckomod:UnknownCommonAttack","sneckomod:DefensiveFlair","sneckomod:DiceCrush"],"picked":"sneckomod:ImprovisedGuard+1","floor":29.0},{"not_picked":["sneckomod:TrashToTreasure","sneckomod:DiceCrush","sneckomod:UnknownCommonSkill"],"picked":"sneckomod:Mudshield","floor":31.0},{"not_picked":["sneckomod:DiceBlock","sneckomod:DiceCrush","sneckomod:SlitherStrike","sneckomod:IronFang"],"picked":"SKIP","floor":32.0},{"not_picked":["sneckomod:DangerNoodle","sneckomod:Restock","sneckomod:GlitteringGambit"],"picked":"sneckomod:Unknown3Cost","floor":33.0},{"not_picked":["sneckomod:DiceBlock+1","sneckomod:QuickMove","sneckomod:Nope"],"picked":"sneckomod:UnknownClassPURPLE+1","floor":36.0},{"not_picked":["sneckomod:ImprovisedGuard+1","sneckomod:RainOfDice","sneckomod:UnknownBlock","sneckomod:QuickBite+1"],"picked":"SKIP","floor":37.0},{"not_picked":["sneckomod:Unknown1Cost","sneckomod:SnekBeam+1","sneckomod:UnknownBlock"],"picked":"sneckomod:SoulDraw","floor":39.0},{"not_picked":["sneckomod:ImprovisedGuard","sneckomod:ImprovisedAttack","sneckomod:WideSting+1","sneckomod:UnknownWeak+1"],"picked":"SKIP","floor":39.0},{"not_picked":["sneckomod:SoulCleanse+1","sneckomod:IronFang+1","sneckomod:QuickBite+1"],"picked":"sneckomod:UnknownStrength","floor":40.0},{"not_picked":["sneckomod:SoulDraw","sneckomod:Nope","sneckomod:QuickBite+1","sneckomod:DangerNoodle"],"picked":"SKIP","floor":42.0},{"not_picked":["sneckomod:Unknown1Cost","sneckomod:RainOfDice+1","sneckomod:SoulDraw","sneckomod:DiceBlock"],"picked":"SKIP","floor":44.0},{"not_picked":["sneckomod:SoulRoll","sneckomod:QuickBite","sneckomod:SnekBeam","sneckomod:RainOfDice+1"],"picked":"SKIP","floor":45},{"not_picked":["sneckomod:QuickBite","sneckomod:UnknownCommonSkill","sneckomod:Unknown1Cost+1"],"picked":"sneckomod:UnknownWeak","floor":46},{"not_picked":["sneckomod:Nope+1","sneckomod:Rotation","sneckomod:UnknownClassGREEN"],"picked":"sneckomod:Unknown2Cost+1","floor":47},{"not_picked":["sneckomod:UnknownUncommonPower+1","sneckomod:RainOfDice+1","sneckomod:UnknownUncommonSkill+1","sneckomod:UnknownClassSLIMEBOUND"],"picked":"SKIP","floor":48},{"not_picked":["sneckomod:UnknownCommonSkill+1","sneckomod:UnknownWeak","sneckomod:MixItUp"],"picked":"sneckomod:UnknownX+1","floor":49},{"not_picked":["sneckomod:GlitteringGambit","sneckomod:UnknownCommonAttack","sneckomod:IronFang+1"],"picked":"sneckomod:UnknownRareAttack","floor":52}],"player_experience":844196,"relics_obtained":[{"floor":6.0,"key":"Ornamental Fan"},{"floor":7.0,"key":"Letter Opener"},{"floor":8.0,"key":"Question Card"},{"floor":9.0,"key":"White Beast Statue"},{"floor":12.0,"key":"Matryoshka"},{"floor":19.0,"key":"Eternal Feather"},{"floor":20.0,"key":"White Beast Statue"},{"floor":21.0,"key":"SacredBark"},{"floor":22.0,"key":"Ornamental Fan"},{"floor":24.0,"key":"The Courier"},{"floor":25.0,"key":"White Beast Statue"},{"floor":25.0,"key":"InkBottle"},{"floor":26.0,"key":"Meat on the Bone"},{"floor":27.0,"key":"TheAbacus"},{"floor":28.0,"key":"SacredBark"},{"floor":29.0,"key":"TheAbacus"},{"floor":31.0,"key":"Snecko Eye"},{"floor":31.0,"key":"Strawberry"},{"floor":32.0,"key":"The Courier"},{"floor":33.0,"key":"Eternal Feather"},{"floor":36.0,"key":"Black Star"},{"floor":37.0,"key":"Kunai"},{"floor":39.0,"key":"Eternal Feather"},{"floor":40.0,"key":"OrangePellets"},{"floor":44.0,"key":"Pantograph"},{"floor":45,"key":"Mummified Hand"},{"floor":46,"key":"OrangePellets"},{"floor":47,"key":"Mummified Hand"},{"floor":48,"key":"Vajra"},{"floor":48,"key":"Omamori"},{"floor":48,"key":"StrikeDummy"},{"floor":49,"key":"sneckomod:ConfusingCodex"},{"floor":52,"key":"Du-Vu Doll"},{"floor":52,"key":"Incense Burner"},{"floor":52,"key":"Bottled Flame"}],"event_choices":[{"damage_healed":0.0,"max_hp_gain":0.0,"max_hp_loss":51.0,"gold_gain":0.0,"event_name":"Ghosts","player_choice":"Became a Ghost","floor":30.0,"gold_loss":0.0,"damage_taken":0.0,"cards_obtained":["Ghostly","Ghostly","Ghostly","Ghostly","Ghostly"]}],"is_beta":true,"boss_relics":[{"not_picked":["SlaversCollar","Busted Crown"],"picked":"SacredBark"},{"not_picked":["Fusion Hammer","Pandora\u0027s Box"],"picked":"Black Star"}],"items_purged_floors":[21,45],"is_endless":false,"potions_floor_spawned":[3,5,8,10,11,12,14,15,16,19,20,21,26,27,28,29,32,33,36,37,40,42,44,45,46,47,49],"ascension_level":2}}