{"host":"51b3tsslnntndamg","time":1609062108,"event":{"mods":["BaseMod","BetterRewards","Colored Map","Colored Powertips","Downfall","Hermit","Highlight Path","Hubris","Infinite Spire","Jorbs\u0027s Wanderer Trilogy","Key Reminder","Lobotomy","Minty Spire (QoL Compilation)","Quick Restart","READ ME - Guardian Mod","Rare Cards Sparkle","Replay The Spire","Shop Mod","StSLib","SuperFastMode","The Animator","The Cursed","The Hierophant","The Jungle","The Poker Player","The Runesmith","The Servant 0.9.4"],"gold_per_floor":[99,109,124,144,51,69,69,69,54,67,67,67,67,67,85,182,182,182,198,216,235,235,235,261,281,306,306,317,79,79,64,83,180,180,180,194,204,218,218,218,294,294,294,313,313,327,337,369,388,388,388,388],"floor_reached":50,"playtime":4157,"items_purged":["champ:Strike"],"score":488,"play_id":"ded5ecd5-ffe3-484b-a705-201b48ea21ce","local_time":"20201227014148","is_ascension_mode":false,"campfire_choices":[{"data":"champ:Taunt","floor":1,"key":"SMITH"},{"floor":11,"key":"REST"},{"data":"champ:Riposte","floor":18,"key":"SMITH"},{"data":"champ:Improvising","floor":30,"key":"SMITH"},{"data":"champ:HoldFirm","floor":35,"key":"SMITH"},{"data":"champ:Circumvent","floor":40,"key":"SMITH"},{"data":"champ:VampiricStrike","floor":42,"key":"SMITH"},{"data":"champ:Circumvent","floor":45,"key":"SMITH"}],"circlet_count":0,"master_deck":["champ:Defend","champ:Defend","champ:Defend","champ:Defend","champ:Execute","champ:Taunt+1","champ:TornadoPunch","champ:SkillfulDodge","champ:ShieldThrow","champ:ShieldWall","champ:Riposte+1","champ:FlashCut+1","champ:IronFortress","champ:DefensiveStyle","champ:VampiricStrike+1","champ:StanceDance+1","champ:DefensiveStyle","champ:Improvising+1","champ:SkillfulDodge+1","champ:HoldFirm+1","champ:IronFortress+1","champ:Circumvent+1","champ:Circumvent+1","champ:VampiricStrike+1","champ:RapidStrikes","champ:FalseCounter","champ:StanceDance+1"],"relics":["champ:ChampionCrown","infinitespire:Eraser","downfall:ShatteredFragment","hubris:Towel","Blue Doll","Sozu","downfall:KnowingSkull","Whetstone","Replay:PocketPolymizer","keyreminder:keyreminder","SlaversCollar","Shuriken","hubris:SphereOfDissonance"],"acts_visited":["Exordium","TheCity","TheBeyond"],"potions_floor_usage":[16,16,16,33,33],"damage_taken":[{"damage":3,"enemies":"2 Louse","floor":2,"turns":4},{"damage":5,"enemies":"Small Slimes","floor":3,"turns":4},{"damage":5,"enemies":"Jaw Worm","floor":4,"turns":4},{"damage":0,"enemies":"downfall:FleeingMerchant","floor":5,"turns":4},{"damage":12,"enemies":"Red Slaver","floor":6,"turns":4},{"damage":5,"enemies":"downfall:FleeingMerchant","floor":9,"turns":4},{"damage":8,"enemies":"Blue Slaver","floor":10,"turns":3},{"damage":31,"enemies":"Gremlin Gang","floor":15,"turns":6},{"damage":22,"enemies":"downfall:Silent","floor":16,"turns":8},{"damage":10,"enemies":"Shell Parasite","floor":19,"turns":5},{"damage":4,"enemies":"Spheric Guardian","floor":20,"turns":4},{"damage":23,"enemies":"3 Cultists","floor":21,"turns":6},{"damage":6,"enemies":"Snecko","floor":25,"turns":5},{"damage":22,"enemies":"Replay:Snechameleon","floor":26,"turns":8},{"damage":15,"enemies":"Shelled Parasite and Fungi","floor":28,"turns":6},{"damage":6,"enemies":"downfall:FleeingMerchant","floor":29,"turns":4},{"damage":11,"enemies":"downfall:FleeingMerchant","floor":31,"turns":4},{"damage":21,"enemies":"Centurion and Healer","floor":32,"turns":9},{"damage":25,"enemies":"downfall:Ironclad","floor":33,"turns":7},{"damage":15,"enemies":"3 Darklings","floor":36,"turns":9},{"damage":15,"enemies":"Orb Walker","floor":37,"turns":3},{"damage":24,"enemies":"Sphere and 2 Shapes","floor":38,"turns":4},{"damage":4,"enemies":"Writhing Mass","floor":44,"turns":6},{"damage":11,"enemies":"Jaw Worm Horde","floor":46,"turns":5},{"damage":20,"enemies":"Maw","floor":47,"turns":8},{"damage":15,"enemies":"Nightmare","floor":48,"turns":9},{"damage":68,"enemies":"Transient","floor":49,"turns":5},{"damage":38,"enemies":"downfall:Defect","floor":50,"turns":8}],"seed_played":"4776589460791595697","potions_obtained":[{"floor":2,"key":"champ:TechniquePotion"},{"floor":10,"key":"infinitespire:BlackPotion"},{"floor":14,"key":"EntropicBrew"}],"is_trial":false,"path_per_floor":["R","M","M","M","$","M","T","?","$","M","R","?","T","?","M","B",null,"R","M","M","M","?","?","T","M","E","T","M","$","R","$","M","B",null,"R","M","M","M","?","R","T","R","?","M","R","M","M","NM","M","B"],"character_chosen":"THE_CHAMP","items_purchased":["champ:ShieldWall","champ:Improvising"],"campfire_rested":1,"item_purchase_floors":[5,29],"current_hp_per_floor":[99,96,91,86,86,74,74,47,42,34,63,63,63,63,37,15,99,99,89,91,68,68,59,59,63,60,60,45,39,39,28,17,6,99,99,89,84,72,72,72,72,72,72,89,89,78,83,90,22,0,0,0],"gold":388,"neow_bonus":"TEN_PERCENT_HP_BONUS","is_daily":false,"chose_seed":false,"campfire_upgraded":7,"win_rate":0.0,"timestamp":1609062108,"path_taken":["R","M","M","M","$","M","T","?","$","M","R","?","?","?","M","BOSS","R","M","M","M","?","?","T","?","E","?","M","$","R","$","M","BOSS","R","M","M","M","?","R","T","R","?","M","R","M","M","NM","M","BOSS"],"items_purchased_type":["Card","Card"],"build_version":"2020-12-22","purchased_purges":1,"victory":false,"max_hp_per_floor":[99,99,99,99,99,99,99,99,99,99,99,99,99,99,99,99,99,99,99,99,99,99,99,99,99,99,99,99,99,99,99,99,99,99,99,99,99,99,99,99,99,99,99,99,99,99,99,99,99,99,99,99],"card_choices":[{"not_picked":["champ:PerfectedStrike","champ:Haymaker"],"picked":"champ:TornadoPunch","floor":2},{"not_picked":["champ:AdrenalArmor","champ:StanceDance"],"picked":"champ:SkillfulDodge","floor":3},{"not_picked":["champ:FocusedBerserking","champ:GutPunch","champ:Shatter"],"picked":"SKIP","floor":4},{"not_picked":["champ:Lariat","champ:CrookedStrike"],"picked":"champ:ShieldThrow","floor":5},{"not_picked":["champ:BringItOn","champ:CrookedStrike"],"picked":"champ:Riposte","floor":6},{"not_picked":["champ:Duel","champ:HeartStrike"],"picked":"champ:FlashCut","floor":9},{"not_picked":["champ:Backstep","champ:ArenaPreparation"],"picked":"champ:IronFortress","floor":10},{"not_picked":["champ:Haymaker","champ:BringItOn"],"picked":"champ:DefensiveStyle","floor":15},{"not_picked":["champ:SteelEdge","champ:DancingMaster"],"picked":"champ:VampiricStrike","floor":16},{"not_picked":["champ:BringItOn","champ:EnragedBash"],"picked":"champ:StanceDance+1","floor":19},{"not_picked":["champ:EndlessRage+1","champ:ViciousMockery"],"picked":"champ:DefensiveStyle","floor":20},{"not_picked":["champ:CrookedStrike","champ:FocusedGladiator","champ:Backstep"],"picked":"SKIP","floor":21},{"not_picked":["champ:Backstep","champ:PerfectedStrike","champ:PreciseThrust+1"],"picked":"SKIP","floor":25},{"not_picked":["champ:CrookedStrike","champ:StanceDance","champ:FalseCounter"],"picked":"SKIP","floor":26},{"not_picked":["champ:DefensiveStyle","champ:FocusedBerserking","champ:FalseCounter"],"picked":"SKIP","floor":28},{"not_picked":["champ:AdrenalArmor","champ:CrookedStrike","champ:ArenaPreparation+1"],"picked":"SKIP","floor":29},{"not_picked":["champ:GladiatorsShout","champ:PerfectedStrike+1"],"picked":"champ:SkillfulDodge+1","floor":31},{"not_picked":["champ:StanceDance","champ:FanOfKnives","champ:RapidStrikes+1"],"picked":"SKIP","floor":32},{"not_picked":["champ:SteelEdge","champ:StrikeOfGenius"],"picked":"champ:HoldFirm","floor":33},{"not_picked":["champ:PreciseThrust","champ:BladeFlurry+1","champ:BringItOn+1"],"picked":"SKIP","floor":36},{"not_picked":["champ:DefensiveShout+1","champ:EnGarde"],"picked":"champ:IronFortress+1","floor":37},{"not_picked":["champ:GladiatorsShout+1","champ:GutPunch+1","champ:EndlessRage"],"picked":"SKIP","floor":38},{"not_picked":["champ:Circumvent+1","champ:EndlessRage+1","champ:Duel"],"picked":"SKIP","floor":44},{"not_picked":["champ:BladeFlurry","champ:ShieldThrow"],"picked":"champ:FalseCounter","floor":46},{"not_picked":["champ:GladiatorsShout","champ:EnGarde+1"],"picked":"champ:StanceDance+1","floor":47},{"not_picked":["champ:FlashCut","champ:AdrenalArmor+1","champ:PerfectedStrike+1"],"picked":"SKIP","floor":48},{"not_picked":["champ:ViciousMockery","champ:EnGarde","champ:BladeFlurry+1"],"picked":"SKIP","floor":49}],"player_experience":830850,"relics_obtained":[{"floor":7,"key":"infinitespire:Eraser"},{"floor":13,"key":"Blue Doll"},{"floor":24,"key":"Whetstone"},{"floor":26,"key":"Replay:PocketPolymizer"},{"floor":41,"key":"Shuriken"},{"floor":48,"key":"hubris:SphereOfDissonance"}],"event_choices":[{"damage_healed":0,"gold_gain":0,"player_choice":"Got Potions","damage_taken":0,"max_hp_gain":0,"max_hp_loss":0,"event_name":"Lab","floor":14,"gold_loss":0}],"is_beta":false,"boss_relics":[{"not_picked":["hubris:TerracottaHorce","Replay:Wanted Poster"],"picked":"Sozu"},{"not_picked":["infinitespire:Cupcake","hubris:CrackedHourglass"],"picked":"SlaversCollar"}],"items_purged_floors":[29],"is_endless":false,"potions_floor_spawned":[2,10,15,20,21,25,28,36,46],"killed_by":"downfall:Defect","ascension_level":0}}