{"host":"ec09novo68szpe7d","time":1609100376,"event":{"mods":["AchievementEnabler","BaseMod","Bestiary","Minty Spire (QoL Compilation)","StSLib"],"gold_per_floor":[114,124,143,161,161,193,193,226,226,226,255,273,273,287,287,287,287],"floor_reached":16,"playtime":968,"items_purged":[],"score":153,"play_id":"35ff6cb3-0924-450f-bc7c-ad3966da74b8","local_time":"20201227211936","is_ascension_mode":true,"campfire_choices":[{"floor":10.0,"key":"REST"},{"floor":13.0,"key":"REST"},{"data":"Armaments","floor":15,"key":"SMITH"}],"circlet_count":0,"master_deck":["Strike_R","Strike_R","Defend_R","Defend_R","Defend_R","Defend_R","Bash","Armaments+1","Pommel Strike","Shrug It Off","Corruption","Metallicize","True Grit","Battle Trance","Impervious"],"relics":["Empty Cage","Gremlin Horn","PreservedInsect","Peace Pipe","Frozen Egg 2","Tiny Chest"],"acts_visited":["Exordium"],"potions_floor_usage":[16],"damage_taken":[{"damage":1.0,"enemies":"Jaw Worm","floor":1.0,"turns":5.0},{"damage":4.0,"enemies":"2 Louse","floor":2.0,"turns":3.0},{"damage":1.0,"enemies":"Cultist","floor":3.0,"turns":3.0},{"damage":2.0,"enemies":"Looter","floor":4.0,"turns":4.0},{"damage":24.0,"enemies":"Gremlin Nob","floor":6.0,"turns":4.0},{"damage":17.0,"enemies":"3 Sentries","floor":8.0,"turns":9.0},{"damage":19.0,"enemies":"Gremlin Nob","floor":11.0,"turns":5.0},{"damage":8.0,"enemies":"Blue Slaver","floor":12.0,"turns":6.0},{"damage":3,"enemies":"3 Louse","floor":14,"turns":5},{"damage":32,"enemies":"Slime Boss","floor":16,"turns":10}],"seed_played":"1286251865400632105","potions_obtained":[{"floor":2.0,"key":"Strength Potion"},{"floor":3.0,"key":"LiquidBronze"},{"floor":4.0,"key":"Dexterity Potion"},{"floor":12.0,"key":"LiquidMemories"}],"is_trial":false,"path_per_floor":["M","M","M","M","?","E","?","E","T","R","E","M","R","M","R","B"],"character_chosen":"IRONCLAD","items_purchased":[],"campfire_rested":2,"item_purchase_floors":[],"current_hp_per_floor":[79,75,74,72,54,30,30,13,13,37,18,10,34,31,31,0,0],"gold":287,"neow_bonus":"BOSS_RELIC","is_daily":false,"chose_seed":false,"campfire_upgraded":1,"win_rate":0.0,"timestamp":1609100376,"path_taken":["M","M","M","M","?","E","?","E","T","R","E","?","R","M","R","BOSS"],"items_purchased_type":[],"build_version":"2020-12-22","purchased_purges":0,"victory":false,"max_hp_per_floor":[80,80,80,80,80,80,80,80,80,80,80,80,80,80,80,80,80],"card_choices":[{"not_picked":["Sword Boomerang","Searing Blow","Bloodletting"],"picked":"SKIP","floor":1.0},{"not_picked":["Twin Strike","Anger"],"picked":"Armaments","floor":2.0},{"not_picked":["Anger","Sword Boomerang"],"picked":"Pommel Strike","floor":3.0},{"not_picked":["Perfected Strike","Intimidate"],"picked":"Shrug It Off","floor":4.0},{"not_picked":["Body Slam","Anger"],"picked":"Corruption","floor":6.0},{"not_picked":["Warcry","Clash"],"picked":"True Grit","floor":8.0},{"not_picked":["Seeing Red","Sword Boomerang","Anger"],"picked":"SKIP","floor":11.0},{"not_picked":["Infernal Blade","Shrug It Off"],"picked":"Battle Trance","floor":12.0},{"not_picked":["Anger","Cleave"],"picked":"Impervious","floor":14}],"player_experience":217785,"relics_obtained":[{"floor":6.0,"key":"PreservedInsect"},{"floor":8.0,"key":"Peace Pipe"},{"floor":9.0,"key":"Frozen Egg 2"},{"floor":11.0,"key":"Tiny Chest"}],"event_choices":[{"damage_healed":0.0,"max_hp_gain":0.0,"max_hp_loss":0.0,"gold_gain":0.0,"event_name":"Scrap Ooze","player_choice":"Success","floor":5.0,"gold_loss":0.0,"damage_taken":18.0,"relics_obtained":["Gremlin Horn"]},{"damage_healed":0.0,"max_hp_gain":0.0,"max_hp_loss":0.0,"gold_gain":0.0,"cards_transformed":["Strike_R"],"event_name":"Transmorgrifier","player_choice":"Transformed","floor":7.0,"gold_loss":0.0,"damage_taken":0.0,"cards_obtained":["Metallicize"]}],"is_beta":false,"boss_relics":[],"items_purged_floors":[],"is_endless":false,"potions_floor_spawned":[2,3,4,12],"killed_by":"Slime Boss","ascension_level":5}}