{"host":"raai0vtvcfkt8csp","time":1609044022,"event":{"mods":["2.2 Compatiblity","AchievementEnabler","BaseMod","Block Reminder","DeckTracker","Defective Defect","GifTheSpireLib","Minty Spire (QoL Compilation)","Quick Restart","Random Character Button","Rare Cards Sparkle","StSLib","Unceasing Turn Reminder"],"gold_per_floor":[119,182,197,48,48,77,177,212,212,230,244,271,350,363,363,466,466,486,486,506,33,44,44],"floor_reached":22,"playtime":734,"items_purged":[],"score":243,"play_id":"f74ce3d3-6549-46fd-bfd1-c0c8deb5084c","local_time":"20201227054022","is_ascension_mode":true,"campfire_choices":[{"floor":15,"key":"REST"}],"circlet_count":0,"master_deck":["Strike_R","Strike_R","Strike_R","Strike_R","Strike_R","Defend_R","Defend_R","Defend_R","Defend_R","Bash","Clash","Anger","Cleave","Spot Weakness","Power Through","Inflame","Entrench","Clash+1","Demon Form","Headbutt+1","Feel No Pain","Infernal Blade","Flash of Steel+1"],"relics":["Burning Blood","NeowsBlessing","Tiny Chest","HornCleat","Red Skull","Molten Egg 2","Question Card","Black Star","Pantograph"],"acts_visited":["Exordium","TheCity"],"potions_floor_usage":[16,22,22],"damage_taken":[{"damage":0,"enemies":"Small Slimes","floor":1,"turns":1},{"damage":0,"enemies":"Cultist","floor":3,"turns":1},{"damage":0,"enemies":"3 Sentries","floor":6,"turns":1},{"damage":44,"enemies":"Lagavulin","floor":8,"turns":7},{"damage":9,"enemies":"2 Louse","floor":10,"turns":2},{"damage":0,"enemies":"Large Slime","floor":11,"turns":5},{"damage":14,"enemies":"Gremlin Nob","floor":12,"turns":4},{"damage":10,"enemies":"Exordium Thugs","floor":14,"turns":3},{"damage":22,"enemies":"Slime Boss","floor":16,"turns":6},{"damage":33,"enemies":"Chosen","floor":18,"turns":7},{"damage":6,"enemies":"Spheric Guardian","floor":20,"turns":4},{"damage":25,"enemies":"Centurion and Healer","floor":22,"turns":8}],"seed_played":"-7694566659835198236","potions_obtained":[{"floor":3,"key":"FearPotion"},{"floor":8,"key":"ColorlessPotion"},{"floor":11,"key":"Swift Potion"},{"floor":14,"key":"FairyPotion"},{"floor":16,"key":"DistilledChaos"}],"is_trial":false,"path_per_floor":["M","?","M","$","?","E","?","E","T","M","M","E","T","M","R","B",null,"M","?","M","$","M"],"character_chosen":"IRONCLAD","items_purchased":["Tiny Chest","Feel No Pain","Infernal Blade","Pantograph","Flash of Steel+1"],"campfire_rested":1,"item_purchase_floors":[4,21,21,21,21],"current_hp_per_floor":[80,80,80,80,85,85,85,47,47,44,50,42,42,38,63,47,85,58,58,58,58,39,39],"gold":44,"neow_bonus":"THREE_ENEMY_KILL","is_daily":false,"chose_seed":false,"campfire_upgraded":0,"win_rate":0.0,"timestamp":1609044022,"path_taken":["M","?","M","$","?","E","?","E","T","?","M","E","?","M","R","BOSS","M","?","M","?","M"],"items_purchased_type":["Relic","Card","Card","Relic","Card"],"build_version":"2020-12-22","purchased_purges":0,"victory":false,"max_hp_per_floor":[80,80,80,80,85,85,85,85,85,85,85,85,85,85,85,85,85,85,85,85,85,85,85],"card_choices":[{"not_picked":["Flex","Warcry"],"picked":"Clash","floor":1},{"not_picked":["Warcry","Perfected Strike"],"picked":"Anger","floor":3},{"not_picked":["Iron Wave","Havoc"],"picked":"Cleave","floor":6},{"not_picked":["Feed","Disarm"],"picked":"Spot Weakness","floor":8},{"not_picked":["Intimidate","Shrug It Off"],"picked":"Power Through","floor":10},{"not_picked":["Anger","Twin Strike"],"picked":"Inflame","floor":11},{"not_picked":["Metallicize","Second Wind"],"picked":"Entrench","floor":12},{"not_picked":["Sever Soul+1","Wild Strike+1","Cleave+1"],"picked":"Clash+1","floor":14},{"not_picked":["Brutality","Reaper+1","Exhume"],"picked":"Demon Form","floor":16},{"not_picked":["Pommel Strike+1","Burning Pact","Body Slam+1"],"picked":"Headbutt+1","floor":18},{"not_picked":["Body Slam+1","Rage+1","Second Wind","Wild Strike+1"],"picked":"SKIP","floor":20}],"player_experience":465913,"relics_obtained":[{"floor":6,"key":"HornCleat"},{"floor":8,"key":"Red Skull"},{"floor":12,"key":"Molten Egg 2"},{"floor":13,"key":"Question Card"}],"event_choices":[{"damage_healed":0,"gold_gain":63,"player_choice":"Gained Gold","damage_taken":0,"max_hp_gain":0,"max_hp_loss":0,"event_name":"Golden Wing","floor":2,"gold_loss":0},{"damage_healed":0,"gold_gain":0,"player_choice":"Donut","damage_taken":0,"max_hp_gain":5,"max_hp_loss":0,"event_name":"Big Fish","floor":5,"gold_loss":0},{"damage_healed":0,"gold_gain":100,"player_choice":"Pray","damage_taken":0,"max_hp_gain":0,"max_hp_loss":0,"event_name":"Golden Shrine","floor":7,"gold_loss":0},{"damage_healed":0,"gold_gain":0,"player_choice":"Ignored","damage_taken":0,"max_hp_gain":0,"max_hp_loss":0,"event_name":"Beggar","floor":19,"gold_loss":0}],"is_beta":false,"boss_relics":[{"not_picked":["SlaversCollar","Snecko Eye"],"picked":"Black Star"}],"items_purged_floors":[],"is_endless":false,"potions_floor_spawned":[3,8,11,14,16,20],"killed_by":"Centurion and Healer","ascension_level":1}}