{"host":"cfluht5kr2kfk9p9","time":1609061449,"event":{"mods":["ATMod(阿瑾Mod)","Act Like it!","Arknights The Spire","BaseMod","Gensokyo","GungeonMod","Hallownest","Highlight Path","Minty Spire (QoL Compilation)","Quick Restart","Rare Cards Sparkle","Relic Stats","RumiaBox-露米娅的神秘盒子","Spicy Shops","StSLib","TestMod","The Alterego","【功能Mod】混沌之环修复补丁"],"gold_per_floor":[114,133,533,463,474,474,97,129,129,144,196,229,242,277,277,378,378,397,75,87,87,104,130,229,229,254,254,254,179,214,14,14,112,112,124,143,193,208,208,238,238,256,256,276,310,328,328,348,348,348,348,348,105,135,135],"floor_reached":56,"playtime":4337,"items_purged":["ats:Strike C","ats:Strike S","ats:Armor Crushing Shot","ats:Strike V","ats:Defend"],"score":1515,"play_id":"26e09496-ac39-4743-a5b6-0a917240fead","local_time":"20201227173049","is_ascension_mode":false,"campfire_choices":[{"data":"ats:Ignite","floor":6.0,"key":"SMITH"},{"data":"ats:Roar Of Ursus","floor":15.0,"key":"SMITH"},{"data":"ats:Volcano","floor":25.0,"key":"SMITH"},{"data":"ats:Thorns","floor":27.0,"key":"SMITH"},{"data":"ats:Emotion Absorption","floor":32.0,"key":"SMITH"},{"data":"ats:Thorns","floor":41.0,"key":"SMITH"},{"floor":49.0,"key":"RECALL"},{"data":"ats:Thermite Blade","floor":52,"key":"SMITH"}],"circlet_count":0,"master_deck":["ats:Defend+1","ats:Defend","ats:Emotion Absorption+1","AT_DarkMatter+1","ats:Ignite+1","ats:Charging Defense","ats:Thermite Blade+1","ats:Thorns+1","ats:Roar Of Ursus+1","ats:Volcano+1","ats:Guardian Obelisk","ats:Soul Absorption","ats:Rat Pack","ats:Burning Ground+1","ats:Thorns+1","ats:Flame Of Heaven","ats:Flame Of Heaven+1"],"relics":["ats:Sanity","testmod-TestBox","testmod-CyclicPeriapt","NeowsBlessing","ats:MaxSp3","DemoMod:WhiteGuonStone","ats:Originium","PreservedInsect","Smiling Mask","ats:Originium","Orichalcum","ats:Originium","Happy Flower","ats:Tactical Delivery","ats:Assault","testmod-IndustrialRevolution","ats:Originium","DemoMod:PinkGuonStone","DemoMod:ClearGuonStone","ats:Originium","GodSword3","Bag of Preparation","SoulBox","DemoMod:ResourcefulSack","Bag of Marbles","DemoMod:Bottle","Regal Pillow","Membership Card","MagicDraw3"],"acts_visited":["Exordium","TheCity","TheBeyond","TheEnding"],"potions_floor_usage":[55,55,55],"damage_taken":[{"damage":0.0,"enemies":"Gensokyo:Gryphon","floor":1.0,"turns":1.0},{"damage":0.0,"enemies":"Gensokyo:3_Fairies","floor":2.0,"turns":2.0},{"damage":0.0,"enemies":"Gensokyo:2_Kodama","floor":5.0,"turns":1.0},{"damage":5.0,"enemies":"Gensokyo:Mamizou","floor":8.0,"turns":8.0},{"damage":0.0,"enemies":"Gensokyo:Gryphon_and_Rabbit","floor":10.0,"turns":5.0},{"damage":0.0,"enemies":"Gensokyo:Cirno","floor":12.0,"turns":8.0},{"damage":0.0,"enemies":"Gensokyo:2_Rabbits","floor":13.0,"turns":3.0},{"damage":1.0,"enemies":"Gensokyo:Mamizou","floor":14.0,"turns":7.0},{"damage":0.0,"enemies":"Gensokyo:Reimu","floor":16.0,"turns":17.0},{"damage":9.0,"enemies":"Spheric Guardian","floor":18.0,"turns":4.0},{"damage":4.0,"enemies":"3 Byrds","floor":20.0,"turns":4.0},{"damage":5.0,"enemies":"Centurion and Healer","floor":22.0,"turns":10.0},{"damage":36.0,"enemies":"Slavers","floor":23.0,"turns":5.0},{"damage":0.0,"enemies":"Book of Stabbing","floor":30.0,"turns":5.0},{"damage":0.0,"enemies":"Collector","floor":33.0,"turns":9.0},{"damage":0.0,"enemies":"3 Shapes","floor":35.0,"turns":3.0},{"damage":0.0,"enemies":"3 Darklings","floor":36.0,"turns":4.0},{"damage":0.0,"enemies":"Mind Bloom Boss Battle","floor":37.0,"turns":6.0},{"damage":0.0,"enemies":"Transient","floor":38.0,"turns":5.0},{"damage":0.0,"enemies":"Reptomancer","floor":40.0,"turns":4.0},{"damage":0.0,"enemies":"4 Shapes","floor":42.0,"turns":3.0},{"damage":0.0,"enemies":"3 Darklings","floor":44.0,"turns":3.0},{"damage":0.0,"enemies":"Nemesis","floor":45.0,"turns":3.0},{"damage":0.0,"enemies":"Spire Growth","floor":46.0,"turns":4.0},{"damage":0.0,"enemies":"Writhing Mass","floor":48.0,"turns":2.0},{"damage":2,"enemies":"Donu and Deca","floor":50,"turns":5},{"damage":0,"enemies":"Shield and Spear","floor":54,"turns":3},{"damage":10,"enemies":"The Heart","floor":55,"turns":4}],"seed_played":"-1550989228774120801","potions_obtained":[{"floor":10.0,"key":"AttackPotion"},{"floor":16.0,"key":"BlessingOfTheForge"},{"floor":35.0,"key":"SkillPotion"},{"floor":42.0,"key":"Strength Potion"},{"floor":44.0,"key":"ats:Top Emergency Sanity Potion"},{"floor":48.0,"key":"Fire Potion"}],"is_trial":false,"path_per_floor":["M","M","?","?","M","R","$","E","T","M","T","E","M","E","R","B",null,"M","$","M","?","M","E","?","R","T","R","?","?","E","$","R","B",null,"M","M","?","M","?","E","R","M","T","M","E","M","?","M","R","B",null,"R","$","E","B",null],"character_chosen":"DOCTOR_CLASS","items_purchased":["ats:MaxSp3","DemoMod:WhiteGuonStone","ats:Assault","testmod-IndustrialRevolution","Bag of Preparation","Membership Card","AttackPotion"],"campfire_rested":0,"item_purchase_floors":[7,7,19,19,31,53,53],"current_hp_per_floor":[72,72,72,72,72,72,72,67,67,67,67,67,67,66,66,66,72,63,63,59,59,54,25,25,25,25,25,25,25,25,25,25,25,79,79,79,79,79,79,79,79,79,79,79,79,79,79,79,79,77,79,79,79,79,71],"gold":135,"neow_bonus":"THREE_ENEMY_KILL","is_daily":false,"chose_seed":false,"campfire_upgraded":7,"win_rate":0.0,"timestamp":1609061449,"path_taken":["M","?","?","?","M","R","$","E","T","M","?","E","?","E","R","BOSS","M","$","M","?","M","E","?","R","T","R","?","?","E","?","R","BOSS","M","M","?","M","?","E","R","M","T","M","E","M","?","?","R","BOSS","R","$","E","BOSS"],"items_purchased_type":["Relic","Relic","Relic","Relic","Relic","Relic","Potion"],"build_version":"2020-12-22","purchased_purges":5,"victory":true,"max_hp_per_floor":[72,72,72,72,72,72,72,72,72,72,72,72,72,72,72,72,72,72,72,72,72,72,79,79,79,79,79,79,79,79,79,79,79,79,79,79,79,79,79,79,79,79,79,79,79,79,79,79,79,79,79,79,79,79,79],"relic_stats":{"Regal Pillow":0,"Happy Flower":[34],"counters":[28,132],"PreservedInsect":285,"Bag of Preparation":[32],"Orichalcum":[42],"Smiling Mask":263,"obtain_stats":[{"Regal Pillow":45,"AT_ATBox":0,"DemoMod:GlassGuonStoneRelic":5,"SoulBox":34,"Bag of Preparation":31,"DemoMod:WhiteGuonStone":7,"Smiling Mask":11,"MagicDraw3":54,"ats:Sanity":0,"DemoMod:ClearGuonStone":26,"testmod-TestBox":0,"NeowsBlessing":0,"Happy Flower":14,"ats:Assault":19,"testmod-CyclicPeriapt":0,"PreservedInsect":8,"DemoMod:PinkGuonStone":23,"Orichalcum":12,"testmod-IndustrialRevolution":19,"ats:Originium":8,"ats:MaxSp3":7,"ats:Tactical Delivery":17,"Bag of Marbles":40,"DemoMod:ResourcefulSack":37,"Membership Card":53,"GodSword3":30,"DemoMod:Bottle":43},{"Regal Pillow":23,"AT_ATBox":0,"DemoMod:GlassGuonStoneRelic":3,"SoulBox":15,"Bag of Preparation":14,"DemoMod:WhiteGuonStone":3,"Smiling Mask":5,"MagicDraw3":27,"ats:Sanity":0,"DemoMod:ClearGuonStone":13,"testmod-TestBox":0,"NeowsBlessing":0,"Happy Flower":8,"ats:Assault":10,"testmod-CyclicPeriapt":0,"PreservedInsect":4,"DemoMod:PinkGuonStone":13,"Orichalcum":6,"testmod-IndustrialRevolution":10,"ats:Originium":4,"ats:MaxSp3":3,"ats:Tactical Delivery":9,"Bag of Marbles":20,"DemoMod:ResourcefulSack":18,"Membership Card":26,"GodSword3":14,"DemoMod:Bottle":21},{"Regal Pillow":115,"AT_ATBox":0,"DemoMod:GlassGuonStoneRelic":4,"SoulBox":88,"Bag of Preparation":79,"DemoMod:WhiteGuonStone":4,"Smiling Mask":17,"MagicDraw3":128,"ats:Sanity":0,"DemoMod:ClearGuonStone":75,"testmod-TestBox":0,"NeowsBlessing":0,"Happy Flower":35,"ats:Assault":56,"testmod-CyclicPeriapt":0,"PreservedInsect":12,"DemoMod:PinkGuonStone":75,"Orichalcum":25,"testmod-IndustrialRevolution":56,"ats:Originium":12,"ats:MaxSp3":4,"ats:Tactical Delivery":52,"Bag of Marbles":108,"DemoMod:ResourcefulSack":99,"Membership Card":125,"GodSword3":79,"DemoMod:Bottle":110}]},"card_choices":[{"not_picked":["ats:Consecutive Shot Auto","ats:LN2 Cannon"],"picked":"ats:Ignite","floor":1.0},{"not_picked":["ats:Consecutive Shot Auto","ats:Demon Strength"],"picked":"ats:Charging Defense","floor":2.0},{"not_picked":["ats:Curse Doll","ats:Apocalypse"],"picked":"ats:Thermite Blade","floor":5.0},{"not_picked":["ats:Powerful Strike","ats:Soul Absorption"],"picked":"ats:Thorns","floor":8.0},{"not_picked":["ats:Consecutive Shot Auto","ats:Assault Order","ats:Soul Absorption"],"picked":"SKIP","floor":10.0},{"not_picked":["ats:Thermite Blade","ats:Explosion Area Strengthen"],"picked":"ats:Roar Of Ursus","floor":12.0},{"not_picked":["ats:Assault Order","ats:Apocalypse","ats:Ignite"],"picked":"SKIP","floor":13.0},{"not_picked":["ats:Revitalization","ats:Support Order"],"picked":"ats:Spore Proliferation","floor":14.0},{"not_picked":["ats:Durian","ats:Rat Pack"],"picked":"ats:Volcano","floor":16.0},{"not_picked":["ats:Poison Spread","ats:Shadow Raid"],"picked":"ats:Guardian Obelisk","floor":18.0},{"not_picked":["ats:Dogmatic Field","ats:Cat Scratch"],"picked":"ats:Soul Absorption","floor":20.0},{"not_picked":["ats:Encircling Forest","ats:Support Order","ats:Assault Order"],"picked":"SKIP","floor":22.0},{"not_picked":["ats:Sword Rain","ats:Dogmatic Field","ats:Rapid Magazine"],"picked":"SKIP","floor":23.0},{"not_picked":["ats:Powerful Strike","ats:Curse Doll","ats:Flexible Camouflage+1"],"picked":"SKIP","floor":30.0},{"not_picked":["ats:True Silver Slash","ats:Soul Rend"],"picked":"ats:Rat Pack","floor":33.0},{"not_picked":["ats:Revitalization+1","ats:Childhood Dance"],"picked":"ats:Burning Ground","floor":35.0},{"not_picked":["ats:Curse Doll","ats:Consecutive Shot Auto"],"picked":"ats:Thorns","floor":36.0},{"not_picked":["ats:Explosion Area Strengthen","ats:Song Of Battle","ats:Childhood Dance"],"picked":"SKIP","floor":38.0},{"not_picked":["ats:Part Time Job+1","ats:Counter Healing Mode+1","ats:Thorns"],"picked":"SKIP","floor":40.0},{"not_picked":["ats:Leaping Hammer+1","ats:Beaten Up+1"],"picked":"ats:Flame Of Heaven","floor":42.0},{"not_picked":["ats:Apocalypse+1","ats:Directed Diagnosis"],"picked":"ats:Flame Of Heaven+1","floor":44.0},{"not_picked":["ats:Sword Rain","ats:Curse Doll","ats:Explosion Area Strengthen+1"],"picked":"SKIP","floor":45.0},{"not_picked":["ats:Childhood Dance+1","ats:Part Time Job+1","ats:Beaten Up+1"],"picked":"SKIP","floor":46.0},{"not_picked":["ats:Song Of Battle","ats:Red Shift+1","ats:Childhood Dance+1"],"picked":"SKIP","floor":48.0},{"not_picked":["ats:Ambush","ats:Revitalization+1","ats:Poison Spread"],"picked":"SKIP","floor":54}],"player_experience":41390,"relics_obtained":[{"floor":8.0,"key":"ats:Originium"},{"floor":8.0,"key":"PreservedInsect"},{"floor":11.0,"key":"Smiling Mask"},{"floor":12.0,"key":"ats:Originium"},{"floor":12.0,"key":"Orichalcum"},{"floor":14.0,"key":"ats:Originium"},{"floor":14.0,"key":"Happy Flower"},{"floor":23.0,"key":"ats:Originium"},{"floor":23.0,"key":"DemoMod:PinkGuonStone"},{"floor":26.0,"key":"DemoMod:ClearGuonStone"},{"floor":30.0,"key":"ats:Originium"},{"floor":30.0,"key":"GodSword3"},{"floor":37.0,"key":"DemoMod:ResourcefulSack"},{"floor":40.0,"key":"Bag of Marbles"},{"floor":43.0,"key":"DemoMod:Bottle"},{"floor":45.0,"key":"Regal Pillow"},{"floor":54,"key":"MagicDraw3"}],"event_choices":[{"damage_healed":0.0,"max_hp_gain":0.0,"max_hp_loss":0.0,"gold_gain":400.0,"event_name":"恩洛斯的盘子","player_choice":"Sell","floor":3.0,"relics_lost":["AT_ATBox"],"gold_loss":0.0,"damage_taken":0.0},{"damage_healed":0.0,"max_hp_gain":0.0,"max_hp_loss":0.0,"gold_gain":0.0,"event_name":"Ghosts","player_choice":"Ignored","floor":21.0,"gold_loss":0.0,"damage_taken":0.0},{"damage_healed":0.0,"max_hp_gain":0.0,"max_hp_loss":0.0,"gold_gain":99.0,"event_name":"Nest","player_choice":"Stole From Cult","floor":24.0,"gold_loss":0.0,"damage_taken":0.0},{"cards_removed":["ats:Strike G"],"damage_healed":0.0,"max_hp_gain":0.0,"max_hp_loss":0.0,"gold_gain":0.0,"event_name":"Back to Basics","player_choice":"Elegance","floor":28.0,"gold_loss":0.0,"damage_taken":0.0},{"cards_removed":["ats:Defend"],"damage_healed":0.0,"max_hp_gain":0.0,"max_hp_loss":0.0,"gold_gain":0.0,"event_name":"Beggar","player_choice":"Gave Gold","floor":29.0,"gold_loss":75.0,"damage_taken":0.0},{"damage_healed":0.0,"max_hp_gain":0.0,"max_hp_loss":0.0,"gold_gain":0.0,"event_name":"MindBloom","player_choice":"Fight","floor":37.0,"gold_loss":0.0,"damage_taken":0.0},{"cards_removed":["ats:Spore Proliferation"],"damage_healed":0.0,"max_hp_gain":0.0,"max_hp_loss":0.0,"gold_gain":0.0,"event_name":"Falling","player_choice":"Removed Skill","floor":39.0,"gold_loss":0.0,"damage_taken":0.0},{"damage_healed":0.0,"max_hp_gain":0.0,"max_hp_loss":0.0,"gold_gain":0.0,"event_name":"Upgrade Shrine","player_choice":"Upgraded","floor":47.0,"gold_loss":0.0,"damage_taken":0.0,"cards_upgraded":["ats:Burning Ground"]}],"is_beta":false,"boss_relics":[{"not_picked":["Coffee Dripper","Tiny House"],"picked":"ats:Tactical Delivery"},{"not_picked":["testmod-CardMagician","Velvet Choker"],"picked":"SoulBox"}],"items_purged_floors":[7,19,19,31,53],"is_endless":false,"potions_floor_spawned":[10,16,22,30,35,42,44,48],"ascension_level":0}}