{"host":"Fun","time":1609087877,"event":{"mods":["BaseMod","Colored Map","Filter the Spire","Minty Spire (QoL Compilation)","Relic Stats","StSLib"],"gold_per_floor":[109,109,109,133,157,190,190,190,264,316,316,348,55,84,84,189,189,214,239,239,239,252,252,278,278,301,348,110,110,144,174,174,282,282,306,329,25,49,49,49,82,82,82,111,111,135,135,150,150,150,150],"floor_reached":50,"playtime":1533,"items_purged":["Strike_R"],"score":979,"play_id":"dbc12c8c-256f-4b7f-a4c7-04bf6f0b8a8a","local_time":"20201227115117","is_ascension_mode":true,"campfire_choices":[{"floor":7,"key":"REST"},{"floor":15,"key":"REST"},{"floor":23,"key":"REST"},{"floor":25,"key":"REST"},{"floor":29,"key":"REST"},{"floor":32,"key":"REST"},{"floor":40,"key":"REST"},{"floor":42,"key":"REST"},{"floor":45,"key":"REST"},{"floor":49,"key":"REST"}],"circlet_count":0,"master_deck":["AscendersBane","Strike_R+1","Strike_R","Strike_R","Defend_R+1","Defend_R+1","Defend_R+1","Defend_R","Bash","Blind","Combust+1","Pommel Strike","Wild Strike","Cleave","Clash","Iron Wave","Carnage","Berserk","Demon Form","Shrug It Off","Armaments","Clothesline","Limit Break","Sword Boomerang+1","Second Wind","True Grit","Battle Trance+1"],"relics":["Burning Blood","WarpedTongs","Golden Idol","Omamori","Sundial","CeramicFish","Singing Bowl","Fusion Hammer","Necronomicon","Orichalcum","War Paint","Smiling Mask","Pear","Medical Kit","Blood Vial","Philosopher\u0027s Stone","Pantograph","HornCleat","Darkstone Periapt","Toxic Egg 2"],"acts_visited":["Exordium","TheCity","TheBeyond"],"potions_floor_usage":[10,16,18,36,44,48,50],"damage_taken":[{"damage":0.0,"enemies":"2 Louse","floor":1.0,"turns":3.0},{"damage":0,"enemies":"Small Slimes","floor":4,"turns":5},{"damage":6,"enemies":"Cultist","floor":5,"turns":5},{"damage":25,"enemies":"3 Sentries","floor":6,"turns":5},{"damage":12,"enemies":"Gremlin Nob","floor":10,"turns":3},{"damage":6,"enemies":"Looter","floor":12,"turns":2},{"damage":9,"enemies":"Blue Slaver","floor":14,"turns":4},{"damage":31,"enemies":"Slime Boss","floor":16,"turns":5},{"damage":22,"enemies":"Chosen","floor":18,"turns":6},{"damage":9,"enemies":"Shell Parasite","floor":19,"turns":4},{"damage":4,"enemies":"Chosen and Byrds","floor":22,"turns":4},{"damage":31,"enemies":"Slavers","floor":27,"turns":5},{"damage":3,"enemies":"Gremlin Leader","floor":30,"turns":6},{"damage":20,"enemies":"3 Cultists","floor":31,"turns":4},{"damage":53,"enemies":"Automaton","floor":33,"turns":8},{"damage":16,"enemies":"3 Shapes","floor":35,"turns":3},{"damage":23,"enemies":"3 Darklings","floor":36,"turns":4},{"damage":30,"enemies":"Transient","floor":38,"turns":5},{"damage":51,"enemies":"Reptomancer","floor":41,"turns":7},{"damage":27,"enemies":"4 Shapes","floor":44,"turns":6},{"damage":8,"enemies":"Jaw Worm Horde","floor":46,"turns":3},{"damage":12,"enemies":"Spire Growth","floor":48,"turns":5},{"damage":100,"enemies":"Donu and Deca","floor":50,"turns":6}],"seed_played":"7840561780784502061","potions_obtained":[{"floor":5,"key":"Weak Potion"},{"floor":6,"key":"Strength Potion"},{"floor":10,"key":"Weak Potion"},{"floor":18,"key":"GamblersBrew"},{"floor":27,"key":"FearPotion"},{"floor":38,"key":"SkillPotion"},{"floor":44,"key":"DistilledChaos"}],"is_trial":false,"path_per_floor":["M","?","?","M","M","E","R","?","T","E","?","M","$","M","R","B",null,"M","M","?","?","M","R","T","R","T","E","$","R","E","M","R","B",null,"M","M","$","M","T","R","E","R","T","M","R","M","?","M","R","B"],"character_chosen":"IRONCLAD","items_purchased":["Singing Bowl","Carnage","Medical Kit","Armaments","Pantograph","Second Wind","True Grit"],"campfire_rested":10,"item_purchase_floors":[13,13,28,28,37,37,37],"current_hp_per_floor":[74,67,41,47,47,28,50,27,27,21,21,21,21,18,40,15,60,46,45,24,24,28,52,52,76,76,61,61,88,93,79,93,46,81,73,60,60,40,40,69,28,57,57,38,67,69,69,67,96,0,0],"gold":150,"neow_bonus":"RANDOM_COLORLESS","is_daily":false,"chose_seed":false,"campfire_upgraded":0,"win_rate":0.0,"timestamp":1609087877,"path_taken":["M","?","?","M","M","E","R","?","T","E","?","M","$","M","R","BOSS","M","M","?","?","M","R","?","R","T","E","$","R","E","M","R","BOSS","M","M","$","M","?","R","E","R","T","M","R","?","?","M","R","BOSS"],"items_purchased_type":["Relic","Card","Relic","Card","Relic","Card","Card"],"build_version":"2020-12-18","purchased_purges":1,"victory":false,"max_hp_per_floor":[75,75,75,75,75,75,75,75,75,75,75,75,75,75,75,75,75,77,79,79,79,81,81,81,81,81,91,91,91,93,93,93,93,93,93,95,95,97,97,97,99,99,99,99,99,101,96,98,98,98,98],"relic_stats":{"Darkstone Periapt":0,"Singing Bowl":18,"counters":[23,108],"Golden Idol":138,"CeramicFish":117,"Orichalcum":[72],"War Paint":["Defend_R","Defend_R"],"Smiling Mask":25,"Medical Kit":[5],"Burning Blood":132,"WarpedTongs":[108],"Blood Vial":14,"Sundial":[10],"Pantograph":2,"Necronomicon":[29],"obtain_stats":[{"Darkstone Periapt":41,"Pear":27,"Singing Bowl":13,"Golden Idol":3,"CeramicFish":10,"Omamori":6,"Orichalcum":21,"War Paint":24,"Smiling Mask":26,"Medical Kit":28,"Burning Blood":0,"WarpedTongs":0,"Blood Vial":30,"HornCleat":39,"Sundial":9,"Pantograph":37,"Philosopher\u0027s Stone":34,"Fusion Hammer":17,"Necronomicon":20,"Toxic Egg 2":43},{"Darkstone Periapt":19,"Pear":12,"Singing Bowl":6,"Golden Idol":1,"CeramicFish":5,"Omamori":4,"Orichalcum":10,"War Paint":11,"Smiling Mask":11,"Medical Kit":12,"Burning Blood":0,"WarpedTongs":0,"Blood Vial":13,"HornCleat":18,"Sundial":4,"Pantograph":17,"Philosopher\u0027s Stone":15,"Fusion Hammer":8,"Necronomicon":10,"Toxic Egg 2":19},{"Darkstone Periapt":88,"Pear":51,"Singing Bowl":23,"Golden Idol":3,"CeramicFish":21,"Omamori":18,"Orichalcum":42,"War Paint":46,"Smiling Mask":46,"Medical Kit":51,"Burning Blood":0,"WarpedTongs":0,"Blood Vial":57,"HornCleat":81,"Sundial":18,"Pantograph":76,"Philosopher\u0027s Stone":69,"Fusion Hammer":32,"Necronomicon":42,"Toxic Egg 2":88}]},"card_choices":[{"not_picked":["Purity","Enlightenment"],"picked":"Blind","floor":0.0},{"not_picked":["Sever Soul","Ghostly Armor"],"picked":"Combust","floor":1.0},{"not_picked":["Cleave","Body Slam"],"picked":"Pommel Strike","floor":4},{"not_picked":["Hemokinesis","Armaments"],"picked":"Wild Strike","floor":5},{"not_picked":["Flex","Burning Pact"],"picked":"Cleave","floor":6},{"not_picked":["Perfected Strike","Dark Embrace"],"picked":"Clash","floor":10},{"not_picked":["Anger","Heavy Blade"],"picked":"Iron Wave","floor":12},{"not_picked":["Pommel Strike","Power Through"],"picked":"Berserk","floor":14},{"not_picked":["Bludgeon","Offering"],"picked":"Demon Form","floor":16},{"not_picked":["Dropkick+1","Clash","Cleave"],"picked":"Singing Bowl","floor":18},{"not_picked":["Thunderclap+1","Warcry+1","Havoc+1"],"picked":"Singing Bowl","floor":19},{"not_picked":["Bloodletting","Anger","Twin Strike"],"picked":"Singing Bowl","floor":22},{"not_picked":["Clash","Perfected Strike"],"picked":"Shrug It Off","floor":27},{"not_picked":["Entrench","Clash+1","Seeing Red"],"picked":"Singing Bowl","floor":30},{"not_picked":["Armaments","Pommel Strike"],"picked":"Clothesline","floor":31},{"not_picked":["Exhume","Feed"],"picked":"Limit Break","floor":33},{"not_picked":["Searing Blow","Sentinel+1"],"picked":"Sword Boomerang+1","floor":35},{"not_picked":["Entrench","Fire Breathing","Clothesline"],"picked":"Singing Bowl","floor":36},{"not_picked":["Perfected Strike","Body Slam","Clash"],"picked":"Singing Bowl","floor":38},{"not_picked":["Inflame","Battle Trance","Thunderclap+1"],"picked":"Singing Bowl","floor":41},{"not_picked":["Reckless Charge","Thunderclap"],"picked":"Battle Trance+1","floor":44},{"not_picked":["Hemokinesis","Pommel Strike","Combust"],"picked":"Singing Bowl","floor":46},{"not_picked":["Intimidate+1","Infernal Blade+1","Exhume+1"],"picked":"Singing Bowl","floor":48}],"player_experience":127309,"relics_obtained":[{"floor":6,"key":"Omamori"},{"floor":9,"key":"Sundial"},{"floor":10,"key":"CeramicFish"},{"floor":20,"key":"Necronomicon"},{"floor":24,"key":"War Paint"},{"floor":26,"key":"Smiling Mask"},{"floor":27,"key":"Pear"},{"floor":30,"key":"Blood Vial"},{"floor":39,"key":"HornCleat"},{"floor":41,"key":"Darkstone Periapt"},{"floor":43,"key":"Toxic Egg 2"}],"event_choices":[{"cards_removed":["Strike_R"],"damage_healed":0.0,"max_hp_gain":0.0,"max_hp_loss":0.0,"gold_gain":0.0,"event_name":"Golden Wing","player_choice":"Card Removal","floor":2.0,"gold_loss":0.0,"damage_taken":7.0},{"damage_healed":0.0,"max_hp_gain":0.0,"max_hp_loss":0.0,"gold_gain":0.0,"event_name":"Golden Idol","player_choice":"Take Damage","floor":3.0,"gold_loss":0.0,"damage_taken":26.0,"relics_obtained":["Golden Idol"]},{"damage_healed":0,"gold_gain":0,"player_choice":"Entered Light","damage_taken":23,"max_hp_gain":0,"max_hp_loss":0,"event_name":"Shining Light","floor":8,"gold_loss":0,"cards_upgraded":["Strike_R","Defend_R"]},{"damage_healed":0,"gold_gain":0,"player_choice":"Upgraded","damage_taken":0,"max_hp_gain":0,"max_hp_loss":0,"event_name":"Upgrade Shrine","floor":11,"gold_loss":0,"cards_upgraded":["Combust"]},{"damage_healed":0,"gold_gain":0,"player_choice":"Obtained Book","damage_taken":21,"max_hp_gain":0,"max_hp_loss":0,"event_name":"Cursed Tome","floor":20,"gold_loss":0},{"damage_healed":0,"gold_gain":0,"player_choice":"Opened","damage_taken":0,"relics_obtained":["Orichalcum"],"max_hp_gain":0,"max_hp_loss":0,"event_name":"The Mausoleum","floor":21,"gold_loss":0,"cards_obtained":["Writhe"]},{"damage_healed":0,"gold_gain":0,"player_choice":"Max HP","damage_taken":0,"max_hp_gain":0,"max_hp_loss":5,"event_name":"Winding Halls","floor":47,"gold_loss":0}],"is_beta":true,"boss_relics":[{"not_picked":["Runic Cube","Pandora\u0027s Box"],"picked":"Fusion Hammer"},{"not_picked":["Runic Pyramid","Black Blood"],"picked":"Philosopher\u0027s Stone"}],"items_purged_floors":[28],"is_endless":false,"potions_floor_spawned":[5,6,10,12,18,27,30,33,35,38,44],"killed_by":"Donu and Deca","ascension_level":15}}