{"host":"szp1d6dso4pv7ddl","time":1609043004,"event":{"mods":["AchievementEnabler","Alarm Clock","BaseMod","Bestiary","Block Reminder","Colored Map","Colored Powertips","Curses Come First","Displayed Cursed Tome","Highlight Path","Minty Spire (QoL Compilation)","Permanent Neow","Quick Restart","Relic Sorter","Relic Stats","StSLib","Synergy Search"],"gold_per_floor":[10,27,42,54,64,64,75,75,156,156,168,203,203,65,65,149,149,168,187,206,82,101,101,118,118,118],"floor_reached":25,"playtime":1646,"items_purged":["Defend_G"],"score":345,"play_id":"ad57165c-03b9-4e49-9013-5828ada0dfca","local_time":"20201226202324","is_ascension_mode":true,"campfire_choices":[{"floor":6,"key":"REST"},{"data":"Blade Dance","floor":8,"key":"SMITH"},{"data":"Cloak And Dagger","floor":10,"key":"SMITH"},{"data":"Terror","floor":15,"key":"SMITH"},{"floor":23,"key":"REST"}],"circlet_count":0,"master_deck":["AscendersBane","Strike_G","Strike_G","Strike_G","Strike_G","Defend_G","Defend_G","Defend_G","Survivor","Neutralize","Poisoned Stab","Dagger Throw","Cloak And Dagger+1","Blade Dance+1","Reflex","Terror+1","A Thousand Cuts","Bandage Up","Prepared","Bane"],"relics":["Ring of the Snake","Gremlin Horn","CeramicFish","Philosopher\u0027s Stone"],"acts_visited":["Exordium","TheCity"],"potions_floor_usage":[4,16,16],"damage_taken":[{"damage":0,"enemies":"Cultist","floor":1,"turns":5},{"damage":3,"enemies":"Jaw Worm","floor":2,"turns":5},{"damage":0,"enemies":"2 Louse","floor":3,"turns":4},{"damage":5,"enemies":"Lots of Slimes","floor":4,"turns":4},{"damage":11,"enemies":"3 Louse","floor":5,"turns":5},{"damage":0,"enemies":"Blue Slaver","floor":7,"turns":5},{"damage":5,"enemies":"Large Slime","floor":11,"turns":6},{"damage":22,"enemies":"Lagavulin","floor":12,"turns":6},{"damage":16,"enemies":"Hexaghost","floor":16,"turns":9},{"damage":4,"enemies":"Chosen","floor":18,"turns":3},{"damage":21,"enemies":"Spheric Guardian","floor":19,"turns":4},{"damage":9,"enemies":"Centurion and Healer","floor":20,"turns":6},{"damage":18,"enemies":"3 Cultists","floor":22,"turns":5},{"damage":18,"enemies":"Sentry and Sphere","floor":24,"turns":4},{"damage":28,"enemies":"Snake Plant","floor":25,"turns":4}],"seed_played":"6932718697379261738","potions_obtained":[{"floor":1,"key":"SkillPotion"},{"floor":2,"key":"Dexterity Potion"},{"floor":12,"key":"SkillPotion"},{"floor":18,"key":"Strength Potion"},{"floor":19,"key":"SteroidPotion"}],"is_trial":false,"path_per_floor":["M","M","M","M","M","R","M","R","T","R","M","E","?","$","R","B",null,"M","M","M","$","M","R","M","M"],"character_chosen":"THE_SILENT","items_purchased":["Terror","Bandage Up","Prepared"],"campfire_rested":2,"item_purchase_floors":[14,21,21],"current_hp_per_floor":[63,60,60,55,44,65,65,65,65,65,60,38,43,43,43,27,63,59,38,29,29,15,37,23,0,0],"gold":118,"neow_bonus":"REMOVE_TWO","is_daily":false,"chose_seed":false,"campfire_upgraded":3,"win_rate":0.0,"timestamp":1609043004,"path_taken":["M","M","M","?","M","R","M","R","T","R","?","E","?","?","R","BOSS","M","M","M","$","M","R","M","M"],"items_purchased_type":["Card","Card","Card"],"build_version":"2020-12-22","purchased_purges":1,"victory":false,"max_hp_per_floor":[70,70,70,70,70,70,70,70,70,70,70,70,75,75,75,75,75,75,75,75,75,75,75,75,75,75],"relic_stats":{"Gremlin Horn":[5,5],"counters":[15,75],"CeramicFish":54,"obtain_stats":[{"Gremlin Horn":9,"CeramicFish":12,"Philosopher\u0027s Stone":17,"Ring of the Snake":0},{"Gremlin Horn":6,"CeramicFish":8,"Philosopher\u0027s Stone":9,"Ring of the Snake":0},{"Gremlin Horn":28,"CeramicFish":40,"Philosopher\u0027s Stone":49,"Ring of the Snake":0}],"Ring of the Snake":[30]},"card_choices":[{"not_picked":["Footwork","Calculated Gamble"],"picked":"Poisoned Stab","floor":1},{"not_picked":["Backstab","Dagger Spray","Crippling Poison"],"picked":"SKIP","floor":2},{"not_picked":["Acrobatics","Masterful Stab"],"picked":"Dagger Throw","floor":3},{"not_picked":["Distraction","Well Laid Plans","Sucker Punch"],"picked":"SKIP","floor":4},{"not_picked":["Dodge and Roll","Bouncing Flask"],"picked":"Cloak And Dagger","floor":5},{"not_picked":["Slice","Dodge and Roll"],"picked":"Blade Dance","floor":7},{"not_picked":["Quick Slash","Heel Hook","Slice"],"picked":"SKIP","floor":11},{"not_picked":["Eviscerate","Dodge and Roll"],"picked":"Reflex","floor":12},{"not_picked":["Burst","Adrenaline"],"picked":"A Thousand Cuts","floor":16},{"not_picked":["Slice","Concentrate","Leg Sweep"],"picked":"SKIP","floor":18},{"not_picked":["Quick Slash","PiercingWail","Flechettes"],"picked":"SKIP","floor":19},{"not_picked":["Deflect","Sucker Punch","Dodge and Roll"],"picked":"SKIP","floor":20},{"not_picked":["Dodge and Roll","Masterful Stab"],"picked":"Bane","floor":22},{"not_picked":["PiercingWail","Dagger Spray","Quick Slash"],"picked":"SKIP","floor":24}],"player_experience":1026862,"relics_obtained":[{"floor":9,"key":"Gremlin Horn"},{"floor":12,"key":"CeramicFish"}],"event_choices":[{"damage_healed":0,"gold_gain":0,"player_choice":"Donut","damage_taken":0,"max_hp_gain":5,"max_hp_loss":0,"event_name":"Big Fish","floor":13,"gold_loss":0}],"is_beta":false,"boss_relics":[{"not_picked":["Ring of the Serpent","Black Star"],"picked":"Philosopher\u0027s Stone"}],"items_purged_floors":[14],"is_endless":false,"potions_floor_spawned":[1,2,3,12,18,19],"killed_by":"Snake Plant","ascension_level":13}}