{"host":"uyrebrj0204enqpc","time":1609032855,"event":{"mods":["Act Like it!","Bard","BaseMod","Block Reminder","Challenge The Spire","Colored Map","Colored Powertips","DeckTracker","Downfall","GifTheSpireLib","HexUI Lib","Highlight Path","Hubris","Minty Spire (QoL Compilation)","Pale of the Ancients","Quick Restart","Random Character Button","Relic Sorter","Relic Stats","Replay The Spire","Shop Mod","StSLib","The Blue Laboratory","The Bug Knight","The Cursed","The Marked","Wandering Minibosses"],"gold_per_floor":[111,124,124,144,154,154,185,239,262,262,262],"floor_reached":10,"playtime":571,"items_purged":[],"score":82,"play_id":"f51f21fc-92bc-4403-956b-b2e0f105003d","local_time":"20201226203415","is_ascension_mode":true,"campfire_choices":[{"data":"TheCursedMod:HellfireBreathing","floor":6,"key":"SMITH"}],"circlet_count":0,"master_deck":["TheCursedMod:Strike_TheCursed","TheCursedMod:Strike_TheCursed","TheCursedMod:Strike_TheCursed","TheCursedMod:Strike_TheCursed+1","TheCursedMod:Defend_TheCursed","TheCursedMod:Defend_TheCursed","TheCursedMod:Defend_TheCursed+1","TheCursedMod:Defend_TheCursed","TheCursedMod:CursedWand+1","TheCursedMod:CleanUpWorkshop","TheCursedMod:Dregs","TheCursedMod:CursedBoomerang","TheCursedMod:HellfireBreathing+1","TheCursedMod:CursedSpellbook"],"relics":["TheCursedMod:BlackMagic101","Omamori","Bag of Marbles","Simple Rune"],"acts_visited":["Exordium"],"potions_floor_usage":[10],"damage_taken":[{"damage":5,"enemies":"2 Louse","floor":1,"turns":4},{"damage":0,"enemies":"Small Slimes","floor":2,"turns":4},{"damage":5,"enemies":"Cultist","floor":4,"turns":8},{"damage":9,"enemies":"Red Slaver","floor":5,"turns":3},{"damage":18,"enemies":"Replay:BlueRogue","floor":7,"turns":6},{"damage":35,"enemies":"HollowMod:MossKnight","floor":10,"turns":10}],"seed_played":"5607037178961964413","potions_obtained":[{"floor":5,"key":"blueLaboratory:SavagePotion"},{"floor":7,"key":"Swift Potion"},{"floor":8,"key":"Fruit Juice"}],"is_trial":false,"path_per_floor":["M","M","?","M","M","R","E","?","T","E"],"character_chosen":"THE_CURSED","items_purchased":[],"campfire_rested":0,"item_purchase_floors":[],"current_hp_per_floor":[70,70,70,65,56,56,38,38,38,8,8],"gold":262,"neow_bonus":"UPGRADE_CARD","is_daily":false,"chose_seed":false,"campfire_upgraded":1,"win_rate":0.0,"timestamp":1609032855,"path_taken":["M","M","?","M","M","R","E","?","T","E"],"items_purchased_type":[],"build_version":"2020-12-22","purchased_purges":0,"victory":false,"max_hp_per_floor":[75,75,75,75,75,75,75,75,75,80,80],"relic_stats":{"counters":[6,34],"obtain_stats":[{"TheCursedMod:BlackMagic101":0,"Simple Rune":9,"Omamori":7,"Bag of Marbles":8},{"TheCursedMod:BlackMagic101":0,"Simple Rune":5,"Omamori":5,"Bag of Marbles":5},{"TheCursedMod:BlackMagic101":0,"Simple Rune":24,"Omamori":24,"Bag of Marbles":24}]},"card_choices":[{"not_picked":["TheCursedMod:CursedMace","TheCursedMod:Stigma","TheCursedMod:RavingStaff"],"picked":"SKIP","floor":1},{"not_picked":["TheCursedMod:AbyssShockwave","TheCursedMod:AshesToAshes"],"picked":"TheCursedMod:CursedBoomerang","floor":2},{"not_picked":["TheCursedMod:Torture","TheCursedMod:ReleasedKnowledge","TheCursedMod:RapidMovement"],"picked":"SKIP","floor":4},{"not_picked":["TheCursedMod:SpitefulStrike","TheCursedMod:CursedMace","TheCursedMod:Stigma"],"picked":"SKIP","floor":5},{"not_picked":["TheCursedMod:CircleOfFlame","TheCursedMod:FuryStrike","TheCursedMod:CursedSpellbook"],"picked":"SKIP","floor":7},{"not_picked":["TheCursedMod:SpitefulStrike","TheCursedMod:SurpriseAttack"],"picked":"TheCursedMod:CursedSpellbook","floor":8}],"player_experience":938286,"relics_obtained":[{"floor":7,"key":"Omamori"},{"floor":8,"key":"Bag of Marbles"},{"floor":9,"key":"Simple Rune"}],"event_choices":[],"is_beta":false,"boss_relics":[],"items_purged_floors":[],"is_endless":false,"potions_floor_spawned":[5,7],"killed_by":"HollowMod:MossKnight","ascension_level":4}}