{"host":"mbjdlts9b6456t85","time":1609096772,"event":{"mods":["2.2 Compatiblity","AchievementEnabler","Aspiration","BaseMod","Better Altar","Better Match","Better Note","Better Sensory Stone","Better Skull","Better Third Choice","BetterRewards","CCEM","Clawfect","Conspire","Downfall","GifTheSpireLib","Googly Eyes","Halation","Highlight Path","Hubris","Minty Spire (QoL Compilation)","Permanent Neow","Replay The Spire","Shop Mod","Spicy Shops","StSLib","Stuff the Spire","Unceasing Turn Reminder","everything is the same but u backflip on backflip"],"gold_per_floor":[99,99,34,45,65,77,77,104,128,53,75,100,100,135,157,161,161,161],"floor_reached":16,"playtime":1463,"items_purged":[],"score":104,"play_id":"d9ae9e94-121c-4ca7-b4cc-4a129fffa2e0","local_time":"20201227141931","is_ascension_mode":false,"campfire_choices":[{"floor":1,"key":"DIG"},{"floor":10,"key":"RECALL"}],"circlet_count":0,"master_deck":["Slimebound:Strike_Slimebound","Slimebound:Strike_Slimebound+1","Slimebound:Tackle","Slimebound:Defend_Slimebound","Slimebound:Defend_Slimebound","Slimebound:Defend_Slimebound","Slimebound:Defend_Slimebound","Slimebound:Split","Slimebound:CorrosiveSpit","Slimebound:DivideAndConquer","Slimebound:AcidTongue","Slimebound:SpikyOuterGoop+1","Slimebound:Schlurp","Slimebound:SplitLeeching","Slimebound:DisruptingSlam","Slimebound:Equalize","Slimebound:SplitBruiser","Regret","Slimebound:MassFeed","Slimebound:Dissolve"],"relics":["Slimebound:AbsorbEndCombat","Blue Doll","Bronze Scales","Nunchaku","Replay:Bandana","downfall:HeartBlessingBlue","Potion Belt","StuffTheSpire:RedRose"],"acts_visited":["Exordium"],"potions_floor_usage":[8,9,14,16],"damage_taken":[{"damage":4,"enemies":"downfall:FleeingMerchant","floor":3,"turns":4},{"damage":7,"enemies":"Jaw Worm","floor":4,"turns":4},{"damage":8,"enemies":"conspire:RoseBush","floor":5,"turns":4},{"damage":8,"enemies":"Cultist","floor":6,"turns":4},{"damage":35,"enemies":"3 Sentries","floor":8,"turns":7},{"damage":11,"enemies":"Exordium Thugs","floor":9,"turns":4},{"damage":17,"enemies":"3 Louse","floor":11,"turns":2},{"damage":15,"enemies":"Exordium Wildlife","floor":14,"turns":3},{"damage":21,"enemies":"Blue Slaver","floor":15,"turns":4},{"damage":9,"enemies":"downfall:Defect","floor":16,"turns":2}],"seed_played":"-4420535113318848510","potions_obtained":[{"floor":4,"key":"FearPotion"},{"floor":5,"key":"PowerPotion"},{"floor":6,"key":"DuplicationPotion"},{"floor":9,"key":"ColorlessPotion"},{"floor":15,"key":"SkillPotion"}],"is_trial":false,"path_per_floor":["R","?","$","M","M","M","T","E","M","R","M","T","?","M","M","B"],"character_chosen":"SLIMEBOUND","items_purchased":["Slimebound:SpikyOuterGoop+1"],"campfire_rested":0,"item_purchase_floors":[3],"current_hp_per_floor":[60,22,26,31,31,35,35,12,17,27,22,22,22,13,6,0,0,0],"gold":161,"neow_bonus":"TRANSFORM_CARD","is_daily":false,"chose_seed":false,"campfire_upgraded":0,"win_rate":0.0,"timestamp":1609096771,"path_taken":["R","?","?","M","?","M","T","E","M","R","M","?","?","?","M","BOSS"],"items_purchased_type":["Card"],"build_version":"2020-12-22","purchased_purges":0,"victory":false,"max_hp_per_floor":[60,60,60,60,60,60,60,60,60,70,70,70,70,70,70,70,70,70],"card_choices":[{"not_picked":["Slimebound:ComboTackle","Slimebound:LivingWall"],"picked":"Slimebound:AcidTongue","floor":3},{"not_picked":["Slimebound:RollThrough","Slimebound:GrowthPunch"],"picked":"Slimebound:Schlurp","floor":4},{"not_picked":["Slimebound:Schlurp","Slimebound:BestDefense"],"picked":"Slimebound:SplitLeeching","floor":5},{"not_picked":["Slimebound:SplitLeeching","Slimebound:ViciousTackle"],"picked":"Slimebound:DisruptingSlam","floor":6},{"not_picked":["Slimebound:ServeAndProtect","Slimebound:Dissolve"],"picked":"Slimebound:Equalize","floor":8},{"not_picked":["Slimebound:DivideAndConquer","Slimebound:Equalize"],"picked":"Slimebound:SplitBruiser","floor":9},{"not_picked":["Slimebound:ViciousTackle","Slimebound:ForwardTackle","Slimebound:SplitLeeching"],"picked":"SKIP","floor":11},{"not_picked":["Slimebound:ComboTackle","Slimebound:Chomp"],"picked":"Slimebound:MassFeed","floor":14},{"not_picked":["Slimebound:GrowthPunch","Slimebound:DisruptingSlam"],"picked":"Slimebound:Dissolve","floor":15}],"player_experience":443790,"relics_obtained":[{"floor":1,"key":"Blue Doll"},{"floor":8,"key":"Replay:Bandana"},{"floor":12,"key":"Potion Belt"}],"event_choices":[{"damage_healed":0,"gold_gain":0,"player_choice":"RE RE UP ","damage_taken":44,"relics_obtained":["Bronze Scales","Nunchaku"],"max_hp_gain":0,"max_hp_loss":0,"event_name":"betterSkull:BetterSkull","floor":2,"gold_loss":0,"cards_upgraded":["Slimebound:Strike_Slimebound"]}],"is_beta":false,"boss_relics":[],"items_purged_floors":[],"is_endless":false,"potions_floor_spawned":[4,5,6,9,15],"killed_by":"downfall:Defect","ascension_level":0}}