{"host":"kw4o7b3ro2ktmmbe","time":1609075116,"event":{"mods":["BaseMod","Evolution","Minty Spire (QoL Compilation)","StSLib","The Blackbeard"],"gold_per_floor":[117,117,134,148,148,148,162,162,186,206,241,241,273,291,291,393,393,405,405,417,516,531,531,582,599,624,637,253,253,308,353,353,482,482,529,574,574,620,700,700,744,808,856,856,920,945,993,176,176,206],"floor_reached":51,"playtime":4093,"items_purged":["blackbeard:BlackbeardStrike"],"score":866,"play_id":"cb362883-fab3-434a-9215-e4db5c60cf64","local_time":"20201228021836","is_ascension_mode":false,"campfire_choices":[{"data":"blackbeard:BoostMorale","floor":6.0,"key":"SMITH"},{"data":"blackbeard:Halberd","floor":8.0,"key":"SMITH"},{"data":"blackbeard:RearmingStrike","floor":12.0,"key":"SMITH"},{"data":"blackbeard:PirateStrength","floor":15.0,"key":"SMITH"},{"data":"blackbeard:MegaUpgrade","floor":23.0,"key":"SMITH"},{"data":"blackbeard:Anchor","floor":29.0,"key":"SMITH"},{"data":"blackbeard:Bandana","floor":32.0,"key":"SMITH"},{"data":"blackbeard:TheDrunkenSailor","floor":40.0,"key":"SMITH"},{"data":"blackbeard:BlackbeardDefend","floor":44.0,"key":"SMITH"},{"data":"blackbeard:IntimidatingStrike","floor":49,"key":"SMITH"}],"circlet_count":0,"master_deck":["blackbeard:BlackbeardStrike","blackbeard:BlackbeardStrike","blackbeard:BlackbeardStrike","blackbeard:IntimidatingStrike+1","blackbeard:BlackbeardDefend+1","blackbeard:BlackbeardDefend+1","blackbeard:BlackbeardDefend+1","blackbeard:RearmingStrike+1","blackbeard:Anchor+1","blackbeard:BoostMorale+1","blackbeard:Halberd+1","blackbeard:PirateStrength+1","blackbeard:MegaUpgrade+1","blackbeard:Provisioning+1","blackbeard:GoldenCannonball+1","blackbeard:Bandana+1","blackbeard:TheDrunkenSailor+1","Mayhem"],"relics":["blackbeard:LoadTheCannons","EVO:Axolotl","Regal Pillow","Happy Flower","Matryoshka","Coffee Dripper","War Paint","Ancient Tea Set","Bronze Scales","Bag of Preparation","MealTicket","Oddly Smooth Stone","Toy Ornithopter","Busted Crown","Torii","Potion Belt","Anchor","Ornamental Fan","blackbeard:GoldenRing","HandDrill","Centennial Puzzle"],"acts_visited":["Exordium","TheCity","TheBeyond"],"potions_floor_usage":[45,47,47,50,50,50,50,50,50,50,50,50,50],"damage_taken":[{"damage":1.0,"enemies":"Jaw Worm","floor":1.0,"turns":3.0},{"damage":0.0,"enemies":"Cultist","floor":3.0,"turns":3.0},{"damage":0.0,"enemies":"2 Louse","floor":4.0,"turns":2.0},{"damage":0.0,"enemies":"2 Fungi Beasts","floor":7.0,"turns":3.0},{"damage":0.0,"enemies":"Exordium Wildlife","floor":10.0,"turns":2.0},{"damage":8.0,"enemies":"Lagavulin","floor":11.0,"turns":6.0},{"damage":0.0,"enemies":"Gremlin Nob","floor":13.0,"turns":2.0},{"damage":5.0,"enemies":"Exordium Thugs","floor":14.0,"turns":4.0},{"damage":21.0,"enemies":"Slime Boss","floor":16.0,"turns":6.0},{"damage":5.0,"enemies":"2 Thieves","floor":18.0,"turns":4.0},{"damage":0.0,"enemies":"Chosen","floor":20.0,"turns":3.0},{"damage":7.0,"enemies":"3 Cultists","floor":22.0,"turns":4.0},{"damage":18.0,"enemies":"Cultist and Chosen","floor":25.0,"turns":6.0},{"damage":3.0,"enemies":"Shelled Parasite and Fungi","floor":27.0,"turns":4.0},{"damage":0.0,"enemies":"Slavers","floor":30.0,"turns":3.0},{"damage":0.0,"enemies":"Chosen and Byrds","floor":31.0,"turns":3.0},{"damage":9.0,"enemies":"Collector","floor":33.0,"turns":5.0},{"damage":0.0,"enemies":"Orb Walker","floor":35.0,"turns":2.0},{"damage":0.0,"enemies":"3 Shapes","floor":36.0,"turns":4.0},{"damage":11.0,"enemies":"Transient","floor":38.0,"turns":5.0},{"damage":24.0,"enemies":"Mind Bloom Boss Battle","floor":39.0,"turns":3.0},{"damage":0.0,"enemies":"3 Darklings","floor":41.0,"turns":3.0},{"damage":36.0,"enemies":"Nemesis","floor":42.0,"turns":5.0},{"damage":13,"enemies":"Giant Head","floor":45,"turns":4},{"damage":0,"enemies":"Spire Growth","floor":46,"turns":3},{"damage":0,"enemies":"Transient","floor":47,"turns":5},{"damage":16,"enemies":"Awakened One","floor":50,"turns":7}],"seed_played":"1826271976860822352","potions_obtained":[{"floor":3.0,"key":"BlessingOfTheForge"},{"floor":10.0,"key":"SteroidPotion"},{"floor":14.0,"key":"Swift Potion"},{"floor":31.0,"key":"Regen Potion"},{"floor":35.0,"key":"LiquidBronze"}],"is_trial":false,"path_per_floor":["M","?","M","M","?","R","M","R","T","M","E","R","E","M","R","B",null,"M","?","M","?","M","R","T","M","T","M","$","R","E","M","R","B",null,"M","M","?","M","?","R","M","E","T","R","E","M","M","$","R","B",null],"character_chosen":"BLACKBEARD_CLASS","items_purchased":["MealTicket","Oddly Smooth Stone","blackbeard:Bandana","blackbeard:GoldenRing","HandDrill","Centennial Puzzle","Mayhem"],"campfire_rested":0,"item_purchase_floors":[28,28,28,48,48,48,48],"current_hp_per_floor":[81,81,81,81,81,81,81,81,81,81,73,73,73,68,68,47,82,77,77,77,77,70,70,70,52,52,49,49,49,49,49,49,74,82,82,82,82,80,58,58,58,53,53,53,45,45,55,70,70,82],"gold":206,"neow_bonus":"TEN_PERCENT_HP_BONUS","is_daily":false,"chose_seed":false,"campfire_upgraded":10,"win_rate":0.0,"timestamp":1609075116,"path_taken":["M","?","?","M","?","R","M","R","T","M","E","R","E","M","R","BOSS","M","?","M","?","?","R","?","?","T","M","$","R","E","M","R","BOSS","M","?","?","M","?","R","M","E","T","R","E","M","M","?","R","BOSS"],"items_purchased_type":["Relic","Relic","Card","Relic","Relic","Relic","Card"],"build_version":"2020-12-22","purchased_purges":1,"victory":true,"max_hp_per_floor":[82,82,82,82,82,82,82,82,82,82,82,82,82,82,82,82,82,82,82,82,82,82,82,82,82,82,82,82,82,82,82,82,82,82,82,82,82,82,82,82,82,82,82,82,82,82,82,82,82,82],"card_choices":[{"not_picked":["blackbeard:Boarding","blackbeard:PiratesWill"],"picked":"blackbeard:RearmingStrike","floor":1.0},{"not_picked":["blackbeard:PiratesWill","blackbeard:Fencing"],"picked":"blackbeard:Anchor","floor":3.0},{"not_picked":["blackbeard:TacticalRetreat","blackbeard:Upgrade","blackbeard:DangerousBlow"],"picked":"SKIP","floor":4.0},{"not_picked":["blackbeard:GoldenDefense","blackbeard:WoodenLeg"],"picked":"blackbeard:Halberd","floor":7.0},{"not_picked":["blackbeard:CloakAndCannonball","blackbeard:FieryDefense","blackbeard:RearmingStrike"],"picked":"SKIP","floor":10.0},{"not_picked":["blackbeard:WiseDefense","blackbeard:ArmorUp","blackbeard:DoubleCannonball"],"picked":"SKIP","floor":11.0},{"not_picked":["blackbeard:SwordDance","blackbeard:Spear"],"picked":"blackbeard:PirateStrength","floor":13.0},{"not_picked":["blackbeard:FieryDefense","blackbeard:GoldenStrike","blackbeard:PowderKeg"],"picked":"SKIP","floor":14.0},{"not_picked":["blackbeard:Halberd","blackbeard:Lifeboat"],"picked":"blackbeard:MegaUpgrade","floor":16.0},{"not_picked":["blackbeard:Sword","blackbeard:TerrorOfTheSeas","blackbeard:RearmingStrike"],"picked":"SKIP","floor":18.0},{"not_picked":["blackbeard:Shrapnel+1","blackbeard:UndeadForm","blackbeard:CloakAndCannonball"],"picked":"SKIP","floor":20.0},{"not_picked":["blackbeard:GoldenCannonball","blackbeard:Fencing"],"picked":"blackbeard:Provisioning+1","floor":22.0},{"not_picked":["blackbeard:Scrap","blackbeard:CannonballSupply","blackbeard:Spear+1"],"picked":"SKIP","floor":25.0},{"not_picked":["blackbeard:WoodenLeg","blackbeard:Dagger"],"picked":"blackbeard:GoldenCannonball+1","floor":27.0},{"not_picked":["blackbeard:PowderKeg","blackbeard:Eyepatch","blackbeard:CloakAndCannonball"],"picked":"SKIP","floor":30.0},{"not_picked":["blackbeard:SwordDance","blackbeard:PiratesWill+1","blackbeard:DeadlyArsenal"],"picked":"SKIP","floor":31.0},{"not_picked":["blackbeard:Lifeboat","blackbeard:FinalBarrage"],"picked":"blackbeard:TheDrunkenSailor","floor":33.0},{"not_picked":["blackbeard:JollyRoger"],"picked":"SKIP","floor":35.0},{"not_picked":["blackbeard:Dagger"],"picked":"SKIP","floor":36.0},{"not_picked":["blackbeard:GoldenDefense"],"picked":"SKIP","floor":38.0},{"not_picked":["blackbeard:WiseDefense+1"],"picked":"SKIP","floor":41.0},{"not_picked":["blackbeard:Scrap+1"],"picked":"SKIP","floor":42.0},{"not_picked":["blackbeard:DeadlyArsenal"],"picked":"SKIP","floor":45},{"not_picked":["blackbeard:GoldenStrike"],"picked":"SKIP","floor":46},{"not_picked":["blackbeard:Shrapnel"],"picked":"SKIP","floor":47}],"player_experience":1787799,"relics_obtained":[{"floor":9.0,"key":"Regal Pillow"},{"floor":11.0,"key":"Happy Flower"},{"floor":13.0,"key":"Matryoshka"},{"floor":24.0,"key":"War Paint"},{"floor":24.0,"key":"Ancient Tea Set"},{"floor":26.0,"key":"Bronze Scales"},{"floor":26.0,"key":"Bag of Preparation"},{"floor":30.0,"key":"Toy Ornithopter"},{"floor":39.0,"key":"Torii"},{"floor":42.0,"key":"Potion Belt"},{"floor":43.0,"key":"Anchor"},{"floor":45,"key":"Ornamental Fan"}],"event_choices":[{"cards_removed":["blackbeard:Cutlass"],"damage_healed":0.0,"max_hp_gain":0.0,"max_hp_loss":0.0,"gold_gain":0.0,"event_name":"Purifier","player_choice":"Purged","floor":2.0,"gold_loss":0.0,"damage_taken":0.0},{"damage_healed":0.0,"max_hp_gain":0.0,"max_hp_loss":0.0,"gold_gain":0.0,"cards_transformed":["blackbeard:BlackbeardDefend"],"event_name":"Living Wall","player_choice":"Change","floor":5.0,"gold_loss":0.0,"damage_taken":0.0,"cards_obtained":["blackbeard:BoostMorale"]},{"damage_healed":0.0,"max_hp_gain":0.0,"max_hp_loss":0.0,"gold_gain":0.0,"event_name":"Ghosts","player_choice":"Ignored","floor":19.0,"gold_loss":0.0,"damage_taken":0.0},{"damage_healed":0.0,"max_hp_gain":0.0,"max_hp_loss":0.0,"gold_gain":99.0,"event_name":"Nest","player_choice":"Stole From Cult","floor":21.0,"gold_loss":0.0,"damage_taken":0.0},{"damage_healed":0.0,"max_hp_gain":0.0,"max_hp_loss":0.0,"gold_gain":0.0,"event_name":"Tomb of Lord Red Mask","player_choice":"Ignored","floor":37.0,"gold_loss":0.0,"damage_taken":0.0},{"damage_healed":0.0,"max_hp_gain":0.0,"max_hp_loss":0.0,"gold_gain":0.0,"event_name":"MindBloom","player_choice":"Fight","floor":39.0,"gold_loss":0.0,"damage_taken":0.0}],"is_beta":false,"boss_relics":[{"not_picked":["Calling Bell","blackbeard:LoadTheGoldenCannons"],"picked":"Coffee Dripper"},{"not_picked":["Sozu","Fusion Hammer"],"picked":"Busted Crown"}],"items_purged_floors":[48],"is_endless":false,"potions_floor_spawned":[3,10,14,16,20,25,27,31,33,35,36,41,46,47],"ascension_level":0}}