{"host":"4lebci84u2l5u89t","time":1609044713,"event":{"mods":["AchievementEnabler","Aspiration","Bard","BaseMod","Beaked The Cultist","Better Altar","Better Match","Better Note","Better Sensory Stone","Better Skull","Better Third Choice","BetterRewards","CCEM","Colored Map","Conspire","GifTheSpireLib","Googly Eyes","Halation","Hermit","Highlight Path","Hubris","Jedi Mod","Jorbs\u0027s Wanderer Trilogy","Lobotomy","LobotomyExtend","Mad Scientist","Marisa????????","Mimic Mod","Minty Spire (QoL Compilation)","Permanent Neow","Replay The Spire","Shade Mod","Spicy Shops","StSLib","Stuff the Spire","The Administrix","The Mystic","Unceasing Turn Reminder"],"gold_per_floor":[119,119,131,148,148,180,180,197,244,259,259,259,259,273,273,370,370,388,402,19,36,36,72,72,98,137,153,153,171,204,217,217,332,332,352,352,369,396,356,414,414,443,443,450,450,111,133,133,133,136],"floor_reached":51,"playtime":3755,"items_purged":[],"score":789,"play_id":"11f34e14-fb52-45f9-ace1-fd64c90fec95","local_time":"20201227055153","is_ascension_mode":false,"campfire_choices":[],"circlet_count":0,"master_deck":["BigBird","WhiteNight","Woodsman","BlueStar","LongBird","HereticApostle","SpecialBullet","SpecialBullet","SpecialBullet","SpecialBullet","SpecialBullet","SpecialBullet","InformationCode","ExtractionCode","SecurityCode","Outmaneuver","RedEyes","JustLucky","Flying Knee","MeatLantern","Diffraction","Weave","QueenBee","Bullet Time","WallGazer","Hypocrisy","StuffTheSpire:FreeRealEstate","WelfareCode","SpiderBud","BloodyDesire","Heaven","TrainingCode","Doppelganger","OldLady","RedEyes","Wellcheers","Regret_ego","LifeForTheDareDevil+1","GreedKing","WristCuter","Galaxy","NothingThere","Tough+1","GalaxyChild","ControlCode","UniverseFragment","GrinderMk4","PunishingBird","Harmony","SolemnVow+1","RedShoes","WristCuter","DaCapo+1","CentralCode","Soda+1","Scarecrow","WristCuter+1","Bloodbath","Pot Of Greed+1","Pot Of Greed+1","Pot Of Greed+1","Pot Of Greed+1","Pot Of Greed+1","GoldRush+1","TT2Protocol","Beak+1","Pot Of Greed+1","RecordCode","WristCuter+1","Laetitia_ego+2","Lamp+1","Voices"],"relics":["CogitoBucket","aspiration:Nostalgia","Replay:M_StaffOfTheSnake","LetterFromLob","RedMistMask","hubris:SphereOfDissonance","Replay:Rubber Ducky","BehaviorAdjustment","aspiration:FutureDiary","StuffTheSpire:BottledEssence","Anchor","LuminousBracelet","Unceasing Top","Replay:Wax Seal","Bottled Flame","Justitia_r","Theresia","AtMidnight","halation:IllGainedPizza","SlaversCollar","SoundOfStar_r","Grinning Jar","Logging_r","conspire:Flyswatter","DeathAngel","Strange Spoon","ReplayTheSpireMod:Ring of Collecting","Lamp_r"],"acts_visited":["Exordium","TheCity","TheBeyond"],"potions_floor_usage":[8,23,29,29,33,40,40,44],"damage_taken":[{"damage":21,"enemies":"2 Louse","floor":1,"turns":3},{"damage":18,"enemies":"Jaw Worm","floor":3,"turns":3},{"damage":0,"enemies":"Cultist","floor":4,"turns":2},{"damage":6,"enemies":"Gremlin Nob","floor":6,"turns":3},{"damage":0,"enemies":"2 Fungi Beasts","floor":8,"turns":2},{"damage":5,"enemies":"Gremlin Gang","floor":10,"turns":2},{"damage":18,"enemies":"Exordium Thugs","floor":14,"turns":3},{"damage":28,"enemies":"The Guardian","floor":16,"turns":5},{"damage":8,"enemies":"Spheric Guardian","floor":18,"turns":2},{"damage":2,"enemies":"Shell Parasite","floor":19,"turns":1},{"damage":2,"enemies":"Snake Plant","floor":21,"turns":2},{"damage":27,"enemies":"Gremlin Leader","floor":23,"turns":4},{"damage":2,"enemies":"Book of Stabbing","floor":25,"turns":2},{"damage":4,"enemies":"Snecko","floor":26,"turns":5},{"damage":29,"enemies":"Snecko","floor":27,"turns":2},{"damage":185,"enemies":"Centurion and Healer","floor":29,"turns":26},{"damage":12,"enemies":"Slavers","floor":30,"turns":3},{"damage":0,"enemies":"Cultist and Chosen","floor":31,"turns":2},{"damage":23,"enemies":"Automaton","floor":33,"turns":5},{"damage":9,"enemies":"Orb Walker","floor":35,"turns":2},{"damage":0,"enemies":"3 Darklings","floor":37,"turns":2},{"damage":21,"enemies":"Transient","floor":38,"turns":5},{"damage":31,"enemies":"beaked:SuperParasite","floor":40,"turns":9},{"damage":21,"enemies":"Sphere and 2 Shapes","floor":42,"turns":3},{"damage":30,"enemies":"3 Darklings","floor":44,"turns":5},{"damage":2,"enemies":"3 Darklings","floor":47,"turns":2},{"damage":0,"enemies":"conspire:OrnateMirror","floor":50,"turns":2},{"damage":1,"enemies":"Malkuth","floor":51,"turns":2},{"damage":62,"enemies":"Hod","floor":51,"turns":3}],"seed_played":"-2095279623913601048","potions_obtained":[{"floor":3,"key":"SteroidPotion"},{"floor":4,"key":"Explosive Potion"},{"floor":16,"key":"Swift Potion"},{"floor":27,"key":"SteroidPotion"},{"floor":31,"key":"Toxic Potion"},{"floor":33,"key":"FearPotion"},{"floor":35,"key":"jedi:holywater"},{"floor":37,"key":"PowerPotion"},{"floor":42,"key":"Fire Potion"},{"floor":47,"key":"SteroidPotion"}],"is_trial":false,"path_per_floor":["M","?","M","M","?","E","M","M","T","M","R","?","R","M","R","B",null,"M","M","$","M","?","E","?","E","MIM","M","R","M","E","M","R","B",null,"M","?","M","M","?","E","R","M","T","M","R","$","M","?","R","B",null],"character_chosen":"Angela","items_purchased":["LifeForTheDareDevil","StuffTheSpire:BottledEssence","Anchor","Strange Spoon","Laetitia_ego+2","Lamp+1"],"campfire_rested":0,"item_purchase_floors":[20,20,20,46,46,46],"current_hp_per_floor":[57,50,40,48,53,55,55,63,63,66,66,66,66,60,60,44,83,87,91,91,108,108,97,97,110,122,123,123,130,134,138,138,129,138,142,142,146,146,146,150,150,154,154,154,154,154,158,158,158,162],"gold":164,"neow_bonus":"NOSTALGIA","is_daily":false,"chose_seed":false,"campfire_upgraded":0,"win_rate":0.0,"timestamp":1609044713,"path_taken":["M","?","M","M","?","E","M","M","T","?","R","?","R","M","R","BOSS","M","?","$","M","?","E","?","E","MIM","M","R","M","E","M","R","BOSS","M","?","M","M","?","E","R","M","T","M","R","$","?","?","R","BOSS"],"items_purchased_type":["Card","Relic","Relic","Relic","Card","Card"],"build_version":"2020-12-22","purchased_purges":0,"victory":true,"max_hp_per_floor":[70,70,70,70,75,75,75,75,75,75,75,75,75,79,79,83,83,87,91,91,110,110,114,114,118,122,126,126,130,134,138,138,138,138,142,142,146,146,146,150,150,154,154,158,158,158,162,162,162,162],"card_choices":[{"not_picked":["RedEyes"],"picked":"Outmaneuver","floor":1},{"not_picked":["Regret_ego"],"picked":"RedEyes","floor":1},{"not_picked":["Outmaneuver"],"picked":"JustLucky","floor":3},{"not_picked":["Wingbeat"],"picked":"Flying Knee","floor":4},{"not_picked":["GalaxyChild","BlackSwan"],"picked":"MeatLantern","floor":6},{"not_picked":["Outmaneuver"],"picked":"Diffraction","floor":6},{"not_picked":["TheSmile"],"picked":"Weave","floor":6},{"not_picked":["UniverseFragment","FairyFestival"],"picked":"QueenBee","floor":8},{"not_picked":["WristCuter"],"picked":"Bullet Time","floor":8},{"not_picked":["SpiderBud","FairyFestival"],"picked":"WallGazer","floor":10},{"not_picked":["ClearTheMind"],"picked":"Hypocrisy","floor":10},{"not_picked":["Jack Of All Trades"],"picked":"StuffTheSpire:FreeRealEstate","floor":12},{"not_picked":["OldLady","Scorched"],"picked":"SpiderBud","floor":14},{"not_picked":["FeatherOfHonor"],"picked":"BloodyDesire","floor":14},{"not_picked":["GreenStem"],"picked":"Heaven","floor":14},{"not_picked":["HeroicMonk","OldLady"],"picked":"LongBird","floor":16},{"not_picked":["Wraith Form v2"],"picked":"Doppelganger","floor":16},{"not_picked":["Rudolta","UniverseFragment"],"picked":"OldLady","floor":18},{"not_picked":["SomewhereSpear"],"picked":"RedEyes","floor":18},{"not_picked":["BlackSwan","Scorched"],"picked":"Wellcheers","floor":19},{"not_picked":["RedEyes"],"picked":"Regret_ego","floor":19},{"not_picked":["VoidDream","Rudolta"],"picked":"GreedKing","floor":21},{"not_picked":["Wingbeat","Lantern"],"picked":"SKIP","floor":21},{"not_picked":["Scorched","CherryBlossoms"],"picked":"BlueStar","floor":23},{"not_picked":["Regret_ego"],"picked":"WristCuter","floor":23},{"not_picked":["RapturousDream"],"picked":"Galaxy","floor":25},{"not_picked":["LittlePrince","Scarecrow"],"picked":"NothingThere","floor":25},{"not_picked":["SomewhereSpear+1"],"picked":"Tough+1","floor":25},{"not_picked":["SnowQueen","ShyLook"],"picked":"GalaxyChild","floor":26},{"not_picked":["ShyLook","Murderer"],"picked":"UniverseFragment","floor":27},{"not_picked":["Loneliness","RedEyes"],"picked":"SKIP","floor":27},{"not_picked":["FourthMatchFlame","Regret_ego"],"picked":"GrinderMk4","floor":29},{"not_picked":["CENSORED","Alriune"],"picked":"PunishingBird","floor":29},{"not_picked":["Wingbeat","SomewhereSpear"],"picked":"Harmony","floor":29},{"not_picked":["Woodsman","NakedNest"],"picked":"DespairKnight","floor":30},{"not_picked":["Pleasure","Penitence"],"picked":"SolemnVow","floor":30},{"not_picked":["Scorched","Rudolta","NakedNest"],"picked":"Singing Bowl","floor":31},{"not_picked":["Mercenary","Alriune"],"picked":"RedShoes","floor":31},{"not_picked":["Spore+1","Pleasure"],"picked":"WristCuter","floor":31},{"not_picked":["LittlePrince","CrumblingArmor","CherryBlossoms"],"picked":"Singing Bowl","floor":33},{"not_picked":["Mimicry+1","SoundOfStar+1"],"picked":"DaCapo+1","floor":33},{"not_picked":["FairyFestival","Freischutz"],"picked":"Woodsman","floor":35},{"not_picked":["SomewhereSpear+1","Mimicry+1"],"picked":"Soda+1","floor":35},{"not_picked":["LittleHelper","BigBadWolf","BeautyBeast"],"picked":"Singing Bowl","floor":37},{"not_picked":["CrumblingArmor","Yin"],"picked":"Scarecrow","floor":37},{"not_picked":["SwordSharpenedByTears+1","Beak+1"],"picked":"WristCuter+1","floor":37},{"not_picked":["Murderer","FieryBird","ShyLook"],"picked":"Singing Bowl","floor":38},{"not_picked":["BearPaw+1","Galaxy+1","Wingbeat+1"],"picked":"SKIP","floor":38},{"not_picked":["HeroicMonk","Rudolta","OSAHOGD"],"picked":"Singing Bowl","floor":40},{"not_picked":["Alriune","Scorched"],"picked":"Bloodbath","floor":40},{"not_picked":["Noise+1","RedEyes+1"],"picked":"GoldRush+1","floor":40},{"not_picked":["Alriune","Laetitia"],"picked":"WhiteNight","floor":42},{"not_picked":["InTheNameOfLoveAndHate+1","Tough+1"],"picked":"Beak+1","floor":42},{"not_picked":["Scorched","ShyLook"],"picked":"QueenOfHatred","floor":44},{"not_picked":["MagicBullet+1","FourthMatchFlame+1"],"picked":"WristCuter+1","floor":44},{"not_picked":["MeltingLove","LaLuna"],"picked":"BigBird","floor":47},{"not_picked":["Gaze+1","SwordSharpenedByTears+1","WristCuter+1"],"picked":"SKIP","floor":47}],"player_experience":251421,"relics_obtained":[{"floor":1,"key":"LetterFromLob"},{"floor":3,"key":"RedMistMask"},{"floor":6,"key":"hubris:SphereOfDissonance"},{"floor":9,"key":"Replay:Rubber Ducky"},{"floor":23,"key":"Unceasing Top"},{"floor":25,"key":"Replay:Wax Seal"},{"floor":26,"key":"Bottled Flame"},{"floor":29,"key":"AtMidnight"},{"floor":30,"key":"halation:IllGainedPizza"},{"floor":40,"key":"Grinning Jar"},{"floor":43,"key":"conspire:Flyswatter"},{"floor":44,"key":"DeathAngel"},{"floor":48,"key":"ReplayTheSpireMod:Ring of Collecting"}],"event_choices":[{"cards_removed":["SpecialBullet"],"damage_healed":0,"gold_gain":0,"player_choice":"Card Removal","damage_taken":7,"max_hp_gain":0,"max_hp_loss":0,"event_name":"Golden Wing","floor":2,"gold_loss":0},{"damage_healed":0,"gold_gain":0,"player_choice":"Donut","damage_taken":0,"max_hp_gain":5,"max_hp_loss":0,"event_name":"Big Fish","floor":5,"gold_loss":0},{"damage_healed":0,"gold_gain":1,"player_choice":"1","damage_taken":0,"max_hp_gain":0,"max_hp_loss":0,"event_name":"betterStone:BetterStone","floor":12,"gold_loss":0},{"damage_healed":0,"gold_gain":0,"player_choice":"Ignored","damage_taken":0,"max_hp_gain":0,"max_hp_loss":0,"event_name":"betterNote:BetterNote","floor":22,"gold_loss":0,"cards_obtained":["beaked:VolatileMisfortune"]},{"damage_healed":0,"gold_gain":0,"player_choice":"Upgraded","damage_taken":0,"max_hp_gain":0,"max_hp_loss":0,"event_name":"Upgrade Shrine","floor":24,"gold_loss":0,"cards_upgraded":["LifeForTheDareDevil"]},{"damage_healed":0,"gold_gain":0,"player_choice":"Upgrade","damage_taken":0,"max_hp_gain":0,"max_hp_loss":0,"event_name":"Designer","floor":39,"gold_loss":40,"cards_upgraded":["SolemnVow"]}],"is_beta":false,"boss_relics":[{"not_picked":["Painkiller Herb","hubris:CrackedHourglass"],"picked":"aspiration:FutureDiary"},{"not_picked":["Astrolabe","halation:PlatinumPhoenix"],"picked":"SlaversCollar"}],"items_purged_floors":[],"is_endless":false,"potions_floor_spawned":[3,4,16,27,31,33,35,37,42,47],"ascension_level":0}}