{"host":"baymyijz6sxaqj5s","time":1609061947,"event":{"mods":["AchievementEnabler","BaseMod","Colored Map","Colored Powertips","DeckTracker","KOR Keyword Fix","Keyboard Shortcuts","Minty Spire (QoL Compilation)","Quick Restart","StSLib","SuperFastMode"],"gold_per_floor":[113,64,64,164,182,182,196,196,220,25,45,120,178,196,196,294,294,311,321,321,321],"floor_reached":20,"playtime":1022,"items_purged":["Strike_G"],"score":180,"play_id":"d8dde747-ae6c-4ee0-b216-8a79b55e55e2","local_time":"20201227183907","is_ascension_mode":true,"campfire_choices":[{"data":"Backflip","floor":6.0,"key":"SMITH"},{"data":"Poisoned Stab","floor":8.0,"key":"SMITH"},{"floor":15.0,"key":"REST"}],"circlet_count":0,"master_deck":["Strike_G","Strike_G","Strike_G","Strike_G","Defend_G","Defend_G","Defend_G","Defend_G","Defend_G","Survivor","Neutralize","Poisoned Stab+1","Backflip+1","Bouncing Flask","Backflip","Bandage Up","All Out Attack","Deadly Poison","Leg Sweep","Poisoned Stab+1"],"relics":["Ring of the Snake","Nunchaku","Happy Flower","Anchor","Runic Pyramid"],"acts_visited":["Exordium","TheCity"],"potions_floor_usage":[],"damage_taken":[{"damage":1.0,"enemies":"Jaw Worm","floor":1.0,"turns":7.0},{"damage":0.0,"enemies":"2 Louse","floor":5.0,"turns":3.0},{"damage":0.0,"enemies":"Cultist","floor":7.0,"turns":3.0},{"damage":4.0,"enemies":"3 Louse","floor":11.0,"turns":6.0},{"damage":8.0,"enemies":"Gremlin Nob","floor":13.0,"turns":3.0},{"damage":0.0,"enemies":"Exordium Wildlife","floor":14.0,"turns":4.0},{"damage":25.0,"enemies":"Hexaghost","floor":16.0,"turns":10.0},{"damage":11.0,"enemies":"Shell Parasite","floor":18.0,"turns":6.0},{"damage":14,"enemies":"3 Byrds","floor":19,"turns":9},{"damage":68,"enemies":"3 Cultists","floor":20,"turns":6}],"seed_played":"-7344033099527876069","potions_obtained":[{"floor":11.0,"key":"FearPotion"},{"floor":13.0,"key":"SkillPotion"},{"floor":14.0,"key":"Weak Potion"}],"is_trial":false,"path_per_floor":["M","$","?","?","M","R","M","R","T","$","M","?","?","M","R","B",null,"M","M","M"],"character_chosen":"THE_SILENT","items_purchased":["Poisoned Stab","Backflip","Bandage Up"],"campfire_rested":1,"item_purchase_floors":[2,10,10],"current_hp_per_floor":[76,76,58,58,58,58,58,58,58,58,58,47,43,47,70,49,77,70,60,0,0],"gold":321,"neow_bonus":"TEN_PERCENT_HP_BONUS","is_daily":false,"chose_seed":false,"campfire_upgraded":2,"win_rate":0.0,"timestamp":1609061947,"path_taken":["M","$","?","?","M","R","?","R","T","$","M","?","?","M","R","BOSS","M","M","M"],"items_purchased_type":["Card","Card","Card"],"build_version":"2020-12-22","purchased_purges":1,"victory":false,"max_hp_per_floor":[77,77,77,77,77,77,77,77,77,77,77,77,77,77,77,77,77,77,77,77,77],"card_choices":[{"not_picked":["Acrobatics","Infinite Blades","Backstab"],"picked":"SKIP","floor":1.0},{"not_picked":["Cloak And Dagger","Acrobatics"],"picked":"Backflip","floor":5.0},{"not_picked":["Quick Slash","Masterful Stab"],"picked":"Bouncing Flask","floor":7.0},{"not_picked":["Slice","Sucker Punch","PiercingWail"],"picked":"SKIP","floor":11.0},{"not_picked":["Choke","Terror"],"picked":"All Out Attack","floor":13.0},{"not_picked":["Predator","Flying Knee"],"picked":"Deadly Poison","floor":14.0},{"not_picked":["Terror","All Out Attack+1"],"picked":"Leg Sweep","floor":18.0},{"not_picked":["Caltrops","Distraction+1"],"picked":"Poisoned Stab+1","floor":19}],"player_experience":260834,"relics_obtained":[{"floor":9.0,"key":"Happy Flower"},{"floor":13.0,"key":"Anchor"}],"event_choices":[{"damage_healed":0.0,"max_hp_gain":0.0,"max_hp_loss":0.0,"gold_gain":0.0,"event_name":"Scrap Ooze","player_choice":"Success","floor":3.0,"gold_loss":0.0,"damage_taken":18.0,"relics_obtained":["Nunchaku"]},{"damage_healed":0.0,"max_hp_gain":0.0,"max_hp_loss":0.0,"gold_gain":100.0,"event_name":"Golden Shrine","player_choice":"Pray","floor":4.0,"gold_loss":0.0,"damage_taken":0.0},{"damage_healed":0.0,"max_hp_gain":0.0,"max_hp_loss":0.0,"gold_gain":75.0,"event_name":"World of Goop","player_choice":"Gather Gold","floor":12.0,"gold_loss":0.0,"damage_taken":11.0},{"damage_healed":0.0,"max_hp_gain":0.0,"max_hp_loss":0.0,"gold_gain":0.0,"event_name":"Dead Adventurer","player_choice":"Searched \u00271\u0027 times","floor":13.0,"gold_loss":0.0,"damage_taken":0.0}],"is_beta":false,"boss_relics":[{"not_picked":["SacredBark","Philosopher\u0027s Stone"],"picked":"Runic Pyramid"}],"items_purged_floors":[10],"is_endless":false,"potions_floor_spawned":[11,13,14],"killed_by":"3 Cultists","ascension_level":2}}