{"host":"d8hh7rr4yzitjeuj","time":1609048272,"event":{"mods":["2.2 Compatiblity","AchievementEnabler","BaseMod","CapriCore","Colored Map","Colored Powertips","Highlight Path","Keyboard Shortcuts","Minty Spire (QoL Compilation)","Permanent Neow","Quick Restart","StSLib","SuperFastMode"],"gold_per_floor":[114,131,145,158,123,123,123,123],"floor_reached":7,"playtime":208,"items_purged":[],"score":86,"play_id":"a12d9931-a56f-4293-8f5a-17aefc5fc8fe","local_time":"20201227145112","is_ascension_mode":true,"campfire_choices":[{"data":"Streamline","floor":6,"key":"SMITH"}],"circlet_count":0,"master_deck":["AscendersBane","Strike_B","Strike_B","Strike_B","Strike_B","Defend_B","Defend_B","Defend_B","Defend_B","Zap","Dualcast","Panacea","Loop","Compile Driver","Glacier","Streamline+1"],"relics":["Cracked Core"],"acts_visited":["Exordium"],"potions_floor_usage":[7],"damage_taken":[{"damage":3,"enemies":"2 Louse","floor":1,"turns":3},{"damage":14,"enemies":"Jaw Worm","floor":2,"turns":4},{"damage":2,"enemies":"Cultist","floor":3,"turns":4},{"damage":22,"enemies":"Lots of Slimes","floor":4,"turns":6},{"damage":50,"enemies":"Gremlin Nob","floor":7,"turns":4}],"seed_played":"4737280715461256015","potions_obtained":[{"floor":3,"key":"EssenceOfSteel"}],"is_trial":false,"path_per_floor":["M","M","M","M","?","R","E"],"character_chosen":"DEFECT","items_purchased":[],"campfire_rested":0,"item_purchase_floors":[],"current_hp_per_floor":[61,47,45,23,40,40,0,0],"gold":123,"neow_bonus":"RANDOM_COLORLESS","is_daily":false,"chose_seed":false,"campfire_upgraded":1,"win_rate":0.0,"timestamp":1609048272,"path_taken":["M","M","M","M","?","R","E"],"items_purchased_type":[],"build_version":"2020-12-22","purchased_purges":0,"victory":false,"max_hp_per_floor":[71,71,71,71,71,71,71,71],"card_choices":[{"not_picked":["Swift Strike","Dark Shackles"],"picked":"Panacea","floor":0},{"not_picked":["Gash","Barrage"],"picked":"Loop","floor":1},{"not_picked":["Stack","Beam Cell"],"picked":"Compile Driver","floor":2},{"not_picked":["Ball Lightning","Consume"],"picked":"Glacier","floor":3},{"not_picked":["Doom and Gloom","Leap"],"picked":"Streamline","floor":4}],"player_experience":1388403,"relics_obtained":[],"event_choices":[{"damage_healed":17,"gold_gain":0,"player_choice":"Healed","damage_taken":0,"max_hp_gain":0,"max_hp_loss":0,"event_name":"The Cleric","floor":5,"gold_loss":35}],"is_beta":false,"boss_relics":[],"items_purged_floors":[],"is_endless":false,"potions_floor_spawned":[3],"killed_by":"Gremlin Nob","ascension_level":20}}