{"host":"34kve6bedbwpq90u","time":1609057983,"event":{"mods":["AchievementEnabler","Arknights The Spire","BaseMod","BetterRewards","Colored Map","Custom Start","Decade(王小明)","Defuse TimeMaze Blight","Downfall","Friendly Minions","GifTheSpireLib","HexUI Lib","HololiveMod","Minty Spire (QoL Compilation)","MostiFishMod","Quarter Circle Forward PUNCH!","RumiaBox-露米娅的神秘盒子","Ryuuou龙王","Shop Mod","Spicy Shops","StSLib","TestMod","The Fake Hero","The Runesmith","Waifu the Spire","WarShipGirlsR/战舰少女R mod","vexMod"],"gold_per_floor":[119,69,85,12,30,56,56,76,131,131,143,205,230,249,249,346,346,363,363,332,33,53,79,129,142,142,142,159,190,190,206,206,304,304,315,142,142,0,0,26,26,40,40,40,40,59,88,107,107,107,107,107,7,36,36],"floor_reached":56,"playtime":2525,"items_purged":["ats:Defend","Writhe"],"score":1357,"play_id":"50c6653a-d838-4769-8763-d8abff62738c","local_time":"20201227163303","is_ascension_mode":false,"campfire_choices":[{"data":"ats:Assault Order","floor":7,"key":"SMITH"},{"data":"ats:Flexible Camouflage","floor":15,"key":"SMITH"},{"data":"ats:Flexible Camouflage","floor":27,"key":"SMITH"},{"data":"ats:Ambush","floor":30,"key":"SMITH"},{"data":"ats:Defend","floor":32,"key":"SMITH"},{"floor":41,"key":"RECALL"},{"data":"ats:Revitalization","floor":44,"key":"SMITH"},{"data":"ats:Wolf Pack","floor":49,"key":"SMITH"},{"data":"ats:Defend Order","floor":52,"key":"SMITH"}],"circlet_count":0,"master_deck":["ats:Strike C","ats:Strike G","ats:Strike S","ats:Strike V","ats:Armor Crushing Shot","ats:Defend","ats:Defend+1","ats:Emotion Absorption","ats:Assault Order+1","ats:Curse Doll","ats:Leaping Hammer","ats:Blood Oath+1","ats:Ignite","ats:Shell Defense","ats:Beaten Up+1","ats:Flexible Camouflage+1","ats:Healing Strengthening+1","ats:Ambush+1","ats:Poison Spread","ats:Flexible Camouflage+1","ats:Defend Order+1","ats:Hammer On","ats:Beaten Up+1","ats:Support Order+1","ats:Wolf Pack+1","ats:Thorns+1","Dramatic Entrance","ats:Thorns+1","ats:Revitalization+1","ats:Apocalypse+1","ats:Automatic Cover+1"],"relics":["ats:Sanity","testmod-TestBox","DaveBox","NeowsBlessing","BionicSphere","testmod-SaigiyounoYou","SynthV:TestCard","ats:Originium","LastBattle","vexMod:MemoryStick","ats:Originium","StrikeDummy","Black Star","testmod-AssaultLearning","Dodecahedron","ats:Originium","qcfpunch:White_Boots","qcfpunch:Necklace_of_Skulls","ats:Hidden Killer","ats:Originium","testmod-IntensifyImprint","vexMod:RedPlottingStone","SoulBox","Red Mask","InkBottle","Potion Belt","ats:Industrial Water Cannon","Mercury Hourglass","qcfpunch:Red_Headband","Ccalipers","Bottled Tornado"],"acts_visited":["Exordium","TheCity","TheBeyond","TheEnding"],"potions_floor_usage":[4,13,16,23,23,29,29,29,29,33,50,54,54],"damage_taken":[{"damage":0,"enemies":"Cultist","floor":1,"turns":1},{"damage":0,"enemies":"2 Louse","floor":3,"turns":1},{"damage":0,"enemies":"Small Slimes","floor":5,"turns":1},{"damage":17,"enemies":"Lagavulin","floor":6,"turns":7},{"damage":4,"enemies":"3 Louse","floor":8,"turns":4},{"damage":0,"enemies":"Looter","floor":11,"turns":3},{"damage":14,"enemies":"Lagavulin Event","floor":12,"turns":7},{"damage":16,"enemies":"3 Sentries","floor":13,"turns":10},{"damage":0,"enemies":"Red Slaver","floor":14,"turns":3},{"damage":4,"enemies":"The Guardian","floor":16,"turns":8},{"damage":2,"enemies":"Spheric Guardian","floor":18,"turns":5},{"damage":10,"enemies":"2 Thieves","floor":20,"turns":5},{"damage":0,"enemies":"Snecko","floor":22,"turns":4},{"damage":61,"enemies":"Slavers","floor":23,"turns":6},{"damage":8,"enemies":"Centurion and Healer","floor":25,"turns":5},{"damage":5,"enemies":"Sentry and Sphere","floor":28,"turns":4},{"damage":3,"enemies":"Gremlin Leader","floor":29,"turns":5},{"damage":0,"enemies":"3 Cultists","floor":31,"turns":3},{"damage":8,"enemies":"Collector","floor":33,"turns":5},{"damage":0,"enemies":"Orb Walker","floor":35,"turns":3},{"damage":0,"enemies":"Reptomancer","floor":40,"turns":4},{"damage":0,"enemies":"3 Darklings","floor":42,"turns":3},{"damage":0,"enemies":"Jaw Worm Horde","floor":46,"turns":4},{"damage":0,"enemies":"Nemesis","floor":47,"turns":5},{"damage":7,"enemies":"4 Shapes","floor":48,"turns":2},{"damage":10,"enemies":"Donu and Deca","floor":50,"turns":9},{"damage":0,"enemies":"Shield and Spear","floor":54,"turns":5},{"damage":50,"enemies":"The Heart","floor":55,"turns":8}],"seed_played":"3271193562893066305","potions_obtained":[{"floor":5,"key":"LiquidBronze"},{"floor":6,"key":"ColorlessPotion"},{"floor":12,"key":"Guardian:BlockOnCardUsePotion"},{"floor":13,"key":"Weak Potion"},{"floor":14,"key":"Regen Potion"},{"floor":22,"key":"EssenceOfSteel"},{"floor":25,"key":"Block Potion"},{"floor":28,"key":"Block Potion"},{"floor":31,"key":"AttackPotion"},{"floor":40,"key":"EssenceOfSteel"},{"floor":46,"key":"SpeedPotion"},{"floor":47,"key":"EssenceOfSteel"}],"is_trial":false,"path_per_floor":["M","?","M","$","M","E","R","M","T","?","M","?","E","M","R","B",null,"M","?","M","$","M","E","?","M","T","R","M","E","R","M","R","B",null,"M","$","?","?","?","E","R","M","T","R","?","M","E","M","R","B",null,"R","$","E","B",null],"character_chosen":"DOCTOR_CLASS","items_purchased":["testmod-SpacePotion","testmod-AssaultLearning","Dodecahedron","Dramatic Entrance"],"campfire_rested":0,"item_purchase_floors":[4,21,21,36],"current_hp_per_floor":[72,72,72,72,72,61,61,71,71,71,72,60,69,72,72,72,72,72,72,72,72,72,44,44,60,60,60,72,72,72,72,72,72,72,72,72,72,72,72,72,72,72,72,72,72,72,72,67,67,72,72,72,72,72,72],"gold":36,"neow_bonus":"THREE_ENEMY_KILL","is_daily":false,"chose_seed":false,"campfire_upgraded":8,"win_rate":0.0,"timestamp":1609057983,"path_taken":["M","?","M","$","M","E","R","M","T","?","M","?","E","M","R","BOSS","M","?","M","$","M","E","?","M","T","R","M","E","R","M","R","BOSS","M","$","?","?","?","E","R","M","T","R","?","M","E","M","R","BOSS","R","$","E","BOSS"],"items_purchased_type":["Potion","Relic","Relic","Card"],"build_version":"2020-12-22","purchased_purges":2,"victory":true,"max_hp_per_floor":[72,72,72,72,72,72,72,72,72,72,72,72,72,72,72,72,72,72,72,72,72,72,72,72,72,72,72,72,72,72,72,72,72,72,72,72,72,72,72,72,72,72,72,72,72,72,72,72,72,72,72,72,72,72,72],"card_choices":[{"not_picked":["ats:Cat Scratch","ats:Ignite"],"picked":"ats:Assault Order","floor":1},{"not_picked":["ats:Apocalypse","ats:Charging Defense","ats:Revitalization","ats:Shell Defense"],"picked":"ats:Curse Doll","floor":3},{"not_picked":["ats:Cat Scratch","ats:Shell Defense","ats:Rapid Magazine","ats:Consecutive Shot Auto"],"picked":"ats:Leaping Hammer","floor":5},{"not_picked":["ats:Apocalypse","ats:Shadow Raid","ats:Directed Diagnosis","ats:Part Time Job"],"picked":"ats:Blood Oath","floor":6},{"not_picked":["ats:Closed Bolt Burst Fire","ats:Song Of Battle","ats:Curse Doll","ats:Volcano"],"picked":"ats:Ignite","floor":8},{"not_picked":["ats:Flexible Camouflage","ats:Curse Doll","ats:Support Order","ats:Thorns"],"picked":"ats:Shell Defense","floor":11},{"not_picked":["ats:Childhood Dance","ats:Mental Burst","ats:Ignite","ats:LN2 Cannon"],"picked":"ats:Beaten Up","floor":12},{"not_picked":["ats:Red Shift","ats:Childhood Dance","ats:Ignite","ats:Shell Defense"],"picked":"ats:Flexible Camouflage","floor":13},{"not_picked":["ats:Chain Hook","ats:Guardian Obelisk","ats:Leaping Hammer","ats:Ignite"],"picked":"ats:Healing Strengthening","floor":14},{"not_picked":["ats:Echo Reverb","ats:Nebulous Foxfire","ats:True Silver Slash","ats:Roar Of Ursus"],"picked":"ats:Ambush","floor":16},{"not_picked":["ats:Poison Spread","ats:Part Time Job","ats:Very Hot Blade","ats:Closed Bolt Burst Fire+1","ats:Curse Doll"],"picked":"SKIP","floor":18},{"not_picked":["ats:Explosion Area Strengthen","ats:Sword Rain","ats:Cat Scratch","ats:Childhood Dance"],"picked":"ats:Poison Spread","floor":20},{"not_picked":["ats:Revitalization","ats:Ignite","ats:Sword Rain+1","ats:Overload+1"],"picked":"ats:Flexible Camouflage","floor":22},{"not_picked":["ats:Thermite Blade","ats:Ignite","ats:Closed Bolt Burst Fire+1","ats:Flexible Camouflage"],"picked":"ats:Explosion Area Strengthen+1","floor":23},{"not_picked":["ats:Consecutive Shot Auto","ats:Explosion Area Strengthen","ats:Curse Doll+1","ats:Flame Of Heaven"],"picked":"ats:Defend Order","floor":25},{"not_picked":["ats:Composite Medical Shells","ats:Nebulous Foxfire","ats:Beaten Up","ats:Part Time Job+1"],"picked":"ats:Hammer On","floor":28},{"not_picked":["ats:Hammer On+1","ats:Sword Rain+1","ats:Poison Spread","ats:Cat Scratch"],"picked":"ats:Beaten Up+1","floor":29},{"not_picked":["ats:Counter Healing Mode+1","ats:Poison Spread","ats:Cat Scratch+1","ats:Guardian Obelisk+1"],"picked":"ats:Support Order+1","floor":31},{"not_picked":["ats:Soul Rend","ats:True Silver Slash","ats:Dogmatic Field","ats:Echo Reverb"],"picked":"ats:Wolf Pack","floor":33},{"not_picked":["ats:Leaping Hammer+1","ats:Consecutive Shot Auto","ats:Powerful Strike","ats:Rapid Magazine"],"picked":"ats:Thorns+1","floor":35},{"not_picked":["ats:Beaten Up+1","ats:Consecutive Shot Auto","ats:Apocalypse+1","ats:Hammer On+1"],"picked":"ats:Thorns+1","floor":40},{"not_picked":["ats:Flame Of Heaven+1","ats:Assault Order+1","ats:Apocalypse+1","ats:Cat Scratch"],"picked":"ats:Revitalization","floor":42},{"not_picked":["ats:Powerful Strike+1","ats:Hook Shot","ats:Assault Order+1","ats:Explosion Area Strengthen+1"],"picked":"ats:Apocalypse+1","floor":46},{"not_picked":["ats:Poison Spread","ats:Childhood Dance+1","ats:Magnetic Hammer","ats:Spore Proliferation+1"],"picked":"ats:Automatic Cover+1","floor":47},{"not_picked":["ats:Powerful Strike+1","ats:Red Shift","ats:Chain Hook","ats:Shadow Assault","ats:Charging Defense"],"picked":"SKIP","floor":48},{"not_picked":["ats:Burning Ground+1","ats:Consecutive Shot Auto+1","ats:Hammer On","ats:Apocalypse+1","ats:Powerful Strike"],"picked":"SKIP","floor":54}],"player_experience":54281,"relics_obtained":[{"floor":1,"key":"SynthV:TestCard"},{"floor":6,"key":"ats:Originium"},{"floor":6,"key":"LastBattle"},{"floor":12,"key":"vexMod:MemoryStick"},{"floor":13,"key":"ats:Originium"},{"floor":13,"key":"StrikeDummy"},{"floor":23,"key":"ats:Originium"},{"floor":23,"key":"qcfpunch:White_Boots"},{"floor":23,"key":"qcfpunch:Necklace_of_Skulls"},{"floor":26,"key":"ats:Hidden Killer"},{"floor":29,"key":"ats:Originium"},{"floor":29,"key":"testmod-IntensifyImprint"},{"floor":29,"key":"vexMod:RedPlottingStone"},{"floor":40,"key":"InkBottle"},{"floor":40,"key":"Potion Belt"},{"floor":43,"key":"ats:Industrial Water Cannon"},{"floor":47,"key":"Mercury Hourglass"},{"floor":47,"key":"qcfpunch:Red_Headband"},{"floor":54,"key":"Ccalipers"},{"floor":54,"key":"Bottled Tornado"}],"event_choices":[{"cards_removed":["ats:Defend"],"damage_healed":0,"gold_gain":0,"player_choice":"Card Removal","damage_taken":0,"max_hp_gain":0,"max_hp_loss":0,"event_name":"The Cleric","floor":2,"gold_loss":50},{"damage_healed":0,"gold_gain":0,"player_choice":"Ignored","damage_taken":0,"max_hp_gain":0,"max_hp_loss":0,"event_name":"给自己的盒子","floor":10,"gold_loss":0},{"damage_healed":0,"gold_gain":0,"player_choice":"Searched \u00271\u0027 times","damage_taken":0,"max_hp_gain":0,"max_hp_loss":0,"event_name":"Dead Adventurer","floor":12,"gold_loss":0},{"damage_healed":0,"gold_gain":0,"player_choice":"Ignored","damage_taken":0,"max_hp_gain":0,"max_hp_loss":0,"event_name":"Vampires","floor":19,"gold_loss":0},{"damage_healed":0,"gold_gain":100,"player_choice":"Bet on Murderer","damage_taken":0,"max_hp_gain":0,"max_hp_loss":0,"event_name":"The Joust","floor":24,"gold_loss":50},{"cards_removed":["ats:Explosion Area Strengthen"],"damage_healed":0,"gold_gain":0,"player_choice":"Removed Attack","damage_taken":0,"max_hp_gain":0,"max_hp_loss":0,"event_name":"Falling","floor":37,"gold_loss":0},{"damage_healed":0,"gold_gain":0,"player_choice":"Paid","damage_taken":0,"relics_obtained":["Red Mask"],"max_hp_gain":0,"max_hp_loss":0,"event_name":"Tomb of Lord Red Mask","floor":38,"gold_loss":142},{"damage_healed":0,"gold_gain":0,"player_choice":"Memory 1","damage_taken":0,"max_hp_gain":0,"max_hp_loss":0,"event_name":"SensoryStone","floor":39,"gold_loss":0},{"damage_healed":18,"gold_gain":0,"player_choice":"Writhe","damage_taken":0,"max_hp_gain":0,"max_hp_loss":0,"event_name":"Winding Halls","floor":45,"gold_loss":0,"cards_obtained":["Writhe"]}],"is_beta":false,"boss_relics":[{"not_picked":["ChiXiaoBlade","TakeMeEscape"],"picked":"Black Star"},{"not_picked":["AddBug","Philosopher\u0027s Stone"],"picked":"SoulBox"}],"items_purged_floors":[36,53],"is_endless":false,"potions_floor_spawned":[5,6,12,13,14,22,25,28,31,40,46,47],"ascension_level":0}}