{"host":"6pgtslebjnyv5xmi","time":1609056191,"event":{"mods":["AchievementEnabler","BaseMod","Colored Map","Minty Spire (QoL Compilation)","Rare Cards Sparkle","StSLib","SuperFastMode","everything is the same but u backflip on backflip"],"gold_per_floor":[117,67,67,67,67,86,100,100,151,163,163,193,193,213,213,213,213],"floor_reached":16,"playtime":629,"items_purged":[],"score":145,"play_id":"d9a9ee0f-ba22-46cc-a8ab-1dbbb896255c","local_time":"20201227170311","is_ascension_mode":true,"campfire_choices":[{"data":"Entrench","floor":8,"key":"SMITH"},{"data":"Entrench","floor":11,"key":"SMITH"},{"data":"Body Slam","floor":13,"key":"SMITH"},{"floor":15,"key":"REST"}],"circlet_count":0,"master_deck":["Strike_R","Strike_R","Strike_R","Defend_R","Defend_R","Defend_R","Bash","Entrench+1","Fire Breathing","Limit Break","Body Slam+1","Entrench+1"],"relics":["Burning Blood","Strawberry","Bag of Marbles"],"acts_visited":["Exordium"],"potions_floor_usage":[12,12,12,16],"damage_taken":[{"damage":7,"enemies":"Jaw Worm","floor":1,"turns":6},{"damage":2,"enemies":"2 Louse","floor":6,"turns":4},{"damage":6,"enemies":"Cultist","floor":7,"turns":4},{"damage":25,"enemies":"Large Slime","floor":10,"turns":9},{"damage":20,"enemies":"Lagavulin","floor":12,"turns":8},{"damage":16,"enemies":"3 Louse","floor":14,"turns":5},{"damage":66,"enemies":"Hexaghost","floor":16,"turns":10}],"seed_played":"-7493308423073236543","potions_obtained":[{"floor":1,"key":"Dexterity Potion"},{"floor":7,"key":"Strength Potion"},{"floor":10,"key":"Strength Potion"},{"floor":14,"key":"Weak Potion"}],"is_trial":false,"path_per_floor":["M","?","$","?","$","M","M","R","T","M","R","E","R","M","R","B"],"character_chosen":"IRONCLAD","items_purchased":[],"campfire_rested":1,"item_purchase_floors":[],"current_hp_per_floor":[71,71,71,71,71,75,75,75,82,63,63,49,49,39,65,0,0],"gold":213,"neow_bonus":"TRANSFORM_CARD","is_daily":false,"chose_seed":false,"campfire_upgraded":3,"win_rate":0.0,"timestamp":1609056191,"path_taken":["M","?","$","?","$","M","M","R","T","?","R","E","R","M","R","BOSS"],"items_purchased_type":[],"build_version":"2020-12-22","purchased_purges":0,"victory":false,"max_hp_per_floor":[80,80,80,80,80,80,80,80,87,87,87,87,87,87,87,87,87],"card_choices":[{"not_picked":["Disarm","Power Through"],"picked":"Fire Breathing","floor":1},{"not_picked":["Anger","Warcry"],"picked":"Body Slam","floor":6},{"not_picked":["Headbutt","Combust"],"picked":"Entrench","floor":7},{"not_picked":["True Grit","Flex","Sword Boomerang"],"picked":"SKIP","floor":10},{"not_picked":["Fire Breathing","Offering","Burning Pact"],"picked":"SKIP","floor":12},{"not_picked":["Shrug It Off","Headbutt","Body Slam"],"picked":"SKIP","floor":14}],"player_experience":504141,"relics_obtained":[{"floor":9,"key":"Strawberry"},{"floor":12,"key":"Bag of Marbles"}],"event_choices":[{"cards_removed":["Strike_R"],"damage_healed":0,"gold_gain":0,"player_choice":"Card Removal","damage_taken":0,"max_hp_gain":0,"max_hp_loss":0,"event_name":"The Cleric","floor":2,"gold_loss":50},{"damage_healed":0,"gold_gain":0,"cards_transformed":["Defend_R"],"player_choice":"Transformed","damage_taken":0,"max_hp_gain":0,"max_hp_loss":0,"event_name":"Transmorgrifier","floor":4,"gold_loss":0,"cards_obtained":["Limit Break"]}],"is_beta":false,"boss_relics":[],"items_purged_floors":[],"is_endless":false,"potions_floor_spawned":[1,7,10,14],"killed_by":"Hexaghost","ascension_level":9}}