{"host":"98ajcw3do3zsggh8","time":1609091912,"event":{"mods":["BaseMod","Minty Spire (QoL Compilation)","Replay The Spire","StSLib"],"gold_per_floor":[112,112,129,148,148,148,182,182,209,36,50,76,87,101,101,101,101],"floor_reached":16,"playtime":426,"items_purged":["Languid"],"score":123,"play_id":"b1079587-e6c3-4506-9906-15455090cfdc","local_time":"20201227185832","is_ascension_mode":true,"campfire_choices":[{"data":"Catalyst","floor":6,"key":"SMITH"},{"data":"Toxin Wave","floor":8,"key":"SMITH"},{"floor":15,"key":"REST"}],"circlet_count":0,"master_deck":["Strike_G","Strike_G","Strike_G","Strike_G","Defend_G","Defend_G","Defend_G","Defend_G","Defend_G","Survivor","Neutralize","Toxin Wave+1","Bane","Catalyst+1","Adrenaline","Poisoned Stab","Dagger Spray","All Out Attack"],"relics":["Ring of the Snake","NeowsBlessing","Vajra","ReplayTheSpireMod:Lightbulb","Juzu Bracelet"],"acts_visited":["Exordium"],"potions_floor_usage":[7,7,14],"damage_taken":[{"damage":0,"enemies":"Cultist","floor":1,"turns":1},{"damage":0,"enemies":"2 Louse","floor":3,"turns":1},{"damage":0,"enemies":"Jaw Worm","floor":4,"turns":1},{"damage":29,"enemies":"Lagavulin","floor":7,"turns":8},{"damage":0,"enemies":"Large Slime","floor":11,"turns":5},{"damage":12,"enemies":"3 Sentries","floor":12,"turns":7},{"damage":16,"enemies":"Exordium Thugs","floor":13,"turns":3},{"damage":0,"enemies":"2 Fungi Beasts","floor":14,"turns":2},{"damage":31,"enemies":"Slime Boss","floor":16,"turns":6}],"seed_played":"-7575188523794678823","potions_obtained":[{"floor":1,"key":"Reflective Coating"},{"floor":4,"key":"Adrenaline Potion"},{"floor":12,"key":"Poison Potion"},{"floor":13,"key":"Elixir"}],"is_trial":false,"path_per_floor":["M","?","M","M","?","R","E","R","T","$","M","E","M","M","R","B"],"character_chosen":"THE_SILENT","items_purchased":["Poisoned Stab","Dagger Spray"],"campfire_rested":1,"item_purchase_floors":[10,10],"current_hp_per_floor":[70,63,63,63,63,63,34,34,34,34,34,22,6,6,27,0,0],"gold":101,"neow_bonus":"THREE_ENEMY_KILL","is_daily":false,"chose_seed":false,"campfire_upgraded":2,"win_rate":0.0,"timestamp":1609091912,"path_taken":["M","?","M","M","?","R","E","R","T","$","?","E","M","M","R","BOSS"],"items_purchased_type":["Card","Card"],"build_version":"2020-12-22","purchased_purges":1,"victory":false,"max_hp_per_floor":[70,70,70,70,70,70,70,70,70,70,70,70,70,70,70,70,70],"card_choices":[{"not_picked":["ReplayTheSpireMod:The Works","Escape Plan"],"picked":"Toxin Wave","floor":1},{"not_picked":["Dodge and Roll","Cloak And Dagger","Slice"],"picked":"SKIP","floor":3},{"not_picked":["PiercingWail","Poisoned Stab"],"picked":"Bane","floor":4},{"not_picked":["Backflip","Deflect"],"picked":"Adrenaline","floor":7},{"not_picked":["Sucker Punch","Dagger Spray","Well Laid Plans"],"picked":"SKIP","floor":11},{"not_picked":["Masterful Stab","Grand Finale","After Image"],"picked":"SKIP","floor":12},{"not_picked":["Dodge and Roll","Prepared"],"picked":"All Out Attack","floor":13},{"not_picked":["Bane","Slice","Blade Dance"],"picked":"SKIP","floor":14}],"player_experience":278758,"relics_obtained":[{"floor":7,"key":"Vajra"},{"floor":9,"key":"ReplayTheSpireMod:Lightbulb"},{"floor":12,"key":"Juzu Bracelet"}],"event_choices":[{"cards_removed":["Strike_G"],"damage_healed":0,"gold_gain":0,"player_choice":"Card Removal","damage_taken":7,"max_hp_gain":0,"max_hp_loss":0,"event_name":"Golden Wing","floor":2,"gold_loss":0},{"damage_healed":0,"gold_gain":0,"player_choice":"2 cards matched","damage_taken":0,"max_hp_gain":0,"max_hp_loss":0,"event_name":"Match and Keep!","floor":5,"gold_loss":0,"cards_obtained":["Languid","Catalyst"]}],"is_beta":false,"boss_relics":[],"items_purged_floors":[10],"is_endless":false,"potions_floor_spawned":[1,4,12,13],"killed_by":"Slime Boss","ascension_level":2}}