{"host":"rmsq46plbpwfbxcc","time":1609084269,"event":{"mods":["AchievementEnabler","BaseMod","Colored Map","DeckTracker","Minty Spire (QoL Compilation)","Permanent Neow","SuperFastMode"],"gold_per_floor":[112,127,142,156,174,174,185,185,185,185,211,211,222,250,250,325,325,337,337,54,54,54,54,87,87,87,87,118,133,147,165,165,239,239,256,273,289,209,209,209,243,35,44,44,63,88,88,116,116,116],"floor_reached":51,"playtime":1927,"items_purged":["Writhe","Writhe","Defend_G"],"score":1536,"play_id":"356d5c21-82af-4f7d-9f9e-2803ca4ae398","local_time":"20201228005109","is_ascension_mode":true,"campfire_choices":[{"data":"Neutralize","floor":6.0,"key":"SMITH"},{"data":"Choke","floor":8.0,"key":"SMITH"},{"data":"Cloak And Dagger","floor":15.0,"key":"SMITH"},{"data":"Footwork","floor":23.0,"key":"SMITH"},{"floor":27.0,"key":"REST"},{"data":"Phantasmal Killer","floor":32.0,"key":"SMITH"},{"data":"After Image","floor":40.0,"key":"SMITH"},{"data":"Terror","floor":44.0,"key":"SMITH"},{"data":"Blade Dance","floor":47,"key":"SMITH"},{"data":"Blade Dance","floor":49,"key":"SMITH"}],"circlet_count":0,"master_deck":["AscendersBane","Strike_G+1","Strike_G+1","Defend_G","Defend_G","Survivor","Neutralize+1","Flying Knee+1","Venomology+1","Cloak And Dagger+1","Backflip","Choke+1","Dagger Throw","PiercingWail","Cloak And Dagger+1","Phantasmal Killer+1","Footwork+1","Accuracy+1","Acrobatics","Tactician","PiercingWail","Blade Dance+1","After Image+1","CurseOfTheBell","Blade Dance+1","Accuracy+1","Burst","Terror+1","Clumsy","Adrenaline"],"relics":["Astrolabe","Gremlin Horn","Ninja Scroll","Mummified Hand","Cursed Key","Kunai","Lantern","Centennial Puzzle","Whetstone","Pantograph","Calling Bell","Juzu Bracelet","The Courier","Unceasing Top","CeramicFish","Bottled Lightning","Omamori"],"acts_visited":["Exordium","TheCity","TheBeyond"],"potions_floor_usage":[46,46,48,50],"damage_taken":[{"damage":3.0,"enemies":"Cultist","floor":1.0,"turns":4.0},{"damage":0.0,"enemies":"2 Louse","floor":2.0,"turns":4.0},{"damage":0.0,"enemies":"Small Slimes","floor":3.0,"turns":3.0},{"damage":0.0,"enemies":"2 Fungi Beasts","floor":4.0,"turns":3.0},{"damage":1.0,"enemies":"Looter","floor":5.0,"turns":3.0},{"damage":1.0,"enemies":"Blue Slaver","floor":7.0,"turns":3.0},{"damage":4.0,"enemies":"Gremlin Nob","floor":11.0,"turns":3.0},{"damage":0.0,"enemies":"Large Slime","floor":13.0,"turns":2.0},{"damage":0.0,"enemies":"3 Sentries","floor":14.0,"turns":5.0},{"damage":25.0,"enemies":"The Guardian","floor":16.0,"turns":15.0},{"damage":3.0,"enemies":"2 Thieves","floor":18.0,"turns":4.0},{"damage":23.0,"enemies":"Book of Stabbing","floor":24.0,"turns":7.0},{"damage":0.0,"enemies":"Gremlin Leader","floor":28.0,"turns":4.0},{"damage":0.0,"enemies":"Shell Parasite","floor":29.0,"turns":2.0},{"damage":0.0,"enemies":"Chosen and Byrds","floor":30.0,"turns":4.0},{"damage":10.0,"enemies":"Centurion and Healer","floor":31.0,"turns":3.0},{"damage":2.0,"enemies":"Collector","floor":33.0,"turns":6.0},{"damage":2.0,"enemies":"3 Shapes","floor":35.0,"turns":6.0},{"damage":11.0,"enemies":"3 Darklings","floor":36.0,"turns":3.0},{"damage":35.0,"enemies":"Maw","floor":37.0,"turns":8.0},{"damage":3.0,"enemies":"Giant Head","floor":41.0,"turns":5.0},{"damage":0,"enemies":"4 Shapes","floor":45,"turns":2},{"damage":0,"enemies":"Reptomancer","floor":46,"turns":5},{"damage":0,"enemies":"Jaw Worm Horde","floor":48,"turns":3},{"damage":37,"enemies":"Awakened One","floor":50,"turns":7}],"seed_played":"7262180655181267971","potions_obtained":[{"floor":5.0,"key":"AttackPotion"},{"floor":7.0,"key":"PowerPotion"},{"floor":31.0,"key":"EntropicBrew"},{"floor":33.0,"key":"EntropicBrew"},{"floor":36.0,"key":"Strength Potion"},{"floor":46,"key":"CunningPotion"}],"is_trial":false,"path_per_floor":["M","M","M","M","M","R","M","R","T","?","E","?","M","E","R","B",null,"M","?","$","?","?","R","E","?","T","R","E","M","M","M","R","B",null,"M","M","M","$","?","R","E","$","T","R","M","E","R","M","R","B",null],"character_chosen":"THE_SILENT","items_purchased":["Lantern","Footwork","Burst","Terror"],"campfire_rested":1,"item_purchase_floors":[20,20,42,42],"current_hp_per_floor":[56,56,56,56,55,55,54,54,54,47,43,43,43,43,43,18,54,51,51,51,33,33,33,25,25,25,46,46,46,46,36,36,59,68,66,55,20,20,20,20,17,17,17,17,17,17,17,17,17,5],"gold":116,"neow_bonus":"BOSS_RELIC","is_daily":false,"chose_seed":false,"campfire_upgraded":9,"win_rate":0.0,"timestamp":1609084269,"path_taken":["M","?","M","M","M","R","M","R","T","?","E","?","M","E","R","BOSS","M","?","$","?","?","R","E","?","T","R","E","M","M","M","R","BOSS","M","M","M","$","?","R","E","$","T","R","M","E","R","M","R","BOSS"],"items_purchased_type":["Relic","Card","Card","Card"],"build_version":"2020-12-22","purchased_purges":3,"victory":true,"max_hp_per_floor":[66,66,66,66,66,66,66,66,66,66,66,66,66,66,66,66,66,66,66,66,71,71,71,71,71,71,71,71,71,71,71,71,71,71,71,71,71,71,71,71,71,71,71,71,71,71,71,71,71,71],"card_choices":[{"not_picked":["Flechettes","Dodge and Roll"],"picked":"Backflip","floor":1.0},{"not_picked":["Flying Knee","Infinite Blades"],"picked":"Choke","floor":2.0},{"not_picked":["Quick Slash","Caltrops"],"picked":"Dagger Throw","floor":3.0},{"not_picked":["Skewer","Backflip","Masterful Stab"],"picked":"SKIP","floor":4.0},{"not_picked":["Deadly Poison","Backflip"],"picked":"PiercingWail","floor":5.0},{"not_picked":["Choke","Dagger Spray","Poisoned Stab"],"picked":"SKIP","floor":7.0},{"not_picked":["Bane","Reflex","Catalyst"],"picked":"SKIP","floor":11.0},{"not_picked":["Crippling Poison","Deadly Poison","Flechettes"],"picked":"SKIP","floor":13.0},{"not_picked":["Catalyst","Acrobatics"],"picked":"Cloak And Dagger","floor":14.0},{"not_picked":["Corpse Explosion","Venomology"],"picked":"Phantasmal Killer","floor":16.0},{"not_picked":["Poisoned Stab","Sucker Punch","Cloak And Dagger"],"picked":"SKIP","floor":18.0},{"not_picked":["Endless Agony+1","Infinite Blades"],"picked":"Accuracy","floor":24.0},{"not_picked":["Bane+1","Eviscerate+1"],"picked":"Acrobatics","floor":28.0},{"not_picked":["Cloak And Dagger","Poisoned Stab"],"picked":"Tactician","floor":29.0},{"not_picked":["Leg Sweep","Deflect+1"],"picked":"PiercingWail","floor":30.0},{"not_picked":["Prepared","Dodge and Roll"],"picked":"Blade Dance","floor":31.0},{"not_picked":["Corpse Explosion","Burst"],"picked":"After Image","floor":33.0},{"not_picked":["Prepared+1","Riddle With Holes","Flying Knee+1"],"picked":"SKIP","floor":35.0},{"not_picked":["Underhanded Strike","Quick Slash"],"picked":"Blade Dance","floor":36.0},{"not_picked":["All Out Attack+1","Outmaneuver","Poisoned Stab"],"picked":"SKIP","floor":37.0},{"not_picked":["Dodge and Roll","Deadly Poison","Masterful Stab"],"picked":"SKIP","floor":41.0},{"not_picked":["Bane","Cloak And Dagger","Prepared"],"picked":"SKIP","floor":45},{"not_picked":["Underhanded Strike+1","Quick Slash","PiercingWail"],"picked":"SKIP","floor":46},{"not_picked":["Distraction","Heel Hook"],"picked":"Adrenaline","floor":48}],"player_experience":1398572,"relics_obtained":[{"floor":9.0,"key":"Gremlin Horn"},{"floor":11.0,"key":"Ninja Scroll"},{"floor":14.0,"key":"Mummified Hand"},{"floor":24.0,"key":"Centennial Puzzle"},{"floor":26.0,"key":"Whetstone"},{"floor":28.0,"key":"Pantograph"},{"floor":34.0,"key":"Juzu Bracelet"},{"floor":34.0,"key":"The Courier"},{"floor":34.0,"key":"Unceasing Top"},{"floor":41.0,"key":"CeramicFish"},{"floor":43.0,"key":"Bottled Lightning"},{"floor":46,"key":"Omamori"}],"event_choices":[{"cards_removed":["Strike_G"],"damage_healed":0.0,"max_hp_gain":0.0,"max_hp_loss":0.0,"gold_gain":0.0,"event_name":"Golden Wing","player_choice":"Card Removal","floor":10.0,"gold_loss":0.0,"damage_taken":7.0},{"cards_removed":["Defend_G"],"damage_healed":0.0,"max_hp_gain":0.0,"max_hp_loss":0.0,"gold_gain":0.0,"event_name":"Living Wall","player_choice":"Forget","floor":12.0,"gold_loss":0.0,"damage_taken":0.0},{"damage_healed":0.0,"max_hp_gain":0.0,"max_hp_loss":0.0,"gold_gain":0.0,"event_name":"The Mausoleum","player_choice":"Opened","floor":19.0,"gold_loss":0.0,"damage_taken":0.0,"relics_obtained":["Kunai"],"cards_obtained":["Writhe"]},{"damage_healed":0.0,"max_hp_gain":5.0,"max_hp_loss":0.0,"gold_gain":0.0,"event_name":"Forgotten Altar","player_choice":"Shed Blood","floor":21.0,"gold_loss":0.0,"damage_taken":23.0},{"damage_healed":0.0,"max_hp_gain":0.0,"max_hp_loss":0.0,"gold_gain":0.0,"event_name":"Vampires","player_choice":"Ignored","floor":22.0,"gold_loss":0.0,"damage_taken":0.0},{"damage_healed":0.0,"max_hp_gain":0.0,"max_hp_loss":0.0,"gold_gain":0.0,"event_name":"Upgrade Shrine","player_choice":"Upgraded","floor":25.0,"gold_loss":0.0,"damage_taken":0.0,"cards_upgraded":["Accuracy"]},{"damage_healed":0.0,"max_hp_gain":0.0,"max_hp_loss":0.0,"gold_gain":0.0,"event_name":"Duplicator","player_choice":"Copied","floor":39.0,"gold_loss":0.0,"damage_taken":0.0,"cards_obtained":["Accuracy"]}],"is_beta":false,"boss_relics":[{"not_picked":["Empty Cage","Runic Pyramid"],"picked":"Cursed Key"},{"not_picked":["HoveringKite","Tiny House"],"picked":"Calling Bell"}],"items_purged_floors":[20,38,42],"is_endless":false,"potions_floor_spawned":[3,5,7,29,31,33,36,41,46,48],"ascension_level":18}}