{"host":"s8k08j4eybfen9r6","time":1609059518,"event":{"mods":["Aspiration","BaseMod","Better Altar","Better Match","Better Note","Better Sensory Stone","Better Skull","Better Third Choice","BetterRewards","Downfall","Duelist Mod","Hubris","Minty Spire (QoL Compilation)","MostiFishMod","Rare Cards Sparkle","Shop Mod","Spicy Shops","StSLib"],"gold_per_floor":[140,159,174,174,192,218,237,266,311,368,388,405,431,478,478,583,583,603,603,603,626,186,223,238,238,238],"floor_reached":25,"playtime":1974,"items_purged":[],"score":326,"play_id":"1e23e767-b4c5-40f9-b41e-26df59b7ddc8","local_time":"20201227185838","is_ascension_mode":true,"campfire_choices":[{"floor":15,"key":"REST"}],"circlet_count":0,"master_deck":["theDuelist:BabyDragon","theDuelist:CastleWalls","theDuelist:CastleWalls","theDuelist:CaveDragon","theDuelist:CaveDragon","theDuelist:LesserDragon","theDuelist:LesserDragon","theDuelist:Sparks","theDuelist:Sparks","theDuelist:YamataDragon","theDuelist:RedEyesZombie","theDuelist:CyberEndDragon","theDuelist:ViceDragon","theDuelist:CyberDragonCore","theDuelist:CyberTwinDragon","theDuelist:CyberDragonVier","theDuelist:AncientPixieDragon","theDuelist:CoralDragon","theDuelist:CyberValley","theDuelist:BusterDrake","theDuelist:BurstBreath","theDuelist:ArmageddonDragonEmp","theDuelist:DragonMastery","theDuelist:BerserkScales","theDuelist:SilverWing","theDuelist:MaskedDragon","theDuelist:AncientPixieDragon"],"relics":["theDuelist:MillenniumPuzzle","theDuelist:CardPoolRelic","theDuelist:CardPoolBasicRelic","theDuelist:BoosterPackPoolRelic","theDuelist:CardPoolAddRelic","theDuelist:CardPoolMinusRelic","theDuelist:CardPoolSaveRelic","theDuelist:CardPoolOptionsRelic","DaveBox","RhineCircuit","Regal Pillow","SynthV:TestCard","Bag of Marbles","Peace Pipe","Toy Ornithopter","theDuelist:KaibaToken","GuanYuAspect","hubris:Icosahedron","theDuelist:MillenniumToken","Nunchaku","theDuelist:MillenniumRod"],"acts_visited":["Exordium","TheCity"],"potions_floor_usage":[6,10,10,13,13,14,21,24],"damage_taken":[{"damage":1,"enemies":"Jaw Worm","floor":1,"turns":3},{"damage":0,"enemies":"2 Louse","floor":2,"turns":2},{"damage":2,"enemies":"Small Slimes","floor":3,"turns":3},{"damage":2,"enemies":"Red Slaver","floor":5,"turns":2},{"damage":18,"enemies":"Lagavulin","floor":6,"turns":5},{"damage":9,"enemies":"Exordium Thugs","floor":7,"turns":5},{"damage":16,"enemies":"3 Sentries","floor":8,"turns":7},{"damage":16,"enemies":"Lagavulin Event","floor":10,"turns":4},{"damage":5,"enemies":"Gremlin Gang","floor":11,"turns":4},{"damage":1,"enemies":"Exordium Wildlife","floor":12,"turns":3},{"damage":26,"enemies":"Lagavulin","floor":13,"turns":6},{"damage":5,"enemies":"Red Slaver","floor":14,"turns":4},{"damage":28,"enemies":"The Guardian","floor":16,"turns":6},{"damage":31,"enemies":"Shell Parasite","floor":18,"turns":5},{"damage":11,"enemies":"Spheric Guardian","floor":21,"turns":3},{"damage":3,"enemies":"theDuelist:KaibaA2","floor":23,"turns":5},{"damage":10,"enemies":"Centurion and Healer","floor":24,"turns":5},{"damage":27,"enemies":"Gremlin Leader","floor":25,"turns":2}],"seed_played":"4441255119713285217","potions_obtained":[{"floor":2,"key":"Regen Potion"},{"floor":3,"key":"theDuelist:CoolBottle"},{"floor":5,"key":"Strength Potion"},{"floor":8,"key":"Strength Potion"},{"floor":12,"key":"theDuelist:TokenPotion"},{"floor":13,"key":"GamblersBrew"},{"floor":21,"key":"theDuelist:TokenPotionB"},{"floor":23,"key":"ColorlessPotion"}],"is_trial":false,"path_per_floor":["M","M","M","?","M","E","M","E","T","?","M","M","E","M","R","B",null,"M","?","?","M","$","E","M","E"],"character_chosen":"THE_DUELIST","items_purchased":["theDuelist:MillenniumToken","Nunchaku"],"campfire_rested":1,"item_purchase_floors":[22,22],"current_hp_per_floor":[79,79,77,77,75,66,57,41,41,25,20,19,3,3,42,14,40,19,19,19,13,13,21,24,0,0],"gold":238,"neow_bonus":"RANDOM_COMMON_RELIC","is_daily":false,"chose_seed":false,"campfire_upgraded":0,"win_rate":0.0,"timestamp":1609059518,"path_taken":["M","M","M","?","M","E","M","E","T","?","M","M","E","M","R","BOSS","M","?","?","M","$","E","M","E"],"items_purchased_type":["Relic","Relic"],"build_version":"2020-12-22","purchased_purges":0,"victory":false,"max_hp_per_floor":[80,80,80,80,80,80,80,80,80,80,80,80,80,80,80,80,40,40,40,40,40,40,40,40,40,40],"card_choices":[{"not_picked":["theDuelist:TwinHeadedFire","theDuelist:CyberDinosaur","theDuelist:CyberDragonDrei","theDuelist:Anthrosaurus"],"picked":"theDuelist:RedEyesZombie","floor":1},{"not_picked":["theDuelist:SpiralSpearStrike","theDuelist:Destroyersaurus"],"picked":"theDuelist:CyberEndDragon","floor":2},{"not_picked":["theDuelist:Kabazauls","theDuelist:CoralDragon","theDuelist:AncientPixieDragon","theDuelist:FangCritias"],"picked":"theDuelist:ViceDragon","floor":3},{"not_picked":["theDuelist:Kabazauls","theDuelist:Hydrogeddon","theDuelist:Earthquake","theDuelist:BlackBrutdrago"],"picked":"theDuelist:CyberDragonCore","floor":5},{"not_picked":["theDuelist:BlackPtera","theDuelist:BlackBrachios","theDuelist:BarrelDragon","theDuelist:TrihornedDragon"],"picked":"theDuelist:CyberTwinDragon","floor":6},{"not_picked":["theDuelist:DarkHorus","theDuelist:DarkDriceratops","theDuelist:Anthrosaurus","theDuelist:ClawHermos"],"picked":"theDuelist:CyberDragonVier","floor":7},{"not_picked":["theDuelist:Kabazauls","theDuelist:DarkDriceratops","theDuelist:DragonPiper","theDuelist:TwinBarrelDragon"],"picked":"theDuelist:AncientPixieDragon","floor":8},{"not_picked":["theDuelist:SnowdustDragon","theDuelist:FiendSkull","theDuelist:CurseDragon","theDuelist:AncientPixieDragon"],"picked":"theDuelist:CoralDragon","floor":10},{"not_picked":["theDuelist:MirageDragon","theDuelist:StarlightRoad","theDuelist:TornadoDragon","theDuelist:FangCritias"],"picked":"theDuelist:CyberValley","floor":11},{"not_picked":["theDuelist:MirageDragon","theDuelist:CurseDragon","theDuelist:Anthrosaurus","theDuelist:BurstBreath"],"picked":"theDuelist:BusterDrake","floor":12},{"not_picked":["theDuelist:BlackBrutdrago","theDuelist:FrostflameDragon","theDuelist:BackupSoldier","theDuelist:FrozenFitzgerald"],"picked":"theDuelist:BurstBreath","floor":13},{"not_picked":["theDuelist:SeismicShockwave","theDuelist:QueenDragunDjinn","theDuelist:FiveHeaded","theDuelist:BlueDuston"],"picked":"theDuelist:ArmageddonDragonEmp","floor":14},{"not_picked":["theDuelist:LostWorld","theDuelist:DoomkaiserDragon","theDuelist:ChimeratechOverdragon","theDuelist:GravityLash"],"picked":"theDuelist:DragonMastery","floor":16},{"not_picked":["theDuelist:Lancephorhynchus","theDuelist:DragonMastery","theDuelist:ChimeratechOverdragon","theDuelist:ArmageddonDragonEmp"],"picked":"theDuelist:BerserkScales","floor":18},{"not_picked":["theDuelist:Pyrorex","theDuelist:BusterBlader","theDuelist:BlackStego","theDuelist:TwinBarrelDragon"],"picked":"theDuelist:MaskedDragon","floor":21},{"not_picked":["theDuelist:BusterBlader","theDuelist:CurseDragon+1","theDuelist:MaskedDragon","theDuelist:CyberneticRevolution"],"picked":"theDuelist:AncientPixieDragon","floor":23},{"not_picked":["theDuelist:BattleguardKing+1","theDuelist:BigFire","theDuelist:Hinotama","theDuelist:RainbowOverdragon","theDuelist:Raigeki"],"picked":"SKIP","floor":24}],"player_experience":385624,"relics_obtained":[{"floor":1,"key":"SynthV:TestCard"},{"floor":6,"key":"Bag of Marbles"},{"floor":8,"key":"Peace Pipe"},{"floor":10,"key":"Toy Ornithopter"},{"floor":13,"key":"theDuelist:KaibaToken"},{"floor":23,"key":"theDuelist:MillenniumRod"}],"event_choices":[{"damage_healed":0,"gold_gain":0,"player_choice":"Ignored","damage_taken":0,"max_hp_gain":0,"max_hp_loss":0,"event_name":"Golden Wing","floor":4,"gold_loss":0},{"damage_healed":0,"gold_gain":0,"player_choice":"Searched \u00272\u0027 times","damage_taken":0,"max_hp_gain":0,"max_hp_loss":0,"event_name":"Dead Adventurer","floor":10,"gold_loss":0},{"damage_healed":0,"gold_gain":0,"player_choice":"Read","damage_taken":0,"max_hp_gain":0,"max_hp_loss":0,"event_name":"The Library","floor":19,"gold_loss":0,"cards_obtained":["theDuelist:SilverWing"]}],"is_beta":false,"boss_relics":[{"not_picked":["hubris:VirtuousBlindfold","hubris:BlackHole"],"picked":"GuanYuAspect"}],"items_purged_floors":[],"is_endless":false,"potions_floor_spawned":[2,3,5,8,12,13,21,23],"killed_by":"Gremlin Leader","ascension_level":4}}