{"host":"vc42n08di9czm3e7","time":1609116563,"event":{"mods":["AchievementEnabler","Act Like it!","BaseMod","BetterRewards","Colored Powertips","Downfall","Friendly Minions","GifTheSpireLib","Minty Spire (QoL Compilation)","Quick Restart","Rare Cards Sparkle","StSLib","The Construct","The Jungle"],"gold_per_floor":[119,139,158,174,186,215,215,230,255,270,288,320,22,38,38,137,137,157,187,187,197,14,14,49,63,63,77,89,108,108,23,23,23,23],"floor_reached":33,"playtime":1800,"items_purged":["Strike_B","Strike_B"],"score":285,"play_id":"518037b3-d918-4d9e-b64e-0589cb55a52b","local_time":"20201227194923","is_ascension_mode":false,"campfire_choices":[{"data":"Reboot","floor":7,"key":"SMITH"},{"floor":15,"key":"REST"},{"data":"Apotheosis","floor":23,"key":"SMITH"},{"data":"Seek","floor":32,"key":"SMITH"}],"circlet_count":0,"master_deck":["Strike_B","Strike_B","Defend_B","Defend_B","Defend_B","Defend_B","Zap","Dualcast","Cold Snap","Redo","Ball Lightning","Leap","Reboot+1","Self Repair","Ball Lightning","Streamline","Cold Snap","Sweeping Beam","Doom and Gloom","Sweeping Beam","Seek+1","Defragment","FTL","Chill","Apotheosis+1","Consume+1","Loop","Heatsinks","Self Repair"],"relics":["Cracked Core","NeowsBlessing","Regal Pillow","Bronze Scales","Art of War","DataDisk","construct:WeddingRing","Red Mask","Smiling Mask"],"acts_visited":["Exordium","TheCity"],"potions_floor_usage":[5,6,11,12,19,24,33],"damage_taken":[{"damage":0,"enemies":"Jaw Worm","floor":1,"turns":1},{"damage":0,"enemies":"2 Louse","floor":2,"turns":1},{"damage":0,"enemies":"Cultist","floor":3,"turns":1},{"damage":6,"enemies":"Large Slime","floor":4,"turns":5},{"damage":11,"enemies":"3 Louse","floor":5,"turns":3},{"damage":14,"enemies":"Lagavulin","floor":6,"turns":6},{"damage":4,"enemies":"Looter","floor":8,"turns":4},{"damage":2,"enemies":"Blue Slaver","floor":10,"turns":3},{"damage":6,"enemies":"Exordium Wildlife","floor":11,"turns":3},{"damage":16,"enemies":"3 Sentries","floor":12,"turns":6},{"damage":9,"enemies":"Lots of Slimes","floor":14,"turns":2},{"damage":39,"enemies":"Hexaghost","floor":16,"turns":8},{"damage":0,"enemies":"Chosen","floor":18,"turns":3},{"damage":33,"enemies":"Masked Bandits","floor":19,"turns":4},{"damage":16,"enemies":"Shell Parasite","floor":21,"turns":4},{"damage":3,"enemies":"Slavers","floor":24,"turns":5},{"damage":0,"enemies":"Centurion and Healer","floor":25,"turns":7},{"damage":16,"enemies":"Snake Plant","floor":27,"turns":3},{"damage":14,"enemies":"3 Cultists","floor":28,"turns":4},{"damage":0,"enemies":"Cultist and Chosen","floor":29,"turns":4},{"damage":54,"enemies":"Champ","floor":33,"turns":6}],"seed_played":"6722322009626771114","potions_obtained":[{"floor":3,"key":"BlessingOfTheForge"},{"floor":4,"key":"SteroidPotion"},{"floor":5,"key":"SpeedPotion"},{"floor":6,"key":"hexamod:EctoCoolerPotion"},{"floor":11,"key":"PowerPotion"},{"floor":12,"key":"Swift Potion"},{"floor":21,"key":"sneckomod:MuddlingPotion"},{"floor":27,"key":"SteroidPotion"},{"floor":28,"key":"SpeedPotion"}],"is_trial":false,"path_per_floor":["M","M","M","M","M","E","R","M","T","M","M","E","$","M","R","B",null,"M","?","?","M","$","R","E","M","T","M","M","M","?","$","R","B"],"character_chosen":"DEFECT","items_purchased":["DataDisk","Doom and Gloom","Apotheosis","Self Repair"],"campfire_rested":1,"item_purchase_floors":[13,13,22,31],"current_hp_per_floor":[75,75,75,69,58,44,44,47,47,52,46,37,37,28,65,26,75,75,49,42,33,33,33,40,47,47,41,34,44,44,44,44,0,0],"gold":23,"neow_bonus":"THREE_ENEMY_KILL","is_daily":false,"chose_seed":false,"campfire_upgraded":3,"win_rate":0.0,"timestamp":1609116563,"path_taken":["M","M","M","M","M","E","R","M","T","M","M","E","$","M","R","BOSS","M","?","?","M","$","R","E","M","T","M","?","M","?","$","R","BOSS"],"items_purchased_type":["Relic","Card","Card","Card"],"build_version":"2020-12-22","purchased_purges":2,"victory":false,"max_hp_per_floor":[75,75,75,75,75,75,75,75,75,75,75,75,75,75,75,75,75,75,75,75,75,75,75,75,75,75,75,75,75,75,75,75,75,75],"card_choices":[{"not_picked":["Storm","Scrape"],"picked":"Cold Snap","floor":1},{"not_picked":["Reprogram","Stack"],"picked":"Redo","floor":2},{"not_picked":["Capacitor","Gash"],"picked":"Ball Lightning","floor":3},{"not_picked":["Gash","Beam Cell"],"picked":"Leap","floor":4},{"not_picked":["Redo","Coolheaded"],"picked":"Reboot","floor":5},{"not_picked":["Auto Shields","Beam Cell"],"picked":"Self Repair","floor":6},{"not_picked":["Reprogram","Chaos"],"picked":"Ball Lightning","floor":8},{"not_picked":["Conserve Battery","Steam"],"picked":"Streamline","floor":10},{"not_picked":["Consume","Storm"],"picked":"Cold Snap","floor":11},{"not_picked":["Steam","Glacier"],"picked":"Sweeping Beam","floor":12},{"not_picked":["Streamline","Beam Cell"],"picked":"Sweeping Beam","floor":14},{"not_picked":["Thunder Strike","Multi-Cast"],"picked":"Seek","floor":16},{"not_picked":["Lockon","Hologram"],"picked":"Defragment","floor":18},{"not_picked":["Gash","Conserve Battery"],"picked":"FTL","floor":19},{"not_picked":["Hologram+1","Redo"],"picked":"Chill","floor":21},{"not_picked":["Rip and Tear","Heatsinks"],"picked":"Consume+1","floor":24},{"not_picked":["Sweeping Beam","Rip and Tear","Gash"],"picked":"SKIP","floor":25},{"not_picked":["Cold Snap","Go for the Eyes","Recycle"],"picked":"SKIP","floor":27},{"not_picked":["Cold Snap","Recycle"],"picked":"Loop","floor":28},{"not_picked":["Streamline+1","Conserve Battery"],"picked":"Heatsinks","floor":29}],"player_experience":275245,"relics_obtained":[{"floor":6,"key":"Regal Pillow"},{"floor":9,"key":"Bronze Scales"},{"floor":12,"key":"Art of War"},{"floor":19,"key":"Red Mask"},{"floor":24,"key":"Smiling Mask"}],"event_choices":[{"damage_healed":0,"gold_gain":0,"player_choice":"Fought Bandits","damage_taken":0,"max_hp_gain":0,"max_hp_loss":0,"event_name":"Masked Bandits","floor":19,"gold_loss":0},{"damage_healed":0,"gold_gain":0,"player_choice":"Damaged","damage_taken":7,"max_hp_gain":0,"max_hp_loss":0,"event_name":"Wheel of Change","floor":20,"gold_loss":0},{"damage_healed":0,"gold_gain":0,"player_choice":"Ignored","damage_taken":0,"max_hp_gain":0,"max_hp_loss":0,"event_name":"Ghosts","floor":30,"gold_loss":0}],"is_beta":false,"boss_relics":[{"not_picked":["Black Star","expansioncontent:StudyCardRelic"],"picked":"construct:WeddingRing"}],"items_purged_floors":[13,31],"is_endless":false,"potions_floor_spawned":[3,4,5,6,11,12,21,27,28,29],"killed_by":"Champ","ascension_level":0}}