{"host":"hgkb2zpbo2dcws21","time":1609061165,"event":{"mods":["AchievementEnabler","BaseMod","Colored Map","Colored Powertips","Custom Start","DeckTracker","KOR Keyword Fix","Minty Spire (QoL Compilation)","Relic Stats","StSLib","SuperFastMode"],"gold_per_floor":[117,131,131,143,163,196,196,212,212,212,212,212,227,152,152,152,152],"floor_reached":16,"playtime":301,"items_purged":["Pain"],"score":184,"play_id":"93c8fa21-bce8-4615-bd72-85e561bca942","local_time":"20201227182605","is_ascension_mode":true,"campfire_choices":[{"data":"Eruption","floor":7,"key":"SMITH"},{"data":"Meditate","floor":10,"key":"SMITH"},{"floor":12,"key":"REST"},{"data":"Establishment","floor":15,"key":"SMITH"}],"circlet_count":0,"master_deck":["AscendersBane","Strike_P","Strike_P","Strike_P","Strike_P","Defend_P","Defend_P","Defend_P","Defend_P","Eruption+1","Vigilance","Omniscience","Meditate+1","Halt","EmptyFist","Establishment+1"],"relics":["PureWater","Happy Flower","Anchor","WarpedTongs"],"acts_visited":["Exordium"],"potions_floor_usage":[6,8],"damage_taken":[{"damage":0,"enemies":"Cultist","floor":1,"turns":2},{"damage":8,"enemies":"2 Louse","floor":2,"turns":2},{"damage":1,"enemies":"Small Slimes","floor":4,"turns":3},{"damage":4,"enemies":"Looter","floor":5,"turns":3},{"damage":23,"enemies":"Lagavulin","floor":6,"turns":5},{"damage":28,"enemies":"3 Louse","floor":8,"turns":3},{"damage":6,"enemies":"Blue Slaver","floor":13,"turns":6},{"damage":29,"enemies":"The Guardian","floor":16,"turns":6}],"seed_played":"-8721709915614766754","potions_obtained":[{"floor":1,"key":"EntropicBrew"},{"floor":2,"key":"Swift Potion"},{"floor":8,"key":"CultistPotion"}],"is_trial":false,"path_per_floor":["M","M","?","M","M","E","R","M","T","R","?","R","M","$","R","B"],"character_chosen":"WATCHER","items_purchased":[],"campfire_rested":1,"item_purchase_floors":[],"current_hp_per_floor":[61,53,49,48,44,21,21,20,20,20,20,40,34,34,34,5,5],"gold":152,"neow_bonus":"ONE_RANDOM_RARE_CARD","is_daily":false,"chose_seed":false,"campfire_upgraded":3,"win_rate":0.0,"timestamp":1609061165,"path_taken":["M","?","?","?","M","E","R","M","T","R","?","R","M","$","R","BOSS"],"items_purchased_type":[],"build_version":"2020-12-22","purchased_purges":1,"victory":false,"max_hp_per_floor":[68,68,68,68,68,68,68,68,68,68,68,68,68,68,68,68,68],"relic_stats":{"Happy Flower":[5],"counters":[8,30],"obtain_stats":[{"Anchor":9,"Happy Flower":6,"PureWater":0,"WarpedTongs":11},{"Anchor":6,"Happy Flower":5,"PureWater":0,"WarpedTongs":6},{"Anchor":18,"Happy Flower":15,"PureWater":0,"WarpedTongs":18}],"WarpedTongs":[12]},"card_choices":[{"not_picked":["Perseverance","BattleHymn"],"picked":"Meditate","floor":1},{"not_picked":["CutThroughFate","Protect"],"picked":"Halt","floor":2},{"not_picked":["SignatureMove","EmptyBody"],"picked":"EmptyFist","floor":4},{"not_picked":["FlyingSleeves","Collect","FlurryOfBlows"],"picked":"SKIP","floor":5},{"not_picked":["JustLucky","CutThroughFate","Omniscience"],"picked":"SKIP","floor":6},{"not_picked":["FlyingSleeves","Protect","BowlingBash"],"picked":"SKIP","floor":8},{"not_picked":["EmptyBody","EmptyFist"],"picked":"Establishment","floor":13}],"player_experience":1109772,"relics_obtained":[{"floor":6,"key":"Happy Flower"},{"floor":9,"key":"Anchor"}],"event_choices":[{"damage_healed":0,"gold_gain":0,"player_choice":"Bought 0 Potions","damage_taken":0,"max_hp_gain":0,"max_hp_loss":0,"event_name":"The Woman in Blue","floor":3,"gold_loss":0},{"damage_healed":0,"gold_gain":0,"player_choice":"Rummage","damage_taken":0,"relics_obtained":["WarpedTongs"],"max_hp_gain":0,"max_hp_loss":0,"event_name":"Accursed Blacksmith","floor":11,"gold_loss":0,"cards_obtained":["Pain"]}],"is_beta":false,"boss_relics":[],"items_purged_floors":[14],"is_endless":false,"potions_floor_spawned":[1,2,8,13],"killed_by":"The Guardian","ascension_level":16}}