{"host":"l017gercouzhorma","time":1609037530,"event":{"mods":["AchievementEnabler","Aspiration","BaseMod","Challenge The Spire","Conspire","Downfall","Halation","Hermit","Hubris","Infinite Spire","Jorbs\u0027s Wanderer Trilogy","Mad Scientist","Marisa????????","Mimic Mod","Minty Spire (QoL Compilation)","Random Character Button","Rare Cards Sparkle","Relic Stats","Replay The Spire","Shade Mod","StSLib","The Cursed","The Disciple","The Hierophant","The Jungle","The Runesmith","The Servant 0.9.4"],"gold_per_floor":[99,99,110,123,3,13,46,74,92,117,141,143,68,94,118,241,241,241,261,361,384,412,432,432,357,382,384,384,384,384,429,450,558,558,558,580,607,607,626,664,715,762,774,809,853,867,897,943,975,1001],"floor_reached":51,"playtime":10237,"items_purged":[],"score":787,"play_id":"5da1ad31-61ca-4079-b75f-17d2e7ecb8b2","local_time":"20201226195210","is_ascension_mode":false,"campfire_choices":[{"data":"Slimebound:Split","floor":1,"key":"SMITH"},{"floor":13,"key":"RECALL"},{"floor":18,"key":"DIG"},{"data":"Slimebound:Gluttony","floor":25,"key":"SMITH"},{"data":"Slimebound:MassFeed","floor":28,"key":"SMITH"},{"data":"Slimebound:TongueLash","floor":30,"key":"SMITH"},{"floor":35,"key":"DIG"},{"data":"1","floor":43,"key":"LIFT"}],"circlet_count":0,"master_deck":["Slimebound:Strike_Slimebound","Slimebound:Strike_Slimebound","Slimebound:Tackle","Slimebound:Defend_Slimebound","Slimebound:Defend_Slimebound","Slimebound:Defend_Slimebound","Slimebound:Split+1","Slimebound:CorrosiveSpit","Slimebound:Dissolve","Slimebound:TongueLash+1","Slimebound:GoopSpray","Slimebound:FirmFortitude","Slimebound:Equalize","Slimebound:ItLooksTasty","Slimebound:ItLooksTasty","Slimebound:LivingWall","Slimebound:LeechEnergy","Slimebound:MassFeed+1","Slimebound:FormOfPuddle","infinitespire:UltimateForm","Slimebound:LeechingTouch","Slimebound:PrepareCrush","Slimebound:Schlurp","Slimebound:LevelUp","Slimebound:Gluttony+1","Slimebound:SamplingLick","Slimebound:CheckThePlaybook","Slimebound:OozeBath","Slimebound:SamplingLick+1","Slimebound:Nibble","Slimebound:MegaLick+1","Slimebound:SpikyOuterGoop+1","Slimebound:SamplingLick+1","Slimebound:SlimeSlap","Slimebound:GoopSpray+1"],"relics":["Slimebound:AbsorbEndCombat","Centennial Puzzle","infinitespire:Midas Blood","downfall:HeartBlessingGreen","hubris:GrandSneckoEye","Anchor","aspiration:SeaSaltIceCream","aspiration:Nostalgia","m_SnakeCloak","downfall:HeartBlessingRed","aspiration:RitualStick","Replay:Baseball","Replay:Bronze Core","Tiny Chest","Girya","MawBank","conspire:InfiniteJournal","hubris:SphereOfDissonance"],"acts_visited":["Exordium","TheCity","TheBeyond"],"potions_floor_usage":[11,11,14,14,14,16,16,23,31,33,33,33,40,44,49,50,50],"damage_taken":[{"damage":12,"enemies":"Cultist","floor":3,"turns":3},{"damage":11,"enemies":"Jaw Worm","floor":4,"turns":4},{"damage":15,"enemies":"downfall:FleeingMerchant","floor":5,"turns":4},{"damage":0,"enemies":"2 Louse","floor":6,"turns":2},{"damage":11,"enemies":"Exordium Wildlife","floor":7,"turns":4},{"damage":39,"enemies":"3 Sentries","floor":8,"turns":5},{"damage":16,"enemies":"Exordium Wildlife","floor":9,"turns":3},{"damage":22,"enemies":"Lots of Slimes","floor":10,"turns":3},{"damage":29,"enemies":"3 Louse","floor":11,"turns":3},{"damage":18,"enemies":"Large Slime","floor":14,"turns":4},{"damage":21,"enemies":"Red Slaver","floor":15,"turns":2},{"damage":48,"enemies":"downfall:Watcher","floor":16,"turns":11},{"damage":8,"enemies":"3 Byrds","floor":19,"turns":3},{"damage":15,"enemies":"Spheric Guardian","floor":21,"turns":3},{"damage":41,"enemies":"Snake Plant","floor":22,"turns":4},{"damage":34,"enemies":"Snecko","floor":23,"turns":5},{"damage":14,"enemies":"3 Cultists","floor":26,"turns":5},{"damage":46,"enemies":"Gremlin Leader","floor":31,"turns":4},{"damage":12,"enemies":"Cultist and Chosen","floor":32,"turns":2},{"damage":16,"enemies":"downfall:Ironclad","floor":33,"turns":4},{"damage":30,"enemies":"Orb Walker","floor":36,"turns":4},{"damage":34,"enemies":"3 Shapes","floor":37,"turns":4},{"damage":25,"enemies":"3 Darklings","floor":39,"turns":5},{"damage":39,"enemies":"Giant Head","floor":40,"turns":6},{"damage":24,"enemies":"Transient","floor":44,"turns":5},{"damage":49,"enemies":"Writhing Mass","floor":45,"turns":5},{"damage":16,"enemies":"3 Darklings","floor":47,"turns":5},{"damage":36,"enemies":"Reptomancer","floor":48,"turns":5},{"damage":31,"enemies":"Maw","floor":49,"turns":5},{"damage":32,"enemies":"downfall:Defect","floor":50,"turns":7}],"seed_played":"-6943578898769793205","potions_obtained":[{"floor":6,"key":"champ:CounterPotion"},{"floor":8,"key":"AttackPotion"},{"floor":10,"key":"Fruit Juice"},{"floor":11,"key":"EntropicBrew"},{"floor":15,"key":"Slimebound:SlimyTonguePotion"},{"floor":16,"key":"Strength Potion"},{"floor":23,"key":"Slimebound:SlimedPotion"},{"floor":26,"key":"Guardian:BlockOnCardUsePotion"},{"floor":31,"key":"Energy Potion"},{"floor":32,"key":"DistilledChaos"},{"floor":39,"key":"Energy Potion"},{"floor":40,"key":"Weak Potion"},{"floor":47,"key":"LiquidMemories"},{"floor":48,"key":"Ancient Potion"},{"floor":49,"key":"sneckomod:MuddlingPotion"}],"is_trial":false,"path_per_floor":["R","?","M","M","$","M","MIM","E","M","M","M","?","R","M","M","B",null,"R","M","?","M","M","M","T","R","M","?","R","?","R","E","M","B",null,"R","M","M","?","M","E","T","?","R","M","M","?","M","E","M","B",null],"character_chosen":"SLIMEBOUND","items_purchased":["Slimebound:FirmFortitude","Slimebound:Equalize"],"campfire_rested":0,"item_purchase_floors":[5,5],"current_hp_per_floor":[66,66,66,66,66,66,66,61,66,66,60,42,42,44,39,50,77,77,83,83,80,73,61,61,61,82,65,65,65,65,59,61,78,78,78,68,71,71,78,61,61,42,42,58,49,41,77,62,75,66],"gold":1013,"neow_bonus":"TEN_PERCENT_HP_BONUS","is_daily":false,"chose_seed":false,"campfire_upgraded":4,"win_rate":0.0,"timestamp":1609037530,"path_taken":["R","?","M","M","$","M","MIM","E","M","M","M","?","R","M","M","BOSS","R","M","?","M","M","M","T","R","?","?","R","?","R","E","M","BOSS","R","M","M","?","M","E","T","?","R","M","M","?","M","E","M","BOSS"],"items_purchased_type":["Card","Card"],"build_version":"2020-12-22","purchased_purges":0,"victory":true,"max_hp_per_floor":[66,66,66,66,66,66,66,66,66,66,74,74,74,74,74,77,77,77,83,83,83,83,83,83,83,86,86,86,78,78,78,78,78,78,78,78,78,78,78,78,78,78,78,78,78,78,78,78,78,78],"relic_stats":{"Centennial Puzzle":[75],"counters":[30,128],"Tiny Chest":0,"MawBank":120,"obtain_stats":[{"m_SnakeCloak":24,"Girya":40,"downfall:HeartBlessingRed":25,"aspiration:Nostalgia":24,"hubris:SphereOfDissonance":48,"downfall:HeartBlessingGreen":13,"aspiration:SeaSaltIceCream":24,"MawBank":41,"aspiration:RitualStick":27,"conspire:InfiniteJournal":42,"Centennial Puzzle":7,"Anchor":18,"Replay:Baseball":31,"Replay:Bronze Core":34,"Tiny Chest":35,"Slimebound:AbsorbEndCombat":0,"hubris:GrandSneckoEye":17,"infinitespire:Midas Blood":8},{"m_SnakeCloak":16,"Girya":24,"downfall:HeartBlessingRed":16,"aspiration:Nostalgia":16,"hubris:SphereOfDissonance":28,"downfall:HeartBlessingGreen":9,"aspiration:SeaSaltIceCream":16,"MawBank":24,"aspiration:RitualStick":17,"conspire:InfiniteJournal":24,"Centennial Puzzle":5,"Anchor":12,"Replay:Baseball":18,"Replay:Bronze Core":20,"Tiny Chest":20,"Slimebound:AbsorbEndCombat":0,"hubris:GrandSneckoEye":12,"infinitespire:Midas Blood":6},{"m_SnakeCloak":62,"Girya":96,"downfall:HeartBlessingRed":62,"aspiration:Nostalgia":62,"hubris:SphereOfDissonance":116,"downfall:HeartBlessingGreen":31,"aspiration:SeaSaltIceCream":62,"MawBank":96,"aspiration:RitualStick":67,"conspire:InfiniteJournal":96,"Centennial Puzzle":17,"Anchor":47,"Replay:Baseball":71,"Replay:Bronze Core":77,"Tiny Chest":77,"Slimebound:AbsorbEndCombat":0,"hubris:GrandSneckoEye":47,"infinitespire:Midas Blood":22}],"aspiration:RitualStick":[0]},"card_choices":[{"not_picked":["Slimebound:GoopTackle","Slimebound:SlimeBarrage"],"picked":"Slimebound:Dissolve","floor":3},{"not_picked":["Slimebound:RollThrough","Slimebound:GrowthPunch"],"picked":"Slimebound:TongueLash","floor":4},{"not_picked":["Slimebound:SplitMire","Slimebound:LivingWall"],"picked":"Slimebound:GoopSpray","floor":5},{"not_picked":["Slimebound:LevelUp","Slimebound:Dissolve"],"picked":"Slimebound:ItLooksTasty","floor":6},{"not_picked":["Slimebound:Dissolve","Slimebound:GoopSpray"],"picked":"Slimebound:ItLooksTasty","floor":7},{"not_picked":["Slimebound:Prepare","Slimebound:Repurpose"],"picked":"Slimebound:LivingWall","floor":8},{"not_picked":["Slimebound:LeadByExample","Slimebound:SlimeSpikes"],"picked":"Slimebound:LeechEnergy","floor":9},{"not_picked":["Slimebound:SamplingLick","Slimebound:SplitLeeching"],"picked":"Slimebound:MassFeed","floor":10},{"not_picked":["Slimebound:LeadByExample","Slimebound:SplitLeeching"],"picked":"Slimebound:FormOfPuddle","floor":11},{"not_picked":["infinitespire:Punishment","ReplayTheSpireMod:Echoes of Time"],"picked":"infinitespire:UltimateForm","floor":12},{"not_picked":["Slimebound:ForwardTackle","Slimebound:GoopSpray"],"picked":"Slimebound:LeechingTouch","floor":14},{"not_picked":["Slimebound:SplitMire","Slimebound:RollThrough","Slimebound:SplitAcid"],"picked":"SKIP","floor":15},{"not_picked":["Slimebound:MassRepurpose","Slimebound:MinionMaster"],"picked":"Slimebound:PrepareCrush","floor":16},{"not_picked":["Slimebound:SplitAcid+1","Slimebound:SplitBruiser+1"],"picked":"Slimebound:Schlurp","floor":19},{"not_picked":["Slimebound:ViciousTackle","Slimebound:RollThrough"],"picked":"Slimebound:LevelUp","floor":21},{"not_picked":["Slimebound:Grow","Slimebound:LeadByExample"],"picked":"Slimebound:Gluttony","floor":22},{"not_picked":["Slimebound:RollThrough","Slimebound:SlimeSpikes"],"picked":"Slimebound:SamplingLick","floor":23},{"not_picked":["Slimebound:FirmFortitude+1","Slimebound:FormOfPuddle","Slimebound:ComboTackle"],"picked":"SKIP","floor":26},{"not_picked":["Slimebound:SplitBruiser","Slimebound:LeadByExample","Slimebound:RollThrough"],"picked":"SKIP","floor":31},{"not_picked":["Slimebound:LeadByExample+1","Dagger Throw","All Out Attack+1"],"picked":"SKIP","floor":32},{"not_picked":["Tools of the Trade","Slimebound:MassFeed"],"picked":"Slimebound:OozeBath","floor":33},{"not_picked":["Slimebound:TongueLash","Slimebound:PressTheAttack+1","Slimebound:LeechEnergy"],"picked":"SKIP","floor":36},{"not_picked":["Slimebound:Equalize+1","Slimebound:SlimeSpikes+1"],"picked":"Slimebound:SamplingLick+1","floor":37},{"not_picked":["Slimebound:Prepare+1","Slimebound:LeechEnergy"],"picked":"Slimebound:Nibble","floor":39},{"not_picked":["Slimebound:SlimeTap+1","Slimebound:LeechingTouch"],"picked":"Slimebound:MegaLick+1","floor":40},{"not_picked":["Slimebound:SlimeSlap","Slimebound:Nibble"],"picked":"Slimebound:SpikyOuterGoop","floor":44},{"not_picked":["Slimebound:ViciousTackle+1","Slimebound:RollThrough"],"picked":"Slimebound:SamplingLick+1","floor":45},{"not_picked":["Slimebound:LevelUp","Slimebound:GoopSpray+1","Slimebound:SplitLeeching"],"picked":"SKIP","floor":47},{"not_picked":["Slimebound:Dissolve","Slimebound:Schlurp"],"picked":"Slimebound:SlimeSlap","floor":48},{"not_picked":["Slimebound:RainOfGoop","Slimebound:Grow"],"picked":"Slimebound:GoopSpray+1","floor":49}],"player_experience":773450,"relics_obtained":[{"floor":7,"key":"Centennial Puzzle"},{"floor":8,"key":"infinitespire:Midas Blood"},{"floor":18,"key":"Anchor"},{"floor":24,"key":"aspiration:SeaSaltIceCream"},{"floor":31,"key":"Replay:Baseball"},{"floor":35,"key":"Tiny Chest"},{"floor":40,"key":"Girya"},{"floor":41,"key":"MawBank"},{"floor":42,"key":"conspire:InfiniteJournal"},{"floor":48,"key":"hubris:SphereOfDissonance"}],"event_choices":[],"is_beta":false,"boss_relics":[{"not_picked":["infinitespire:Cupcake","hubris:HollowSoul"],"picked":"hubris:GrandSneckoEye"},{"not_picked":["conspire:RunicOctahedron","halation:CatFaceCupcake"],"picked":"Replay:Bronze Core"}],"items_purged_floors":[],"is_endless":false,"potions_floor_spawned":[6,8,10,11,15,16,23,26,31,32,39,40,47,48,49],"ascension_level":0}}