{"host":"acpsw8r33r8788yr","time":1609032690,"event":{"mods":["BaseMod","Better Altar","Better Skull","Better Third Choice","BetterRewards","Colored Map","Downfall","Hermit","Highlight Path","Hubris","Minty Spire (QoL Compilation)","Quick Restart","Replay The Spire","Robot Space Explorer","Shop Mod","StSLib","The Animator","The Bug Knight","The Construct","The Cursed","The Disciple","The Jungle","The Runesmith","The Senshi"],"gold_per_floor":[117,117,117,133,133,174,174,325,371,394,424,457,552,564,576,602,602],"floor_reached":16,"playtime":578,"items_purged":[],"score":135,"play_id":"1b7d0848-a1eb-4384-b07f-01a6dfc837b1","local_time":"20201226173130","is_ascension_mode":false,"campfire_choices":[],"circlet_count":0,"master_deck":["HollowMod:NailStrikeStart","HollowMod:NailStrikeStart","HollowMod:NailStrikeStart","HollowMod:NailStrikeStart","HollowMod:QuickDashStart","HollowMod:QuickDashStart","HollowMod:QuickDashStart","HollowMod:QuickDashStart","HollowMod:FocusHealStart","HollowMod:PogoStrike","HollowMod:MothsMistake","Injury","expansioncontent:DarkVoid","HollowMod:CycloneSlash","HollowMod:DreamGate","HollowMod:HowlingWraiths+1"],"relics":["HollowMod:VesselMask","NeowsBlessing","Golden Idol","Replay:Bandana","hubris:Icosahedron","Art of War","MawBank"],"acts_visited":["Exordium"],"potions_floor_usage":[8,16],"damage_taken":[{"damage":0,"enemies":"Cultist","floor":1,"turns":1},{"damage":0,"enemies":"2 Louse","floor":4,"turns":1},{"damage":0,"enemies":"3 Sentries","floor":6,"turns":1},{"damage":26,"enemies":"Lagavulin","floor":8,"turns":6},{"damage":5,"enemies":"Jaw Worm","floor":10,"turns":5},{"damage":38,"enemies":"Large Slime","floor":11,"turns":5},{"damage":0,"enemies":"3 Louse","floor":12,"turns":1},{"damage":17,"enemies":"Gremlin Nob","floor":13,"turns":4},{"damage":20,"enemies":"Hexaghost","floor":16,"turns":3}],"seed_played":"4779215783328404871","potions_obtained":[{"floor":1,"key":"construct:ShiftPotion"},{"floor":6,"key":"CultistPotion"},{"floor":10,"key":"LiquidMemories"},{"floor":12,"key":"LiquidBronze"}],"is_trial":false,"path_per_floor":["M","?","?","M","$","E","?","E","T","M","M","M","?","?","R_BF","B"],"character_chosen":"THE_BUGKNIGHT","items_purchased":[],"campfire_rested":0,"item_purchase_floors":[],"current_hp_per_floor":[75,75,75,75,75,75,75,59,59,60,28,28,11,11,33,19,19],"gold":602,"neow_bonus":"THREE_ENEMY_KILL","is_daily":false,"chose_seed":false,"campfire_upgraded":0,"win_rate":0.0,"timestamp":1609032690,"path_taken":["M","?","?","?","$","E","?","E","T","M","M","M","?","?","R_BF","BOSS"],"items_purchased_type":[],"build_version":"2020-12-22","purchased_purges":0,"victory":false,"max_hp_per_floor":[75,75,75,75,75,75,75,75,75,75,75,75,75,75,75,75,75],"card_choices":[{"not_picked":["HollowMod:NewJinnsSoul","HollowMod:DashSlash"],"picked":"HollowMod:MothsMistake","floor":1},{"not_picked":["HollowMod:BlackTendrils","HollowMod:ChannelNail","HollowMod:SharpenedShadows"],"picked":"SKIP","floor":4},{"not_picked":["HollowMod:CrystalDash","HollowMod:FallenFury","HollowMod:SoulStrike"],"picked":"SKIP","floor":6},{"not_picked":["HollowMod:SiblingsSouls","HollowMod:SoulVessel","HollowMod:CornifersMapStart"],"picked":"SKIP","floor":8},{"not_picked":["HollowMod:PerfectDash","HollowMod:InfectedCysts"],"picked":"HollowMod:CycloneSlash","floor":10},{"not_picked":["HollowMod:InfectedCysts","HollowMod:HeavyBlow"],"picked":"HollowMod:DreamGate","floor":11},{"not_picked":["HollowMod:ChannelNail","HollowMod:MantisMark"],"picked":"HollowMod:HowlingWraiths","floor":12}],"player_experience":406898,"relics_obtained":[{"floor":6,"key":"Replay:Bandana"},{"floor":8,"key":"Art of War"},{"floor":13,"key":"MawBank"}],"event_choices":[{"damage_healed":0,"gold_gain":0,"player_choice":"Take Wound","damage_taken":0,"relics_obtained":["Golden Idol"],"max_hp_gain":0,"max_hp_loss":0,"event_name":"Golden Idol","floor":2,"gold_loss":0,"cards_obtained":["Injury"]},{"damage_healed":0,"gold_gain":0,"player_choice":"1 cards matched","damage_taken":0,"max_hp_gain":0,"max_hp_loss":0,"event_name":"Match and Keep!","floor":3,"gold_loss":0,"cards_obtained":["expansioncontent:DarkVoid"]},{"damage_healed":0,"gold_gain":0,"player_choice":"Searched \u00271\u0027 times","damage_taken":0,"max_hp_gain":0,"max_hp_loss":0,"event_name":"Dead Adventurer","floor":13,"gold_loss":0},{"damage_healed":0,"gold_gain":0,"player_choice":"Bought 0 Potions","damage_taken":0,"max_hp_gain":0,"max_hp_loss":0,"event_name":"The Woman in Blue","floor":14,"gold_loss":0}],"is_beta":false,"boss_relics":[],"items_purged_floors":[],"is_endless":false,"potions_floor_spawned":[1,6,10,12],"killed_by":"Hexaghost","ascension_level":0}}