{"host":"31s8hzukbhz1k6i6","time":1609032979,"event":{"mods":["BaseMod","Colored Map","Minty Spire (QoL Compilation)","Relic Stats","UnlockEverythingMod"],"gold_per_floor":[117,132,82,82,102,130,130,170,170,170,214,231,256,36,36,149,149,170,196,215,215,1,1,42,42,42,84,100,15,15,15],"floor_reached":30,"playtime":1070,"items_purged":["Strike_B"],"score":360,"play_id":"24fc5ce0-8c19-4e87-97e9-cdc6de1c8961","local_time":"20201226173619","is_ascension_mode":true,"campfire_choices":[{"data":"Beam Cell","floor":7,"key":"SMITH"},{"data":"Streamline","floor":10,"key":"SMITH"},{"data":"White Noise","floor":15,"key":"SMITH"},{"data":"Loop","floor":23,"key":"SMITH"},{"floor":25,"key":"REST"}],"circlet_count":0,"master_deck":["Strike_B+1","Strike_B+1","Defend_B+1","Defend_B+1","Defend_B+1","Defend_B+1","Zap","Dualcast","Streamline+1","Beam Cell+1","Ball Lightning","Core Surge","Coolheaded","Hologram+1","White Noise+1","Amplify+1","Ball Lightning+1","Reinforced Body","Fusion+1","Loop+1","Biased Cognition","Undo"],"relics":["FrozenCore","NeowsBlessing","Pen Nib","Pear","CeramicFish","Bag of Preparation","Regal Pillow","Runic Capacitor","War Paint","Shuriken","Bottled Lightning","Ornamental Fan","Symbiotic Virus"],"acts_visited":["Exordium","TheCity"],"potions_floor_usage":[6,12,24,27,28],"damage_taken":[{"damage":0,"enemies":"2 Louse","floor":1,"turns":1},{"damage":0,"enemies":"Small Slimes","floor":2,"turns":1},{"damage":0,"enemies":"Jaw Worm","floor":5,"turns":1},{"damage":9,"enemies":"3 Sentries","floor":6,"turns":4},{"damage":8,"enemies":"Gremlin Nob","floor":8,"turns":3},{"damage":28,"enemies":"Lagavulin","floor":11,"turns":4},{"damage":1,"enemies":"2 Fungi Beasts","floor":12,"turns":2},{"damage":0,"enemies":"Looter","floor":13,"turns":1},{"damage":16,"enemies":"Hexaghost","floor":16,"turns":6},{"damage":5,"enemies":"Spheric Guardian","floor":18,"turns":4},{"damage":16,"enemies":"Shell Parasite","floor":19,"turns":5},{"damage":12,"enemies":"Shelled Parasite and Fungi","floor":20,"turns":8},{"damage":32,"enemies":"Book of Stabbing","floor":24,"turns":7},{"damage":25,"enemies":"Slavers","floor":27,"turns":5},{"damage":8,"enemies":"3 Cultists","floor":28,"turns":6},{"damage":11,"enemies":"Gremlin Leader","floor":30,"turns":1}],"seed_played":"-1707857299123249789","potions_obtained":[{"floor":2,"key":"AttackPotion"},{"floor":6,"key":"Explosive Potion"},{"floor":13,"key":"SneckoOil"},{"floor":16,"key":"EssenceOfSteel"},{"floor":20,"key":"DistilledChaos"},{"floor":27,"key":"EssenceOfSteel"}],"is_trial":false,"path_per_floor":["M","M","?","?","M","E","R","E","T","R","E","M","M","$","R","B",null,"M","M","M","?","$","R","E","R","T","E","M","?","E"],"character_chosen":"DEFECT","items_purchased":["Runic Capacitor","Loop","War Paint"],"campfire_rested":1,"item_purchase_floors":[14,22,22],"current_hp_per_floor":[75,75,75,63,63,64,64,56,56,56,28,27,27,27,27,11,67,62,46,34,34,34,34,2,42,42,17,9,9,0,0],"gold":15,"neow_bonus":"THREE_ENEMY_KILL","is_daily":false,"chose_seed":false,"campfire_upgraded":4,"win_rate":0.0,"timestamp":1609032979,"path_taken":["M","M","?","?","M","E","R","E","T","R","E","M","M","$","R","BOSS","M","M","M","?","$","R","E","R","T","E","M","?","E"],"items_purchased_type":["Relic","Card","Relic"],"build_version":"2020-12-22","purchased_purges":1,"victory":false,"max_hp_per_floor":[75,75,75,75,75,85,85,85,85,85,85,85,85,85,85,85,85,85,85,85,85,85,85,85,85,85,85,85,85,85,85],"relic_stats":{"Regal Pillow":15,"counters":[16,59],"Shuriken":[0],"Ornamental Fan":[0],"CeramicFish":90,"Pen Nib":[9],"Bag of Preparation":[22],"War Paint":["Amplify","Hologram"],"obtain_stats":[{"Regal Pillow":11,"Pear":6,"NeowsBlessing":0,"CeramicFish":8,"Pen Nib":4,"Bag of Preparation":9,"Runic Capacitor":14,"War Paint":22,"FrozenCore":17,"Shuriken":24,"Ornamental Fan":27,"Bottled Lightning":26,"Cracked Core":0,"Symbiotic Virus":29},{"Regal Pillow":6,"Pear":4,"NeowsBlessing":0,"CeramicFish":5,"Pen Nib":2,"Bag of Preparation":5,"Runic Capacitor":8,"War Paint":12,"FrozenCore":9,"Shuriken":13,"Ornamental Fan":14,"Bottled Lightning":13,"Cracked Core":0,"Symbiotic Virus":15},{"Regal Pillow":14,"Pear":7,"NeowsBlessing":0,"CeramicFish":10,"Pen Nib":2,"Bag of Preparation":10,"Runic Capacitor":17,"War Paint":40,"FrozenCore":23,"Shuriken":47,"Ornamental Fan":52,"Bottled Lightning":47,"Cracked Core":0,"Symbiotic Virus":58}],"FrozenCore":[21]},"card_choices":[{"not_picked":["Turbo","Conserve Battery"],"picked":"Streamline","floor":1},{"not_picked":["Compile Driver","Lockon"],"picked":"Beam Cell","floor":2},{"not_picked":["Skim","Cold Snap"],"picked":"Ball Lightning","floor":5},{"not_picked":["Sweeping Beam","Undo"],"picked":"Core Surge","floor":6},{"not_picked":["Conserve Battery","Redo"],"picked":"Coolheaded","floor":8},{"not_picked":["Barrage","Compile Driver"],"picked":"Hologram","floor":11},{"not_picked":["Conserve Battery","Compile Driver","Hologram"],"picked":"SKIP","floor":12},{"not_picked":["Multi-Cast","Genetic Algorithm"],"picked":"White Noise","floor":13},{"not_picked":["Multi-Cast","Hyperbeam"],"picked":"Amplify","floor":16},{"not_picked":["Cold Snap+1","Sweeping Beam"],"picked":"Ball Lightning+1","floor":18},{"not_picked":["Coolheaded","Steam"],"picked":"Reinforced Body","floor":19},{"not_picked":["Compile Driver","Steam+1"],"picked":"Fusion+1","floor":20},{"not_picked":["Streamline","Sweeping Beam"],"picked":"Biased Cognition","floor":24},{"not_picked":["Beam Cell","Darkness"],"picked":"Undo","floor":27},{"not_picked":["Genetic Algorithm","Compile Driver","Ball Lightning"],"picked":"SKIP","floor":28}],"player_experience":27049,"relics_obtained":[{"floor":6,"key":"Pear"},{"floor":8,"key":"CeramicFish"},{"floor":9,"key":"Bag of Preparation"},{"floor":11,"key":"Regal Pillow"},{"floor":24,"key":"Shuriken"},{"floor":26,"key":"Bottled Lightning"},{"floor":27,"key":"Ornamental Fan"}],"event_choices":[{"cards_removed":["Strike_B"],"damage_healed":0,"gold_gain":0,"player_choice":"Card Removal","damage_taken":0,"max_hp_gain":0,"max_hp_loss":0,"event_name":"The Cleric","floor":3,"gold_loss":50},{"damage_healed":0,"gold_gain":0,"player_choice":"Success","damage_taken":12,"relics_obtained":["Pen Nib"],"max_hp_gain":0,"max_hp_loss":0,"event_name":"Scrap Ooze","floor":4,"gold_loss":0},{"damage_healed":0,"gold_gain":0,"player_choice":"Simplicity","damage_taken":0,"max_hp_gain":0,"max_hp_loss":0,"event_name":"Back to Basics","floor":21,"gold_loss":0,"cards_upgraded":["Strike_B","Strike_B","Defend_B","Defend_B","Defend_B","Defend_B"]},{"damage_healed":0,"gold_gain":0,"player_choice":"Obtained Relic","damage_taken":0,"relics_obtained":["Symbiotic Virus"],"max_hp_gain":0,"max_hp_loss":0,"event_name":"Addict","floor":29,"gold_loss":85}],"is_beta":false,"boss_relics":[{"not_picked":["Calling Bell","Busted Crown"],"picked":"FrozenCore"}],"items_purged_floors":[14],"is_endless":false,"potions_floor_spawned":[2,6,13,16,20,27],"killed_by":"Gremlin Leader","ascension_level":5}}