{"host":"anox4050deqdcqoh","time":1609112932,"event":{"mods":["BaseMod","Colored Map","Minty Spire (QoL Compilation)","Quick Restart"],"gold_per_floor":[117,131,29,42,59,59,59,59,131,157,171,271,288,302,302,405,405,421,421,521,539,47,47,65,84,84,34,53,53,68,68,68,170,170,190,209,0,16,16,16,33,33,33,44,60,77,91,108,108,108,108],"floor_reached":50,"playtime":5932,"items_purged":[],"score":554,"play_id":"d61ad26d-c3b9-4124-a930-82a2f83e1377","local_time":"20201227184852","is_ascension_mode":false,"campfire_choices":[{"data":"ForeignInfluence","floor":6.0,"key":"SMITH"},{"data":"ClearTheMind","floor":8.0,"key":"SMITH"},{"floor":15.0,"key":"REST"},{"floor":23.0,"key":"REST"},{"floor":29,"key":"REST"},{"floor":32,"key":"REST"},{"floor":40,"key":"RECALL"},{"floor":42,"key":"REST"},{"floor":49,"key":"REST"}],"circlet_count":0,"master_deck":["Strike_P+1","Strike_P+1","Strike_P+1","Strike_P+1","Defend_P+1","Defend_P+1","Defend_P+1","Defend_P+1","Eruption","Vigilance","Swivel","ClearTheMind+1","Wireheading","FlurryOfBlows","ForeignInfluence+1","Establishment","DeusExMachina","Protect","FlurryOfBlows","Scrawl","FlurryOfBlows","Tantrum","Tantrum","ReachHeaven","LikeWater","DeceiveReality","FlurryOfBlows+1","SashWhip+1","Decay","DevaForm","Prostrate+1","SashWhip+1","Wallop+1","ThirdEye+1","Crescendo","ForeignInfluence+1"],"relics":["PureWater","Vajra","Letter Opener","Orichalcum","SacredBark","Molten Egg 2","Runic Pyramid","Red Mask","Damaru"],"acts_visited":["Exordium","TheCity","TheBeyond"],"potions_floor_usage":[30,33,33,46,50,50,50],"damage_taken":[{"damage":2.0,"enemies":"2 Louse","floor":1.0,"turns":2.0},{"damage":0.0,"enemies":"Small Slimes","floor":2.0,"turns":4.0},{"damage":0.0,"enemies":"Cultist","floor":4.0,"turns":4.0},{"damage":0.0,"enemies":"Exordium Wildlife","floor":5.0,"turns":2.0},{"damage":17.0,"enemies":"Lagavulin","floor":10.0,"turns":6.0},{"damage":7.0,"enemies":"Looter","floor":11.0,"turns":3.0},{"damage":26.0,"enemies":"Exordium Thugs","floor":13.0,"turns":5.0},{"damage":10.0,"enemies":"Exordium Wildlife","floor":14.0,"turns":4.0},{"damage":2.0,"enemies":"Slime Boss","floor":16.0,"turns":9.0},{"damage":32.0,"enemies":"Chosen","floor":18.0,"turns":9.0},{"damage":2.0,"enemies":"3 Byrds","floor":21.0,"turns":7.0},{"damage":3.0,"enemies":"Snecko","floor":24.0,"turns":4.0},{"damage":0.0,"enemies":"Centurion and Healer","floor":25.0,"turns":3.0},{"damage":20,"enemies":"Shelled Parasite and Fungi","floor":28,"turns":4},{"damage":0,"enemies":"Snake Plant","floor":30,"turns":2},{"damage":0,"enemies":"Collector","floor":33,"turns":3},{"damage":15,"enemies":"Orb Walker","floor":35,"turns":4},{"damage":6,"enemies":"3 Shapes","floor":36,"turns":2},{"damage":32,"enemies":"Jaw Worm Horde","floor":38,"turns":4},{"damage":19,"enemies":"Spire Growth","floor":41,"turns":5},{"damage":12,"enemies":"Sphere and 2 Shapes","floor":44,"turns":4},{"damage":2,"enemies":"4 Shapes","floor":45,"turns":4},{"damage":0,"enemies":"Transient","floor":46,"turns":5},{"damage":4,"enemies":"3 Darklings","floor":47,"turns":3},{"damage":1,"enemies":"4 Shapes","floor":48,"turns":5},{"damage":134,"enemies":"Awakened One","floor":50,"turns":7}],"seed_played":"5896102307500352645","potions_obtained":[{"floor":1.0,"key":"StancePotion"},{"floor":10.0,"key":"Swift Potion"},{"floor":13.0,"key":"FearPotion"},{"floor":14.0,"key":"EntropicBrew"},{"floor":21.0,"key":"Swift Potion"},{"floor":28,"key":"Swift Potion"},{"floor":30,"key":"AttackPotion"},{"floor":35,"key":"Regen Potion"},{"floor":36,"key":"FearPotion"},{"floor":45,"key":"DistilledChaos"},{"floor":47,"key":"Fire Potion"}],"is_trial":false,"path_per_floor":["M","M","$","M","M","R","?","R","T","E","M","?","M","M","R","B",null,"M","?","?","M","$","R","M","M","T","$","M","R","M","?","R","B",null,"M","M","?","M","?","R","M","R","T","M","M","M","M","M","R","B"],"character_chosen":"WATCHER","items_purchased":["Wireheading","FlurryOfBlows","Tantrum","ReachHeaven","Molten Egg 2","LikeWater","FlurryOfBlows+1"],"campfire_rested":6,"item_purchase_floors":[3,3,22,22,22,22,27],"current_hp_per_floor":[70,70,70,70,70,70,70,70,70,53,46,46,20,10,31,29,72,40,40,40,38,38,59,56,56,56,56,36,57,57,57,72,72,72,57,51,51,19,82,82,63,82,82,70,68,68,64,63,82,0,0],"gold":108,"neow_bonus":"RANDOM_COMMON_RELIC","is_daily":false,"chose_seed":false,"campfire_upgraded":2,"win_rate":0.0,"timestamp":1609112932,"path_taken":["M","M","$","M","M","R","?","R","T","E","M","?","?","M","R","BOSS","M","?","?","M","$","R","?","M","T","$","M","R","M","?","R","BOSS","M","M","?","M","?","R","M","R","T","M","M","M","M","?","R","BOSS"],"items_purchased_type":["Card","Card","Card","Card","Relic","Card","Card"],"build_version":"2020-12-22","purchased_purges":0,"victory":false,"max_hp_per_floor":[72,72,72,72,72,72,72,72,72,72,72,72,72,72,72,72,72,72,72,72,72,72,72,72,72,72,72,72,72,72,72,72,72,72,72,72,72,72,82,82,82,82,82,82,82,82,82,82,82,82,82],"card_choices":[{"not_picked":["Meditate","Protect"],"picked":"Swivel","floor":1.0},{"not_picked":["BowlingBash","Consecrate"],"picked":"ClearTheMind","floor":2.0},{"not_picked":["Consecrate","CarveReality"],"picked":"ForeignInfluence","floor":4.0},{"not_picked":["Indignation","JustLucky"],"picked":"Establishment","floor":5.0},{"not_picked":["EmptyBody","BowlingBash","Halt"],"picked":"SKIP","floor":10.0},{"not_picked":["FollowUp","Halt"],"picked":"DeusExMachina","floor":11.0},{"not_picked":["CrushJoints","Evaluate"],"picked":"Protect","floor":13.0},{"not_picked":["ThirdEye","JustLucky"],"picked":"FlurryOfBlows","floor":14.0},{"not_picked":["DeusExMachina","Brilliance"],"picked":"Scrawl","floor":16.0},{"not_picked":["BattleHymn","Consecrate+1"],"picked":"FlurryOfBlows","floor":18.0},{"not_picked":["FlyingSleeves","FollowUp"],"picked":"Tantrum","floor":21.0},{"not_picked":["WreathOfFlame","WheelKick+1","Worship"],"picked":"SKIP","floor":24.0},{"not_picked":["EmptyBody","BowlingBash+1"],"picked":"DeceiveReality","floor":25.0},{"not_picked":["JustLucky+1","EmptyFist+1"],"picked":"Devotion","floor":28},{"not_picked":["Evaluate+1","Protect+1"],"picked":"SashWhip+1","floor":30},{"not_picked":["Wish","Alpha"],"picked":"DevaForm","floor":33},{"not_picked":["Halt+1","Conclude+1"],"picked":"Prostrate+1","floor":35},{"not_picked":["JustLucky+1","Halt"],"picked":"SashWhip+1","floor":36},{"not_picked":["Collect+1","Adaptation"],"picked":"Wallop+1","floor":38},{"not_picked":["JustLucky+1","Consecrate+1","EmptyMind+1"],"picked":"SKIP","floor":41},{"not_picked":["JustLucky+1","Protect"],"picked":"ThirdEye+1","floor":44},{"not_picked":["Weave+1","Swivel"],"picked":"Crescendo","floor":45},{"not_picked":["Wireheading+1","SashWhip+1"],"picked":"ForeignInfluence+1","floor":46},{"not_picked":["Halt","ConjureBlade","SignatureMove+1"],"picked":"SKIP","floor":47},{"not_picked":["Study","Collect+1","Protect"],"picked":"SKIP","floor":48}],"player_experience":213779,"relics_obtained":[{"floor":9.0,"key":"Letter Opener"},{"floor":10.0,"key":"Orichalcum"},{"floor":43,"key":"Damaru"}],"event_choices":[{"damage_healed":0.0,"max_hp_gain":0.0,"max_hp_loss":0.0,"gold_gain":0.0,"event_name":"Golden Idol","player_choice":"Ignored","floor":7.0,"gold_loss":0.0,"damage_taken":0.0},{"damage_healed":0.0,"max_hp_gain":0.0,"max_hp_loss":0.0,"gold_gain":100.0,"event_name":"Golden Shrine","player_choice":"Pray","floor":12.0,"gold_loss":0.0,"damage_taken":0.0},{"damage_healed":0.0,"max_hp_gain":0.0,"max_hp_loss":0.0,"gold_gain":0.0,"event_name":"Back to Basics","player_choice":"Simplicity","floor":19.0,"gold_loss":0.0,"damage_taken":0.0,"cards_upgraded":["Strike_P","Strike_P","Strike_P","Strike_P","Defend_P","Defend_P","Defend_P","Defend_P"]},{"damage_healed":0.0,"max_hp_gain":0.0,"max_hp_loss":0.0,"gold_gain":100.0,"event_name":"Golden Shrine","player_choice":"Pray","floor":20.0,"gold_loss":0.0,"damage_taken":0.0},{"damage_healed":0,"gold_gain":0,"player_choice":"Smashed Altar","damage_taken":0,"max_hp_gain":0,"max_hp_loss":0,"event_name":"Forgotten Altar","floor":31,"gold_loss":0,"cards_obtained":["Decay"]},{"damage_healed":0,"gold_gain":0,"player_choice":"Paid","damage_taken":0,"relics_obtained":["Red Mask"],"max_hp_gain":0,"max_hp_loss":0,"event_name":"Tomb of Lord Red Mask","floor":37,"gold_loss":209},{"cards_removed":["Devotion"],"damage_healed":53,"gold_gain":0,"player_choice":"Offered Rare","damage_taken":0,"max_hp_gain":10,"max_hp_loss":0,"event_name":"Bonfire Elementals","floor":39,"gold_loss":0}],"is_beta":false,"boss_relics":[{"not_picked":["Coffee Dripper","Black Star"],"picked":"SacredBark"},{"not_picked":["Runic Dome","Busted Crown"],"picked":"Runic Pyramid"}],"items_purged_floors":[],"is_endless":false,"potions_floor_spawned":[1,10,13,14,21,28,30,35,36,45,47,48],"killed_by":"Awakened One","ascension_level":0}}