{"host":"z9grmtg2w0nmz8n1","time":1609097200,"event":{"mods":["Aspiration","Bard","BaseMod","Beaked The Cultist","Better Altar","Better Match","Better Note","Better Sensory Stone","Better Skull","Better Third Choice","BetterRewards","CCEM","Colored Map","Conspire","Downfall","GifTheSpireLib","Googly Eyes","Halation","Hermit","Highlight Path","Hubris","Hunter ??","Jedi Mod","Jorbs\u0027s Wanderer Trilogy","Mad Scientist","Marisa????????","Minty Spire (QoL Compilation)","Permanent Neow","Replay The Spire","Shade Mod","Shop Mod","Spicy Shops","StSLib","Stuff the Spire","The Bug Knight","The Construct","The Necromancer","The Runesmith","The Witch"],"gold_per_floor":[112,123,141,66,77,107,118,118,118,145,145,155,155,155,155,251,251,263,363,377,212,212,212,239,253,253,253,283,142,170,184,184,286,286,286],"floor_reached":34,"playtime":1821,"items_purged":["Strike_G","Strike_G"],"score":625,"play_id":"562d2f82-a219-4a25-9581-bdfe8854699a","local_time":"20201227172640","is_ascension_mode":true,"campfire_choices":[{"floor":8,"key":"RECALL"},{"floor":13,"key":"REST"},{"floor":15,"key":"REST"},{"data":"Accuracy","floor":23,"key":"SMITH"},{"floor":27,"key":"REST"},{"floor":32,"key":"REST"}],"circlet_count":0,"master_deck":["Strike_G","Strike_G","Strike_G","Defend_G","Defend_G","Defend_G","Defend_G","Survivor","Neutralize","Cloak And Dagger","Dagger Throw","Blade Dance","StuffTheSpire:Python","Blade Dance","Accuracy+1","Pot Of Greed","Pot Of Greed","Backflip","StuffTheSpire:Python","jedi:rejectivetoxin+1","jedi:studyshivs","Backstab","Fluid Movement","Fluid Movement","Pot Of Greed","Footwork+1","Cloak And Dagger","StuffTheSpire:Ambrosia","Atom Bomb"],"relics":["Ring of the Snake","Replay:Baseball","Grinning Jar","Replay:Wax Seal","conspire:SpecialSausage","Orichalcum","ReplayTheSpireMod:Ninjato","aspiration:HiddenCompartment","StuffTheSpire:HeavyRock","hubris:Backtick","Ninja Scroll"],"acts_visited":["Exordium","TheCity","TheBeyond"],"potions_floor_usage":[10,18,20,24,24,33],"damage_taken":[{"damage":0,"enemies":"Cultist","floor":1,"turns":4},{"damage":0,"enemies":"Small Slimes","floor":2,"turns":4},{"damage":3,"enemies":"Jaw Worm","floor":3,"turns":4},{"damage":0,"enemies":"Looter","floor":5,"turns":3},{"damage":35,"enemies":"Gremlin Nob","floor":6,"turns":5},{"damage":0,"enemies":"Large Slime","floor":7,"turns":4},{"damage":18,"enemies":"3 Sentries","floor":10,"turns":5},{"damage":0,"enemies":"Blue Slaver","floor":12,"turns":3},{"damage":26,"enemies":"Hexaghost","floor":16,"turns":6},{"damage":3,"enemies":"Shell Parasite","floor":18,"turns":5},{"damage":2,"enemies":"Chosen","floor":20,"turns":3},{"damage":35,"enemies":"Slavers","floor":24,"turns":10},{"damage":14,"enemies":"Snake Plant","floor":25,"turns":3},{"damage":14,"enemies":"Book of Stabbing","floor":28,"turns":6},{"damage":0,"enemies":"conspire:Head Lice","floor":30,"turns":6},{"damage":15,"enemies":"Cultist and Chosen","floor":31,"turns":7},{"damage":13,"enemies":"Pondfish","floor":33,"turns":9}],"seed_played":"7285297018074944658","potions_obtained":[{"floor":3,"key":"sneckomod:MuddlingPotion"},{"floor":6,"key":"LiquidBronze"},{"floor":12,"key":"Guardian:BlockOnCardUsePotion"},{"floor":16,"key":"Block Potion"},{"floor":18,"key":"Flashbang"},{"floor":20,"key":"jedi:tentaclejuice"},{"floor":31,"key":"SteroidPotion"},{"floor":33,"key":"FairyPotion"}],"is_trial":false,"path_per_floor":["M","M","M","$","M","E","M","R","T","E","?","M","R","?","R","B",null,"M","?","M","$","?","R","E","M","T","R","E","?","E","M","R","B",null],"character_chosen":"THE_SILENT","items_purchased":["Fluid Movement"],"campfire_rested":4,"item_purchase_floors":[21],"current_hp_per_floor":[70,70,67,67,67,32,32,32,32,14,2,2,23,23,44,18,70,67,67,65,65,65,65,30,16,16,37,23,23,24,10,31,19,73,73],"gold":286,"neow_bonus":"THREE_CARDS","is_daily":false,"chose_seed":false,"campfire_upgraded":1,"win_rate":0.0,"timestamp":1609097200,"path_taken":["M","M","M","$","M","E","?","R","T","E","?","?","R","?","R","BOSS","M","?","?","$","?","R","E","?","T","R","E","?","E","M","R","BOSS"],"items_purchased_type":["Card"],"build_version":"2020-12-22","purchased_purges":2,"victory":false,"max_hp_per_floor":[70,70,70,70,70,70,70,70,70,70,70,70,70,70,70,70,70,70,70,70,70,70,70,70,70,70,70,70,70,71,72,72,73,73,73],"card_choices":[{"not_picked":["Underhanded Strike","Reflex"],"picked":"Cloak And Dagger","floor":0},{"not_picked":["Fluid Movement","Hidden Blade"],"picked":"Dagger Throw","floor":1},{"not_picked":["PiercingWail","StuffTheSpire:MirrorStance"],"picked":"Blade Dance","floor":2},{"not_picked":["Underhanded Strike","Hidden Blade"],"picked":"StuffTheSpire:Python","floor":3},{"not_picked":["Outmaneuver","StuffTheSpire:Incantation"],"picked":"Blade Dance","floor":5},{"not_picked":["Eviscerate","Poisoned Stab"],"picked":"Accuracy","floor":6},{"not_picked":["hubris:SlightOfHand","ReplayTheSpireMod:Tripwire","StuffTheSpire:Incursion"],"picked":"SKIP","floor":7},{"not_picked":["jedi:acidrain","StuffTheSpire:Incursion"],"picked":"Backflip","floor":10},{"not_picked":["StuffTheSpire:Injection","Dagger Spray"],"picked":"StuffTheSpire:Python","floor":12},{"not_picked":["Tools of the Trade","ReplayTheSpireMod:Necrosis"],"picked":"jedi:studyshivs","floor":16},{"not_picked":["Bane","StuffTheSpire:Python","StuffTheSpire:Injection+1"],"picked":"SKIP","floor":18},{"not_picked":["Flying Knee","Outmaneuver"],"picked":"Backstab","floor":20},{"not_picked":["Envenom","Underhanded Strike+1"],"picked":"Footwork+1","floor":24},{"not_picked":["StuffTheSpire:Sprint+1","Sucker Punch"],"picked":"Cloak And Dagger","floor":25},{"not_picked":["StuffTheSpire:BumpUp","Deflect","ReplayTheSpireMod:Speed Training+1"],"picked":"SKIP","floor":28},{"not_picked":["Sucker Punch+1","StuffTheSpire:Repulse","ReplayTheSpireMod:Scrap Shanks"],"picked":"SKIP","floor":30},{"not_picked":["StuffTheSpire:Python","Deadly Poison+1","Poisoned Stab"],"picked":"SKIP","floor":31},{"not_picked":["Malaise","Die Die Die"],"picked":"Atom Bomb","floor":33}],"player_experience":733820,"relics_obtained":[{"floor":6,"key":"Replay:Baseball"},{"floor":10,"key":"Grinning Jar"},{"floor":24,"key":"Orichalcum"},{"floor":26,"key":"ReplayTheSpireMod:Ninjato"},{"floor":28,"key":"aspiration:HiddenCompartment"},{"floor":30,"key":"StuffTheSpire:HeavyRock"}],"event_choices":[{"damage_healed":0,"gold_gain":0,"player_choice":"Relic ","damage_taken":12,"max_hp_gain":0,"max_hp_loss":0,"event_name":"betterThird:BetterScrap","floor":11,"gold_loss":0,"cards_obtained":["Inflame"]},{"damage_healed":0,"gold_gain":100,"player_choice":"Pray","damage_taken":0,"max_hp_gain":0,"max_hp_loss":0,"event_name":"Golden Shrine","floor":19,"gold_loss":0},{"cards_removed":["Strike_G"],"damage_healed":0,"gold_gain":0,"player_choice":"Give","damage_taken":0,"max_hp_gain":0,"max_hp_loss":0,"event_name":"betterNote:BetterNote","floor":22,"gold_loss":0,"cards_obtained":["Strike_G"]}],"is_beta":false,"boss_relics":[{"not_picked":["construct:ClawGrip","hubris:TerracottaHorce"],"picked":"conspire:SpecialSausage"},{"not_picked":["aspiration:RunesmithSkillbook","ReplayTheSpireMod:DimensionalGlitch"],"picked":"hubris:Backtick"}],"items_purged_floors":[4,21],"is_endless":false,"potions_floor_spawned":[3,6,12,16,18,20,31,33],"ascension_level":1}}