{"host":"9tch52zpouts7b2p","time":1609048341,"event":{"mods":["BaseMod","Colored Map","Minty Spire (QoL Compilation)","StSLib","UnlockEverythingMod","noobMod"],"gold_per_floor":[118,293,293,311,97,132,132,232,282,282,301,301,301,314,314,314,314],"floor_reached":16,"playtime":827,"items_purged":["Doubt"],"score":98,"play_id":"10c55a73-c35e-446f-9594-dab3dbcdb248","local_time":"20201227135221","is_ascension_mode":false,"campfire_choices":[{"data":"Buffer","floor":7,"key":"SMITH"},{"data":"Zap","floor":10,"key":"SMITH"},{"floor":15,"key":"REST"}],"circlet_count":0,"master_deck":["Strike_B","Strike_B","Strike_B","Strike_B","Defend_B","Defend_B","Defend_B","Defend_B","Zap+1","Dualcast","Reboot","Ball Lightning","Sunder","Buffer+1","Tempest","White Noise","Self Repair"],"relics":["Cracked Core","ice","Bottled Lightning","Lantern","Golden Idol"],"acts_visited":["Exordium"],"potions_floor_usage":[4,6,6,6,6,6,16,16,16],"damage_taken":[{"damage":3,"enemies":"Jaw Worm","floor":1,"turns":3},{"damage":0,"enemies":"Cultist","floor":4,"turns":2},{"damage":21,"enemies":"3 Sentries","floor":6,"turns":7},{"damage":0,"enemies":"2 Louse","floor":11,"turns":1},{"damage":8,"enemies":"Red Slaver","floor":14,"turns":3},{"damage":66,"enemies":"Hexaghost","floor":16,"turns":11}],"seed_played":"5358569433971965956","potions_obtained":[{"floor":3,"key":"Regen Potion"},{"floor":3,"key":"EntropicBrew"},{"floor":3,"key":"PotionOfCapacity"},{"floor":4,"key":"Swift Potion"},{"floor":11,"key":"SpeedPotion"},{"floor":14,"key":"GamblersBrew"}],"is_trial":false,"path_per_floor":["M","?","?","M","$","E","R","?","T","R","M","?","?","M","R","B"],"character_chosen":"DEFECT","items_purchased":["Buffer"],"campfire_rested":1,"item_purchase_floors":[5],"current_hp_per_floor":[72,72,72,72,72,66,66,66,66,66,66,66,59,51,73,75,75],"gold":314,"neow_bonus":"ONE_RANDOM_RARE_CARD","is_daily":false,"chose_seed":false,"campfire_upgraded":2,"win_rate":0.0,"timestamp":1609048341,"path_taken":["M","?","?","?","$","E","R","?","T","R","?","?","?","M","R","BOSS"],"items_purchased_type":["Card"],"build_version":"2020-12-22","purchased_purges":1,"victory":false,"max_hp_per_floor":[75,75,75,75,75,75,75,75,75,75,75,75,75,75,75,75,75],"card_choices":[{"not_picked":["Turbo","Genetic Algorithm"],"picked":"Ball Lightning","floor":1},{"not_picked":["Cold Snap","Chill"],"picked":"Sunder","floor":4},{"not_picked":["Gash","Rebound"],"picked":"Tempest","floor":6},{"not_picked":["Streamline","Conserve Battery"],"picked":"White Noise","floor":11},{"not_picked":["Force Field","Turbo"],"picked":"Self Repair","floor":14}],"player_experience":67757,"relics_obtained":[{"floor":6,"key":"Bottled Lightning"},{"floor":9,"key":"Lantern"}],"event_choices":[{"damage_healed":0,"gold_gain":175,"player_choice":"AGREE","damage_taken":0,"max_hp_gain":0,"max_hp_loss":0,"event_name":"Liars Game","floor":2,"gold_loss":0,"cards_obtained":["Doubt"]},{"damage_healed":0,"gold_gain":0,"player_choice":"Got Potions","damage_taken":0,"max_hp_gain":0,"max_hp_loss":0,"event_name":"Lab","floor":3,"gold_loss":0},{"damage_healed":0,"gold_gain":100,"player_choice":"Pray","damage_taken":0,"max_hp_gain":0,"max_hp_loss":0,"event_name":"Golden Shrine","floor":8,"gold_loss":0},{"damage_healed":0,"gold_gain":0,"player_choice":"Take Wound","damage_taken":0,"relics_obtained":["Golden Idol"],"max_hp_gain":0,"max_hp_loss":0,"event_name":"Golden Idol","floor":12,"gold_loss":0,"cards_obtained":["Injury"]},{"cards_removed":["Injury"],"damage_healed":0,"gold_gain":0,"player_choice":"Card Removal","damage_taken":7,"max_hp_gain":0,"max_hp_loss":0,"event_name":"Golden Wing","floor":13,"gold_loss":0}],"is_beta":false,"boss_relics":[],"items_purged_floors":[5],"is_endless":false,"potions_floor_spawned":[4,11,14],"killed_by":"Hexaghost","ascension_level":0}}