{"host":"t7mx8yfj1no5p62f","time":1609027702,"event":{"mods":["BaseMod","Colored Map","Colored Powertips","Minty Spire (QoL Compilation)","Relic Stats","StSLib"],"gold_per_floor":[360,435,454,79,97,97,132,132,132,143,143,168,227,239,239,316,316,333,383,395,412,687,713,713,123,123,156,173,173,190,200,200,273,273,288,343,343,343,343,372,382,397,422,453,473,486,516,532,532,532,532,532,532,11,46,46,46],"floor_reached":56,"playtime":2030,"items_purged":["Defend_R","Regret","Strike_R"],"score":2228,"play_id":"4a188e26-98e9-4453-8255-bc55345c726a","local_time":"20201226190822","is_ascension_mode":true,"campfire_choices":[{"data":"Shockwave","floor":6.0,"key":"SMITH"},{"data":"Pommel Strike","floor":8.0,"key":"SMITH"},{"data":"True Grit","floor":15.0,"key":"SMITH"},{"data":"Burning Pact","floor":24.0,"key":"SMITH"},{"data":"Perfected Strike","floor":29.0,"key":"SMITH"},{"data":"Dual Wield","floor":32.0,"key":"SMITH"},{"floor":49,"key":"RECALL"},{"floor":53,"key":"REST"}],"circlet_count":0,"master_deck":["AscendersBane","Strike_R","Strike_R+1","Strike_R","Strike_R+1","Defend_R","Defend_R","Bash","Perfected Strike+1","Pommel Strike+1","Shockwave+1","Headbutt","Perfected Strike+1","Heavy Blade+1","Dropkick+1","True Grit+1","Burning Pact+1","Impervious","Shrug It Off+1","Twin Strike+1","Shrug It Off","Immolate+1","Pommel Strike+1","Dual Wield+1","Impervious","Apotheosis","Shrug It Off+1","Power Through","Uppercut+1","Entrench","Second Wind+1","Disarm","Double Tap","Uppercut+1","Evolve+1","Demon Form+1"],"relics":["Burning Blood","Brimstone","Molten Egg 2","Kunai","Letter Opener","Lizard Tail","Snecko Eye","Pear","Lee\u0027s Waffle","Strawberry","Ornamental Fan","Girya","Fusion Hammer","Charon\u0027s Ashes","Frozen Egg 2","White Beast Statue","Meat on the Bone","Membership Card","Whetstone","Toy Ornithopter"],"acts_visited":["Exordium","TheCity","TheBeyond","TheEnding"],"potions_floor_usage":[48,51,51,55,56,56],"damage_taken":[{"damage":4.0,"enemies":"Small Slimes","floor":1.0,"turns":5.0},{"damage":2.0,"enemies":"2 Louse","floor":3.0,"turns":3.0},{"damage":0.0,"enemies":"Cultist","floor":5.0,"turns":2.0},{"damage":18.0,"enemies":"Lagavulin","floor":7.0,"turns":5.0},{"damage":13.0,"enemies":"Exordium Thugs","floor":10.0,"turns":4.0},{"damage":13.0,"enemies":"3 Sentries","floor":12.0,"turns":5.0},{"damage":22.0,"enemies":"Lagavulin Event","floor":13.0,"turns":3.0},{"damage":5.0,"enemies":"Looter","floor":14.0,"turns":2.0},{"damage":0.0,"enemies":"Slime Boss","floor":16.0,"turns":5.0},{"damage":3.0,"enemies":"2 Thieves","floor":18.0,"turns":2.0},{"damage":0.0,"enemies":"Chosen","floor":20.0,"turns":3.0},{"damage":0.0,"enemies":"Centurion and Healer","floor":21.0,"turns":2.0},{"damage":3.0,"enemies":"Slavers","floor":23.0,"turns":3.0},{"damage":43.0,"enemies":"Book of Stabbing","floor":27.0,"turns":4.0},{"damage":0.0,"enemies":"Snake Plant","floor":28.0,"turns":2.0},{"damage":0.0,"enemies":"3 Cultists","floor":30.0,"turns":2.0},{"damage":0.0,"enemies":"Centurion and Healer","floor":31.0,"turns":3.0},{"damage":36.0,"enemies":"Champ","floor":33.0,"turns":7.0},{"damage":0.0,"enemies":"3 Darklings","floor":35.0,"turns":2.0},{"damage":2.0,"enemies":"2 Orb Walkers","floor":36.0,"turns":2.0},{"damage":43,"enemies":"Nemesis","floor":40,"turns":7},{"damage":0,"enemies":"3 Shapes","floor":41,"turns":2},{"damage":0,"enemies":"Transient","floor":42,"turns":6},{"damage":8,"enemies":"Giant Head","floor":44,"turns":5},{"damage":5,"enemies":"Maw","floor":45,"turns":4},{"damage":0,"enemies":"Spire Growth","floor":46,"turns":2},{"damage":0,"enemies":"Reptomancer","floor":47,"turns":4},{"damage":0,"enemies":"Jaw Worm Horde","floor":48,"turns":3},{"damage":63,"enemies":"Donu and Deca","floor":50,"turns":7},{"damage":94,"enemies":"Awakened One","floor":51,"turns":10},{"damage":44,"enemies":"Shield and Spear","floor":55,"turns":6},{"damage":93,"enemies":"The Heart","floor":56,"turns":6}],"seed_played":"-1826757821776577931","potions_obtained":[{"floor":5.0,"key":"LiquidBronze"},{"floor":7.0,"key":"LiquidBronze"},{"floor":14.0,"key":"AttackPotion"},{"floor":20.0,"key":"DuplicationPotion"},{"floor":21.0,"key":"DuplicationPotion"},{"floor":40,"key":"Weak Potion"},{"floor":46,"key":"DistilledChaos"},{"floor":48,"key":"BloodPotion"},{"floor":55,"key":"AttackPotion"}],"is_trial":false,"path_per_floor":["M","?","M","$","M","R","E","R","T","M","?","E","?","M","R","B",null,"M","?","M","M","?","E","R","$","T","E","M","R","M","M","R","B",null,"M","?","?","?","?","E","M","M","T","E","M","M","E","M","R","B","B",null,"R","$","E","B"],"character_chosen":"IRONCLAD","items_purchased":["Shockwave","Brimstone","Headbutt","Lee\u0027s Waffle","Strawberry","Immolate+1","Membership Card","Double Tap","BloodPotion","Swift Potion","Uppercut+1","Whetstone","Evolve+1"],"campfire_rested":1,"item_purchase_floors":[4,4,4,25,25,25,54,54,54,54,54,54,54],"current_hp_per_floor":[68,57,61,61,67,67,55,55,55,48,48,41,25,26,26,32,59,62,62,68,68,68,78,78,92,92,55,61,61,67,73,73,43,80,86,90,90,87,87,50,56,62,62,60,61,67,73,79,79,34,21,71,87,87,61,0,0],"gold":46,"neow_bonus":"TWO_FIFTY_GOLD","is_daily":false,"chose_seed":false,"campfire_upgraded":6,"win_rate":0.0,"timestamp":1609027702,"path_taken":["M","?","M","$","M","R","E","R","T","M","?","E","?","M","R","BOSS","M","?","M","M","?","E","R","$","T","E","?","R","M","M","R","BOSS","M","?","?","?","?","E","M","M","T","E","M","M","E","M","R","BOSS","BOSS","R","$","E","BOSS"],"items_purchased_type":["Card","Relic","Card","Relic","Relic","Card","Relic","Card","Potion","Potion","Card","Relic","Card"],"build_version":"2020-12-22","purchased_purges":3,"victory":false,"max_hp_per_floor":[68,68,68,68,68,68,68,68,68,68,68,68,68,68,68,68,68,68,68,68,68,68,78,78,92,92,92,92,92,92,92,92,92,92,92,92,92,87,87,87,87,87,87,87,87,87,87,87,87,87,87,87,87,87,87,87,87],"relic_stats":{"Lee\u0027s Waffle":7,"counters":[32,128],"Charon\u0027s Ashes":[248],"Letter Opener":[145],"Whetstone":["Strike_R","Strike_R"],"Burning Blood":175,"Lizard Tail":43,"Ornamental Fan":[124],"Snecko Eye":[161,203,197,183],"Kunai":[36],"obtain_stats":[{"Girya":27,"Lee\u0027s Waffle":25,"Pear":23,"Charon\u0027s Ashes":36,"Letter Opener":12,"Whetstone":54,"Frozen Egg 2":40,"Burning Blood":0,"White Beast Statue":44,"Lizard Tail":13,"Brimstone":4,"Ornamental Fan":26,"Strawberry":25,"Snecko Eye":17,"Molten Egg 2":7,"Fusion Hammer":34,"Kunai":9,"Membership Card":54,"Toy Ornithopter":55,"Meat on the Bone":47},{"Girya":14,"Lee\u0027s Waffle":13,"Pear":13,"Charon\u0027s Ashes":20,"Letter Opener":6,"Whetstone":30,"Frozen Egg 2":21,"Burning Blood":0,"White Beast Statue":24,"Lizard Tail":7,"Brimstone":2,"Ornamental Fan":13,"Strawberry":13,"Snecko Eye":9,"Molten Egg 2":4,"Fusion Hammer":18,"Kunai":4,"Membership Card":30,"Toy Ornithopter":31,"Meat on the Bone":27},{"Girya":48,"Lee\u0027s Waffle":44,"Pear":44,"Charon\u0027s Ashes":66,"Letter Opener":24,"Whetstone":116,"Frozen Egg 2":73,"Burning Blood":0,"White Beast Statue":86,"Lizard Tail":27,"Brimstone":8,"Ornamental Fan":44,"Strawberry":44,"Snecko Eye":34,"Molten Egg 2":15,"Fusion Hammer":62,"Kunai":15,"Membership Card":116,"Toy Ornithopter":122,"Meat on the Bone":96}],"Toy Ornithopter":10,"Meat on the Bone":36},"card_choices":[{"not_picked":["True Grit","Cleave"],"picked":"Perfected Strike","floor":1.0},{"not_picked":["Heavy Blade","Clash"],"picked":"Pommel Strike","floor":3.0},{"not_picked":["Carnage","True Grit"],"picked":"Perfected Strike","floor":5.0},{"not_picked":["Limit Break","Inflame"],"picked":"Heavy Blade+1","floor":7.0},{"not_picked":["Pommel Strike+1","Thunderclap+1"],"picked":"Dropkick+1","floor":10.0},{"not_picked":["Flex","Perfected Strike+1","Wild Strike+1"],"picked":"SKIP","floor":12.0},{"not_picked":["Infernal Blade","Heavy Blade+1"],"picked":"True Grit","floor":13.0},{"not_picked":["Thunderclap+1","Flex"],"picked":"Burning Pact","floor":14.0},{"not_picked":["Brutality","Juggernaut"],"picked":"Impervious","floor":16.0},{"not_picked":["Wild Strike+1","True Grit+1"],"picked":"Shrug It Off+1","floor":18.0},{"not_picked":["Battle Trance","Anger+1"],"picked":"Twin Strike+1","floor":20.0},{"not_picked":["Thunderclap+1","Clothesline+1"],"picked":"Shrug It Off","floor":21.0},{"not_picked":["Sever Soul+1","Rupture","Pommel Strike+1"],"picked":"SKIP","floor":23.0},{"not_picked":["Dropkick+1","Twin Strike+1","Offering"],"picked":"SKIP","floor":27.0},{"not_picked":["Intimidate","Perfected Strike+1"],"picked":"Pommel Strike+1","floor":28.0},{"not_picked":["Flex","Thunderclap+1","Cleave+1"],"picked":"SKIP","floor":30.0},{"not_picked":["Body Slam+1","Ghostly Armor"],"picked":"Dual Wield","floor":31.0},{"not_picked":["Limit Break","Berserk"],"picked":"Impervious","floor":33.0},{"not_picked":["Pummel+1","Sever Soul+1","Body Slam+1"],"picked":"SKIP","floor":35.0},{"not_picked":["Deep Breath","Sadistic Nature"],"picked":"Apotheosis","floor":39.0},{"not_picked":["Body Slam+1","Sword Boomerang+1"],"picked":"Shrug It Off+1","floor":40},{"not_picked":["Perfected Strike+1","Intimidate"],"picked":"Power Through","floor":41},{"not_picked":["Clash+1","True Grit"],"picked":"Uppercut+1","floor":42},{"not_picked":["Havoc","Warcry","Cleave+1"],"picked":"SKIP","floor":44},{"not_picked":["Warcry","Iron Wave+1","Twin Strike+1"],"picked":"SKIP","floor":45},{"not_picked":["Carnage+1","Thunderclap+1"],"picked":"Entrench","floor":46},{"not_picked":["Shrug It Off","Searing Blow+1"],"picked":"Second Wind+1","floor":47},{"not_picked":["Headbutt+1","Burning Pact"],"picked":"Disarm","floor":48},{"not_picked":["Wild Strike+1","Rage"],"picked":"Demon Form+1","floor":55}],"player_experience":1594527,"relics_obtained":[{"floor":7.0,"key":"Molten Egg 2"},{"floor":9.0,"key":"Kunai"},{"floor":12.0,"key":"Letter Opener"},{"floor":13.0,"key":"Lizard Tail"},{"floor":23.0,"key":"Pear"},{"floor":26.0,"key":"Ornamental Fan"},{"floor":27.0,"key":"Girya"},{"floor":36.0,"key":"Charon\u0027s Ashes"},{"floor":40,"key":"Frozen Egg 2"},{"floor":44,"key":"White Beast Statue"},{"floor":47,"key":"Meat on the Bone"},{"floor":55,"key":"Toy Ornithopter"}],"event_choices":[{"damage_healed":0.0,"max_hp_gain":0.0,"max_hp_loss":0.0,"gold_gain":75.0,"event_name":"World of Goop","player_choice":"Gather Gold","floor":2.0,"gold_loss":0.0,"damage_taken":11.0},{"damage_healed":0.0,"max_hp_gain":0.0,"max_hp_loss":0.0,"gold_gain":0.0,"event_name":"Living Wall","player_choice":"Grow","floor":11.0,"gold_loss":0.0,"damage_taken":0.0,"cards_upgraded":["Perfected Strike"]},{"damage_healed":0.0,"max_hp_gain":0.0,"max_hp_loss":0.0,"gold_gain":0.0,"event_name":"Dead Adventurer","player_choice":"Searched \u00272\u0027 times","floor":13.0,"gold_loss":0.0,"damage_taken":0.0},{"damage_healed":0.0,"max_hp_gain":0.0,"max_hp_loss":0.0,"gold_gain":50.0,"event_name":"Nest","player_choice":"Stole From Cult","floor":19.0,"gold_loss":0.0,"damage_taken":0.0},{"damage_healed":0.0,"max_hp_gain":0.0,"max_hp_loss":0.0,"gold_gain":275.0,"event_name":"Golden Shrine","player_choice":"Desecrate","floor":22.0,"gold_loss":0.0,"damage_taken":0.0,"cards_obtained":["Regret"]},{"damage_healed":0.0,"max_hp_gain":0.0,"max_hp_loss":0.0,"gold_gain":0.0,"event_name":"Mysterious Sphere","player_choice":"Fight","floor":36.0,"gold_loss":0.0,"damage_taken":0.0},{"cards_removed":["Defend_R"],"damage_healed":0.0,"max_hp_gain":0.0,"max_hp_loss":0.0,"gold_gain":0.0,"event_name":"Falling","player_choice":"Removed Skill","floor":37.0,"gold_loss":0.0,"damage_taken":0.0},{"damage_healed":0.0,"max_hp_gain":0.0,"max_hp_loss":5.0,"gold_gain":0.0,"event_name":"Winding Halls","player_choice":"Max HP","floor":38.0,"gold_loss":0.0,"damage_taken":0.0},{"damage_healed":0.0,"max_hp_gain":0.0,"max_hp_loss":0.0,"gold_gain":0.0,"event_name":"SensoryStone","player_choice":"Memory 1","floor":39.0,"gold_loss":0.0,"damage_taken":0.0}],"is_beta":false,"boss_relics":[{"not_picked":["Mark of Pain","Philosopher\u0027s Stone"],"picked":"Snecko Eye"},{"not_picked":["Runic Cube","SacredBark"],"picked":"Fusion Hammer"}],"items_purged_floors":[4,25,54],"is_endless":false,"potions_floor_spawned":[5,7,10,14,18,20,21,31,40,45,46,47,48,55],"killed_by":"The Heart","ascension_level":20}}