{"host":"4ag909k4xupnj24b","time":1609061799,"event":{"mods":["BaseMod","Minty Spire (QoL Compilation)","StSLib"],"gold_per_floor":[110,122,20,32,47,77,77,97,97,97,113,129,155,173,173,248,248,265,284,383,383,179,179,104,104,104,133,233,233,251,277,277,351,351,364,410,421,421,436,436,436],"floor_reached":40,"playtime":2801,"items_purged":["Decay"],"score":690,"play_id":"4aa84b01-e465-4e84-8fa0-c05c76c22595","local_time":"20201227013639","is_ascension_mode":true,"campfire_choices":[{"data":"Hologram","floor":7.0,"key":"SMITH"},{"data":"Chaos","floor":10.0,"key":"SMITH"},{"data":"Barrage","floor":15.0,"key":"SMITH"},{"data":"White Noise","floor":23,"key":"SMITH"},{"data":"Self Repair","floor":25,"key":"SMITH"},{"floor":29,"key":"REST"},{"floor":32,"key":"REST"}],"circlet_count":0,"master_deck":["AscendersBane","Strike_B","Defend_B","Defend_B","Defend_B","Defend_B","Zap","Dualcast","Coolheaded","White Noise+1","Self Repair+1","Gash","Sunder","Hologram+1","Chaos+1","Barrage+1","Coolheaded","Seek","Melter","Cold Snap","Ball Lightning+1"],"relics":["Busted Crown","Darkstone Periapt","InkBottle","Bag of Marbles","Nuclear Battery","Art of War","WingedGreaves","Pocketwatch","HornCleat","Dream Catcher","Empty Cage","CaptainsWheel","Meat on the Bone"],"acts_visited":["Exordium","TheCity","TheBeyond"],"potions_floor_usage":[27,28,28,36,37],"damage_taken":[{"damage":14.0,"enemies":"Small Slimes","floor":1.0,"turns":5.0},{"damage":0.0,"enemies":"2 Louse","floor":2.0,"turns":3.0},{"damage":4.0,"enemies":"Cultist","floor":4.0,"turns":4.0},{"damage":0.0,"enemies":"2 Fungi Beasts","floor":5.0,"turns":3.0},{"damage":16.0,"enemies":"3 Sentries","floor":6.0,"turns":5.0},{"damage":8.0,"enemies":"Lots of Slimes","floor":8.0,"turns":5.0},{"damage":4.0,"enemies":"Large Slime","floor":11.0,"turns":11.0},{"damage":8.0,"enemies":"Looter","floor":12.0,"turns":3.0},{"damage":16.0,"enemies":"Gremlin Nob","floor":13.0,"turns":6.0},{"damage":13.0,"enemies":"Exordium Wildlife","floor":14.0,"turns":4.0},{"damage":39.0,"enemies":"Hexaghost","floor":16.0,"turns":10.0},{"damage":23,"enemies":"2 Thieves","floor":18,"turns":3},{"damage":12,"enemies":"Shell Parasite","floor":19,"turns":6},{"damage":22,"enemies":"Slavers","floor":27,"turns":4},{"damage":26,"enemies":"Colosseum Slavers","floor":28,"turns":4},{"damage":14,"enemies":"Colosseum Nobs","floor":28,"turns":6},{"damage":8,"enemies":"Snecko","floor":30,"turns":5},{"damage":34,"enemies":"Champ","floor":33,"turns":20},{"damage":8,"enemies":"Orb Walker","floor":35,"turns":4},{"damage":23,"enemies":"2 Orb Walkers","floor":36,"turns":5},{"damage":8,"enemies":"3 Shapes","floor":37,"turns":3},{"damage":10,"enemies":"Sphere and 2 Shapes","floor":39,"turns":5},{"damage":67,"enemies":"Reptomancer","floor":40,"turns":7}],"seed_played":"-4500052015885408538","potions_obtained":[{"floor":4.0,"key":"LiquidMemories"},{"floor":6.0,"key":"Block Potion"},{"floor":13.0,"key":"SpeedPotion"},{"floor":14.0,"key":"PotionOfCapacity"},{"floor":19,"key":"Swift Potion"},{"floor":27,"key":"EssenceOfSteel"},{"floor":33,"key":"Swift Potion"},{"floor":35,"key":"Block Potion"},{"floor":36,"key":"FearPotion"}],"is_trial":false,"path_per_floor":["M","M","$","M","M","E","R","M","T","R","M","M","E","M","R","B",null,"M","M","?","?","$","R","?","R","T","E","?","R","M","T","R","B",null,"M","?","M","?","M","E"],"character_chosen":"DEFECT","items_purchased":["Self Repair","Gash","Melter","AttackPotion"],"campfire_rested":2,"item_purchase_floors":[3,3,22,22],"current_hp_per_floor":[54,54,54,57,64,55,55,54,54,54,57,56,47,41,41,9,59,43,38,38,44,44,44,44,44,44,42,22,46,48,48,72,48,73,75,62,64,64,64,0,0],"gold":436,"neow_bonus":"BOSS_RELIC","is_daily":false,"chose_seed":false,"campfire_upgraded":5,"win_rate":0.0,"timestamp":1609061799,"path_taken":["M","M","$","M","M","E","R","M","T","R","M","M","E","M","R","BOSS","M","M","?","?","$","R","?","R","T","E","?","R","M","?","R","BOSS","M","?","M","?","?","E"],"items_purchased_type":["Card","Card","Card","Potion"],"build_version":"2020-12-22","purchased_purges":1,"victory":false,"max_hp_per_floor":[75,75,75,75,75,75,75,75,75,75,75,75,75,75,75,75,75,75,75,75,81,81,81,81,81,81,81,81,81,81,81,81,81,81,81,81,81,81,81,81,81],"card_choices":[{"not_picked":[],"picked":"Coolheaded","floor":1.0},{"not_picked":[],"picked":"White Noise","floor":2.0},{"not_picked":[],"picked":"Sunder","floor":4.0},{"not_picked":["Redo"],"picked":"SKIP","floor":5.0},{"not_picked":[],"picked":"Hologram","floor":6.0},{"not_picked":[],"picked":"Chaos","floor":8.0},{"not_picked":["Genetic Algorithm"],"picked":"SKIP","floor":11.0},{"not_picked":[],"picked":"Barrage","floor":12.0},{"not_picked":["Double Energy"],"picked":"SKIP","floor":13.0},{"not_picked":[],"picked":"Coolheaded","floor":14.0},{"not_picked":[],"picked":"Seek","floor":16.0},{"not_picked":["Turbo"],"picked":"SKIP","floor":18},{"not_picked":["Turbo"],"picked":"SKIP","floor":19},{"not_picked":["Force Field+1"],"picked":"SKIP","floor":27},{"not_picked":["Beam Cell"],"picked":"SKIP","floor":30},{"not_picked":[],"picked":"Cold Snap","floor":32},{"not_picked":[],"picked":"Ball Lightning+1","floor":35},{"not_picked":["Coolheaded"],"picked":"SKIP","floor":37},{"not_picked":["Rebound+1"],"picked":"SKIP","floor":39}],"player_experience":817571,"relics_obtained":[{"floor":6.0,"key":"Darkstone Periapt"},{"floor":9.0,"key":"InkBottle"},{"floor":13.0,"key":"Bag of Marbles"},{"floor":26,"key":"Art of War"},{"floor":27,"key":"WingedGreaves"},{"floor":28,"key":"Pocketwatch"},{"floor":28,"key":"HornCleat"},{"floor":31,"key":"Dream Catcher"},{"floor":36,"key":"CaptainsWheel"}],"event_choices":[{"damage_healed":0,"gold_gain":99,"player_choice":"Stole From Cult","damage_taken":0,"max_hp_gain":0,"max_hp_loss":0,"event_name":"Nest","floor":20,"gold_loss":0},{"damage_healed":0,"gold_gain":0,"player_choice":"Smashed Altar","damage_taken":0,"max_hp_gain":0,"max_hp_loss":0,"event_name":"Forgotten Altar","floor":21,"gold_loss":0,"cards_obtained":["Decay"]},{"cards_removed":["Strike_B"],"damage_healed":0,"gold_gain":0,"player_choice":"Gave Gold","damage_taken":0,"max_hp_gain":0,"max_hp_loss":0,"event_name":"Beggar","floor":24,"gold_loss":75},{"damage_healed":0,"gold_gain":0,"player_choice":"Fight","damage_taken":0,"max_hp_gain":0,"max_hp_loss":0,"event_name":"Colosseum","floor":28,"gold_loss":0},{"damage_healed":0,"gold_gain":0,"player_choice":"Fought Nobs","damage_taken":0,"max_hp_gain":0,"max_hp_loss":0,"event_name":"Colosseum","floor":28,"gold_loss":0},{"damage_healed":0,"gold_gain":0,"player_choice":"Fight","damage_taken":0,"max_hp_gain":0,"max_hp_loss":0,"event_name":"Mysterious Sphere","floor":36,"gold_loss":0},{"damage_healed":0,"gold_gain":0,"player_choice":"Gave Potion","damage_taken":0,"relics_obtained":["Meat on the Bone"],"max_hp_gain":0,"max_hp_loss":0,"event_name":"WeMeetAgain","floor":38,"gold_loss":0}],"is_beta":false,"boss_relics":[{"not_picked":["Snecko Eye","Runic Dome"],"picked":"Nuclear Battery"},{"not_picked":["Philosopher\u0027s Stone","SacredBark"],"picked":"Empty Cage"}],"items_purged_floors":[22],"is_endless":false,"potions_floor_spawned":[4,6,13,14,19,27,28,33,35,36],"killed_by":"Reptomancer","ascension_level":13}}