{"host":"ydujlihd8f5px9gp","time":1609098760,"event":{"mods":["AchievementEnabler","BaseMod","Block Reminder","Colored Map","Minty Spire (QoL Compilation)"],"gold_per_floor":[119,129,144,219,237,271,271,327,327,355,386,414,426,456,468,583,595,627,655,667,699,626,638,669,681,743,755,375,375,386,396,396,396,396],"floor_reached":33,"playtime":1725,"items_purged":[],"score":291,"play_id":"b6a9698a-c8d5-422d-b1b4-786e981d96db","local_time":"20201227175240","is_ascension_mode":true,"campfire_choices":[{"data":"Flame Barrier","floor":7,"key":"SMITH"},{"data":"Rage","floor":13,"key":"SMITH"},{"data":"Double Tap","floor":15,"key":"SMITH"},{"data":"Bite","floor":23,"key":"SMITH"},{"data":"Flame Barrier","floor":25,"key":"SMITH"},{"data":"Anger","floor":27,"key":"SMITH"},{"data":"Combust","floor":32,"key":"SMITH"}],"circlet_count":0,"master_deck":["Defend_R","Defend_R","Defend_R+1","Defend_R","Bash+1","Flame Barrier+1","Uppercut","Combust+1","Sword Boomerang","Rage+1","Clash","Double Tap+1","Flame Barrier+1","Armaments","Sword Boomerang","Bite","Bite","Bite","Bite","Bite+1","Flex+1","Anger+1"],"relics":["Burning Blood","Matryoshka","Kunai","MawBank","Pantograph","Black Star","War Paint","Happy Flower","Bronze Scales","Nunchaku","Letter Opener"],"acts_visited":["Exordium","TheCity"],"potions_floor_usage":[8,16,16,16,21,30,33,33],"damage_taken":[{"damage":0,"enemies":"Small Slimes","floor":1,"turns":3},{"damage":1,"enemies":"Jaw Worm","floor":2,"turns":4},{"damage":0,"enemies":"2 Louse","floor":3,"turns":3},{"damage":2,"enemies":"Exordium Wildlife","floor":5,"turns":3},{"damage":39,"enemies":"Lagavulin","floor":6,"turns":10},{"damage":18,"enemies":"Lagavulin Event","floor":8,"turns":5},{"damage":8,"enemies":"3 Louse","floor":10,"turns":3},{"damage":6,"enemies":"Blue Slaver","floor":11,"turns":3},{"damage":0,"enemies":"Looter","floor":12,"turns":4},{"damage":4,"enemies":"Red Slaver","floor":14,"turns":3},{"damage":34,"enemies":"Slime Boss","floor":16,"turns":8},{"damage":16,"enemies":"3 Byrds","floor":18,"turns":5},{"damage":30,"enemies":"2 Thieves","floor":19,"turns":4},{"damage":22,"enemies":"Chosen and Byrds","floor":21,"turns":7},{"damage":53,"enemies":"Shelled Parasite and Fungi","floor":24,"turns":8},{"damage":9,"enemies":"Snecko","floor":30,"turns":6},{"damage":5,"enemies":"Chosen and Byrds","floor":31,"turns":5},{"damage":81,"enemies":"Champ","floor":33,"turns":9}],"seed_played":"8989094933423479059","potions_obtained":[{"floor":2,"key":"Explosive Potion"},{"floor":3,"key":"Weak Potion"},{"floor":5,"key":"GamblersBrew"},{"floor":6,"key":"DistilledChaos"},{"floor":8,"key":"Explosive Potion"},{"floor":16,"key":"SkillPotion"},{"floor":18,"key":"Block Potion"},{"floor":19,"key":"DuplicationPotion"},{"floor":24,"key":"Fire Potion"}],"is_trial":false,"path_per_floor":["M","M","M","?","M","E","R","?","T","M","M","M","R","M","R","B",null,"M","M","?","M","?","R","M","R","T","R","$","?","M","M","R","B"],"character_chosen":"IRONCLAD","items_purchased":["Nunchaku","Letter Opener"],"campfire_rested":0,"item_purchase_floors":[28,28],"current_hp_per_floor":[80,80,80,69,73,40,40,28,28,26,26,32,32,34,34,31,80,70,46,46,50,50,50,16,16,16,16,16,16,26,38,38,0,0],"gold":396,"neow_bonus":"UPGRADE_CARD","is_daily":false,"chose_seed":false,"campfire_upgraded":7,"win_rate":0.0,"timestamp":1609098760,"path_taken":["M","M","M","?","M","E","R","?","T","M","M","M","R","M","R","BOSS","M","M","?","M","?","R","M","R","T","R","?","?","M","?","R","BOSS"],"items_purchased_type":["Relic","Relic"],"build_version":"2020-12-22","purchased_purges":0,"victory":false,"max_hp_per_floor":[80,80,80,80,80,80,80,80,80,80,80,80,80,80,80,80,80,80,80,56,56,56,56,56,56,56,56,56,56,56,56,56,56,56],"card_choices":[{"not_picked":["Flex","Metallicize"],"picked":"Flame Barrier","floor":1},{"not_picked":["Dark Embrace","Flex"],"picked":"Uppercut","floor":2},{"not_picked":["Thunderclap","True Grit"],"picked":"Combust","floor":3},{"not_picked":["Searing Blow","Juggernaut","Wild Strike"],"picked":"SKIP","floor":5},{"not_picked":["Anger","Body Slam"],"picked":"Sword Boomerang","floor":6},{"not_picked":["Hemokinesis","True Grit"],"picked":"Rage","floor":8},{"not_picked":["Bloodletting","Pommel Strike"],"picked":"Clash","floor":10},{"not_picked":["Metallicize","Twin Strike"],"picked":"Double Tap","floor":11},{"not_picked":["Power Through","Heavy Blade"],"picked":"Flame Barrier","floor":12},{"not_picked":["True Grit","Dark Embrace"],"picked":"Armaments","floor":14},{"not_picked":["Warcry+1","Spot Weakness"],"picked":"Sword Boomerang","floor":18},{"not_picked":["True Grit","Warcry","Dark Embrace"],"picked":"SKIP","floor":19},{"not_picked":["Twin Strike","Cleave"],"picked":"Flex","floor":21},{"not_picked":["Clothesline+1","Headbutt+1"],"picked":"Anger","floor":24},{"not_picked":["Body Slam","Wild Strike","Disarm"],"picked":"SKIP","floor":30},{"not_picked":["Uppercut","True Grit","Body Slam"],"picked":"SKIP","floor":31}],"player_experience":48279,"relics_obtained":[{"floor":6,"key":"Matryoshka"},{"floor":8,"key":"Kunai"},{"floor":9,"key":"MawBank"},{"floor":9,"key":"Pantograph"},{"floor":26,"key":"Happy Flower"},{"floor":26,"key":"Bronze Scales"}],"event_choices":[{"damage_healed":0,"gold_gain":75,"player_choice":"Gather Gold","damage_taken":11,"max_hp_gain":0,"max_hp_loss":0,"event_name":"World of Goop","floor":4,"gold_loss":0},{"damage_healed":0,"gold_gain":0,"player_choice":"Searched \u00271\u0027 times","damage_taken":0,"max_hp_gain":0,"max_hp_loss":0,"event_name":"Dead Adventurer","floor":8,"gold_loss":0},{"damage_healed":0,"gold_gain":0,"player_choice":"Became a vampire","damage_taken":0,"max_hp_gain":0,"max_hp_loss":24,"event_name":"Vampires","floor":20,"gold_loss":0,"cards_obtained":["Bite","Bite","Bite","Bite","Bite"]},{"damage_healed":0,"gold_gain":0,"player_choice":"Obtained Relic","damage_taken":0,"relics_obtained":["War Paint"],"max_hp_gain":0,"max_hp_loss":0,"event_name":"Addict","floor":22,"gold_loss":85},{"damage_healed":0,"gold_gain":0,"player_choice":"Ignored","damage_taken":0,"max_hp_gain":0,"max_hp_loss":0,"event_name":"Ghosts","floor":29,"gold_loss":0}],"is_beta":false,"boss_relics":[{"not_picked":["Cursed Key","Empty Cage"],"picked":"Black Star"}],"items_purged_floors":[],"is_endless":false,"potions_floor_spawned":[2,3,5,6,8,11,16,18,19,24],"killed_by":"Champ","ascension_level":1}}