{"host":"nqrfkbjfoi3dc0s1","time":1609047916,"event":{"mods":["Act Like it!","Aspiration","BaseMod","Better Third Choice","BetterRewards","Block Reminder","Downfall","Highlight Path","Hubris","Infinite Spire","Ironclad Rager","Minty Spire (QoL Compilation)","Relic Sorter","Replay The Spire","Shop Mod","Spicy Shops","StSLib"],"gold_per_floor":[213,213,213,80,99,99,28,28,28,28,42,54,72,82,82,187,187,203,216,285,297,164,164,198,217,269,269,278,303,327,338,338,474,474,521,530,168,239,309,370,410,410,410,385,459,459,515,317,317,317,317],"floor_reached":50,"playtime":2226,"items_purged":["Beam Cell+1","Rainbow+1","Streamline+1"],"score":535,"play_id":"495dcf43-6409-46a3-ab4b-1fdc6387ca1a","local_time":"20201227184516","is_ascension_mode":true,"campfire_choices":[{"floor":6,"key":"RECALL"},{"data":"Zap","floor":8,"key":"SMITH"},{"floor":15,"key":"REST"},{"floor":23,"key":"REST"},{"floor":27,"key":"REST"},{"floor":32,"key":"REST"},{"floor":42,"key":"REST"},{"floor":49,"key":"REST"}],"circlet_count":0,"master_deck":["Defend_B","Defend_B","Zap+1","Dualcast","Beam Cell+1","Self Repair","Ball Lightning+1","BasicCrystalCard","ReplayTheSpireMod:Omega Cannon","Echo Form+1","BasicCrystalCard+1","Genetic Algorithm","Crystallizer","Capacitor","Enlightenment","Defragment+1","infinitespire:Starlight","Crystallizer+1","Cold Snap","Mirror Shield","infinitespire:Starlight","HandOfGreed+1","Defragment","Crystallizer","ReplayTheSpireMod:Reroute Power","Electrodynamics+1","Gash+1"],"relics":["Cracked Core","MerchantsRug","Membership Card","Astrolabe","Black Star","Calipers","aspiration:Lifesprig","ClockworkSouvenir","CeramicFish","Gremlin Food","Bottled Flame","Bag of Marbles","hubris:BallOfYels","infinitespire:EvilPickle","Replay:Wax Seal","hubris:SoftwareUpdate","Darkstone Periapt","infinitespire:Satchel","Molten Egg 2","Potion Belt","hubris:Towel","Shuriken","infinitespire:Beetle Shell","Prayer Wheel"],"acts_visited":["Exordium","TheCity","TheBeyond"],"potions_floor_usage":[21,21,21,25,31,33,33,40,40,40,40,40,40,40,45,50],"damage_taken":[{"damage":3,"enemies":"Jaw Worm","floor":1,"turns":4},{"damage":0,"enemies":"Cultist","floor":5,"turns":3},{"damage":0,"enemies":"Small Slimes","floor":11,"turns":3},{"damage":31,"enemies":"Exordium Thugs","floor":12,"turns":4},{"damage":15,"enemies":"Large Slime","floor":13,"turns":6},{"damage":7,"enemies":"3 Louse","floor":14,"turns":3},{"damage":11,"enemies":"Slime Boss","floor":16,"turns":7},{"damage":0,"enemies":"Spheric Guardian","floor":18,"turns":3},{"damage":44,"enemies":"Shell Parasite","floor":19,"turns":6},{"damage":0,"enemies":"3 Cultists","floor":21,"turns":3},{"damage":45,"enemies":"Gremlin Leader","floor":24,"turns":5},{"damage":24,"enemies":"Snecko","floor":25,"turns":5},{"damage":28,"enemies":"Snake Plant","floor":29,"turns":3},{"damage":2,"enemies":"Sentry and Sphere","floor":30,"turns":4},{"damage":0,"enemies":"Centurion and Healer","floor":31,"turns":3},{"damage":14,"enemies":"Pondfish","floor":33,"turns":8},{"damage":17,"enemies":"Orb Walker","floor":35,"turns":4},{"damage":29,"enemies":"3 Darklings","floor":39,"turns":5},{"damage":65,"enemies":"Nightmare","floor":40,"turns":8},{"damage":34,"enemies":"Spire Growth","floor":41,"turns":7},{"damage":24,"enemies":"Writhing Mass","floor":45,"turns":6},{"damage":16,"enemies":"3 Darklings","floor":47,"turns":2},{"damage":69,"enemies":"hubris:GrandSnecko","floor":50,"turns":6}],"seed_played":"6180297577869415734","potions_obtained":[{"floor":1,"key":"LiquidMemories"},{"floor":5,"key":"BlessingOfTheForge"},{"floor":14,"key":"SteroidPotion"},{"floor":16,"key":"Weak Potion"},{"floor":24,"key":"Toxic Potion"},{"floor":25,"key":"Fruit Juice"},{"floor":29,"key":"Flashbang"},{"floor":30,"key":"Block Potion"},{"floor":33,"key":"Strength Potion"},{"floor":38,"key":"infinitespire:BlackPotion"},{"floor":41,"key":"Energy Potion"},{"floor":45,"key":"Ancient Potion"},{"floor":47,"key":"Cursed Concoction"}],"is_trial":false,"path_per_floor":["M","?","T","$","M","R","$","R","T","$","M","M","M","M","R","B",null,"?","?","T","M","$","R","E","M","T","R","AVR","M","M","M","R","B",null,"M","?","$","?","M","NM","M","R","T","$","M","?","M","$","R","B"],"character_chosen":"DEFECT","items_purchased":["MerchantsRug","Membership Card","hexamod:EctoCoolerPotion","BargainBundle","Capacitor","Enlightenment","Calipers","aspiration:Lifesprig","AttackPotion","SkillPotion","Dexterity Potion","ClockworkSouvenir","CeramicFish","Replay:Wax Seal","hubris:SoftwareUpdate","HandOfGreed","Defragment","EntropicBrew","Molten Egg 2","Potion Belt","Shuriken","infinitespire:Beetle Shell"],"campfire_rested":6,"item_purchase_floors":[4,7,20,20,20,20,20,20,20,20,20,22,22,37,37,37,37,37,44,44,48,48],"current_hp_per_floor":[72,72,72,72,75,75,75,75,75,75,75,51,43,43,65,54,75,75,38,38,45,45,67,29,17,17,41,41,20,35,45,69,65,80,70,70,70,70,51,23,16,40,40,40,43,43,27,27,51,0,0],"gold":317,"neow_bonus":"HUNDRED_GOLD","is_daily":false,"chose_seed":false,"campfire_upgraded":1,"win_rate":0.0,"timestamp":1609047916,"path_taken":["M","?","?","$","M","R","$","R","T","$","M","M","?","M","R","BOSS","?","?","T","M","$","R","E","?","T","R","AVR","M","M","M","R","BOSS","M","?","?","?","M","NM","?","R","T","$","M","?","M","?","R","BOSS"],"items_purchased_type":["Relic","Relic","Potion","Relic","Card","Card","Relic","Relic","Potion","Potion","Potion","Relic","Relic","Relic","Relic","Card","Card","Potion","Relic","Relic","Relic","Relic"],"build_version":"2020-12-22","purchased_purges":3,"victory":false,"max_hp_per_floor":[75,75,75,75,75,75,75,75,75,75,75,75,75,75,75,75,75,75,75,75,75,75,75,75,80,80,80,80,80,80,80,80,80,80,80,80,80,80,80,80,80,80,80,80,80,80,80,80,80,80,80],"card_choices":[{"not_picked":["Coolheaded","hubris:PowerSurge"],"picked":"Beam Cell","floor":1},{"not_picked":["Compile Driver","Turbo"],"picked":"Self Repair","floor":5},{"not_picked":["Panic Button","Gash"],"picked":"Ball Lightning","floor":11},{"not_picked":["Consume","Sweeping Beam"],"picked":"BasicCrystalCard","floor":12},{"not_picked":["Tempest","Panic Button"],"picked":"ReplayTheSpireMod:Omega Cannon","floor":13},{"not_picked":["White Noise","Rip and Tear","Turbo"],"picked":"SKIP","floor":14},{"not_picked":["Seek","hubris:SpecializedCircuitry"],"picked":"Echo Form","floor":16},{"not_picked":["Consume+1","Aggregate"],"picked":"Genetic Algorithm","floor":18},{"not_picked":["Rebound","Conserve Battery"],"picked":"Crystallizer","floor":19},{"not_picked":["Conserve Battery","Chill"],"picked":"Defragment+1","floor":21},{"not_picked":["Fusion","Rip and Tear","Leap+1"],"picked":"SKIP","floor":24},{"not_picked":["Go for the Eyes+1","ReplayTheSpireMod:System Scan","Recycle"],"picked":"SKIP","floor":25},{"not_picked":["Panic Button","Double Energy+1"],"picked":"Crystallizer","floor":29},{"not_picked":["Rip and Tear+1","Turbo+1"],"picked":"Cold Snap","floor":30},{"not_picked":["Compile Driver","ReplayGash+1","Rebound+1"],"picked":"SKIP","floor":31},{"not_picked":["Machine Learning","hubris:DoWhile"],"picked":"Mirror Shield","floor":33},{"not_picked":["ReplayTheSpireMod:Calculation Training","Conserve Battery+1","Leap"],"picked":"SKIP","floor":35},{"not_picked":["Gash+1","Recycle+1"],"picked":"Crystallizer","floor":38},{"not_picked":["ReplayTheSpireMod:Repulse+1","Rebound+1"],"picked":"ReplayTheSpireMod:Reroute Power","floor":38},{"not_picked":["Coolheaded","ReplayTheSpireMod:Repulse"],"picked":"Streamline+1","floor":39},{"not_picked":["Turbo+1","Double Energy"],"picked":"Electrodynamics","floor":40},{"not_picked":["Force Field","Stack","Barrage"],"picked":"SKIP","floor":41},{"not_picked":["Streamline+1","Rip and Tear+1"],"picked":"ReplayTheSpireMod:Fabricate Wheel","floor":45},{"not_picked":["Go for the Eyes+1","Barrage+1"],"picked":"Gash+1","floor":47}],"player_experience":275202,"relics_obtained":[{"floor":3,"key":"Solar Panel"},{"floor":9,"key":"aspiration:MysteriousAuxiliaryCore"},{"floor":24,"key":"Gremlin Food"},{"floor":24,"key":"Bottled Flame"},{"floor":26,"key":"Bag of Marbles"},{"floor":38,"key":"Whetstone"},{"floor":40,"key":"Darkstone Periapt"},{"floor":40,"key":"infinitespire:Satchel"}],"event_choices":[{"cards_removed":["Strike_B"],"damage_healed":0,"gold_gain":0,"player_choice":"Forget","damage_taken":0,"max_hp_gain":0,"max_hp_loss":0,"event_name":"Living Wall","floor":2,"gold_loss":0},{"damage_healed":0,"gold_gain":0,"player_choice":"Copied","damage_taken":0,"max_hp_gain":0,"max_hp_loss":0,"event_name":"Duplicator","floor":36,"gold_loss":0,"cards_obtained":["infinitespire:Starlight"]}],"is_beta":false,"boss_relics":[{"not_picked":["aspiration:IroncladSkillbook","Replay:Drink Me"],"picked":"Replay:Grab Bag"},{"not_picked":["Velvet Choker","ChewingGum"],"picked":"Painkiller Herb"},{"not_picked":["Fusion Hammer","Cursed Key"],"picked":"infinitespire:Cupcake"},{"not_picked":["aspiration:PoetsPen_weak","hubris:BlackHole"],"picked":"Astrolabe"},{"not_picked":["aspiration:BursterCore","Kintsugi"],"picked":"Black Star"},{"not_picked":["hubris:ScarierMask","aspiration:WatcherSkillbook"],"picked":"Empty Cage"}],"items_purged_floors":[20,22,44],"is_endless":true,"potions_floor_spawned":[1,5,14,16,24,25,29,30,33,41,45,47],"killed_by":"hubris:GrandSnecko","ascension_level":1}}