{"host":"Fun","time":1609091716,"event":{"mods":["BaseMod","Colored Map","Filter the Spire","Minty Spire (QoL Compilation)","Relic Stats","StSLib"],"gold_per_floor":[115,115,132,144,163,163,188,188,188,201,235,251,251,263,263,334,334,351,198,198,10,28,28,55,55,55,72,100,100,132,157,169,255,267,294,306,334,346,369,406,418,25,25,58,58,83,99,114,114,114],"floor_reached":51,"playtime":2054,"items_purged":["Strike_G","Strike_G","Strike_G"],"score":1487,"play_id":"02ac488e-089f-4ec4-bb08-537a113bb7d7","local_time":"20201227125516","is_ascension_mode":true,"campfire_choices":[{"data":"Neutralize","floor":6,"key":"SMITH"},{"data":"1","floor":8,"key":"LIFT"},{"data":"2","floor":13,"key":"LIFT"},{"data":"3","floor":15,"key":"LIFT"},{"data":"Envenom","floor":23,"key":"SMITH"},{"data":"A Thousand Cuts","floor":25,"key":"SMITH"},{"data":"Well Laid Plans","floor":29,"key":"SMITH"},{"data":"A Thousand Cuts","floor":32,"key":"SMITH"},{"data":"Noxious Fumes","floor":41,"key":"SMITH"},{"data":"After Image","floor":45,"key":"SMITH"},{"data":"Leg Sweep","floor":49,"key":"SMITH"}],"circlet_count":0,"master_deck":["AscendersBane","Strike_G","Defend_G","Defend_G","Defend_G","Defend_G","Defend_G","Survivor","Neutralize+1","After Image+1","Blade Dance","Backflip","Dash","Poisoned Stab","Well Laid Plans+1","A Thousand Cuts+1","Envenom+1","Blade Dance","A Thousand Cuts+1","Dagger Spray","Leg Sweep+1","Noxious Fumes+1","Acrobatics+1","Backflip","Deadly Poison","Blur","Choke","Caltrops+1"],"relics":["Ring of the Snake","WarpedTongs","Girya","Pantograph","HornCleat","Busted Crown","Ancient Tea Set","Mummified Hand","Unceasing Top","MawBank","Cursed Key","Frozen Egg 2","Membership Card","Sundial","StrikeDummy","The Specimen"],"acts_visited":["Exordium","TheCity","TheBeyond"],"potions_floor_usage":[11,16,22,50,50],"damage_taken":[{"damage":0,"enemies":"Small Slimes","floor":1,"turns":4},{"damage":0,"enemies":"Cultist","floor":3,"turns":3},{"damage":0,"enemies":"Jaw Worm","floor":4,"turns":4},{"damage":8,"enemies":"Exordium Thugs","floor":5,"turns":9},{"damage":0,"enemies":"3 Sentries","floor":7,"turns":8},{"damage":0,"enemies":"Exordium Wildlife","floor":10,"turns":4},{"damage":11,"enemies":"Lagavulin","floor":11,"turns":7},{"damage":8,"enemies":"Large Slime","floor":12,"turns":6},{"damage":5,"enemies":"Gremlin Gang","floor":14,"turns":4},{"damage":8,"enemies":"The Guardian","floor":16,"turns":10},{"damage":0,"enemies":"3 Byrds","floor":18,"turns":5},{"damage":0,"enemies":"Shell Parasite","floor":22,"turns":4},{"damage":17,"enemies":"Gremlin Leader","floor":24,"turns":6},{"damage":2,"enemies":"Cultist and Chosen","floor":27,"turns":5},{"damage":1,"enemies":"Book of Stabbing","floor":28,"turns":5},{"damage":0,"enemies":"Slavers","floor":30,"turns":5},{"damage":2,"enemies":"Snake Plant","floor":31,"turns":3},{"damage":20,"enemies":"Automaton","floor":33,"turns":7},{"damage":2,"enemies":"3 Shapes","floor":35,"turns":5},{"damage":0,"enemies":"Orb Walker","floor":37,"turns":3},{"damage":0,"enemies":"3 Darklings","floor":39,"turns":2},{"damage":16,"enemies":"Nemesis","floor":40,"turns":7},{"damage":9,"enemies":"Reptomancer","floor":44,"turns":5},{"damage":0,"enemies":"Mind Bloom Boss Battle","floor":46,"turns":5},{"damage":0,"enemies":"4 Shapes","floor":47,"turns":4},{"damage":0,"enemies":"Sphere and 2 Shapes","floor":48,"turns":3},{"damage":15,"enemies":"Time Eater","floor":50,"turns":10}],"seed_played":"6209741310060934814","potions_obtained":[{"floor":3,"key":"Fruit Juice"},{"floor":7,"key":"Strength Potion"},{"floor":14,"key":"GhostInAJar"},{"floor":16,"key":"SteroidPotion"},{"floor":20,"key":"GhostInAJar"},{"floor":27,"key":"GhostInAJar"}],"is_trial":false,"path_per_floor":["M","?","M","M","M","R","E","R","T","M","E","M","R","M","R","B",null,"M","$","?","$","M","R","E","R","T","M","E","R","E","M","R","B",null,"M","?","M","?","M","E","R","$","T","E","R","?","M","M","R","B",null],"character_chosen":"THE_SILENT","items_purchased":["Leg Sweep","Noxious Fumes","Membership Card","Sundial","Caltrops+1"],"campfire_rested":0,"item_purchase_floors":[19,21,42,42,42],"current_hp_per_floor":[59,59,59,59,51,51,51,51,51,51,40,32,32,27,27,49,66,66,66,66,66,66,66,49,49,49,47,46,46,46,44,44,49,66,64,64,64,64,64,48,48,48,48,39,39,64,64,64,64,56],"gold":114,"neow_bonus":"ONE_RANDOM_RARE_CARD","is_daily":false,"chose_seed":false,"campfire_upgraded":8,"win_rate":0.0,"timestamp":1609091716,"path_taken":["M","?","M","M","?","R","E","R","T","M","E","M","R","M","R","BOSS","M","$","?","?","M","R","E","R","T","M","E","R","E","M","R","BOSS","M","?","M","?","?","E","R","$","T","E","R","?","M","M","R","BOSS"],"items_purchased_type":["Card","Card","Relic","Relic","Card"],"build_version":"2020-12-18","purchased_purges":3,"victory":true,"max_hp_per_floor":[66,66,66,66,66,66,66,66,66,66,66,66,66,66,66,71,71,71,71,71,71,71,71,71,71,71,71,71,71,71,71,71,71,71,71,71,71,71,71,71,71,71,71,71,71,71,71,71,71,71],"relic_stats":{"Busted Crown":32,"counters":[27,143],"Mummified Hand":[93],"Sundial":[2],"Pantograph":82,"MawBank":144,"Cursed Key":0,"obtain_stats":[{"Girya":7,"The Specimen":46,"Frozen Egg 2":40,"Ancient Tea Set":24,"MawBank":30,"Cursed Key":34,"WarpedTongs":0,"HornCleat":11,"Busted Crown":17,"Mummified Hand":26,"Sundial":42,"Pantograph":9,"Membership Card":42,"StrikeDummy":44,"Unceasing Top":28,"Ring of the Snake":0},{"Girya":5,"The Specimen":24,"Frozen Egg 2":22,"Ancient Tea Set":13,"MawBank":16,"Cursed Key":18,"WarpedTongs":0,"HornCleat":7,"Busted Crown":10,"Mummified Hand":13,"Sundial":22,"Pantograph":5,"Membership Card":22,"StrikeDummy":23,"Unceasing Top":15,"Ring of the Snake":0},{"Girya":28,"The Specimen":126,"Frozen Egg 2":116,"Ancient Tea Set":74,"MawBank":89,"Cursed Key":99,"WarpedTongs":0,"HornCleat":39,"Busted Crown":59,"Mummified Hand":74,"Sundial":116,"Pantograph":28,"Membership Card":116,"StrikeDummy":121,"Unceasing Top":84,"Ring of the Snake":0}],"Unceasing Top":[8],"Ring of the Snake":[54],"WarpedTongs":[143]},"card_choices":[{"not_picked":["Outmaneuver","PiercingWail"],"picked":"Blade Dance","floor":1},{"not_picked":["Catalyst","Slice"],"picked":"Backflip","floor":3},{"not_picked":["Concentrate","Heel Hook"],"picked":"Dash","floor":4},{"not_picked":["Prepared","Slice"],"picked":"Poisoned Stab","floor":5},{"not_picked":["Masterful Stab","Leg Sweep"],"picked":"Well Laid Plans","floor":7},{"not_picked":["Expertise","Dagger Spray"],"picked":"A Thousand Cuts","floor":10},{"not_picked":["Blade Dance","Choke"],"picked":"Envenom","floor":11},{"not_picked":["Flying Knee","Setup","Riddle With Holes"],"picked":"SKIP","floor":12},{"not_picked":["Prepared","Slice"],"picked":"Blade Dance","floor":14},{"not_picked":["Bullet Time","Unload"],"picked":"A Thousand Cuts","floor":16},{"not_picked":[],"picked":"Dagger Spray","floor":18},{"not_picked":["Riddle With Holes"],"picked":"SKIP","floor":22},{"not_picked":["Masterful Stab"],"picked":"SKIP","floor":24},{"not_picked":["Infinite Blades"],"picked":"SKIP","floor":27},{"not_picked":["Storm of Steel"],"picked":"SKIP","floor":28},{"not_picked":[],"picked":"Acrobatics+1","floor":30},{"not_picked":["Outmaneuver"],"picked":"SKIP","floor":31},{"not_picked":[],"picked":"Backflip","floor":35},{"not_picked":["Deflect"],"picked":"SKIP","floor":37},{"not_picked":["Choke"],"picked":"SKIP","floor":39},{"not_picked":[],"picked":"Choke","floor":39},{"not_picked":["Cloak And Dagger"],"picked":"SKIP","floor":40},{"not_picked":["Deflect"],"picked":"SKIP","floor":44},{"not_picked":["Quick Slash"],"picked":"SKIP","floor":47},{"not_picked":["Choke"],"picked":"SKIP","floor":48}],"player_experience":128842,"relics_obtained":[{"floor":7,"key":"Girya"},{"floor":9,"key":"Pantograph"},{"floor":11,"key":"HornCleat"},{"floor":24,"key":"Ancient Tea Set"},{"floor":26,"key":"Mummified Hand"},{"floor":28,"key":"Unceasing Top"},{"floor":30,"key":"MawBank"},{"floor":40,"key":"Frozen Egg 2"},{"floor":44,"key":"StrikeDummy"},{"floor":46,"key":"The Specimen"}],"event_choices":[{"cards_removed":["Strike_G"],"damage_healed":0,"gold_gain":0,"player_choice":"Offered Basic","damage_taken":0,"max_hp_gain":0,"max_hp_loss":0,"event_name":"Bonfire Elementals","floor":2,"gold_loss":0},{"damage_healed":0,"gold_gain":0,"player_choice":"Got Potions","damage_taken":0,"max_hp_gain":0,"max_hp_loss":0,"event_name":"Lab","floor":20,"gold_loss":0},{"damage_healed":0,"gold_gain":0,"player_choice":"Ignored","damage_taken":0,"max_hp_gain":0,"max_hp_loss":0,"event_name":"Mysterious Sphere","floor":36,"gold_loss":0},{"damage_healed":0,"gold_gain":0,"player_choice":"2 cards matched","damage_taken":0,"max_hp_gain":0,"max_hp_loss":0,"event_name":"Match and Keep!","floor":38,"gold_loss":0,"cards_obtained":["Deadly Poison","Blur"]},{"damage_healed":0,"gold_gain":0,"player_choice":"Fight","damage_taken":0,"max_hp_gain":0,"max_hp_loss":0,"event_name":"MindBloom","floor":46,"gold_loss":0}],"is_beta":true,"boss_relics":[{"not_picked":["Black Star","Calling Bell"],"picked":"Busted Crown"},{"not_picked":["Tiny House","Runic Dome"],"picked":"Cursed Key"}],"items_purged_floors":[19,21,42],"is_endless":false,"potions_floor_spawned":[3,7,14,16,27,31,33,37,40,44,47,48],"ascension_level":17}}