{"host":"mxyu30643x34zc6i","time":1609056225,"event":{"mods":["AchievementEnabler","Astrologer","BaseMod","Better Match","Better Note","Better Third Choice","Block Reminder","Colored Map","Colored Powertips","Hermit","Minty Spire (QoL Compilation)","Rare Cards Sparkle","Relic Stats","Replay The Spire","Shade Mod","Spicy Shops","StSLib","The Blackbeard","The Blue Laboratory","The Cursed","The Hierophant","The Mystic","The Runesmith","The Servant 0.9.4","The Spell Scribe"],"gold_per_floor":[114,129,129,144,159,189,14,14,14,14,29,29,29,29,29,29,29,129,129,144,144,159,40,40,40,55,85,85,129,129,144,144,159,159,259,259,274,274,289,289,304,304,1,1,26,56,56,59,74,74,74,74],"floor_reached":53,"playtime":3103,"items_purged":[],"score":653,"play_id":"39941c8a-3b0e-473c-92f3-f5328a067d79","local_time":"20201227000345","daily_mods":["Chimera","Red Cards","Lethality"],"is_ascension_mode":false,"campfire_choices":[{"floor":8,"key":"REST"},{"floor":15,"key":"REST"},{"data":"Eruption","floor":17,"key":"SMITH"},{"floor":25,"key":"REST"},{"floor":32,"key":"REST"},{"floor":34,"key":"REST"},{"floor":42,"key":"REST"},{"data":"Heavy Blade","floor":44,"key":"SMITH"},{"floor":47,"key":"REST"},{"floor":51,"key":"REST"}],"circlet_count":0,"master_deck":["Bash+1","Survivor+1","Zap+1","Eruption+1","Strike_R+1","Strike_G+1","Strike_B+1","Defend_R+1","Defend_G+1","Defend_P+1","WheelKick+1","Replay:AtTheReady+1","Infernal Blade+1","Evaluate+1","Shockwave+1","Iron Wave+1","ReplayTheSpireMod:Brewmster+1","The Bomb+1","Replay:Bootleg Shield Generator+1","Pain","ReplayTheSpireMod:Strike From Hell+1","Demonic Infusion+1","EmptyBody+1","ClearTheMind+1","Flex+1","Necronomicurse","Power Through+1","Carnage+1","ReplayTheSpireMod:Splinters","ReachHeaven+1","Consecrate+1","RitualDagger+1","Heavy Blade+1","FearNoEvil+1","ConjureBlade+1","Replay:ManipulateFuture+1","RitualDagger+1","Crescendo+1","Abandon+1","Replay:Parry+1","ThirdEye+1","Fasting2+1","Disarm+1","CutThroughFate+1"],"relics":["HolyWater","MealTicket","Du-Vu Doll","ReplayTheSpireMod:ShopPack","Garlic","WarpedTongs","Singing Bowl","Darkstone Periapt","Replay:Wax Seal","Necronomicon","Blue Candle","CloakClasp","Strawberry","ReplayTheSpireMod:Onyx Gauntlets","Vajra","Lantern","Happy Flower","Bird Faced Urn","Mark of the Bloom"],"acts_visited":["Exordium","TheCity","TheBeyond"],"potions_floor_usage":[6,18,18,18,18,20,20,20,26,27,35,35,35,39,39,39,39,46,48,52,52,52,52],"damage_taken":[{"damage":0,"enemies":"2 Louse","floor":1,"turns":1},{"damage":0,"enemies":"Small Slimes","floor":2,"turns":2},{"damage":0,"enemies":"Cultist","floor":4,"turns":2},{"damage":30,"enemies":"Blue Slaver","floor":5,"turns":2},{"damage":21,"enemies":"Lagavulin","floor":6,"turns":8},{"damage":3,"enemies":"Red Slaver","floor":11,"turns":2},{"damage":37,"enemies":"The Guardian","floor":18,"turns":6},{"damage":43,"enemies":"Chosen","floor":20,"turns":8},{"damage":0,"enemies":"Spheric Guardian","floor":22,"turns":2},{"damage":2,"enemies":"Snake Plant","floor":26,"turns":2},{"damage":31,"enemies":"Gremlin Leader","floor":27,"turns":4},{"damage":8,"enemies":"Centurion and Healer","floor":31,"turns":5},{"damage":0,"enemies":"Shelled Parasite and Fungi","floor":33,"turns":1},{"damage":6,"enemies":"Automaton","floor":35,"turns":6},{"damage":14,"enemies":"3 Shapes","floor":37,"turns":2},{"damage":1,"enemies":"Orb Walker","floor":39,"turns":2},{"damage":25,"enemies":"Spire Growth","floor":41,"turns":3},{"damage":22,"enemies":"Reptomancer","floor":46,"turns":4},{"damage":9,"enemies":"2 Orb Walkers","floor":48,"turns":3},{"damage":6,"enemies":"Jaw Worm Horde","floor":49,"turns":2},{"damage":59,"enemies":"Replay:Hell Engine","floor":52,"turns":7}],"seed_played":"4726349093531193793","potions_obtained":[{"floor":4,"key":"blueLaboratory:ImpenetrablePotion"},{"floor":6,"key":"Swift Potion"},{"floor":11,"key":"blueLaboratory:BottleOfVodka"},{"floor":20,"key":"Ambrosia"},{"floor":22,"key":"Explosive Potion"},{"floor":29,"key":"Doom Potion"},{"floor":31,"key":"blueLaboratory:MidnightOil"},{"floor":33,"key":"blueLaboratory:CorrosionFlask"},{"floor":37,"key":"Explosive Potion"},{"floor":39,"key":"blueLaboratory:HeartbeatPotion"},{"floor":46,"key":"Block Potion"}],"is_trial":false,"path_per_floor":["M","M","?","M","M","E","$","R","T","?","M","?","PTL","PTL","R","?","R","B",null,"M","?","M","$","?","R","M","E","T","?","?","M","R","M","R","B",null,"M","?","M","?","M","R","$","R","T","E","R","?","M","?","R","B",null],"character_chosen":"WATCHER","items_purchased":["ReplayTheSpireMod:ShopPack","Iron Wave","Flex+1","Replay:Wax Seal","Replay:Parry","Vajra","ThirdEye"],"campfire_rested":8,"item_purchase_floors":[7,7,23,23,43,43,43],"current_hp_per_floor":[72,72,65,65,35,14,29,50,50,50,47,52,52,52,75,75,75,38,77,34,40,40,55,45,71,69,38,38,51,45,37,67,67,97,91,102,88,88,87,87,62,92,102,102,102,80,102,93,87,87,87,28],"gold":74,"neow_bonus":"","is_daily":true,"chose_seed":false,"campfire_upgraded":2,"win_rate":0.0,"timestamp":1609056225,"path_taken":["M","M","?","M","M","E","$","R","T","?","?","?","PTL","PTL","R","?","R","BOSS","M","?","?","$","?","R","M","E","T","?","?","M","R","M","R","BOSS","M","?","?","?","M","R","$","R","T","E","R","?","M","?","R","BOSS"],"items_purchased_type":["Relic","Card","Card","Relic","Card","Relic","Card"],"build_version":"2020-12-22","purchased_purges":0,"victory":true,"max_hp_per_floor":[72,72,72,72,72,72,72,72,72,72,72,77,77,77,77,77,77,77,77,77,83,83,83,89,89,89,89,89,102,102,102,102,102,102,102,102,102,102,102,102,102,102,102,102,102,102,102,102,102,102,102,102],"relic_stats":{"Darkstone Periapt":18,"Mark of the Bloom":34,"Singing Bowl":0,"Happy Flower":[4],"counters":[21,74],"Blue Candle":[17],"Bird Faced Urn":[0],"MealTicket":40,"Necronomicon":[27],"CloakClasp":[78],"obtain_stats":[{"Darkstone Periapt":21,"Lantern":45,"Mark of the Bloom":50,"Singing Bowl":16,"Happy Flower":46,"Blue Candle":27,"Vajra":43,"CloakClasp":28,"WarpedTongs":10,"Du-Vu Doll":6,"Strawberry":29,"Bird Faced Urn":48,"HolyWater":19,"MealTicket":3,"Garlic":9,"Necronomicon":24,"PureWater":0,"Replay:Wax Seal":23,"ReplayTheSpireMod:Onyx Gauntlets":36,"ReplayTheSpireMod:ShopPack":7},{"Darkstone Periapt":8,"Lantern":17,"Mark of the Bloom":20,"Singing Bowl":6,"Happy Flower":18,"Blue Candle":11,"Vajra":17,"CloakClasp":11,"WarpedTongs":5,"Du-Vu Doll":5,"Strawberry":11,"Bird Faced Urn":19,"HolyWater":7,"MealTicket":2,"Garlic":5,"Necronomicon":9,"PureWater":0,"Replay:Wax Seal":9,"ReplayTheSpireMod:Onyx Gauntlets":14,"ReplayTheSpireMod:ShopPack":5},{"Darkstone Periapt":31,"Lantern":58,"Mark of the Bloom":67,"Singing Bowl":17,"Happy Flower":62,"Blue Candle":39,"Vajra":58,"CloakClasp":39,"WarpedTongs":15,"Du-Vu Doll":15,"Strawberry":39,"Bird Faced Urn":65,"HolyWater":23,"MealTicket":3,"Garlic":15,"Necronomicon":33,"PureWater":0,"Replay:Wax Seal":33,"ReplayTheSpireMod:Onyx Gauntlets":51,"ReplayTheSpireMod:ShopPack":15}],"WarpedTongs":[57]},"card_choices":[{"not_picked":["PathToVictory","Anger"],"picked":"WheelKick","floor":1},{"not_picked":["BattleHymn","WaveOfTheHand"],"picked":"Replay:AtTheReady","floor":2},{"not_picked":["PathToVictory","Twin Strike"],"picked":"Infernal Blade","floor":4},{"not_picked":["SignatureMove","Replay:ManipulateFuture"],"picked":"Evaluate","floor":5},{"not_picked":["Shrug It Off","Evolve"],"picked":"Shockwave","floor":6},{"not_picked":["Magnetism","Thinking Ahead"],"picked":"ReplayTheSpireMod:Brewmster","floor":7},{"not_picked":["ReplayTheSpireMod:Trickstab","Discovery"],"picked":"The Bomb","floor":7},{"not_picked":["Dark Shackles","Metamorphosis"],"picked":"Replay:Bootleg Shield Generator","floor":7},{"not_picked":["Armaments","CrushJoints"],"picked":"ReplayTheSpireMod:Strike From Hell","floor":11},{"not_picked":["SpiritShield","Devotion"],"picked":"Demonic Infusion","floor":18},{"not_picked":["Disarm","Replay:Battleflow"],"picked":"EmptyBody+1","floor":20},{"not_picked":["Reckless Charge","Pommel Strike+1"],"picked":"ClearTheMind+1","floor":22},{"not_picked":["EmptyBody","Sword Boomerang"],"picked":"Power Through+1","floor":26},{"not_picked":["Replay:BluntJabs","Adaptation"],"picked":"Carnage","floor":27},{"not_picked":["Flame Barrier","Wild Strike+1"],"picked":"ReachHeaven+1","floor":29},{"not_picked":["Rage","WheelKick"],"picked":"Consecrate","floor":29},{"not_picked":["FlyingSleeves+1","Intimidate"],"picked":"Heavy Blade","floor":31},{"not_picked":["Sword Boomerang","Clothesline"],"picked":"FearNoEvil+1","floor":33},{"not_picked":["Double Tap","Devotion"],"picked":"ConjureBlade","floor":35},{"not_picked":["ReplayTheSpireMod:Strike From Hell","Iron Wave+1"],"picked":"Replay:ManipulateFuture+1","floor":37},{"not_picked":["Life Link+1","CrushJoints+1"],"picked":"Crescendo+1","floor":39},{"not_picked":["CrushJoints+1","Replay:DivineShield"],"picked":"Abandon","floor":41},{"not_picked":["Meditate","Life Link+1"],"picked":"Fasting2+1","floor":46},{"not_picked":["Replay:AtTheReady","Defy Death+1"],"picked":"Disarm+1","floor":48},{"not_picked":["Hemokinesis","Crescendo+1"],"picked":"CutThroughFate+1","floor":49}],"player_experience":368711,"relics_obtained":[{"floor":6,"key":"Du-Vu Doll"},{"floor":9,"key":"Garlic"},{"floor":24,"key":"Necronomicon"},{"floor":27,"key":"Blue Candle"},{"floor":28,"key":"CloakClasp"},{"floor":29,"key":"Strawberry"},{"floor":45,"key":"Lantern"},{"floor":46,"key":"Happy Flower"},{"floor":48,"key":"Bird Faced Urn"}],"event_choices":[{"damage_healed":0,"gold_gain":0,"player_choice":"Relic ","damage_taken":7,"max_hp_gain":0,"max_hp_loss":0,"event_name":"betterThird:BetterScrap","floor":3,"gold_loss":0,"cards_obtained":["Thunder Strike"]},{"damage_healed":0,"gold_gain":0,"player_choice":"Rummage","damage_taken":0,"relics_obtained":["WarpedTongs"],"max_hp_gain":0,"max_hp_loss":0,"event_name":"Accursed Blacksmith","floor":10,"gold_loss":0,"cards_obtained":["Pain"]},{"damage_healed":0,"gold_gain":0,"player_choice":"Donut","damage_taken":0,"max_hp_gain":5,"max_hp_loss":0,"event_name":"Big Fish","floor":12,"gold_loss":0},{"damage_healed":0,"gold_gain":0,"player_choice":"Gave Potion","damage_taken":0,"relics_obtained":["Singing Bowl"],"max_hp_gain":0,"max_hp_loss":0,"event_name":"WeMeetAgain","floor":16,"gold_loss":0},{"damage_healed":0,"gold_gain":0,"player_choice":"Obtained Book","damage_taken":16,"max_hp_gain":0,"max_hp_loss":0,"event_name":"Cursed Tome","floor":24,"gold_loss":0},{"damage_healed":0,"gold_gain":0,"player_choice":"Dagger","damage_taken":6,"max_hp_gain":0,"max_hp_loss":0,"event_name":"betterThird:BetterNest","floor":30,"gold_loss":0,"cards_obtained":["RitualDagger"]},{"damage_healed":0,"gold_gain":0,"player_choice":"Copied","damage_taken":0,"max_hp_gain":0,"max_hp_loss":0,"event_name":"Duplicator","floor":38,"gold_loss":0,"cards_obtained":["RitualDagger"]},{"damage_healed":0,"gold_gain":0,"player_choice":"Ignored","damage_taken":0,"max_hp_gain":0,"max_hp_loss":0,"event_name":"Tomb of Lord Red Mask","floor":40,"gold_loss":0},{"damage_healed":0,"gold_gain":0,"player_choice":"Fight","damage_taken":0,"max_hp_gain":0,"max_hp_loss":0,"event_name":"Mysterious Sphere","floor":48,"gold_loss":0},{"damage_healed":0,"gold_gain":0,"player_choice":"Upgrade","damage_taken":0,"relics_obtained":["Mark of the Bloom"],"max_hp_gain":0,"max_hp_loss":0,"event_name":"MindBloom","floor":50,"gold_loss":0,"cards_upgraded":["Bash","Survivor","Zap","Strike_R","Strike_G","Strike_B","Defend_R","Defend_G","Defend_P","WheelKick","Replay:AtTheReady","Infernal Blade","Evaluate","Shockwave","Iron Wave","ReplayTheSpireMod:Brewmster","The Bomb","Replay:Bootleg Shield Generator","ReplayTheSpireMod:Strike From Hell","Demonic Infusion","ReplayTheSpireMod:Faulty Equipment","Carnage","Consecrate","RitualDagger","ConjureBlade","RitualDagger","Abandon","Replay:Parry","ThirdEye"]}],"is_beta":false,"boss_relics":[{"not_picked":["Painkiller Herb","SacredBark"],"picked":"HolyWater"},{"not_picked":["Runic Pyramid","Kintsugi"],"picked":"ReplayTheSpireMod:Onyx Gauntlets"}],"items_purged_floors":[],"is_endless":false,"potions_floor_spawned":[4,6,11,20,22,31,33,37,39,46],"ascension_level":0}}