{"host":"mwqnlghgfp5mgeui","time":1609103998,"event":{"mods":["2.2 Compatiblity","BaseMod","DeckTracker","Highlight Path","Minty Spire (QoL Compilation)","SuperFastMode","everything is the same but u backflip on backflip"],"gold_per_floor":[116,116,116,135,93,93,428,448,473,255,266,266,291,291,291,395,395,410,425,439,364,384,416,154,179,205,205,216,216,216,47,47,142,192,203,203,221,237,237,237],"floor_reached":39,"playtime":2082,"items_purged":["Strike_G","Defend_G"],"score":469,"play_id":"af3f2372-3797-46f8-85dc-cad75d5c7720","local_time":"20201228061958","is_ascension_mode":false,"campfire_choices":[{"floor":6,"key":"REST"},{"floor":12,"key":"REST"},{"data":"Dagger Spray","floor":15,"key":"SMITH"},{"floor":27,"key":"REST"},{"floor":29,"key":"REST"},{"floor":32,"key":"REST"}],"circlet_count":0,"master_deck":["Strike_G","Strike_G","Defend_G+1","Defend_G","Defend_G","Survivor","Neutralize","Poisoned Stab","Quick Slash","Endless Agony","Dodge and Roll","Predator","Backflip+1","Skewer+1","PanicButton+1","Poisoned Stab+1","PiercingWail+1","Cloak And Dagger+1","Cloak And Dagger+1","Deadly Poison+1","Cloak And Dagger","Dash","Deflect","Well Laid Plans+1","Caltrops+1","Good Instincts","Unload","Poisoned Stab+1","Slice+1","Bouncing Flask+1","Escape Plan+1"],"relics":["Ring of the Snake","Lantern","Mercury Hourglass","Old Coin","PreservedInsect","Odd Mushroom","Astrolabe","War Paint","Smiling Mask","Oddly Smooth Stone","Tiny House"],"acts_visited":["Exordium","TheCity","TheBeyond"],"potions_floor_usage":[7,13,13,19,22,28,28,33,33,38,38,38],"damage_taken":[{"damage":2,"enemies":"Jaw Worm","floor":1,"turns":5},{"damage":1,"enemies":"Cultist","floor":4,"turns":3},{"damage":13,"enemies":"3 Sentries","floor":7,"turns":5},{"damage":0,"enemies":"2 Louse","floor":8,"turns":2},{"damage":0,"enemies":"2 Fungi Beasts","floor":11,"turns":3},{"damage":6,"enemies":"The Mushroom Lair","floor":13,"turns":3},{"damage":31,"enemies":"Slime Boss","floor":16,"turns":10},{"damage":9,"enemies":"3 Byrds","floor":18,"turns":5},{"damage":10,"enemies":"Shell Parasite","floor":19,"turns":4},{"damage":9,"enemies":"Snake Plant","floor":20,"turns":4},{"damage":12,"enemies":"Snecko","floor":22,"turns":7},{"damage":13,"enemies":"Gremlin Leader","floor":23,"turns":6},{"damage":0,"enemies":"Book of Stabbing","floor":25,"turns":5},{"damage":12,"enemies":"Shelled Parasite and Fungi","floor":28,"turns":6},{"damage":70,"enemies":"Automaton","floor":33,"turns":13},{"damage":28,"enemies":"3 Darklings","floor":35,"turns":12},{"damage":9,"enemies":"Orb Walker","floor":37,"turns":4},{"damage":21,"enemies":"Sphere and 2 Shapes","floor":38,"turns":5},{"damage":31,"enemies":"Transient","floor":39,"turns":3}],"seed_played":"-410850759172408880","potions_obtained":[{"floor":1,"key":"Weak Potion"},{"floor":7,"key":"SteroidPotion"},{"floor":8,"key":"LiquidBronze"},{"floor":18,"key":"ColorlessPotion"},{"floor":20,"key":"Explosive Potion"},{"floor":25,"key":"AttackPotion"},{"floor":28,"key":"CunningPotion"},{"floor":34,"key":"SpeedPotion"},{"floor":35,"key":"LiquidMemories"},{"floor":37,"key":"PowerPotion"}],"is_trial":false,"path_per_floor":["M","?","T","M","?","R","E","M","T","$","M","R","?","?","R","B",null,"M","M","M","?","M","E","$","E","T","R","M","R","?","$","R","B",null,"M","?","M","M","M"],"character_chosen":"THE_SILENT","items_purchased":["Blind","Dodge and Roll","Regen Potion","Dash","Deflect","Regen Potion","Good Instincts"],"campfire_rested":5,"item_purchase_floors":[10,10,24,24,24,31,31],"current_hp_per_floor":[68,61,61,60,60,70,57,57,57,57,57,70,64,69,69,38,75,66,56,47,47,35,22,22,22,22,44,47,69,55,55,79,16,85,57,57,48,27,0,0],"gold":237,"neow_bonus":"RANDOM_COMMON_RELIC","is_daily":false,"chose_seed":false,"campfire_upgraded":1,"win_rate":0.0,"timestamp":1609103998,"path_taken":["M","?","?","?","?","R","E","M","T","$","M","R","?","?","R","BOSS","M","M","M","?","M","E","$","E","T","R","M","R","?","$","R","BOSS","M","?","?","M","M"],"items_purchased_type":["Card","Card","Potion","Card","Card","Potion","Card"],"build_version":"2020-12-22","purchased_purges":2,"victory":false,"max_hp_per_floor":[70,70,70,70,70,70,70,70,70,70,70,70,70,75,75,75,75,75,75,75,75,75,75,75,75,75,75,75,75,80,80,80,80,85,85,85,85,85,85,85],"card_choices":[{"not_picked":["Escape Plan","Eviscerate"],"picked":"Dagger Spray","floor":1},{"not_picked":["Flechettes","Footwork"],"picked":"Poisoned Stab","floor":4},{"not_picked":["Calculated Gamble","Eviscerate"],"picked":"Quick Slash","floor":7},{"not_picked":["Concentrate","Sucker Punch"],"picked":"Endless Agony","floor":8},{"not_picked":["Well Laid Plans","Sucker Punch"],"picked":"Predator","floor":11},{"not_picked":["Choke","Leg Sweep"],"picked":"Backflip","floor":13},{"not_picked":["Burst","Glass Knife"],"picked":"Wraith Form v2","floor":16},{"not_picked":["Dagger Throw","Backflip"],"picked":"PiercingWail","floor":18},{"not_picked":["Blade Dance","Poisoned Stab"],"picked":"Cloak And Dagger+1","floor":19},{"not_picked":["Distraction","Choke"],"picked":"Cloak And Dagger+1","floor":20},{"not_picked":["PiercingWail","Storm of Steel"],"picked":"Deadly Poison+1","floor":22},{"not_picked":["Prepared","Dodge and Roll"],"picked":"Cloak And Dagger","floor":23},{"not_picked":["Heel Hook","Wraith Form v2"],"picked":"Well Laid Plans+1","floor":25},{"not_picked":["Poisoned Stab","Quick Slash+1"],"picked":"Caltrops+1","floor":28},{"not_picked":["Doppelganger","Venomology"],"picked":"Unload","floor":33},{"not_picked":["Dagger Spray","Flying Knee"],"picked":"Poisoned Stab+1","floor":34},{"not_picked":["Flying Knee+1","Blur"],"picked":"Slice+1","floor":35},{"not_picked":["Sucker Punch+1","Backflip"],"picked":"Bouncing Flask+1","floor":37},{"not_picked":["Tactician","Reflex"],"picked":"Escape Plan+1","floor":38}],"player_experience":122661,"relics_obtained":[{"floor":3,"key":"Mercury Hourglass"},{"floor":7,"key":"Old Coin"},{"floor":9,"key":"PreservedInsect"},{"floor":13,"key":"Odd Mushroom"},{"floor":23,"key":"War Paint"},{"floor":25,"key":"Smiling Mask"},{"floor":26,"key":"Oddly Smooth Stone"}],"event_choices":[{"cards_removed":["Defend_G"],"damage_healed":0,"gold_gain":0,"player_choice":"Card Removal","damage_taken":7,"max_hp_gain":0,"max_hp_loss":0,"event_name":"Golden Wing","floor":2,"gold_loss":0},{"damage_healed":0,"gold_gain":0,"player_choice":"Left Gold","damage_taken":0,"max_hp_gain":0,"max_hp_loss":0,"event_name":"World of Goop","floor":5,"gold_loss":42},{"damage_healed":0,"gold_gain":0,"player_choice":"Fought Mushrooms","damage_taken":0,"max_hp_gain":0,"max_hp_loss":0,"event_name":"Mushrooms","floor":13,"gold_loss":0},{"damage_healed":0,"gold_gain":0,"player_choice":"Donut","damage_taken":0,"max_hp_gain":5,"max_hp_loss":0,"event_name":"Big Fish","floor":14,"gold_loss":0},{"cards_removed":["Strike_G"],"damage_healed":0,"gold_gain":0,"player_choice":"Gave Gold","damage_taken":0,"max_hp_gain":0,"max_hp_loss":0,"event_name":"Beggar","floor":21,"gold_loss":75},{"damage_healed":0,"gold_gain":0,"player_choice":"Shed Blood","damage_taken":19,"max_hp_gain":5,"max_hp_loss":0,"event_name":"Forgotten Altar","floor":30,"gold_loss":0},{"cards_removed":["Strike_G"],"damage_healed":0,"gold_gain":0,"player_choice":"Purged","damage_taken":0,"max_hp_gain":0,"max_hp_loss":0,"event_name":"Purifier","floor":36,"gold_loss":0}],"is_beta":false,"boss_relics":[{"not_picked":["Fusion Hammer","HoveringKite"],"picked":"Astrolabe"},{"not_picked":["Pandora\u0027s Box","Calling Bell"],"picked":"Tiny House"}],"items_purged_floors":[10,24],"is_endless":false,"potions_floor_spawned":[1,7,8,18,20,25,28,35,37],"killed_by":"Transient","ascension_level":0}}