{"host":"gkm149kh1ihaqy0o","time":1609052803,"event":{"mods":["AchievementEnabler","BaseMod","Colored Powertips","Googly Eyes","Key Reminder","Minty Spire (QoL Compilation)","Permanent Neow","Quick Restart","Random Character Button","Rare Cards Sparkle","Relic Sorter","Relic Stats","SuperFastMode","Unceasing Turn Reminder","everything is the same but u backflip on backflip"],"gold_per_floor":[111,123,123,136,136,136,167,167,167,187,187,239,254,285,285,387,387,407,54,34,50,50,75,75,85,110,138,138,53,67,167,167,266,266,283,200,50,63,77,77,91,125,125,157,168,223,236,13,13,13],"floor_reached":51,"playtime":2516,"items_purged":["Defend_G"],"score":1175,"play_id":"828dc9f3-1606-44ba-905f-f2643489ae6c","local_time":"20201227010642","is_ascension_mode":true,"campfire_choices":[{"data":"Terror","floor":6,"key":"SMITH"},{"data":"Neutralize","floor":8,"key":"SMITH"},{"data":"Footwork","floor":15,"key":"SMITH"},{"data":"Envenom","floor":24,"key":"SMITH"},{"floor":28,"key":"REST"},{"data":"PiercingWail","floor":32,"key":"SMITH"},{"floor":40,"key":"REST"},{"floor":49,"key":"REST"}],"circlet_count":0,"master_deck":["Defend_G","Defend_G","Defend_G","Defend_G","Survivor","Neutralize+1","Dagger Spray+1","Riddle With Holes+1","Terror+1","Quick Slash","Footwork+1","Unload","Sucker Punch","Leg Sweep","Envenom+1","Blade Dance","Crippling Poison","PiercingWail+1","Backflip+1","Bite","Bite","Bite","Bite","Bite","Backstab","Dash","Storm of Steel","Riddle With Holes+1","Adrenaline","Cloak And Dagger+1","Heel Hook","Noxious Fumes+1"],"relics":["Ring of the Snake","Akabeko","Incense Burner","Pear","FossilizedHelix","Art of War","Singing Bowl","Black Star","Whetstone","MealTicket","InkBottle","Lantern","Ninja Scroll","Snake Skull","Turnip","Lizard Tail","Bottled Lightning","Fusion Hammer","Ancient Tea Set","The Specimen","Orichalcum","Blood Vial","Pantograph","Strawberry","Ice Cream","Anchor"],"acts_visited":["Exordium","TheCity","TheBeyond"],"potions_floor_usage":[7,14,25,27,33,33,50,50],"damage_taken":[{"damage":0,"enemies":"2 Louse","floor":1,"turns":2},{"damage":0,"enemies":"Small Slimes","floor":2,"turns":1},{"damage":0,"enemies":"Jaw Worm","floor":4,"turns":2},{"damage":7,"enemies":"3 Sentries","floor":7,"turns":5},{"damage":0,"enemies":"2 Fungi Beasts","floor":10,"turns":2},{"damage":0,"enemies":"Large Slime","floor":13,"turns":2},{"damage":0,"enemies":"Gremlin Nob","floor":14,"turns":3},{"damage":16,"enemies":"Hexaghost","floor":16,"turns":10},{"damage":3,"enemies":"3 Byrds","floor":18,"turns":5},{"damage":8,"enemies":"2 Thieves","floor":20,"turns":4},{"damage":0,"enemies":"Chosen and Byrds","floor":21,"turns":4},{"damage":17,"enemies":"Slavers","floor":23,"turns":8},{"damage":0,"enemies":"3 Cultists","floor":25,"turns":5},{"damage":25,"enemies":"Book of Stabbing","floor":27,"turns":7},{"damage":7,"enemies":"Cultist and Chosen","floor":30,"turns":6},{"damage":9,"enemies":"Colosseum Slavers","floor":31,"turns":4},{"damage":13,"enemies":"Colosseum Nobs","floor":31,"turns":5},{"damage":32,"enemies":"Collector","floor":33,"turns":8},{"damage":3,"enemies":"3 Darklings","floor":35,"turns":3},{"damage":0,"enemies":"Orb Walker","floor":38,"turns":1},{"damage":9,"enemies":"3 Darklings","floor":39,"turns":4},{"damage":0,"enemies":"Spire Growth","floor":41,"turns":1},{"damage":16,"enemies":"Reptomancer","floor":42,"turns":3},{"damage":31,"enemies":"Giant Head","floor":44,"turns":7},{"damage":0,"enemies":"Transient","floor":45,"turns":5},{"damage":8,"enemies":"2 Orb Walkers","floor":46,"turns":3},{"damage":18,"enemies":"3 Darklings","floor":47,"turns":4},{"damage":63,"enemies":"Time Eater","floor":50,"turns":10}],"seed_played":"5522478948752787796","potions_obtained":[{"floor":4,"key":"BlessingOfTheForge"},{"floor":7,"key":"SpeedPotion"},{"floor":13,"key":"SneckoOil"},{"floor":20,"key":"SpeedPotion"},{"floor":23,"key":"Swift Potion"},{"floor":25,"key":"Fruit Juice"},{"floor":30,"key":"SpeedPotion"},{"floor":39,"key":"Strength Potion"},{"floor":42,"key":"SteroidPotion"},{"floor":45,"key":"Ancient Potion"},{"floor":47,"key":"PowerPotion"}],"is_trial":false,"path_per_floor":["M","M","?","M","?","R","E","R","T","M","?","T","M","E","R","B",null,"M","$","M","M","?","E","R","M","T","E","R","?","M","?","R","B",null,"M","?","$","M","M","R","M","E","T","E","M","?","M","$","R","B",null],"character_chosen":"THE_SILENT","items_purchased":["Whetstone","Crippling Poison","PiercingWail","Adrenaline","Anchor","LiquidMemories"],"campfire_rested":3,"item_purchase_floors":[19,19,19,37,48,48],"current_hp_per_floor":[63,63,63,63,60,60,63,63,63,63,63,63,63,63,63,47,72,69,69,63,63,57,50,50,61,61,42,61,61,59,53,53,31,59,56,56,68,68,61,70,70,58,58,50,62,62,54,69,85,34],"gold":13,"neow_bonus":"RANDOM_COMMON_RELIC","is_daily":false,"chose_seed":false,"campfire_upgraded":5,"win_rate":0.0,"timestamp":1609052802,"path_taken":["M","M","?","M","?","R","E","R","T","M","?","?","M","E","R","BOSS","M","$","M","M","?","E","R","M","T","E","R","?","M","?","R","BOSS","M","?","$","M","?","R","M","E","T","E","M","?","M","$","R","BOSS"],"items_purchased_type":["Relic","Card","Card","Card","Relic","Potion"],"build_version":"2020-12-22","purchased_purges":1,"victory":true,"max_hp_per_floor":[70,70,70,70,70,70,80,80,80,80,80,80,80,80,80,80,80,80,80,82,82,57,57,57,64,64,66,66,66,66,68,68,68,68,68,68,68,68,70,70,70,72,72,79,81,83,85,85,85,85],"relic_stats":{"Singing Bowl":18,"counters":[28,124],"Snake Skull":[196],"Whetstone":["Dagger Spray","Riddle With Holes"],"Orichalcum":[48],"Blood Vial":8,"Lizard Tail":0,"Pantograph":0,"MealTicket":27,"Turnip":[3],"Art of War":[4],"Black Star":4,"obtain_stats":[{"Ice Cream":46,"Lantern":26,"Singing Bowl":14,"Snake Skull":27,"Incense Burner":5,"Whetstone":19,"Ancient Tea Set":36,"Blood Vial":43,"Lizard Tail":31,"Ninja Scroll":27,"Pantograph":44,"Strawberry":44,"MealTicket":23,"Fusion Hammer":34,"InkBottle":23,"Ring of the Snake":0,"Pear":7,"The Specimen":42,"Orichalcum":42,"Akabeko":0,"Anchor":48,"Turnip":29,"Art of War":12,"Black Star":17,"Bottled Lightning":31,"FossilizedHelix":9},{"Ice Cream":26,"Lantern":13,"Singing Bowl":7,"Snake Skull":14,"Incense Burner":3,"Whetstone":9,"Ancient Tea Set":19,"Blood Vial":23,"Lizard Tail":17,"Ninja Scroll":14,"Pantograph":24,"Strawberry":24,"MealTicket":12,"Fusion Hammer":18,"InkBottle":12,"Ring of the Snake":0,"Pear":4,"The Specimen":23,"Orichalcum":23,"Akabeko":0,"Anchor":27,"Turnip":14,"Art of War":5,"Black Star":8,"Bottled Lightning":17,"FossilizedHelix":4},{"Ice Cream":110,"Lantern":53,"Singing Bowl":17,"Snake Skull":60,"Incense Burner":5,"Whetstone":32,"Ancient Tea Set":86,"Blood Vial":95,"Lizard Tail":75,"Ninja Scroll":60,"Pantograph":102,"Strawberry":102,"MealTicket":48,"Fusion Hammer":83,"InkBottle":48,"Ring of the Snake":0,"Pear":10,"The Specimen":95,"Orichalcum":95,"Akabeko":0,"Anchor":114,"Turnip":60,"Art of War":12,"Black Star":27,"Bottled Lightning":75,"FossilizedHelix":10}],"InkBottle":[37],"Ring of the Snake":[56]},"card_choices":[{"not_picked":["Caltrops","Cloak And Dagger"],"picked":"Dagger Spray","floor":1},{"not_picked":["Prepared","Caltrops"],"picked":"Riddle With Holes","floor":2},{"not_picked":["Deflect","Finisher"],"picked":"Terror","floor":4},{"not_picked":["Blur","Deadly Poison"],"picked":"Quick Slash","floor":7},{"not_picked":["Cloak And Dagger","Crippling Poison"],"picked":"Footwork","floor":10},{"not_picked":["Catalyst","Concentrate"],"picked":"Sucker Punch","floor":13},{"not_picked":["Bane","Deadly Poison"],"picked":"Leg Sweep","floor":14},{"not_picked":["Doppelganger","Tools of the Trade"],"picked":"Envenom","floor":16},{"not_picked":["Cloak And Dagger","Masterful Stab"],"picked":"Blade Dance","floor":18},{"not_picked":["Acrobatics","Eviscerate+1","Underhanded Strike"],"picked":"Singing Bowl","floor":20},{"not_picked":["Eviscerate","Quick Slash"],"picked":"Backflip+1","floor":21},{"not_picked":["Accuracy","Slice+1"],"picked":"Backstab","floor":23},{"not_picked":["Deflect","Predator","Choke+1"],"picked":"Singing Bowl","floor":25},{"not_picked":["Slice","Phantasmal Killer","Accuracy+1"],"picked":"Singing Bowl","floor":27},{"not_picked":["Reflex","Acrobatics"],"picked":"Dash","floor":30},{"not_picked":["Infinite Blades","Endless Agony","All Out Attack"],"picked":"Singing Bowl","floor":31},{"not_picked":["Grand Finale","Venomology"],"picked":"Storm of Steel","floor":33},{"not_picked":["Deflect","Prepared+1"],"picked":"Riddle With Holes+1","floor":35},{"not_picked":["Poisoned Stab","Quick Slash+1"],"picked":"Cloak And Dagger+1","floor":38},{"not_picked":["Slice","Acrobatics+1","Doppelganger"],"picked":"Singing Bowl","floor":39},{"not_picked":["Deadly Poison+1","PiercingWail"],"picked":"Heel Hook","floor":41},{"not_picked":["Slice","Cloak And Dagger+1","Flying Knee"],"picked":"Singing Bowl","floor":42},{"not_picked":["Caltrops","Doppelganger"],"picked":"Noxious Fumes+1","floor":44},{"not_picked":["Cloak And Dagger","Blade Dance+1","Masterful Stab+1"],"picked":"Singing Bowl","floor":45},{"not_picked":["Quick Slash","Dagger Throw","Blade Dance"],"picked":"Singing Bowl","floor":46},{"not_picked":["Outmaneuver+1","Poisoned Stab+1","Bouncing Flask"],"picked":"Singing Bowl","floor":47}],"player_experience":604341,"relics_obtained":[{"floor":7,"key":"Pear"},{"floor":9,"key":"FossilizedHelix"},{"floor":12,"key":"Art of War"},{"floor":14,"key":"Singing Bowl"},{"floor":23,"key":"MealTicket"},{"floor":23,"key":"InkBottle"},{"floor":26,"key":"Lantern"},{"floor":27,"key":"Ninja Scroll"},{"floor":27,"key":"Snake Skull"},{"floor":31,"key":"Lizard Tail"},{"floor":31,"key":"Bottled Lightning"},{"floor":42,"key":"The Specimen"},{"floor":42,"key":"Orichalcum"},{"floor":43,"key":"Blood Vial"},{"floor":44,"key":"Pantograph"},{"floor":44,"key":"Strawberry"},{"floor":46,"key":"Ice Cream"}],"event_choices":[{"damage_healed":0,"gold_gain":0,"player_choice":"Ignored","damage_taken":0,"max_hp_gain":0,"max_hp_loss":0,"event_name":"Liars Game","floor":3,"gold_loss":0},{"damage_healed":0,"gold_gain":0,"player_choice":"Success","damage_taken":3,"relics_obtained":["Incense Burner"],"max_hp_gain":0,"max_hp_loss":0,"event_name":"Scrap Ooze","floor":5,"gold_loss":0},{"damage_healed":0,"gold_gain":0,"cards_transformed":["Strike_G"],"player_choice":"Change","damage_taken":0,"max_hp_gain":0,"max_hp_loss":0,"event_name":"Living Wall","floor":11,"gold_loss":0,"cards_obtained":["Unload"]},{"damage_healed":0,"gold_gain":0,"player_choice":"Became a vampire","damage_taken":0,"max_hp_gain":0,"max_hp_loss":25,"event_name":"Vampires","floor":22,"gold_loss":0,"cards_obtained":["Bite","Bite","Bite","Bite","Bite"]},{"damage_healed":0,"gold_gain":0,"player_choice":"Obtained Relic","damage_taken":0,"relics_obtained":["Turnip"],"max_hp_gain":0,"max_hp_loss":0,"event_name":"Addict","floor":29,"gold_loss":85},{"damage_healed":0,"gold_gain":0,"player_choice":"Fight","damage_taken":0,"max_hp_gain":0,"max_hp_loss":0,"event_name":"Colosseum","floor":31,"gold_loss":0},{"damage_healed":0,"gold_gain":0,"player_choice":"Fought Nobs","damage_taken":0,"max_hp_gain":0,"max_hp_loss":0,"event_name":"Colosseum","floor":31,"gold_loss":0},{"damage_healed":0,"gold_gain":0,"player_choice":"Paid Gold","damage_taken":0,"relics_obtained":["Ancient Tea Set"],"max_hp_gain":0,"max_hp_loss":0,"event_name":"WeMeetAgain","floor":36,"gold_loss":83},{"damage_healed":0,"gold_gain":0,"player_choice":"Fight","damage_taken":0,"max_hp_gain":0,"max_hp_loss":0,"event_name":"Mysterious Sphere","floor":46,"gold_loss":0}],"is_beta":false,"boss_relics":[{"not_picked":["Ectoplasm","Calling Bell"],"picked":"Black Star"},{"not_picked":["SacredBark","HoveringKite"],"picked":"Fusion Hammer"}],"items_purged_floors":[19],"is_endless":false,"potions_floor_spawned":[4,7,13,20,23,25,30,31,39,42,45,47],"ascension_level":8}}