{"host":"k9laiz0l4dd0ezpa","time":1609055467,"event":{"mods":["BaseMod","Colored Powertips","Koishi","Marisa£®ÏF”Í°°ƒß¿Ì…≥£©","Minty Spire (QoL Compilation)","Quick Restart","Relic Stats","Remilia£®¿Ÿ√◊¿Ú—«£©","Replay The Spire","StSLib","Td1madao Mod","The Cursed","Waifu the Spire"],"gold_per_floor":[113,125,125,400,414,414,444,444,496,496,368,382,399,399,399,399,399],"floor_reached":16,"playtime":547,"items_purged":["Regret"],"score":155,"play_id":"c5237ffb-d760-4412-9b23-ed7b7446810b","local_time":"20201227155107","is_ascension_mode":true,"campfire_choices":[{"data":"Dualcast","floor":6,"key":"SMITH"},{"floor":8,"key":"REST"},{"data":"Sunder","floor":10,"key":"SMITH"},{"floor":15,"key":"REST"}],"circlet_count":0,"master_deck":["AscendersBane","Strike_B","Strike_B","Strike_B","Defend_B","Defend_B","Defend_B","Defend_B","Zap","Dualcast+1","Sweeping Beam","Sunder+1","Rebound","Loop","Streamline","Parasite"],"relics":["Cracked Core","NeowsBlessing","Replay:Baseball","Smiling Mask"],"acts_visited":["Exordium"],"potions_floor_usage":[],"damage_taken":[{"damage":0,"enemies":"Small Slimes","floor":1,"turns":1},{"damage":0,"enemies":"2 Louse","floor":2,"turns":1},{"damage":0,"enemies":"Cultist","floor":5,"turns":1},{"damage":43,"enemies":"Gremlin Nob","floor":7,"turns":4},{"damage":15,"enemies":"3 Louse","floor":12,"turns":3},{"damage":0,"enemies":"Large Slime","floor":13,"turns":3},{"damage":80,"enemies":"Fading Forest","floor":16,"turns":8}],"seed_played":"-6693341641225215223","potions_obtained":[{"floor":12,"key":"Fire Potion"},{"floor":13,"key":"Swift Potion"}],"is_trial":false,"path_per_floor":["M","M","?","?","M","R","E","R","T","R","$","M","M","?","R","B"],"character_chosen":"DEFECT","items_purchased":["Loop"],"campfire_rested":2,"item_purchase_floors":[11],"current_hp_per_floor":[68,68,61,61,61,61,18,40,40,40,40,25,25,43,65,0,0],"gold":399,"neow_bonus":"THREE_ENEMY_KILL","is_daily":false,"chose_seed":false,"campfire_upgraded":2,"win_rate":0.0,"timestamp":1609055467,"path_taken":["M","M","?","?","?","R","E","R","T","R","$","M","M","?","R","BOSS"],"items_purchased_type":["Card"],"build_version":"2020-12-22","purchased_purges":1,"victory":false,"max_hp_per_floor":[75,75,75,75,75,75,75,75,75,75,75,75,75,75,75,75,75],"relic_stats":{"counters":[7,21],"Smiling Mask":25,"obtain_stats":[{"Replay:Baseball":7,"NeowsBlessing":0,"Cracked Core":0,"Smiling Mask":9},{"Replay:Baseball":4,"NeowsBlessing":0,"Cracked Core":0,"Smiling Mask":4},{"Replay:Baseball":7,"NeowsBlessing":0,"Cracked Core":0,"Smiling Mask":7}]},"card_choices":[{"not_picked":["Sweeping Beam","Panic Button","Go for the Eyes"],"picked":"SKIP","floor":1},{"not_picked":["Panic Button","Go for the Eyes"],"picked":"Sweeping Beam","floor":1},{"not_picked":["Genetic Algorithm","Reprogram","Rainbow"],"picked":"SKIP","floor":2},{"not_picked":["Reinforced Body","Lockon"],"picked":"Sunder","floor":5},{"not_picked":["Beam Cell","Stack"],"picked":"Rebound","floor":7},{"not_picked":["Hello World","Beam Cell"],"picked":"Streamline","floor":12},{"not_picked":["Rebound","Steam","ReplaySort"],"picked":"SKIP","floor":13}],"player_experience":187180,"relics_obtained":[{"floor":7,"key":"Replay:Baseball"},{"floor":9,"key":"Smiling Mask"}],"event_choices":[{"cards_removed":["Strike_B"],"damage_healed":0,"gold_gain":0,"player_choice":"Card Removal","damage_taken":7,"max_hp_gain":0,"max_hp_loss":0,"event_name":"Golden Wing","floor":3,"gold_loss":0},{"damage_healed":0,"gold_gain":275,"player_choice":"Desecrate","damage_taken":0,"max_hp_gain":0,"max_hp_loss":0,"event_name":"Golden Shrine","floor":4,"gold_loss":0,"cards_obtained":["Regret"]},{"damage_healed":18,"gold_gain":0,"player_choice":"Healed and dodged fight","damage_taken":0,"max_hp_gain":0,"max_hp_loss":0,"event_name":"Mushrooms","floor":14,"gold_loss":0,"cards_obtained":["Parasite"]}],"is_beta":false,"boss_relics":[],"items_purged_floors":[11],"is_endless":false,"potions_floor_spawned":[12,13],"killed_by":"Fading Forest","ascension_level":11}}