{"host":"43gh4c2f6tt319we","time":1609064277,"event":{"mods":["ATMod(∞¢Ë™Mod)","Act Like it!","BaseMod","Gensokyo","Hallownest","KinomotoSakuraMod(ƒæ÷Æ±æ”£)","Lobotomy","Marisa£®ÏF”Í°°ƒß¿Ì…≥£©","Minty Spire (QoL Compilation)","Reimu£®≤©¿ˆ¡È√Œ£©","Remilia£®¿Ÿ√◊¿Ú—«£©","StSLib","The Alterego","The Bug Knight","Yakumo Yukari mod","Youmu£®ªÍ∆«—˝√Œ£©"],"gold_per_floor":[119,219,3,23,23,23,35,35,35,54,72,72,72,89,89,89,89],"floor_reached":16,"playtime":992,"items_purged":["alterego_mod:Strike"],"score":92,"play_id":"be08bee7-ed69-4ac3-8ef2-c32cedbce317","local_time":"20201227191757","is_ascension_mode":false,"campfire_choices":[{"data":"alterego_mod:Venus","floor":6,"key":"SMITH"},{"data":"alterego_mod:PainIsPleasure","floor":13,"key":"SMITH"},{"data":"alterego_mod:Nekomimi","floor":15,"key":"SMITH"}],"circlet_count":0,"master_deck":["alterego_mod:Strike","alterego_mod:Strike","alterego_mod:Strike","alterego_mod:Defend","alterego_mod:Defend","alterego_mod:Defend","alterego_mod:Defend","alterego_mod:Impale","alterego_mod:BigMeatyClaws","alterego_mod:BrynhildrsRune","alterego_mod:Stockings","alterego_mod:TrashNCrash","alterego_mod:Venus+1","alterego_mod:Rip","alterego_mod:Pet","alterego_mod:PainIsPleasure+1","alterego_mod:GoddessCore","alterego_mod:Birthday","Pain","alterego_mod:Nekomimi+1"],"relics":["alterego_mod:MasochisticConstitution","AT_ATBox","White Beast Statue","Gensokyo:LunaticRedEyes"],"acts_visited":["Exordium"],"potions_floor_usage":[14,16,16],"damage_taken":[{"damage":0,"enemies":"Gensokyo:3_Fairies","floor":1,"turns":4},{"damage":4,"enemies":"Gensokyo:Gryphon","floor":4,"turns":4},{"damage":0,"enemies":"Gensokyo:2_Kodama","floor":7,"turns":3},{"damage":10,"enemies":"Gensokyo:Kitsune","floor":10,"turns":4},{"damage":31,"enemies":"Gensokyo:3_Kodama","floor":11,"turns":7},{"damage":3,"enemies":"Gensokyo:2_Rabbits","floor":14,"turns":4},{"damage":69,"enemies":"Gensokyo:Yukari","floor":16,"turns":9}],"seed_played":"5540557607678910663","potions_obtained":[{"floor":7,"key":"ZuzhouPotion:ReiMu"},{"floor":10,"key":"Fruit Juice"},{"floor":11,"key":"Swift Potion"},{"floor":14,"key":"Regen Potion"}],"is_trial":false,"path_per_floor":["M","?","$","M","$","R","M","?","T","M","M","?","R","M","R","B"],"character_chosen":"The_Alterego","items_purchased":["alterego_mod:Venus"],"campfire_rested":0,"item_purchase_floors":[3],"current_hp_per_floor":[70,70,70,67,67,67,67,67,67,58,30,30,30,49,49,9,9],"gold":89,"neow_bonus":"THREE_CARDS","is_daily":false,"chose_seed":false,"campfire_upgraded":3,"win_rate":0.0,"timestamp":1609064277,"path_taken":["M","?","$","M","?","R","?","?","T","M","M","?","R","M","R","BOSS"],"items_purchased_type":["Card"],"build_version":"2020-12-22","purchased_purges":1,"victory":false,"max_hp_per_floor":[70,70,70,71,71,71,71,71,71,72,73,73,73,79,79,79,79],"card_choices":[{"not_picked":["alterego_mod:Bloomers","alterego_mod:BeGentle"],"picked":"alterego_mod:Stockings","floor":0},{"not_picked":["alterego_mod:Complex","alterego_mod:Undulate"],"picked":"alterego_mod:TrashNCrash","floor":1},{"not_picked":["alterego_mod:BiFurious","alterego_mod:HighServant"],"picked":"alterego_mod:Rip","floor":4},{"not_picked":["alterego_mod:SakuraPetals","alterego_mod:Cooking"],"picked":"alterego_mod:Pet","floor":7},{"not_picked":["alterego_mod:Bounce","alterego_mod:Cycle"],"picked":"alterego_mod:PainIsPleasure","floor":8},{"not_picked":["alterego_mod:TrashNCrash","alterego_mod:DiscoLights"],"picked":"alterego_mod:GoddessCore","floor":8},{"not_picked":["alterego_mod:TrashNCrash","alterego_mod:HighServant"],"picked":"alterego_mod:Birthday","floor":10},{"not_picked":["alterego_mod:Cycle","alterego_mod:Mirror","alterego_mod:Lingerie"],"picked":"SKIP","floor":11},{"not_picked":["alterego_mod:Mirror","alterego_mod:Pet"],"picked":"alterego_mod:Nekomimi","floor":14}],"player_experience":479848,"relics_obtained":[{"floor":9,"key":"White Beast Statue"}],"event_choices":[],"is_beta":false,"boss_relics":[],"items_purged_floors":[3],"is_endless":false,"potions_floor_spawned":[7,10,11,14],"killed_by":"Gensokyo:Yukari","ascension_level":0}}