{"host":"vydapxfau6612551","time":1609072138,"event":{"mods":["AchievementEnabler","BaseMod","Minty Spire (QoL Compilation)","StSLib","SuperFastMode"],"gold_per_floor":[113,113,131,131,131,162,174,229,229,229,229,254,270,286,286,390,390,403,403,429,429,429,429,460,476,499,499,499],"floor_reached":27,"playtime":784,"items_purged":[],"score":370,"play_id":"d30918af-d18f-4bac-9c30-5a422957648b","local_time":"20201227212858","is_ascension_mode":true,"campfire_choices":[{"floor":11.0,"key":"RECALL"},{"data":"Pommel Strike","floor":15.0,"key":"SMITH"},{"floor":23.0,"key":"REST"}],"circlet_count":0,"master_deck":["Strike_R","Strike_R","Strike_R","Strike_R","Strike_R","Defend_R","Defend_R","Defend_R","Defend_R","Bash","Shrug It Off","Perfected Strike+1","Carnage","Headbutt","Power Through","Pommel Strike+1","Shockwave","Double Tap","Wild Strike","Feel No Pain+1"],"relics":["Black Blood","NeowsBlessing","Juzu Bracelet","Bag of Preparation","Mango","CultistMask","Red Mask","Nilry\u0027s Codex","Question Card","Blood Vial"],"acts_visited":["Exordium","TheCity"],"potions_floor_usage":[24,25],"damage_taken":[{"damage":0.0,"enemies":"2 Louse","floor":1.0,"turns":1.0},{"damage":8.0,"enemies":"Small Slimes","floor":3.0,"turns":2.0},{"damage":0.0,"enemies":"Gremlin Nob","floor":6.0,"turns":1.0},{"damage":6.0,"enemies":"Cultist","floor":7.0,"turns":3.0},{"damage":30.0,"enemies":"Lagavulin","floor":12.0,"turns":5.0},{"damage":2.0,"enemies":"Large Slime","floor":13.0,"turns":5.0},{"damage":11.0,"enemies":"Looter","floor":14.0,"turns":2.0},{"damage":48.0,"enemies":"The Guardian","floor":16.0,"turns":10.0},{"damage":24.0,"enemies":"2 Thieves","floor":18.0,"turns":3.0},{"damage":26.0,"enemies":"Masked Bandits","floor":20.0,"turns":4.0},{"damage":45,"enemies":"Book of Stabbing","floor":24,"turns":5},{"damage":7,"enemies":"Chosen","floor":25,"turns":4},{"damage":13,"enemies":"Shelled Parasite and Fungi","floor":27,"turns":2}],"seed_played":"2545857004600314382","potions_obtained":[{"floor":3.0,"key":"Explosive Potion"},{"floor":7.0,"key":"DistilledChaos"},{"floor":14.0,"key":"FearPotion"},{"floor":20.0,"key":"PowerPotion"},{"floor":24,"key":"PowerPotion"}],"is_trial":false,"path_per_floor":["M","?","M","?","?","E","M","?","T","?","R","E","M","M","R","B",null,"M","?","?","?","?","R","E","M","T","M"],"character_chosen":"IRONCLAD","items_purchased":[],"campfire_rested":1,"item_purchase_floors":[],"current_hp_per_floor":[78,78,76,76,76,80,80,80,80,80,80,70,74,69,69,27,77,65,65,51,35,35,63,30,35,35,24,24],"gold":499,"neow_bonus":"THREE_ENEMY_KILL","is_daily":false,"chose_seed":false,"campfire_upgraded":1,"win_rate":0.0,"timestamp":1609072138,"path_taken":["M","?","M","?","?","E","M","?","T","?","R","E","M","M","R","BOSS","M","?","?","?","?","R","E","M","T","M"],"items_purchased_type":[],"build_version":"2020-12-22","purchased_purges":0,"victory":false,"max_hp_per_floor":[80,80,80,80,80,80,80,80,80,80,80,94,94,94,94,94,94,94,94,94,94,94,94,94,94,94,94,94],"card_choices":[{"not_picked":["Twin Strike","Headbutt"],"picked":"Shrug It Off","floor":1.0},{"not_picked":["Sword Boomerang","Evolve"],"picked":"Perfected Strike","floor":3.0},{"not_picked":["Headbutt","Double Tap"],"picked":"Carnage","floor":6.0},{"not_picked":["Clash","Metallicize"],"picked":"Headbutt","floor":7.0},{"not_picked":["Bloodletting","Cleave"],"picked":"Power Through","floor":12.0},{"not_picked":["Rupture","Thunderclap"],"picked":"Pommel Strike","floor":13.0},{"not_picked":["Sentinel","Dropkick"],"picked":"Shockwave","floor":14.0},{"not_picked":["Barricade","Limit Break"],"picked":"Double Tap","floor":16.0},{"not_picked":["Thunderclap","Warcry","Anger+1"],"picked":"SKIP","floor":18.0},{"not_picked":["Clash","Flex+1"],"picked":"Wild Strike","floor":24},{"not_picked":["Searing Blow","Shrug It Off+1","Wild Strike"],"picked":"Feel No Pain+1","floor":25}],"player_experience":396936,"relics_obtained":[{"floor":6.0,"key":"Bag of Preparation"},{"floor":12.0,"key":"Mango"},{"floor":20.0,"key":"Red Mask"},{"floor":21.0,"key":"Nilry\u0027s Codex"},{"floor":24,"key":"Question Card"},{"floor":26,"key":"Blood Vial"}],"event_choices":[{"damage_healed":0.0,"max_hp_gain":0.0,"max_hp_loss":0.0,"gold_gain":0.0,"event_name":"Big Fish","player_choice":"Box","floor":2.0,"gold_loss":0.0,"damage_taken":0.0,"relics_obtained":["Juzu Bracelet"],"cards_obtained":["Regret"]},{"cards_removed":["Regret"],"damage_healed":0.0,"max_hp_gain":0.0,"max_hp_loss":0.0,"gold_gain":0.0,"event_name":"Fountain of Cleansing","player_choice":"Removed Curses","floor":4.0,"gold_loss":0.0,"damage_taken":0.0},{"damage_healed":0.0,"max_hp_gain":0.0,"max_hp_loss":0.0,"gold_gain":0.0,"event_name":"Liars Game","player_choice":"Ignored","floor":5.0,"gold_loss":0.0,"damage_taken":0.0},{"damage_healed":0.0,"max_hp_gain":0.0,"max_hp_loss":0.0,"gold_gain":55.0,"event_name":"Golden Wing","player_choice":"Gained Gold","floor":8.0,"gold_loss":0.0,"damage_taken":0.0},{"damage_healed":0.0,"max_hp_gain":0.0,"max_hp_loss":0.0,"gold_gain":0.0,"event_name":"Living Wall","player_choice":"Grow","floor":10.0,"gold_loss":0.0,"damage_taken":0.0,"cards_upgraded":["Perfected Strike"]},{"damage_healed":0.0,"max_hp_gain":0.0,"max_hp_loss":0.0,"gold_gain":0.0,"event_name":"FaceTrader","player_choice":"Trade","floor":19.0,"gold_loss":0.0,"damage_taken":0.0,"relics_obtained":["CultistMask"]},{"damage_healed":0.0,"max_hp_gain":0.0,"max_hp_loss":0.0,"gold_gain":0.0,"event_name":"Masked Bandits","player_choice":"Fought Bandits","floor":20.0,"gold_loss":0.0,"damage_taken":0.0},{"damage_healed":0.0,"max_hp_gain":0.0,"max_hp_loss":0.0,"gold_gain":0.0,"event_name":"Cursed Tome","player_choice":"Obtained Book","floor":21.0,"gold_loss":0.0,"damage_taken":16.0},{"damage_healed":0.0,"max_hp_gain":0.0,"max_hp_loss":0.0,"gold_gain":0.0,"event_name":"Vampires","player_choice":"Ignored","floor":22.0,"gold_loss":0.0,"damage_taken":0.0}],"is_beta":false,"boss_relics":[{"not_picked":["Black Star","Pandora\u0027s Box"],"picked":"Black Blood"}],"items_purged_floors":[],"is_endless":false,"potions_floor_spawned":[3,7,14,20,24],"killed_by":"Shelled Parasite and Fungi","ascension_level":8}}