{"host":"e4wnmsyty9uvvtwf","time":1609064439,"event":{"mods":["Act Like it!","BaseMod","Colored Map","Colored Powertips","Gensokyo","Marisa£®ÏF”Í°°ƒß¿Ì…≥£©","Minty Spire (QoL Compilation)","Rare Cards Sparkle","StSLib"],"gold_per_floor":[30,63,63,0,12,30,30,312,312,312,323,323,358,371,371,445,445,457,530,547,76,76,76,109,30,79,79,99,99,99],"floor_reached":29,"playtime":985,"items_purged":["Strike_MRS"],"score":466,"play_id":"ca24b045-a472-4b1d-82cb-bd4317c18e65","local_time":"20201227182039","is_ascension_mode":true,"campfire_choices":[{"floor":10,"key":"REST"},{"floor":15,"key":"REST"},{"data":"BlazeAway","floor":23,"key":"SMITH"},{"data":"Occultation","floor":27,"key":"SMITH"}],"circlet_count":0,"master_deck":["AscendersBane","Strike_MRS","Strike_MRS","Strike_MRS","Defend_MRS","Defend_MRS+1","Defend_MRS+1","Defend_MRS","MasterSpark","UpSweep","MysteriousBeam","PulseMagic","OpenUniverse","BlazeAway+1","MysteriousBeam+1","MillisecondPulsars","MeteoricShower+1","PowerUp","JA+1","EnergyFlow","DeepEcoloBomb+1","TreasureHunter+1","SuperPerseids","Occultation+1"],"relics":["MiniHakkero","Gensokyo:OccultBall","Strawberry","Pocketwatch","Molten Egg 2","Incense Burner","Busted Crown","StrikeDummy","Vajra","Gensokyo:RedStar","War Paint","Regal Pillow"],"acts_visited":["Exordium","Gensokyo:Gensokyo"],"potions_floor_usage":[14,24,28],"damage_taken":[{"damage":7,"enemies":"Gensokyo:Gryphon","floor":1,"turns":4},{"damage":7,"enemies":"Gensokyo:Python","floor":2,"turns":5},{"damage":18,"enemies":"Gensokyo:2_Kodama","floor":5,"turns":6},{"damage":0,"enemies":"Gensokyo:LivingMonolith","floor":6,"turns":3},{"damage":34,"enemies":"Gensokyo:Cirno","floor":8,"turns":7},{"damage":10,"enemies":"Gensokyo:CorruptedTreant","floor":11,"turns":4},{"damage":12,"enemies":"Gensokyo:Aya","floor":13,"turns":3},{"damage":4,"enemies":"Gensokyo:Kitsune","floor":14,"turns":3},{"damage":4,"enemies":"Gensokyo:Reimu","floor":16,"turns":9},{"damage":0,"enemies":"Gensokyo:Chomper","floor":18,"turns":2},{"damage":0,"enemies":"Gensokyo:AngelMirror","floor":20,"turns":2},{"damage":18,"enemies":"Gensokyo:Tenshi","floor":24,"turns":2},{"damage":30,"enemies":"Gensokyo:Slime_Group","floor":28,"turns":3},{"damage":16,"enemies":"Gensokyo:Mirror_and_Dog","floor":29,"turns":1}],"seed_played":"-316866799338855596","potions_obtained":[{"floor":2,"key":"BottledSpark"},{"floor":5,"key":"ShroomBrew"},{"floor":16,"key":"SkillPotion"},{"floor":18,"key":"PowerPotion"}],"is_trial":false,"path_per_floor":["M","M","?","COS","M","M","$","E","T","R","M","?","E","M","R","B",null,"M","T","M","$","?","R","E","$","T","R","M","M"],"character_chosen":"MARISA","items_purchased":["TreasureHunter+1","Vajra","SuperPerseids","Occultation"],"campfire_rested":2,"item_purchase_floors":[21,21,21,25],"current_hp_per_floor":[56,49,49,49,31,38,38,4,4,27,17,17,5,1,24,20,63,63,63,63,63,63,63,45,45,45,45,15,0,0],"gold":99,"neow_bonus":"RANDOM_COLORLESS_2","is_daily":false,"chose_seed":false,"campfire_upgraded":2,"win_rate":0.0,"timestamp":1609064439,"path_taken":["M","M","?","COS","M","M","?","E","T","R","M","?","E","?","R","BOSS","M","?","?","$","?","R","E","?","T","R","M","M"],"items_purchased_type":["Card","Relic","Card","Card"],"build_version":"2020-12-22","purchased_purges":1,"victory":false,"max_hp_per_floor":[70,70,70,70,70,77,77,77,77,77,77,77,77,77,77,77,77,77,77,77,77,77,77,77,77,77,77,77,77,77],"card_choices":[{"not_picked":["Thinking Ahead","Metamorphosis"],"picked":"HandOfGreed","floor":0},{"not_picked":["DarkSpark","GalacticHalo"],"picked":"MysteriousBeam","floor":1},{"not_picked":["DarkSpark","Singularity"],"picked":"PulseMagic","floor":2},{"not_picked":["StarlightTyphoon","GravityBeat"],"picked":"OpenUniverse","floor":5},{"not_picked":["NonDirectionalLaser","GrandCross"],"picked":"MysteriousBeam","floor":6},{"not_picked":["PowerUp","Acceleration"],"picked":"BlazeAway","floor":8},{"not_picked":["DoubleSpark+1","GrandCross+1"],"picked":"MysteriousBeam+1","floor":11},{"not_picked":["ShootingEcho+1","WitchOfGreed"],"picked":"MeteoricShower+1","floor":13},{"not_picked":["StarBarrage+1","AsteroidBelt"],"picked":"PowerUp","floor":14},{"not_picked":["StarDustReverie","BlazingStar+1"],"picked":"JA+1","floor":16},{"not_picked":[],"picked":"EnergyFlow","floor":18},{"not_picked":[],"picked":"DeepEcoloBomb+1","floor":20},{"not_picked":["GrandCross+1"],"picked":"SKIP","floor":24},{"not_picked":["UnstableBomb+1"],"picked":"SKIP","floor":28}],"player_experience":662478,"relics_obtained":[{"floor":8,"key":"Pocketwatch"},{"floor":9,"key":"Molten Egg 2"},{"floor":13,"key":"Gensokyo:OccultBall"},{"floor":13,"key":"Incense Burner"},{"floor":16,"key":"Gensokyo:OccultBall"},{"floor":19,"key":"StrikeDummy"},{"floor":24,"key":"War Paint"},{"floor":26,"key":"Regal Pillow"}],"event_choices":[],"is_beta":false,"boss_relics":[{"not_picked":["Sozu","Empty Cage"],"picked":"Busted Crown"}],"items_purged_floors":[21],"is_endless":false,"potions_floor_spawned":[2,5,8,13,16,18],"killed_by":"Gensokyo:Mirror_and_Dog","ascension_level":20}}