{"host":"8qb550oiisecbnz6","time":1609085626,"event":{"mods":["AchievementEnabler","BaseMod","Colored Map","Colored Powertips","Minty Spire (QoL Compilation)","Quick Restart","Slay-I","StSLib"],"gold_per_floor":[99,99,99,49,49,49,49,49,49,49,34,34,34,34,34,34,34,0,0,0,0,0,0,0,0,0,0,0,0,0,0,0,0,0],"floor_reached":33,"playtime":2400,"items_purged":[],"score":432,"play_id":"02eec098-6f9f-4c26-8942-30b4ccbd9362","local_time":"20201227171346","is_ascension_mode":true,"campfire_choices":[{"data":"Eruption","floor":6,"key":"SMITH"},{"data":"CutThroughFate","floor":12,"key":"SMITH"},{"data":"TalkToTheHand","floor":15,"key":"SMITH"},{"data":"JustLucky","floor":23,"key":"SMITH"},{"data":"Conclude","floor":25,"key":"SMITH"},{"floor":29,"key":"REST"},{"data":"SashWhip","floor":32,"key":"SMITH"}],"circlet_count":0,"master_deck":["Strike_P","Strike_P","Strike_P","Defend_P","Defend_P","Defend_P","Defend_P","Eruption+1","Vigilance","SashWhip+1","FearNoEvil","PathToVictory","Conclude+1","TalkToTheHand+1","CutThroughFate+1","JustLucky+1","WindmillStrike","Vault","Tantrum","PathToVictory","MentalFortress+1"],"relics":["Ectoplasm","TeardropLocket","HornCleat","CaptainsWheel","Pantograph","VioletLotus","Nloth\u0027s Gift","Bag of Marbles","Bronze Scales","Darkstone Periapt"],"acts_visited":["Exordium","TheCity"],"potions_floor_usage":[16,22,24,31,31,33],"damage_taken":[{"damage":0,"enemies":"Cultist","floor":1,"turns":4},{"damage":1,"enemies":"Jaw Worm","floor":2,"turns":2},{"damage":0,"enemies":"2 Louse","floor":7,"turns":2},{"damage":17,"enemies":"Lagavulin","floor":8,"turns":4},{"damage":5,"enemies":"3 Sentries","floor":10,"turns":5},{"damage":1,"enemies":"Looter","floor":11,"turns":2},{"damage":0,"enemies":"Lagavulin","floor":13,"turns":4},{"damage":6,"enemies":"Large Slime","floor":14,"turns":2},{"damage":4,"enemies":"The Guardian","floor":16,"turns":7},{"damage":7,"enemies":"2 Thieves","floor":18,"turns":3},{"damage":1,"enemies":"Shell Parasite","floor":19,"turns":2},{"damage":0,"enemies":"Cultist and Chosen","floor":22,"turns":4},{"damage":18,"enemies":"Book of Stabbing","floor":24,"turns":5},{"damage":27,"enemies":"Shelled Parasite and Fungi","floor":27,"turns":3},{"damage":0,"enemies":"Centurion and Healer","floor":28,"turns":5},{"damage":0,"enemies":"Cultist and Chosen","floor":30,"turns":4},{"damage":3,"enemies":"Slavers","floor":31,"turns":3},{"damage":109,"enemies":"Collector","floor":33,"turns":7}],"seed_played":"-3251226316628130754","potions_obtained":[{"floor":7,"key":"GamblersBrew"},{"floor":10,"key":"SkillPotion"},{"floor":11,"key":"BottledMiracle"},{"floor":13,"key":"FearPotion"},{"floor":18,"key":"FearPotion"},{"floor":28,"key":"BlessingOfTheForge"},{"floor":30,"key":"Swift Potion"}],"is_trial":false,"path_per_floor":["M","M","T","?","?","R","M","E","T","E","M","R","E","M","R","B",null,"M","M","?","?","M","R","E","R","T","M","M","R","M","E","R","B"],"character_chosen":"WATCHER","items_purchased":[],"campfire_rested":1,"item_purchase_floors":[],"current_hp_per_floor":[65,64,64,64,64,64,64,47,47,42,41,41,41,35,35,56,68,61,60,60,60,60,60,42,42,42,15,15,36,36,33,33,0,0],"gold":0,"neow_bonus":"BOSS_RELIC","is_daily":false,"chose_seed":false,"campfire_upgraded":6,"win_rate":0.0,"timestamp":1609085626,"path_taken":["M","M","?","?","?","R","M","E","T","E","M","R","E","M","R","BOSS","M","M","?","?","M","R","E","R","T","M","?","R","M","E","R","BOSS"],"items_purchased_type":[],"build_version":"2020-12-22","purchased_purges":0,"victory":false,"max_hp_per_floor":[72,72,72,72,72,72,72,72,72,72,72,72,72,72,72,72,72,72,72,72,72,72,72,72,72,72,72,72,72,72,72,72,72,72],"card_choices":[{"not_picked":["Swivel","FlyingSleeves"],"picked":"SashWhip","floor":1},{"not_picked":["Halt","CutThroughFate"],"picked":"FearNoEvil","floor":2},{"not_picked":["BowlingBash","BattleHymn"],"picked":"PathToVictory","floor":7},{"not_picked":["Vengeance","FearNoEvil"],"picked":"Conclude","floor":8},{"not_picked":["FollowUp","ClearTheMind"],"picked":"TalkToTheHand","floor":10},{"not_picked":["Meditate","Nirvana"],"picked":"CutThroughFate","floor":11},{"not_picked":["EmptyFist","Meditate"],"picked":"JustLucky","floor":13},{"not_picked":["FlyingSleeves","Prostrate"],"picked":"WindmillStrike","floor":14},{"not_picked":["Omniscience","MasterReality"],"picked":"Vault","floor":16},{"not_picked":["Protect","Evaluate"],"picked":"Tantrum","floor":18},{"not_picked":["Swivel+1","FlyingSleeves","ClearTheMind"],"picked":"SKIP","floor":19},{"not_picked":["Conclude","Protect","Judgement"],"picked":"SKIP","floor":22},{"not_picked":["ThirdEye","Blasphemy","Omniscience"],"picked":"SKIP","floor":24},{"not_picked":["Perseverance","BowlingBash+1"],"picked":"PathToVictory","floor":27},{"not_picked":["ClearTheMind","ThirdEye","Pray+1"],"picked":"SKIP","floor":28},{"not_picked":["Evaluate","DeusExMachina","Prostrate"],"picked":"SKIP","floor":30},{"not_picked":["SashWhip","Study"],"picked":"MentalFortress+1","floor":31}],"player_experience":405923,"relics_obtained":[{"floor":3,"key":"TeardropLocket"},{"floor":8,"key":"HornCleat"},{"floor":9,"key":"Pocketwatch"},{"floor":10,"key":"CaptainsWheel"},{"floor":13,"key":"Pantograph"},{"floor":24,"key":"Bag of Marbles"},{"floor":26,"key":"Bronze Scales"},{"floor":31,"key":"Darkstone Periapt"}],"event_choices":[{"cards_removed":["Strike_P"],"damage_healed":0,"gold_gain":0,"player_choice":"Card Removal","damage_taken":0,"max_hp_gain":0,"max_hp_loss":0,"event_name":"The Cleric","floor":4,"gold_loss":50},{"damage_healed":0,"gold_gain":0,"player_choice":"Ignored","damage_taken":0,"max_hp_gain":0,"max_hp_loss":0,"event_name":"Liars Game","floor":5,"gold_loss":0},{"damage_healed":0,"gold_gain":0,"player_choice":"Ignored","damage_taken":0,"max_hp_gain":0,"max_hp_loss":0,"event_name":"Ghosts","floor":20,"gold_loss":0},{"damage_healed":0,"gold_gain":0,"player_choice":"Traded Relic","damage_taken":0,"relics_obtained":["Nloth\u0027s Gift"],"max_hp_gain":0,"max_hp_loss":0,"event_name":"N\u0027loth","floor":21,"relics_lost":["Pocketwatch"],"gold_loss":0}],"is_beta":false,"boss_relics":[{"not_picked":["Busted Crown","Philosopher\u0027s Stone"],"picked":"VioletLotus"}],"items_purged_floors":[],"is_endless":false,"potions_floor_spawned":[7,10,11,13,18,19,28,30],"killed_by":"Collector","ascension_level":6}}