{"host":"t75twhtg6c476ygg","time":1609084220,"event":{"mods":["AchievementEnabler","BaseMod","Colored Powertips","Minty Spire (QoL Compilation)","Quick Restart","Relic Stats","StSLib","SuperFastMode"],"gold_per_floor":[119,69,69,69,89,89,89],"floor_reached":6,"playtime":167,"items_purged":[],"score":71,"play_id":"94fb983d-a35a-4f95-93e8-f6fb6e40c08e","local_time":"20201227155020","is_ascension_mode":true,"campfire_choices":[],"circlet_count":0,"master_deck":["Bash","Sword Boomerang","Infernal Blade","Sentinel","Seeing Red","Dark Embrace","Pummel","Dropkick","Flex","Armaments"],"relics":["Pandora\u0027s Box"],"acts_visited":["Exordium"],"potions_floor_usage":[],"damage_taken":[{"damage":14,"enemies":"Jaw Worm","floor":1,"turns":2},{"damage":0,"enemies":"Small Slimes","floor":5,"turns":2},{"damage":45,"enemies":"3 Sentries","floor":6,"turns":6}],"seed_played":"6424468804998062853","potions_obtained":[{"floor":1,"key":"BlessingOfTheForge"}],"is_trial":false,"path_per_floor":["M","?","?","?","M","E"],"character_chosen":"IRONCLAD","items_purchased":[],"campfire_rested":0,"item_purchase_floors":[],"current_hp_per_floor":[66,66,66,98,98,53,53],"gold":89,"neow_bonus":"TEN_PERCENT_HP_BONUS","is_daily":false,"chose_seed":false,"campfire_upgraded":0,"win_rate":0.0,"timestamp":1609084220,"path_taken":["M","?","?","?","M","E"],"items_purchased_type":[],"build_version":"2020-12-22","purchased_purges":0,"victory":false,"max_hp_per_floor":[88,88,88,98,98,98,98],"relic_stats":{"counters":[3,10],"Pandora\u0027s Box":["Sword Boomerang","Brutality","Infernal Blade","Sentinel","Brutality","Seeing Red","Dark Embrace","Pummel","Dropkick"],"obtain_stats":[{"Pandora\u0027s Box":0,"Burning Blood":0},{"Pandora\u0027s Box":0,"Burning Blood":0},{"Pandora\u0027s Box":0,"Burning Blood":0}]},"card_choices":[{"not_picked":["Flame Barrier","Wild Strike"],"picked":"Flex","floor":1},{"not_picked":["Sword Boomerang","Wild Strike"],"picked":"Armaments","floor":5}],"player_experience":197658,"relics_obtained":[],"event_choices":[{"cards_removed":["Brutality"],"damage_healed":0,"gold_gain":0,"player_choice":"Card Removal","damage_taken":0,"max_hp_gain":0,"max_hp_loss":0,"event_name":"The Cleric","floor":2,"gold_loss":50},{"damage_healed":0,"gold_gain":0,"player_choice":"Ignored","damage_taken":0,"max_hp_gain":0,"max_hp_loss":0,"event_name":"Liars Game","floor":3,"gold_loss":0},{"cards_removed":["Brutality"],"damage_healed":22,"gold_gain":0,"player_choice":"Offered Rare","damage_taken":0,"max_hp_gain":10,"max_hp_loss":0,"event_name":"Bonfire Elementals","floor":4,"gold_loss":0}],"is_beta":false,"boss_relics":[],"items_purged_floors":[],"is_endless":false,"potions_floor_spawned":[1],"killed_by":"3 Sentries","ascension_level":7}}