{"host":"cv77zuuuekizn3ic","time":1609105548,"event":{"mods":["AchievementEnabler","BaseMod","Marisa£®ÏF”Í°°ƒß¿Ì…≥£©","Minty Spire (QoL Compilation)","StSLib","Waifu the Spire","everything is the same but u backflip on backflip","slay the spire mod where everything is the same but ironclad has a cowboy hat"],"gold_per_floor":[111,111,127,127,127,127,148,179,179,223,246,260,260,43,43,169,169,182,182,196,210,110,110,128,128,128,128,144,177,190,223,223,352,352,367,173,197,147,147,190,211,252,279,322,244,272,325,352,364,376,388,400,171,206,206],"floor_reached":56,"playtime":4799,"items_purged":["Strike_G","Defend_G","Deadly Poison","Flying Knee","Survivor"],"score":1969,"play_id":"54916ab4-ee89-495e-88fd-85f0b291a645","local_time":"20201228054548","is_ascension_mode":true,"campfire_choices":[{"data":"Neutralize","floor":6.0,"key":"SMITH"},{"floor":13.0,"key":"REST"},{"data":"Tactician","floor":15.0,"key":"SMITH"},{"data":"Prepared","floor":23.0,"key":"SMITH"},{"data":"Prepared","floor":25.0,"key":"SMITH"},{"data":"Well Laid Plans","floor":27.0,"key":"SMITH"},{"floor":32.0,"key":"REST"},{"floor":49,"key":"RECALL"},{"data":"Adrenaline","floor":52,"key":"SMITH"}],"circlet_count":0,"master_deck":["Neutralize+1","After Image","Tactician+1","Dagger Throw","Quick Slash","Prepared+1","Crippling Poison+1","Well Laid Plans+1","Grand Finale","Prepared+1","PiercingWail+1","Blur","Backflip","Acrobatics+1","Adrenaline+1","Blur","Endless Agony","A Thousand Cuts","Finesse","Concentrate+1","Expertise","Backflip+1"],"relics":["Ring of the Snake","Golden Idol","HornCleat","Regal Pillow","Empty Cage","FaceOfCleric","Potion Belt","White Beast Statue","Smiling Mask","Pandora\u0027s Box","Art of War","Gremlin Horn","Ornamental Fan","MawBank","Incense Burner","Membership Card","Centennial Puzzle"],"acts_visited":["Exordium","TheCity","TheBeyond","TheEnding"],"potions_floor_usage":[50,55,55,55,55,55,55,55,55,55,55],"damage_taken":[{"damage":0.0,"enemies":"Jaw Worm","floor":1.0,"turns":4.0},{"damage":4.0,"enemies":"Cultist","floor":3.0,"turns":6.0},{"damage":0.0,"enemies":"2 Louse","floor":7.0,"turns":5.0},{"damage":36.0,"enemies":"3 Sentries","floor":8.0,"turns":15.0},{"damage":3.0,"enemies":"Gremlin Nob","floor":10.0,"turns":5.0},{"damage":0.0,"enemies":"Looter","floor":11.0,"turns":4.0},{"damage":0.0,"enemies":"Gremlin Gang","floor":12.0,"turns":5.0},{"damage":3.0,"enemies":"The Guardian","floor":16.0,"turns":12.0},{"damage":8.0,"enemies":"Chosen","floor":18.0,"turns":4.0},{"damage":0.0,"enemies":"3 Byrds","floor":20.0,"turns":3.0},{"damage":0.0,"enemies":"Sentry and Sphere","floor":21.0,"turns":7.0},{"damage":10.0,"enemies":"Shelled Parasite and Fungi","floor":24.0,"turns":7.0},{"damage":0.0,"enemies":"Snake Plant","floor":28.0,"turns":4.0},{"damage":5.0,"enemies":"Book of Stabbing","floor":29.0,"turns":8.0},{"damage":9.0,"enemies":"3 Cultists","floor":30.0,"turns":5.0},{"damage":28.0,"enemies":"Slavers","floor":31.0,"turns":14.0},{"damage":26.0,"enemies":"Automaton","floor":33.0,"turns":9.0},{"damage":2.0,"enemies":"3 Darklings","floor":35.0,"turns":3.0},{"damage":0.0,"enemies":"3 Shapes","floor":37.0,"turns":1.0},{"damage":0.0,"enemies":"Reptomancer","floor":40.0,"turns":3.0},{"damage":0.0,"enemies":"Spire Growth","floor":41.0,"turns":3.0},{"damage":0.0,"enemies":"Giant Head","floor":42.0,"turns":3.0},{"damage":13.0,"enemies":"Reptomancer","floor":44.0,"turns":4.0},{"damage":0,"enemies":"Jaw Worm Horde","floor":46,"turns":2},{"damage":0,"enemies":"Giant Head","floor":47,"turns":5},{"damage":0,"enemies":"Sphere and 2 Shapes","floor":48,"turns":5},{"damage":13,"enemies":"Awakened One","floor":50,"turns":6},{"damage":0,"enemies":"Shield and Spear","floor":54,"turns":3},{"damage":0,"enemies":"The Heart","floor":55,"turns":4}],"seed_played":"-2302490504052689328","potions_obtained":[{"floor":7.0,"key":"SpeedPotion"},{"floor":11.0,"key":"AttackPotion"},{"floor":12.0,"key":"DistilledChaos"},{"floor":16.0,"key":"Block Potion"},{"floor":20.0,"key":"Energy Potion"},{"floor":21.0,"key":"Block Potion"},{"floor":29.0,"key":"Regen Potion"},{"floor":30.0,"key":"DuplicationPotion"},{"floor":31.0,"key":"LiquidMemories"},{"floor":33.0,"key":"SpeedPotion"},{"floor":35.0,"key":"ColorlessPotion"},{"floor":37.0,"key":"FearPotion"},{"floor":40.0,"key":"Energy Potion"},{"floor":42.0,"key":"SkillPotion"},{"floor":46,"key":"EntropicBrew"},{"floor":48,"key":"GamblersBrew"},{"floor":54,"key":"Weak Potion"}],"is_trial":false,"path_per_floor":["M","?","M","?","?","R","M","E","T","E","M","M","R","$","R","B",null,"M","?","M","M","$","R","M","R","T","R","M","E","M","E","R","B",null,"M","$","M","$","?","E","M","E","T","E","?","M","E","M","R","B",null,"R","$","E","B",null],"character_chosen":"THE_SILENT","items_purchased":["Crippling Poison","Well Laid Plans","Art of War","Membership Card","Expertise"],"campfire_rested":2,"item_purchase_floors":[14,14,36,53,53],"current_hp_per_floor":[45,45,41,41,41,41,41,5,5,2,2,2,36,36,36,33,57,49,49,50,51,51,51,42,42,42,42,43,39,31,19,55,30,62,61,61,62,62,52,53,54,55,55,43,43,44,45,46,46,34,71,71,71,72,73],"gold":206,"neow_bonus":"THREE_RARE_CARDS","is_daily":false,"chose_seed":false,"campfire_upgraded":6,"win_rate":0.0,"timestamp":1609105548,"path_taken":["M","?","?","?","?","R","?","E","T","E","M","M","R","?","R","BOSS","M","?","?","M","$","R","M","R","T","R","M","E","M","E","R","BOSS","M","$","M","$","?","E","M","E","T","E","?","?","E","M","R","BOSS","R","$","E","BOSS"],"items_purchased_type":["Card","Card","Relic","Relic","Card"],"build_version":"2020-12-22","purchased_purges":5,"victory":true,"max_hp_per_floor":[70,70,70,65,65,65,65,65,65,65,65,65,65,65,65,65,65,65,65,66,67,67,67,68,68,68,68,69,70,71,72,72,73,73,74,74,75,75,75,76,77,78,78,79,79,80,81,82,82,83,83,83,83,84,85],"card_choices":[{"not_picked":["Envenom","Wraith Form v2"],"picked":"After Image","floor":0.0},{"not_picked":["Deadly Poison","Poisoned Stab"],"picked":"Tactician","floor":1.0},{"not_picked":["Deflect","Skewer"],"picked":"Deadly Poison","floor":3.0},{"not_picked":["Deflect","Poisoned Stab"],"picked":"Dagger Throw","floor":7.0},{"not_picked":["Endless Agony","Riddle With Holes"],"picked":"Quick Slash","floor":8.0},{"not_picked":["Bane","Cloak And Dagger"],"picked":"Storm of Steel","floor":10.0},{"not_picked":["Deflect","Slice"],"picked":"Prepared","floor":11.0},{"not_picked":["Outmaneuver","Quick Slash","Skewer"],"picked":"SKIP","floor":12.0},{"not_picked":["Phantasmal Killer","Night Terror"],"picked":"Grand Finale","floor":16.0},{"not_picked":["Outmaneuver+1","Deflect","Terror"],"picked":"SKIP","floor":18.0},{"not_picked":["Slice","Flying Knee+1","Crippling Poison"],"picked":"SKIP","floor":20.0},{"not_picked":["Poisoned Stab","Underhanded Strike"],"picked":"Prepared","floor":21.0},{"not_picked":["Skewer","Flying Knee"],"picked":"PiercingWail+1","floor":24.0},{"not_picked":["Heel Hook","Dagger Spray+1"],"picked":"Blur","floor":28.0},{"not_picked":["Glass Knife","Dodge and Roll"],"picked":"Backflip","floor":29.0},{"not_picked":["Sucker Punch","Predator"],"picked":"Acrobatics+1","floor":30.0},{"not_picked":["Finisher","Endless Agony","Crippling Poison"],"picked":"SKIP","floor":31.0},{"not_picked":["Corpse Explosion","Unload"],"picked":"Adrenaline","floor":33.0},{"not_picked":["Bane","Dagger Spray+1","Choke+1"],"picked":"SKIP","floor":35.0},{"not_picked":["Dash","Underhanded Strike","Terror"],"picked":"SKIP","floor":37.0},{"not_picked":["Bandage Up","Deep Breath"],"picked":"Finesse","floor":39.0},{"not_picked":["Poisoned Stab+1","Catalyst+1","Setup"],"picked":"SKIP","floor":40.0},{"not_picked":["Crippling Poison","Heel Hook+1","Infinite Blades+1"],"picked":"SKIP","floor":41.0},{"not_picked":["Prepared","Dodge and Roll+1"],"picked":"Concentrate+1","floor":42.0},{"not_picked":["Concentrate","Envenom","Choke"],"picked":"SKIP","floor":44.0},{"not_picked":["Well Laid Plans","Cloak And Dagger","Underhanded Strike"],"picked":"SKIP","floor":46},{"not_picked":["Dagger Spray","Dodge and Roll+1","Accuracy+1"],"picked":"SKIP","floor":47},{"not_picked":["Backstab+1","Bouncing Flask","Crippling Poison+1"],"picked":"SKIP","floor":48},{"not_picked":["Underhanded Strike+1","Prepared"],"picked":"Backflip+1","floor":54}],"player_experience":663180,"relics_obtained":[{"floor":8.0,"key":"HornCleat"},{"floor":9.0,"key":"Regal Pillow"},{"floor":26.0,"key":"Potion Belt"},{"floor":29.0,"key":"White Beast Statue"},{"floor":31.0,"key":"Smiling Mask"},{"floor":40.0,"key":"Gremlin Horn"},{"floor":42.0,"key":"Ornamental Fan"},{"floor":44.0,"key":"MawBank"},{"floor":47,"key":"Incense Burner"},{"floor":54,"key":"Centennial Puzzle"}],"event_choices":[{"cards_removed":["Strike_G"],"damage_healed":0.0,"max_hp_gain":0.0,"max_hp_loss":0.0,"gold_gain":0.0,"event_name":"Purifier","player_choice":"Purged","floor":2.0,"gold_loss":0.0,"damage_taken":0.0},{"damage_healed":0.0,"max_hp_gain":0.0,"max_hp_loss":5.0,"gold_gain":0.0,"event_name":"Golden Idol","player_choice":"Lose Max HP","floor":4.0,"gold_loss":0.0,"damage_taken":0.0,"relics_obtained":["Golden Idol"]},{"cards_removed":["Strike_G"],"damage_healed":0.0,"max_hp_gain":0.0,"max_hp_loss":0.0,"gold_gain":0.0,"event_name":"Bonfire Elementals","player_choice":"Offered Basic","floor":5.0,"gold_loss":0.0,"damage_taken":0.0},{"damage_healed":0.0,"max_hp_gain":0.0,"max_hp_loss":0.0,"gold_gain":0.0,"event_name":"FaceTrader","player_choice":"Trade","floor":19.0,"gold_loss":0.0,"damage_taken":0.0,"relics_obtained":["FaceOfCleric"]},{"damage_healed":0.0,"max_hp_gain":0.0,"max_hp_loss":0.0,"gold_gain":0.0,"event_name":"SensoryStone","player_choice":"Memory 3","floor":39.0,"gold_loss":0.0,"damage_taken":10.0},{"cards_removed":["Storm of Steel"],"damage_healed":0.0,"max_hp_gain":0.0,"max_hp_loss":0.0,"gold_gain":0.0,"event_name":"Designer","player_choice":"Upgrade and Remove","floor":45.0,"gold_loss":90.0,"damage_taken":0.0,"cards_upgraded":["Crippling Poison"]}],"is_beta":false,"boss_relics":[{"not_picked":["SlaversCollar","Cursed Key"],"picked":"Empty Cage"},{"not_picked":["WristBlade","Fusion Hammer"],"picked":"Pandora\u0027s Box"}],"items_purged_floors":[14,22,36,38,53],"is_endless":false,"potions_floor_spawned":[7,11,12,16,20,21,29,30,31,33,35,37,40,41,42,44,46,47,48,54],"ascension_level":8}}