{"host":"vydapxfau6612551","time":1609068889,"event":{"mods":["AchievementEnabler","BaseMod","Minty Spire (QoL Compilation)","StSLib","SuperFastMode"],"gold_per_floor":[15,34,46,60,71,105,105,122,122,154,167,185,196,47,47,47,47],"floor_reached":16,"playtime":833,"items_purged":[],"score":165,"play_id":"352471bd-5a6b-4655-a8aa-23871302e009","local_time":"20201227203449","is_ascension_mode":true,"campfire_choices":[{"data":"Body Slam","floor":7.0,"key":"SMITH"},{"floor":15,"key":"RECALL"}],"circlet_count":0,"master_deck":["Strike_R","Strike_R","Strike_R","Strike_R","Defend_R","Defend_R","Defend_R","Bash","Battle Trance","Shrug It Off","Body Slam+1","Disarm","Feel No Pain","Entrench","Second Wind","Pommel Strike","Shrug It Off","Uppercut","Barricade"],"relics":["Burning Blood","Matryoshka","Akabeko","Orichalcum"],"acts_visited":[],"potions_floor_usage":[10],"damage_taken":[{"damage":1.0,"enemies":"Cultist","floor":1.0,"turns":4.0},{"damage":10.0,"enemies":"2 Louse","floor":2.0,"turns":3.0},{"damage":0.0,"enemies":"Small Slimes","floor":3.0,"turns":3.0},{"damage":3.0,"enemies":"Blue Slaver","floor":4.0,"turns":5.0},{"damage":14.0,"enemies":"Exordium Wildlife","floor":5.0,"turns":6.0},{"damage":2.0,"enemies":"3 Sentries","floor":6.0,"turns":12.0},{"damage":11.0,"enemies":"Exordium Thugs","floor":8.0,"turns":8.0},{"damage":52,"enemies":"Lagavulin","floor":10,"turns":7},{"damage":8,"enemies":"2 Fungi Beasts","floor":11,"turns":4},{"damage":7,"enemies":"Gremlin Gang","floor":12,"turns":4},{"damage":3,"enemies":"Looter","floor":13,"turns":3},{"damage":0,"enemies":"Slime Boss","floor":16,"turns":1}],"seed_played":"5783805964010331609","potions_obtained":[{"floor":1.0,"key":"HeartOfIron"},{"floor":3.0,"key":"DistilledChaos"},{"floor":8.0,"key":"Strength Potion"},{"floor":12,"key":"FearPotion"}],"is_trial":false,"path_per_floor":["M","M","M","M","M","E","R","M","T","E","M","M","M","$","R","B"],"character_chosen":"IRONCLAD","items_purchased":["Barricade"],"campfire_rested":0,"item_purchase_floors":[14],"current_hp_per_floor":[77,73,79,80,72,76,76,71,71,25,23,22,25,25,25,25,25],"gold":47,"neow_bonus":"REMOVE_TWO","is_daily":false,"chose_seed":false,"campfire_upgraded":1,"win_rate":0.0,"timestamp":1609068889,"path_taken":["M","M","M","M","M","E","R","?","T","E","M","M","M","$","R","BOSS"],"items_purchased_type":["Card"],"build_version":"2020-12-22","purchased_purges":0,"victory":false,"max_hp_per_floor":[80,80,80,80,80,80,80,80,80,80,80,80,80,80,80,80,80],"card_choices":[{"not_picked":["Inflame","Heavy Blade"],"picked":"Battle Trance","floor":1.0},{"not_picked":["Thunderclap","Heavy Blade"],"picked":"Shrug It Off","floor":2.0},{"not_picked":["Evolve","Havoc"],"picked":"Body Slam","floor":3.0},{"not_picked":["Sentinel","Flex"],"picked":"Disarm","floor":4.0},{"not_picked":["Sword Boomerang","Twin Strike"],"picked":"Feel No Pain","floor":5.0},{"not_picked":["Ghostly Armor","Havoc"],"picked":"Entrench","floor":6.0},{"not_picked":["Sword Boomerang","Whirlwind","Hemokinesis"],"picked":"SKIP","floor":8.0},{"not_picked":["Cleave","Whirlwind"],"picked":"Second Wind","floor":10},{"not_picked":["Wild Strike","Juggernaut"],"picked":"Pommel Strike","floor":11},{"not_picked":["Anger","Flex"],"picked":"Shrug It Off","floor":12},{"not_picked":["Perfected Strike","Twin Strike"],"picked":"Uppercut","floor":13}],"player_experience":396020,"relics_obtained":[{"floor":6.0,"key":"Matryoshka"},{"floor":9.0,"key":"Akabeko"},{"floor":10,"key":"Orichalcum"}],"event_choices":[],"is_beta":false,"boss_relics":[],"items_purged_floors":[],"is_endless":false,"potions_floor_spawned":[1,3,8,12],"killed_by":"Slime Boss","ascension_level":8}}