{"host":"toh0bbw446wnuexf","time":1609040069,"event":{"mods":["BaseMod","Downfall","Hermit","Minty Spire (QoL Compilation)","Random Character Button","StSLib"],"gold_per_floor":[211,225,150,150,50,50,60,60,114,114,46,65,65,76,76,171,171,189,33,33,33,33,33,47,61,61,61,92,92,191,205,205,205,205],"floor_reached":33,"playtime":1668,"items_purged":["hermit:Strike_Hermit","hermit:Strike_Hermit"],"score":266,"play_id":"f3b6bd54-b363-4a46-b0bf-383984d779b5","local_time":"20201227163429","is_ascension_mode":true,"campfire_choices":[{"floor":6,"key":"REST"},{"data":"hermit:Headshot","floor":8,"key":"SMITH"},{"data":"hermit:Snapshot","floor":10,"key":"SMITH"},{"data":"hermit:BigShot","floor":15,"key":"SMITH"},{"data":"hermit:Enervate","floor":23,"key":"SMITH"},{"data":"hermit:GhostlyPresence","floor":27,"key":"SMITH"},{"floor":29,"key":"REST"},{"data":"hermit:Ricochet","floor":32,"key":"SMITH"}],"circlet_count":0,"master_deck":["hermit:Strike_Hermit","hermit:Defend_Hermit","hermit:Defend_Hermit","hermit:Defend_Hermit","hermit:Snapshot+1","hermit:Enervate+1","hermit:Ricochet+1","hermit:Headshot+1","hermit:BigShot+1","hermit:GhostlyPresence+1"],"relics":["hermit:Momento","Blood Vial","Empty Cage","Oddly Smooth Stone","Meat on the Bone","Anchor"],"acts_visited":["Exordium","TheCity"],"potions_floor_usage":[25,33],"damage_taken":[{"damage":1,"enemies":"Cultist","floor":1,"turns":4},{"damage":0,"enemies":"2 Louse","floor":2,"turns":2},{"damage":0,"enemies":"Small Slimes","floor":7,"turns":3},{"damage":0,"enemies":"Exordium Thugs","floor":12,"turns":3},{"damage":0,"enemies":"2 Fungi Beasts","floor":14,"turns":2},{"damage":37,"enemies":"The Guardian","floor":16,"turns":12},{"damage":7,"enemies":"2 Thieves","floor":18,"turns":4},{"damage":9,"enemies":"Spheric Guardian","floor":24,"turns":4},{"damage":0,"enemies":"Snake Plant","floor":25,"turns":2},{"damage":34,"enemies":"Book of Stabbing","floor":28,"turns":6},{"damage":12,"enemies":"Centurion and Healer","floor":31,"turns":6},{"damage":97,"enemies":"Automaton","floor":33,"turns":12}],"seed_played":"-736971726298426913","potions_obtained":[{"floor":14,"key":"hermit:Eclipse"},{"floor":16,"key":"Ancient Potion"},{"floor":24,"key":"Energy Potion"},{"floor":28,"key":"sneckomod:MuddlingPotion"},{"floor":31,"key":"Swift Potion"}],"is_trial":false,"path_per_floor":["M","M","$","?","$","R","M","R","T","R","$","M","?","M","R","B",null,"M","$","?","?","?","R","M","M","T","R","E","R","?","M","R","B"],"character_chosen":"HERMIT","items_purchased":["hermit:BigShot","Oddly Smooth Stone"],"campfire_rested":2,"item_purchase_floors":[11,19],"current_hp_per_floor":[74,74,74,74,74,75,75,75,75,75,75,75,68,70,70,35,75,68,68,68,68,68,68,61,63,63,63,43,65,65,55,55,0,0],"gold":205,"neow_bonus":"HUNDRED_GOLD","is_daily":false,"chose_seed":false,"campfire_upgraded":6,"win_rate":0.0,"timestamp":1609040069,"path_taken":["M","M","$","?","$","R","M","R","T","R","?","M","?","M","R","BOSS","M","$","?","?","?","R","?","M","T","R","E","R","?","M","R","BOSS"],"items_purchased_type":["Card","Relic"],"build_version":"2020-12-22","purchased_purges":2,"victory":false,"max_hp_per_floor":[75,75,75,75,75,75,75,75,75,75,75,75,75,75,75,75,75,75,75,75,75,75,75,75,75,75,75,75,75,75,75,75,75,75],"card_choices":[{"not_picked":["hermit:Ricochet","hermit:SprayPray"],"picked":"hermit:Enervate","floor":1},{"not_picked":["hermit:Grudge","hermit:SprayPray"],"picked":"hermit:Ricochet","floor":2},{"not_picked":["hermit:Horror","hermit:Coalescence"],"picked":"hermit:Headshot","floor":7},{"not_picked":["hermit:TrackingShot","hermit:Determination"],"picked":"hermit:GhostlyPresence","floor":12},{"not_picked":["hermit:Midnight","hermit:Malice","hermit:Glare"],"picked":"SKIP","floor":14},{"not_picked":["hermit:Cheat","hermit:Spite","hermit:ShadowCloak"],"picked":"SKIP","floor":18},{"not_picked":["hermit:BodyArmor+1","hermit:WideOpen","hermit:Brawl"],"picked":"SKIP","floor":24},{"not_picked":["hermit:LowProfile","hermit:Glare","hermit:Manifest"],"picked":"SKIP","floor":25},{"not_picked":["hermit:Feint+1","hermit:PistolWhip","hermit:Grudge"],"picked":"SKIP","floor":28},{"not_picked":["hermit:WideOpen","hermit:Feint","hermit:Brawl+1"],"picked":"SKIP","floor":31}],"player_experience":538666,"relics_obtained":[{"floor":9,"key":"Blood Vial"},{"floor":26,"key":"Meat on the Bone"},{"floor":28,"key":"Anchor"}],"event_choices":[{"damage_healed":0,"gold_gain":0,"player_choice":"Bought 0 Potions","damage_taken":0,"max_hp_gain":0,"max_hp_loss":0,"event_name":"The Woman in Blue","floor":4,"gold_loss":0},{"cards_removed":["hermit:Covet"],"damage_healed":0,"gold_gain":0,"player_choice":"Card Removal","damage_taken":7,"max_hp_gain":0,"max_hp_loss":0,"event_name":"Golden Wing","floor":13,"gold_loss":0},{"damage_healed":0,"gold_gain":0,"player_choice":"Ignored","damage_taken":0,"max_hp_gain":0,"max_hp_loss":0,"event_name":"Vampires","floor":20,"gold_loss":0},{"damage_healed":0,"gold_gain":0,"player_choice":"Ignored","damage_taken":0,"max_hp_gain":0,"max_hp_loss":0,"event_name":"The Mausoleum","floor":21,"gold_loss":0},{"damage_healed":0,"gold_gain":0,"player_choice":"0 cards matched","damage_taken":0,"max_hp_gain":0,"max_hp_loss":0,"event_name":"Match and Keep!","floor":22,"gold_loss":0,"cards_obtained":[]},{"damage_healed":0,"gold_gain":99,"player_choice":"Stole From Cult","damage_taken":0,"max_hp_gain":0,"max_hp_loss":0,"event_name":"Nest","floor":30,"gold_loss":0}],"is_beta":false,"boss_relics":[{"not_picked":["Fusion Hammer","SlaversCollar"],"picked":"Empty Cage"}],"items_purged_floors":[3,5],"is_endless":false,"potions_floor_spawned":[14,16,24,28,31],"killed_by":"Automaton","ascension_level":1}}