{"host":"baymyijz6sxaqj5s","time":1609066657,"event":{"mods":["AchievementEnabler","BaseMod","Colored Map","Colored Powertips","DeckTracker","KOR Keyword Fix","Keyboard Shortcuts","Minty Spire (QoL Compilation)","Quick Restart","StSLib","SuperFastMode"],"gold_per_floor":[109,109,109,84,84,84,114,114,114,128,128,148,167,267,267,364,364,383,383,383],"floor_reached":19,"playtime":301,"items_purged":[],"score":171,"play_id":"3db80a60-0852-4550-a30e-93572ba904c8","local_time":"20201227195737","is_ascension_mode":true,"campfire_choices":[{"data":"Cleave","floor":6,"key":"SMITH"},{"data":"Bash","floor":8,"key":"SMITH"},{"data":"Heavy Blade","floor":11,"key":"SMITH"},{"floor":15,"key":"REST"}],"circlet_count":0,"master_deck":["Strike_R","Strike_R","Strike_R","Strike_R+1","Strike_R+1","Defend_R","Defend_R","Defend_R","Defend_R","Bash+1","Body Slam+1","Cleave+1","Heavy Blade+1","Impervious"],"relics":["Burning Blood","FossilizedHelix","SlaversCollar"],"acts_visited":["Exordium","TheCity"],"potions_floor_usage":[10,13,16],"damage_taken":[{"damage":6,"enemies":"Jaw Worm","floor":1,"turns":4},{"damage":0,"enemies":"2 Louse","floor":10,"turns":1},{"damage":0,"enemies":"Small Slimes","floor":12,"turns":2},{"damage":21,"enemies":"Exordium Wildlife","floor":13,"turns":4},{"damage":60,"enemies":"The Guardian","floor":16,"turns":10},{"damage":85,"enemies":"Spheric Guardian","floor":18,"turns":11},{"damage":15,"enemies":"Chosen","floor":19,"turns":4}],"seed_played":"-7064885507373108807","potions_obtained":[{"floor":1,"key":"DuplicationPotion"},{"floor":10,"key":"Energy Potion"},{"floor":13,"key":"Strength Potion"}],"is_trial":false,"path_per_floor":["M","?","?","$","?","R","?","R","T","M","R","M","M","?","R","B",null,"M","M"],"character_chosen":"IRONCLAD","items_purchased":["Cleave"],"campfire_rested":1,"item_purchase_floors":[4],"current_hp_per_floor":[88,70,70,70,70,70,70,70,70,76,76,82,67,67,88,34,88,9,0,0],"gold":383,"neow_bonus":"TEN_PERCENT_HP_BONUS","is_daily":false,"chose_seed":false,"campfire_upgraded":3,"win_rate":0.0,"timestamp":1609066657,"path_taken":["M","?","?","?","?","R","?","R","T","?","R","M","M","?","R","BOSS","M","M"],"items_purchased_type":["Card"],"build_version":"2020-12-22","purchased_purges":0,"victory":false,"max_hp_per_floor":[88,88,88,88,88,88,88,88,88,88,88,88,88,88,88,88,88,88,88,88],"card_choices":[{"not_picked":["Battle Trance","True Grit"],"picked":"Body Slam","floor":1},{"not_picked":["Carnage","Second Wind"],"picked":"Heavy Blade","floor":10},{"not_picked":["Sentinel","Carnage","Havoc"],"picked":"SKIP","floor":12},{"not_picked":["Cleave","Iron Wave","Dark Embrace"],"picked":"SKIP","floor":13},{"not_picked":["Offering","Bludgeon"],"picked":"Impervious","floor":16},{"not_picked":["Burning Pact","Iron Wave","Rampage"],"picked":"SKIP","floor":18}],"player_experience":262735,"relics_obtained":[{"floor":9,"key":"FossilizedHelix"}],"event_choices":[{"damage_healed":0,"gold_gain":0,"player_choice":"Entered Light","damage_taken":18,"max_hp_gain":0,"max_hp_loss":0,"event_name":"Shining Light","floor":2,"gold_loss":0,"cards_upgraded":["Strike_R","Strike_R"]},{"damage_healed":0,"gold_gain":0,"player_choice":"Ignored","damage_taken":0,"max_hp_gain":0,"max_hp_loss":0,"event_name":"Liars Game","floor":3,"gold_loss":0},{"damage_healed":0,"gold_gain":0,"player_choice":"Grow","damage_taken":0,"max_hp_gain":0,"max_hp_loss":0,"event_name":"Living Wall","floor":5,"gold_loss":0,"cards_upgraded":["Body Slam"]},{"damage_healed":0,"gold_gain":30,"player_choice":"Searched \u00272\u0027 times","damage_taken":0,"max_hp_gain":0,"max_hp_loss":0,"event_name":"Dead Adventurer","floor":7,"gold_loss":0},{"damage_healed":0,"gold_gain":100,"player_choice":"Gold","damage_taken":0,"max_hp_gain":0,"max_hp_loss":0,"event_name":"Wheel of Change","floor":14,"gold_loss":0}],"is_beta":false,"boss_relics":[{"not_picked":["Coffee Dripper","Runic Cube"],"picked":"SlaversCollar"}],"items_purged_floors":[],"is_endless":false,"potions_floor_spawned":[1,10,13],"killed_by":"Chosen","ascension_level":2}}