{"host":"mfnyjbfkyfsz33u9","time":1609070774,"event":{"mods":["2.2 Compatiblity","BaseMod","Colored Powertips","Downfall","Marisa£¨Ùöéë¡¡Øª×âÞÞ£©","Minty Spire (QoL Compilation)","Rare Cards Sparkle","Replay The Spire","StSLib","SuperFastMode","The Marked"],"gold_per_floor":[99,111,128,140,214,4,84,111,43,54,68,68,101,111,121,224,224,224,238,338,354,368,401,401,58,58,58,58],"floor_reached":26,"playtime":1056,"items_purged":[],"score":252,"play_id":"cbed52f0-7d40-4280-8bfe-dc90cdaad914","local_time":"20201227210614","is_ascension_mode":true,"campfire_choices":[{"data":"Slimebound:CorrosiveSpit","floor":1,"key":"SMITH"},{"data":"Slimebound:Split","floor":12,"key":"SMITH"},{"data":"Slimebound:LeechEnergy","floor":18,"key":"SMITH"}],"circlet_count":0,"master_deck":["Slimebound:Strike_Slimebound","Slimebound:Strike_Slimebound","Slimebound:Defend_Slimebound","Slimebound:Defend_Slimebound","Slimebound:Defend_Slimebound","Slimebound:Defend_Slimebound","Slimebound:Split+1","Slimebound:CorrosiveSpit+1","Slimebound:HauntingLick","Slimebound:SplitBruiser","Slimebound:AcidTongue","Slimebound:SplitLeeching","Slimebound:OozeBath","expansioncontent:Corrupt+1","Slimebound:SplitMire","Slimebound:LeechEnergy+1","Slimebound:MegaLick","Slimebound:Repurpose","Slimebound:MinionMaster","CurseOfTheBell","Slimebound:SelfFormingGoo","Slimebound:SlimeBrawl","J.A.X.","Slimebound:PressTheAttack+1","Slimebound:LeechingTouch","Slimebound:SamplingLick+1","Slimebound:SplitAcid","Secret Weapon"],"relics":["Slimebound:AbsorbEndCombat","Bag of Marbles","Simple Rune","Replay:Bottled Steam","Replay:Bottled Flurry","War Paint","Calling Bell","Replay:Mystery Machine","Garlic","Lizard Tail","MutagenicStrength","Boot","Slimebound:SelfDamagePreventRelic"],"acts_visited":["Exordium","TheCity"],"potions_floor_usage":[13,16,19,23,23],"damage_taken":[{"damage":10,"enemies":"Jaw Worm","floor":2,"turns":2},{"damage":8,"enemies":"Cultist","floor":3,"turns":3},{"damage":10,"enemies":"Small Slimes","floor":4,"turns":3},{"damage":18,"enemies":"downfall:FleeingMerchant","floor":6,"turns":4},{"damage":38,"enemies":"3 Sentries","floor":8,"turns":5},{"damage":24,"enemies":"downfall:FleeingMerchant","floor":9,"turns":4},{"damage":24,"enemies":"3 Louse","floor":10,"turns":2},{"damage":25,"enemies":"Lots of Slimes","floor":11,"turns":3},{"damage":33,"enemies":"Lagavulin","floor":13,"turns":4},{"damage":22,"enemies":"2 Fungi Beasts","floor":14,"turns":3},{"damage":4,"enemies":"Red Slaver","floor":15,"turns":1},{"damage":65,"enemies":"downfall:Defect","floor":16,"turns":7},{"damage":37,"enemies":"Spheric Guardian","floor":19,"turns":5},{"damage":41,"enemies":"downfall:Augmenter","floor":20,"turns":5},{"damage":56,"enemies":"Cultist and Chosen","floor":21,"turns":7},{"damage":36,"enemies":"Shelled Parasite and Fungi","floor":22,"turns":4},{"damage":35,"enemies":"Slavers","floor":23,"turns":2},{"damage":33,"enemies":"downfall:FleeingMerchant","floor":25,"turns":4},{"damage":71,"enemies":"Gremlin Leader","floor":26,"turns":5}],"seed_played":"4692534520376158535","potions_obtained":[{"floor":4,"key":"LiquidBronze"},{"floor":8,"key":"GamblersBrew"},{"floor":10,"key":"Slimebound:SlimyTonguePotion"},{"floor":14,"key":"Adrenaline Potion"},{"floor":16,"key":"SkillPotion"},{"floor":22,"key":"Explosive Potion"},{"floor":23,"key":"GamblersBrew"}],"is_trial":false,"path_per_floor":["R","M","M","M","?","$","T","E","$","M","M","R","E","M","M","B",null,"R","M","?","M","M","E","T","$","E"],"character_chosen":"SLIMEBOUND","items_purchased":["expansioncontent:Corrupt","Slimebound:LeechEnergy","Secret Weapon","Slimebound:SelfDamagePreventRelic"],"campfire_rested":0,"item_purchase_floors":[6,9,25,25],"current_hp_per_floor":[60,54,56,60,60,58,58,48,48,44,43,43,38,44,44,29,60,60,49,44,22,20,40,40,37,0,0,0],"gold":58,"neow_bonus":"RANDOM_COMMON_RELIC","is_daily":false,"chose_seed":false,"campfire_upgraded":3,"win_rate":0.0,"timestamp":1609070774,"path_taken":["R","M","M","M","?","$","T","E","$","M","M","R","E","?","M","BOSS","R","M","?","M","M","E","T","$","E"],"items_purchased_type":["Card","Card","Card","Relic"],"build_version":"2020-12-22","purchased_purges":0,"victory":false,"max_hp_per_floor":[60,60,60,60,60,60,60,60,60,60,60,60,60,60,60,60,60,60,60,60,60,60,60,60,60,60,60,60],"card_choices":[{"not_picked":["Slimebound:GoopSpray","Slimebound:ForwardTackle"],"picked":"Slimebound:HauntingLick","floor":2},{"not_picked":["Slimebound:ComboTackle","Slimebound:ViciousTackle"],"picked":"Slimebound:SplitBruiser","floor":3},{"not_picked":["Slimebound:GrowthPunch","Slimebound:LeechingTouch"],"picked":"Slimebound:AcidTongue","floor":4},{"not_picked":["Slimebound:SlimeBrawl","Slimebound:GoopSpray"],"picked":"Slimebound:SplitLeeching","floor":5},{"not_picked":["Slimebound:GrowthPunch","Slimebound:Schlurp"],"picked":"Slimebound:OozeBath","floor":6},{"not_picked":["Slimebound:ItLooksTasty","Slimebound:Schlurp","Slimebound:FlameTackle"],"picked":"SKIP","floor":8},{"not_picked":["Slimebound:LeechEnergy","Slimebound:ViciousTackle"],"picked":"Slimebound:SplitMire","floor":9},{"not_picked":["Slimebound:RollThrough","Slimebound:Schlurp","Slimebound:LevelUp"],"picked":"SKIP","floor":10},{"not_picked":["Slimebound:PressTheAttack","Slimebound:RollThrough"],"picked":"Slimebound:MegaLick","floor":11},{"not_picked":["Slimebound:LevelUp","Slimebound:Chomp","Slimebound:SamplingLick"],"picked":"SKIP","floor":13},{"not_picked":["Slimebound:SplitAcid","Slimebound:LeechEnergy"],"picked":"Slimebound:Repurpose","floor":14},{"not_picked":["Slimebound:SpikyOuterGoop","Slimebound:GrowthPunch","Slimebound:ServeAndProtect"],"picked":"SKIP","floor":15},{"not_picked":["Slimebound:SelfFormingGoo","Slimebound:MassRepurpose"],"picked":"Slimebound:MinionMaster","floor":16},{"not_picked":["Slimebound:LeechEnergy+1","Slimebound:SlimeSpikes+1","Slimebound:LeechLife"],"picked":"SKIP","floor":19},{"not_picked":[],"picked":"J.A.X.","floor":20},{"not_picked":["Slimebound:SamplingLick","Slimebound:Gluttony"],"picked":"Slimebound:PressTheAttack+1","floor":20},{"not_picked":["Slimebound:Schlurp","Slimebound:TongueLash"],"picked":"Slimebound:LeechingTouch","floor":21},{"not_picked":["Slimebound:PrepareCrush","Slimebound:SlimeSpikes+1"],"picked":"Slimebound:SamplingLick+1","floor":22},{"not_picked":["Slimebound:SlimeSpikes","Slimebound:FormOfPuddle"],"picked":"Slimebound:SplitAcid","floor":23},{"not_picked":["Slimebound:GrowthPunch","Slimebound:SplitAcid","Slimebound:OozeBath"],"picked":"SKIP","floor":25}],"player_experience":3803,"relics_obtained":[{"floor":5,"key":"Simple Rune"},{"floor":7,"key":"Replay:Bottled Steam"},{"floor":8,"key":"Replay:Bottled Flurry"},{"floor":13,"key":"War Paint"},{"floor":17,"key":"Replay:Mystery Machine"},{"floor":17,"key":"Garlic"},{"floor":17,"key":"Lizard Tail"},{"floor":20,"key":"MutagenicStrength"},{"floor":23,"key":"Boot"}],"event_choices":[],"is_beta":false,"boss_relics":[{"not_picked":["ChewingGum","Ring of Chaos"],"picked":"Calling Bell"}],"items_purged_floors":[],"is_endless":false,"potions_floor_spawned":[4,8,10,14,16,22,23],"killed_by":"Gremlin Leader","ascension_level":1}}