{"host":"wta67oh7xmkzpvp0","time":1609042163,"event":{"mods":["Act Like it!","BaseMod","Better Note","Hermit","Marisa（F雨　魔理沙）","Minty Spire (QoL Compilation)","Quick Restart","Replay The Spire","RumiaBox-露米娅的神秘盒子","Spicy Shops","StSLib","TestMod","【功能Mod】聪明的最终Boss"],"gold_per_floor":[109,109,136,136,101,101,129,146,146,146,224,251,179,194,194,299,299,319,246,246,246,257,257,317,317,344,377,413,413,413,432,432,534,534,549,549,549,549,393,448,45,45,45,45,76,88,88,104,104,104],"floor_reached":51,"playtime":3477,"items_purged":["ReplayTheSpireMod:Doomed"],"score":951,"play_id":"5337fffa-6edb-443a-be2f-25765ea69638","local_time":"20201227120923","is_ascension_mode":true,"campfire_choices":[{"data":"HalloweenModTrick","floor":6.0,"key":"SMITH"},{"data":"HalloweenModCandy","floor":10.0,"key":"SMITH"},{"data":"HalloweenModTrick","floor":15.0,"key":"SMITH"},{"data":"HalloweenModCandy","floor":29.0,"key":"SMITH"},{"floor":32.0,"key":"DIG"},{"data":"Wish","floor":42,"key":"SMITH"},{"data":"HalloweenModCandy","floor":44,"key":"SMITH"},{"data":"HalloweenModCandy","floor":49,"key":"SMITH"}],"circlet_count":0,"master_deck":["Strike_P","Strike_P","Strike_P","Defend_P","Defend_P","Defend_P","Defend_P","Eruption","Vigilance","HalloweenModTrick+1","Consecrate","Regret","HalloweenModGhostCostume","HalloweenModTrick+1","HalloweenModCandy+1","HalloweenModGhostCostume+1","HalloweenModGhostCostume+1","HalloweenModGhostCostume+1","HalloweenModGhostCostume+1","HalloweenModGhostCostume+1","HalloweenModTrick","Wish+1","Panacea","HalloweenModCandy+1","HalloweenModCandy+1","HalloweenModCandy","HalloweenModCandy+1","HalloweenModTrick+1","HalloweenModTrick+1","HalloweenModTrick+1","HalloweenModGhostCostume+1","HalloweenModCandy+1","HalloweenModCandy+1","HalloweenModCandy+1","HalloweenModGhostCostume+1","HalloweenModTrick+1","HalloweenModTrick+1","HalloweenModGhostCostume+1","HalloweenModGhostCostume+1"],"relics":["PureWater","NeowsBlessing","HalloweenModHalloween","Blue Candle","StoneCalendar","Prayer Wheel","Blood Vial","Frozen Egg 2","Replay:Bottled Snecko","Cauldron","Coffee Dripper","ReplayTheSpireMod:CursedCoin","testmod-AssaultLearning","Replay:Baseball","Simple Rune","Tiny Chest","Centennial Puzzle","testmod-IncinerationGenerator","Juzu Bracelet","MagicDraw4","Dream Catcher","HandDrill","Omamori","SecretRecord","Mummified Hand","Ornamental Fan","Bag of Preparation"],"acts_visited":["Exordium","TheCity","TheBeyond"],"potions_floor_usage":[],"damage_taken":[{"damage":0.0,"enemies":"Jaw Worm","floor":1.0,"turns":1.0},{"damage":1.0,"enemies":"3 Sentries","floor":7.0,"turns":2.0},{"damage":1.0,"enemies":"Small Slimes","floor":8.0,"turns":1.0},{"damage":6.0,"enemies":"Lagavulin","floor":12.0,"turns":5.0},{"damage":1.0,"enemies":"2 Louse","floor":14.0,"turns":2.0},{"damage":37.0,"enemies":"Fading Forest","floor":16.0,"turns":8.0},{"damage":34.0,"enemies":"Shell Parasite","floor":18.0,"turns":4.0},{"damage":0.0,"enemies":"3 Byrds","floor":22.0,"turns":2.0},{"damage":40.0,"enemies":"Slavers","floor":24.0,"turns":5.0},{"damage":0.0,"enemies":"Shelled Parasite and Fungi","floor":25.0,"turns":1.0},{"damage":14.0,"enemies":"Replay:Snechameleon","floor":27.0,"turns":7.0},{"damage":18.0,"enemies":"Snecko","floor":28.0,"turns":7.0},{"damage":1.0,"enemies":"Centurion and Healer","floor":31.0,"turns":2.0},{"damage":13.0,"enemies":"Pondfish","floor":33.0,"turns":5.0},{"damage":18.0,"enemies":"3 Darklings","floor":35.0,"turns":3.0},{"damage":36.0,"enemies":"R_Hoarder","floor":40.0,"turns":5.0},{"damage":14,"enemies":"Giant Head","floor":45,"turns":5},{"damage":26,"enemies":"Orb Walker","floor":46,"turns":3},{"damage":30,"enemies":"Sphere and 2 Shapes","floor":48,"turns":5},{"damage":34,"enemies":"Replay:Hell Engine","floor":50,"turns":6}],"seed_played":"473526251737063248","potions_obtained":[{"floor":7.0,"key":"Dexterity Potion"},{"floor":12.0,"key":"ColorlessPotion"},{"floor":13.0,"key":"SmokeBomb"},{"floor":13.0,"key":"testmod-SpacePotion"},{"floor":13.0,"key":"Ambrosia"},{"floor":13.0,"key":"Block Potion"},{"floor":31.0,"key":"Fire Potion"},{"floor":35.0,"key":"PowerPotion"}],"is_trial":false,"path_per_floor":["M","$","?","?","?","R","E","M","T","R","?","E","$","M","R","B",null,"M","$","?","?","M","?","E","M","T","E","M","R","$","M","R","B",null,"M","?","T","T","$","E","$","R","T","R","E","M","?","M","R","B",null],"character_chosen":"WATCHER","items_purchased":["Cauldron","ReplayTheSpireMod:CursedCoin","testmod-AssaultLearning","HandDrill","SecretRecord","Mummified Hand"],"campfire_rested":0,"item_purchase_floors":[13,19,19,39,41,41],"current_hp_per_floor":[65,65,47,47,65,65,64,65,65,65,65,67,67,72,72,51,67,39,39,39,39,41,41,11,13,13,29,49,49,49,58,58,72,72,66,66,66,66,66,52,52,52,52,52,72,56,56,58,58,58],"gold":104,"neow_bonus":"THREE_ENEMY_KILL","is_daily":false,"chose_seed":false,"campfire_upgraded":7,"win_rate":0.0,"timestamp":1609042163,"path_taken":["M","$","?","?","?","R","E","M","T","R","?","E","$","M","R","BOSS","M","$","?","?","?","?","E","M","T","E","?","R","$","M","R","BOSS","M","?","?","?","$","E","$","R","T","R","E","M","?","M","R","BOSS"],"items_purchased_type":["Relic","Relic","Relic","Relic","Relic","Relic"],"build_version":"2020-12-22","purchased_purges":1,"victory":true,"max_hp_per_floor":[72,72,72,72,72,72,72,72,72,72,72,72,72,72,72,72,72,72,72,72,72,72,72,72,72,72,72,72,72,72,72,72,72,72,72,72,72,72,72,72,72,72,72,72,72,72,68,68,68,68],"card_choices":[{"not_picked":["HalloweenModCandy","HalloweenModGhostCostume"],"picked":"HalloweenModTrick","floor":1.0},{"not_picked":["Replay:BluntJabs","Halt"],"picked":"Consecrate","floor":3.0},{"not_picked":["HalloweenModTrick","HalloweenModCandy"],"picked":"HalloweenModGhostCostume","floor":7.0},{"not_picked":["HalloweenModGhostCostume","HalloweenModCandy"],"picked":"HalloweenModTrick","floor":8.0},{"not_picked":["HalloweenModTrick","HalloweenModGhostCostume"],"picked":"HalloweenModCandy","floor":8.0},{"not_picked":["HalloweenModTrick","HalloweenModCandy"],"picked":"HalloweenModGhostCostume+1","floor":12.0},{"not_picked":["HalloweenModCandy","HalloweenModTrick"],"picked":"HalloweenModGhostCostume+1","floor":14.0},{"not_picked":["HalloweenModCandy","HalloweenModTrick"],"picked":"HalloweenModGhostCostume+1","floor":14.0},{"not_picked":["HalloweenModCandy","HalloweenModTrick"],"picked":"HalloweenModGhostCostume+1","floor":16.0},{"not_picked":["HalloweenModTrick","HalloweenModCandy"],"picked":"HalloweenModGhostCostume+1","floor":18.0},{"not_picked":["HalloweenModCandy","HalloweenModGhostCostume+1"],"picked":"HalloweenModTrick","floor":18.0},{"not_picked":["HalloweenModGhostCostume+1","HalloweenModTrick"],"picked":"HalloweenModCandy","floor":22.0},{"not_picked":["HalloweenModGhostCostume+1","HalloweenModTrick"],"picked":"HalloweenModCandy","floor":22.0},{"not_picked":["HalloweenModTrick+1","HalloweenModGhostCostume+1"],"picked":"HalloweenModCandy","floor":24.0},{"not_picked":["HalloweenModGhostCostume+1","HalloweenModTrick+1"],"picked":"HalloweenModCandy","floor":27.0},{"not_picked":["HalloweenModCandy","HalloweenModGhostCostume+1"],"picked":"HalloweenModTrick+1","floor":28.0},{"not_picked":["HalloweenModCandy","HalloweenModGhostCostume+1"],"picked":"HalloweenModTrick+1","floor":28.0},{"not_picked":["HalloweenModGhostCostume+1","HalloweenModCandy"],"picked":"HalloweenModTrick+1","floor":31.0},{"not_picked":["HalloweenModTrick","HalloweenModCandy"],"picked":"HalloweenModGhostCostume+1","floor":31.0},{"not_picked":["HalloweenModGhostCostume+1","HalloweenModTrick"],"picked":"HalloweenModCandy+1","floor":33.0},{"not_picked":["HalloweenModGhostCostume+1","HalloweenModTrick"],"picked":"HalloweenModCandy+1","floor":35.0},{"not_picked":["HalloweenModTrick","HalloweenModGhostCostume+1","HalloweenModCandy"],"picked":"SKIP","floor":35.0},{"not_picked":["HalloweenModTrick","HalloweenModGhostCostume+1"],"picked":"HalloweenModCandy+1","floor":40},{"not_picked":["HalloweenModCandy","HalloweenModTrick"],"picked":"HalloweenModGhostCostume+1","floor":45},{"not_picked":["HalloweenModCandy+1","HalloweenModGhostCostume+1"],"picked":"HalloweenModTrick+1","floor":46},{"not_picked":["HalloweenModGhostCostume+1","HalloweenModCandy"],"picked":"HalloweenModTrick+1","floor":46},{"not_picked":["HalloweenModTrick","HalloweenModCandy"],"picked":"HalloweenModGhostCostume+1","floor":48},{"not_picked":["HalloweenModCandy","HalloweenModTrick"],"picked":"HalloweenModGhostCostume+1","floor":48}],"player_experience":252856,"relics_obtained":[{"floor":3.0,"key":"StoneCalendar"},{"floor":7.0,"key":"Blood Vial"},{"floor":9.0,"key":"Frozen Egg 2"},{"floor":12.0,"key":"Replay:Bottled Snecko"},{"floor":24.0,"key":"Replay:Baseball"},{"floor":26.0,"key":"Simple Rune"},{"floor":27.0,"key":"Tiny Chest"},{"floor":32.0,"key":"Centennial Puzzle"},{"floor":37.0,"key":"MagicDraw4"},{"floor":38.0,"key":"Dream Catcher"},{"floor":40,"key":"Omamori"},{"floor":43,"key":"Ornamental Fan"},{"floor":45,"key":"Bag of Preparation"}],"event_choices":[{"damage_healed":0.0,"max_hp_gain":0.0,"max_hp_loss":0.0,"gold_gain":0.0,"event_name":"Big Fish","player_choice":"Box","floor":4.0,"gold_loss":0.0,"damage_taken":0.0,"relics_obtained":["Prayer Wheel"],"cards_obtained":["Regret"]},{"damage_healed":18.0,"max_hp_gain":0.0,"max_hp_loss":0.0,"gold_gain":0.0,"event_name":"The Cleric","player_choice":"Healed","floor":5.0,"gold_loss":35.0,"damage_taken":0.0},{"damage_healed":0.0,"max_hp_gain":0.0,"max_hp_loss":0.0,"gold_gain":78.0,"event_name":"Golden Wing","player_choice":"Gained Gold","floor":11.0,"gold_loss":0.0,"damage_taken":0.0},{"damage_healed":0.0,"max_hp_gain":0.0,"max_hp_loss":0.0,"gold_gain":0.0,"event_name":"Ghosts","player_choice":"Ignored","floor":20.0,"gold_loss":0.0,"damage_taken":0.0},{"damage_healed":0.0,"max_hp_gain":0.0,"max_hp_loss":0.0,"gold_gain":0.0,"event_name":"Match and Keep!","player_choice":"2 cards matched","floor":21.0,"gold_loss":0.0,"damage_taken":0.0,"cards_obtained":["Wish","Panacea"]},{"cards_removed":["Strike_P"],"damage_healed":0.0,"max_hp_gain":0.0,"max_hp_loss":0.0,"gold_gain":0.0,"event_name":"Bonfire Elementals","player_choice":"Offered Basic","floor":23.0,"gold_loss":0.0,"damage_taken":0.0},{"damage_healed":0.0,"max_hp_gain":0.0,"max_hp_loss":0.0,"gold_gain":0.0,"event_name":"给自己的盒子","player_choice":"Swap Relic","floor":36.0,"relics_lost":["testmod-TestBox"],"gold_loss":0.0,"damage_taken":0.0,"relics_obtained":["Juzu Bracelet"]},{"damage_healed":0,"gold_gain":0,"player_choice":"Max HP","damage_taken":0,"max_hp_gain":0,"max_hp_loss":4,"event_name":"Winding Halls","floor":47,"gold_loss":0}],"is_beta":false,"boss_relics":[{"not_picked":["Replay:Drink Me","Snecko Eye"],"picked":"Coffee Dripper"},{"not_picked":["VioletLotus","testmod-Recursion"],"picked":"testmod-IncinerationGenerator"}],"items_purged_floors":[19],"is_endless":false,"potions_floor_spawned":[7,12,16,18,31,35],"ascension_level":6}}