{"host":"uyrebrj0204enqpc","time":1609081470,"event":{"mods":["Act Like it!","Bard","BaseMod","Block Reminder","Challenge The Spire","Colored Map","Colored Powertips","DeckTracker","Downfall","GifTheSpireLib","HexUI Lib","Highlight Path","Hubris","Infinite Spire","Minty Spire (QoL Compilation)","Pale of the Ancients","Quick Restart","Random Character Button","Relic Sorter","Relic Stats","Replay The Spire","Shop Mod","StSLib","The Blue Laboratory","The Bug Knight","The Cursed","The Jungle","The Marked","Wandering Minibosses"],"gold_per_floor":[112,287,287,300,311,346,346,364,417,450,450,484,496,553,553,657,657,672,672,688,503,124,124,149,149,149,149,149,149,149,162,162,261,261,279,279,279,279,291,291,291],"floor_reached":40,"playtime":4296,"items_purged":["TheCursedMod:Defend_TheCursed","TheCursedMod:Defend_TheCursed"],"score":534,"play_id":"d0fd9950-0ac6-4af7-8ea8-a6c8a639726c","local_time":"20201227100430","is_ascension_mode":true,"campfire_choices":[{"data":"TheCursedMod:CleanUpWorkshop","floor":7.0,"key":"SMITH"},{"data":"TheCursedMod:DoubleShield","floor":11.0,"key":"SMITH"},{"floor":15.0,"key":"REST"},{"floor":23.0,"key":"REST"},{"data":"TheCursedMod:DemonicPact","floor":25.0,"key":"SMITH"},{"floor":27.0,"key":"REST"},{"data":"TheCursedMod:Strike_TheCursed","floor":32.0,"key":"PURGE"}],"circlet_count":0,"master_deck":["TheCursedMod:CursedWand","TheCursedMod:CleanUpWorkshop+1","TheCursedMod:Dregs","Doubt","TheCursedMod:DoubleShield+1","TheCursedMod:ReleasedKnowledge","Pot Of Greed+1","Pot Of Greed","TheCursedMod:ManaCirculation","TheCursedMod:DemonicPact+1","ReplayTheSpireMod:Doomed","Decay","TheCursedMod:Obscuration+1","TheCursedMod:DemonSword+1","TheCursedMod:AntiAging+1","TheCursedMod:CircleOfCorruption+1"],"relics":["TheCursedMod:BlackMagic101","NeowsBlessing","hubris:SphereOfDissonance","Centennial Puzzle","Grinning Jar","hubris:Metronome","Anchor","Kintsugi","theJungle:Creamberry","hubris:EmptyBottle","hubris:TenFootPole","TheCursedMod:Tack","Peace Pipe","Black Star"],"acts_visited":["Exordium","Exordium","TheBeyond"],"potions_floor_usage":[],"damage_taken":[{"damage":0.0,"enemies":"Small Slimes","floor":1.0,"turns":1.0},{"damage":0.0,"enemies":"Cultist","floor":4.0,"turns":1.0},{"damage":0.0,"enemies":"Jaw Worm","floor":5.0,"turns":1.0},{"damage":0.0,"enemies":"3 Sentries","floor":6.0,"turns":11.0},{"damage":0.0,"enemies":"Blue Slaver","floor":8.0,"turns":3.0},{"damage":28.0,"enemies":"HollowMod:MossKnight","floor":10.0,"turns":7.0},{"damage":26.0,"enemies":"Lagavulin","floor":12.0,"turns":7.0},{"damage":7.0,"enemies":"2 Fungi Beasts","floor":13.0,"turns":3.0},{"damage":5.0,"enemies":"3 Sentries","floor":14.0,"turns":8.0},{"damage":31.0,"enemies":"Fading Forest","floor":16.0,"turns":11.0},{"damage":0.0,"enemies":"theJungle:GiantWrat","floor":18.0,"turns":4.0},{"damage":48.0,"enemies":"theJungle:5_Spyders","floor":20.0,"turns":18.0},{"damage":23.0,"enemies":"Nightmare","floor":24.0,"turns":12.0},{"damage":0.0,"enemies":"theJungle:SlimyTreeVines","floor":31.0,"turns":2.0},{"damage":2.0,"enemies":"theJungle:QueenSpyder","floor":33.0,"turns":4.0},{"damage":41.0,"enemies":"3 Darklings","floor":35.0,"turns":4.0},{"damage":18,"enemies":"infinitespire:Three Voidlings","floor":36,"turns":5},{"damage":12,"enemies":"Orb Walker","floor":39,"turns":6},{"damage":18,"enemies":"Nightmare","floor":40,"turns":4}],"seed_played":"4609231547219717647","potions_obtained":[{"floor":1.0,"key":"ColorlessPotion"},{"floor":8.0,"key":"DistilledChaos"},{"floor":14.0,"key":"hexamod:EctoCoolerPotion"},{"floor":16.0,"key":"blueLaboratory:BottleOfRum"},{"floor":24.0,"key":"Toxic Potion"},{"floor":39,"key":"Fire Potion"}],"is_trial":false,"path_per_floor":["M","?","?","M","M","E","R","M","T","E","R","E","M","?","R","B",null,"M","?","M","?","$","R","NM","R","T","R","AVR","?","?","M","R","B",null,"M","?","?","?","M","NM"],"character_chosen":"THE_CURSED","items_purchased":["hubris:EmptyBottle","hubris:TenFootPole"],"campfire_rested":3,"item_purchase_floors":[22,22],"current_hp_per_floor":[75,75,75,75,75,75,75,75,75,47,47,21,14,9,31,14,75,75,75,27,27,27,49,26,26,26,48,48,48,48,48,48,46,75,37,22,22,22,13,0,0],"gold":291,"neow_bonus":"THREE_ENEMY_KILL","is_daily":false,"chose_seed":false,"campfire_upgraded":3,"win_rate":0.0,"timestamp":1609081470,"path_taken":["M","?","?","M","?","E","R","M","T","E","R","E","M","?","R","BOSS","M","?","M","?","$","R","NM","R","T","R","AVR","?","?","?","R","BOSS","M","?","?","?","M","NM"],"items_purchased_type":["Relic","Relic"],"build_version":"2020-12-22","purchased_purges":2,"victory":false,"max_hp_per_floor":[75,75,75,75,75,75,75,75,75,75,75,75,75,75,75,75,75,75,75,75,75,75,75,75,75,75,75,75,75,75,75,75,75,75,78,81,81,81,84,87,87],"relic_stats":{"Peace Pipe":1,"Centennial Puzzle":[36],"counters":[19,112],"Black Star":0,"obtain_stats":[{"TheCursedMod:BlackMagic101":0,"hubris:Metronome":12,"NeowsBlessing":0,"TheCursedMod:Tack":24,"hubris:SphereOfDissonance":6,"theJungle:Creamberry":21,"hubris:EmptyBottle":22,"Peace Pipe":26,"Centennial Puzzle":9,"Anchor":14,"hubris:TenFootPole":22,"Black Star":34,"Grinning Jar":10,"Kintsugi":17},{"TheCursedMod:BlackMagic101":0,"hubris:Metronome":7,"NeowsBlessing":0,"TheCursedMod:Tack":13,"hubris:SphereOfDissonance":4,"theJungle:Creamberry":12,"hubris:EmptyBottle":12,"Peace Pipe":13,"Centennial Puzzle":5,"Anchor":9,"hubris:TenFootPole":12,"Black Star":15,"Grinning Jar":6,"Kintsugi":10},{"TheCursedMod:BlackMagic101":0,"hubris:Metronome":31,"NeowsBlessing":0,"TheCursedMod:Tack":87,"hubris:SphereOfDissonance":14,"theJungle:Creamberry":75,"hubris:EmptyBottle":75,"Peace Pipe":87,"Centennial Puzzle":17,"Anchor":42,"hubris:TenFootPole":75,"Black Star":93,"Grinning Jar":24,"Kintsugi":53}]},"card_choices":[{"not_picked":["TheCursedMod:WearCloak","TheCursedMod:Wield"],"picked":"TheCursedMod:CursedBoomerang","floor":1.0},{"not_picked":["TheCursedMod:SoulCrush","TheCursedMod:SpitefulStrike"],"picked":"TheCursedMod:DoubleShield","floor":4.0},{"not_picked":["TheCursedMod:Torture","TheCursedMod:SoulCrush"],"picked":"TheCursedMod:ReleasedKnowledge","floor":5.0},{"not_picked":["TheCursedMod:Grudge","TheCursedMod:CursedAmulet","TheCursedMod:SurpriseAttack"],"picked":"SKIP","floor":6.0},{"not_picked":["TheCursedMod:FuryStrike","TheCursedMod:FleshFromBone","TheCursedMod:Torture"],"picked":"SKIP","floor":8.0},{"not_picked":["TheCursedMod:TroublousMinions","TheCursedMod:BloodBarrier","TheCursedMod:CircleOfBlood"],"picked":"SKIP","floor":10.0},{"not_picked":["TheCursedMod:SpitefulPlan","TheCursedMod:Evocation","TheCursedMod:Stigma"],"picked":"SKIP","floor":12.0},{"not_picked":["TheCursedMod:CursedMace","TheCursedMod:WearCloak","TheCursedMod:TroublousMinions"],"picked":"SKIP","floor":13.0},{"not_picked":["TheCursedMod:SurpriseAttack","TheCursedMod:SpitefulStrike"],"picked":"TheCursedMod:ManaCirculation","floor":14.0},{"not_picked":["TheCursedMod:ManaCirculation","TheCursedMod:DemonSword"],"picked":"TheCursedMod:DemonicPact","floor":16.0},{"not_picked":["TheCursedMod:CursedMace","TheCursedMod:DoubleShield"],"picked":"TheCursedMod:Obscuration+1","floor":18.0},{"not_picked":["TheCursedMod:SurpriseAttack","TheCursedMod:Torture","TheCursedMod:WearCloak"],"picked":"SKIP","floor":20.0},{"not_picked":["TheCursedMod:Wield","TheCursedMod:StingEye+1"],"picked":"TheCursedMod:DemonSword+1","floor":24.0},{"not_picked":["TheCursedMod:Torture+1","TheCursedMod:CursedSpellbook+1","TheCursedMod:CursedAmulet"],"picked":"SKIP","floor":31.0},{"not_picked":["TheCursedMod:CollectTribute+1","TheCursedMod:ForbiddenAlchemy+1"],"picked":"TheCursedMod:AntiAging+1","floor":33.0},{"not_picked":["TheCursedMod:SaltUponWound+1","TheCursedMod:Stretching","TheCursedMod:SurpriseAttack"],"picked":"SKIP","floor":35.0},{"not_picked":["TheCursedMod:Obscuration+1","TheCursedMod:PrepareRite+1"],"picked":"TheCursedMod:CircleOfCorruption+1","floor":39}],"player_experience":938857,"relics_obtained":[{"floor":6.0,"key":"hubris:SphereOfDissonance"},{"floor":9.0,"key":"Centennial Puzzle"},{"floor":10.0,"key":"Grinning Jar"},{"floor":12.0,"key":"hubris:Metronome"},{"floor":14.0,"key":"Anchor"},{"floor":24.0,"key":"TheCursedMod:Tack"},{"floor":26.0,"key":"Peace Pipe"}],"event_choices":[{"damage_healed":0.0,"max_hp_gain":0.0,"max_hp_loss":0.0,"gold_gain":175.0,"event_name":"Liars Game","player_choice":"AGREE","floor":2.0,"gold_loss":0.0,"damage_taken":0.0,"cards_obtained":["Doubt"]},{"damage_healed":0.0,"max_hp_gain":0.0,"max_hp_loss":0.0,"gold_gain":0.0,"event_name":"Upgrade Shrine","player_choice":"Upgraded","floor":3.0,"gold_loss":0.0,"damage_taken":0.0,"cards_upgraded":["TheCursedMod:CursedBoomerang"]},{"damage_healed":0.0,"max_hp_gain":0.0,"max_hp_loss":0.0,"gold_gain":30.0,"event_name":"Dead Adventurer","player_choice":"Searched \u00273\u0027 times","floor":14.0,"gold_loss":0.0,"damage_taken":0.0},{"damage_healed":0.0,"max_hp_gain":0.0,"max_hp_loss":0.0,"gold_gain":0.0,"event_name":"Match and Keep!","player_choice":"0 cards matched","floor":30.0,"gold_loss":0.0,"damage_taken":0.0,"cards_obtained":[]},{"damage_healed":0,"gold_gain":0,"player_choice":"Ignored","damage_taken":0,"max_hp_gain":0,"max_hp_loss":0,"event_name":"The Moai Head","floor":37,"gold_loss":0},{"cards_removed":["TheCursedMod:CursedBoomerang"],"damage_healed":0,"gold_gain":0,"player_choice":"Removed Attack","damage_taken":0,"max_hp_gain":0,"max_hp_loss":0,"event_name":"Falling","floor":38,"gold_loss":0}],"is_beta":false,"boss_relics":[{"not_picked":["hubris:BlackHole","Calling Bell"],"picked":"Kintsugi"},{"not_picked":["hubris:Stopwatch","SacredBark"],"picked":"Black Star"}],"items_purged_floors":[22,28],"is_endless":false,"potions_floor_spawned":[1,8,14,16,24,31,36,39],"killed_by":"Nightmare","ascension_level":4}}