{"host":"ktoxvvst1mwxww91","time":1609088632,"event":{"mods":["BaseMod","Hermit","Minty Spire (QoL Compilation)","StSLib","The Hierophant","The Mystic","The Necromancer"],"gold_per_floor":[20,20,195,216,291,291,334,334,334,369,72,85,98,29,29,29,29],"floor_reached":16,"playtime":409,"items_purged":["Doubt","Strike_G"],"score":173,"play_id":"81924b55-a31d-44e4-bda5-4c37e9e0f906","local_time":"20201227180352","is_ascension_mode":true,"campfire_choices":[{"data":"Glass Knife","floor":6,"key":"SMITH"},{"floor":8,"key":"REST"},{"floor":15,"key":"REST"}],"circlet_count":0,"master_deck":["AscendersBane","Strike_G","Strike_G","Strike_G","Strike_G","Defend_G","Defend_G","Defend_G","Defend_G","Defend_G","Survivor","Neutralize","Glass Knife+1","Poisoned Stab","Bouncing Flask","Leg Sweep","Footwork","Backflip","Noxious Fumes"],"relics":["Ring of the Snake","Golden Idol","Singing Bowl","Bottled Flame","Ice Cream","Membership Card"],"acts_visited":["Exordium"],"potions_floor_usage":[7,13,16],"damage_taken":[{"damage":0,"enemies":"Small Slimes","floor":1,"turns":4},{"damage":1,"enemies":"2 Louse","floor":4,"turns":3},{"damage":40,"enemies":"Gremlin Nob","floor":7,"turns":5},{"damage":14,"enemies":"3 Sentries","floor":10,"turns":10},{"damage":0,"enemies":"Jaw Worm","floor":12,"turns":3},{"damage":0,"enemies":"3 Louse","floor":13,"turns":3},{"damage":38,"enemies":"Slime Boss","floor":16,"turns":7}],"seed_played":"-3053977846369759813","potions_obtained":[{"floor":1,"key":"DistilledChaos"},{"floor":10,"key":"CunningPotion"},{"floor":13,"key":"Fire Potion"}],"is_trial":false,"path_per_floor":["M","?","?","M","?","R","E","R","T","E","$","M","M","$","R","B"],"character_chosen":"THE_SILENT","items_purchased":["Footwork","Membership Card","Noxious Fumes"],"campfire_rested":2,"item_purchase_floors":[11,11,14],"current_hp_per_floor":[63,63,63,62,51,51,11,30,30,16,16,18,18,18,38,0,0],"gold":29,"neow_bonus":"THREE_RARE_CARDS","is_daily":false,"chose_seed":false,"campfire_upgraded":1,"win_rate":0.0,"timestamp":1609088632,"path_taken":["M","?","?","M","?","R","E","R","T","E","$","M","?","$","R","BOSS"],"items_purchased_type":["Card","Relic","Card"],"build_version":"2020-12-22","purchased_purges":2,"victory":false,"max_hp_per_floor":[70,65,65,65,65,65,65,65,65,65,65,67,67,67,67,67,67],"card_choices":[{"not_picked":["Burst","Bullet Time"],"picked":"Glass Knife","floor":0},{"not_picked":["Reflex","Expertise","Underhanded Strike"],"picked":"SKIP","floor":1},{"not_picked":["Acrobatics","Accuracy"],"picked":"Poisoned Stab","floor":4},{"not_picked":["Distraction","Escape Plan"],"picked":"Bouncing Flask","floor":7},{"not_picked":["Setup","Calculated Gamble"],"picked":"Leg Sweep","floor":10},{"not_picked":["Quick Slash","PiercingWail","Blade Dance"],"picked":"Singing Bowl","floor":12},{"not_picked":["Endless Agony","Outmaneuver"],"picked":"Backflip","floor":13}],"player_experience":934413,"relics_obtained":[{"floor":7,"key":"Singing Bowl"},{"floor":9,"key":"Bottled Flame"},{"floor":10,"key":"Ice Cream"}],"event_choices":[{"damage_healed":0,"gold_gain":0,"player_choice":"Lose Max HP","damage_taken":0,"relics_obtained":["Golden Idol"],"max_hp_gain":0,"max_hp_loss":5,"event_name":"Golden Idol","floor":2,"gold_loss":0},{"damage_healed":0,"gold_gain":175,"player_choice":"AGREE","damage_taken":0,"max_hp_gain":0,"max_hp_loss":0,"event_name":"Liars Game","floor":3,"gold_loss":0,"cards_obtained":["Doubt"]},{"damage_healed":0,"gold_gain":75,"player_choice":"Gather Gold","damage_taken":11,"max_hp_gain":0,"max_hp_loss":0,"event_name":"World of Goop","floor":5,"gold_loss":0}],"is_beta":false,"boss_relics":[],"items_purged_floors":[11,14],"is_endless":false,"potions_floor_spawned":[1,10,13],"killed_by":"Slime Boss","ascension_level":12}}