{"host":"i317trlt96c3w9hm","time":1609066381,"event":{"mods":["2.2 Compatiblity","AchievementEnabler","BaseMod","Better Note","CapriCore","Colored Powertips","GifTheSpireLib","Highlight Path","Minty Spire (QoL Compilation)","StSLib","The Servant 0.9.4"],"gold_per_floor":[115,115,115,127,143,143,174,174,198,229,229,229,229,229,229,229,229],"floor_reached":16,"playtime":776,"items_purged":[],"score":111,"play_id":"1c411956-d7a9-448c-89bf-2dc4771bb427","local_time":"20201227185301","is_ascension_mode":true,"campfire_choices":[{"data":"Revamp","floor":6,"key":"SMITH"},{"floor":8,"key":"REST"},{"data":"Comet","floor":11,"key":"SMITH"},{"data":"KidneyShot","floor":15,"key":"SMITH"}],"circlet_count":0,"master_deck":["Strike_S","Strike_S+1","Defend_S","Defend_S+1","Defend_S","Defend_S","KidneyShot+1","Exchange","Revamp+1","Comet+1","Revamp","RealityMarble","InstantArmor"],"relics":["Uniform","NeowsBlessing","Strawberry","Orichalcum","HornCleat","Centennial Puzzle","Tiny Chest"],"acts_visited":["Exordium"],"potions_floor_usage":[7],"damage_taken":[{"damage":0,"enemies":"Small Slimes","floor":1,"turns":1},{"damage":0,"enemies":"Cultist","floor":4,"turns":1},{"damage":0,"enemies":"2 Louse","floor":5,"turns":1},{"damage":50,"enemies":"Gremlin Nob","floor":7,"turns":6},{"damage":12,"enemies":"Lagavulin","floor":10,"turns":11},{"damage":0,"enemies":"Slime Boss","floor":16,"turns":3}],"seed_played":"-8244299827451214890","potions_obtained":[{"floor":1,"key":"SpeedPotion"},{"floor":4,"key":"SpeedPotion"},{"floor":7,"key":"BlessingOfTheForge"}],"is_trial":false,"path_per_floor":["M","?","?","M","M","R","E","R","T","E","R","?","?","?","R","B"],"character_chosen":"THE_SERVANT","items_purchased":[],"campfire_rested":1,"item_purchase_floors":[],"current_hp_per_floor":[65,52,52,52,52,52,9,30,30,18,18,11,11,11,11,11,11],"gold":229,"neow_bonus":"THREE_ENEMY_KILL","is_daily":false,"chose_seed":false,"campfire_upgraded":3,"win_rate":0.0,"timestamp":1609066381,"path_taken":["M","?","?","?","M","R","E","R","T","E","R","?","?","?","R","BOSS"],"items_purchased_type":[],"build_version":"2020-12-22","purchased_purges":0,"victory":false,"max_hp_per_floor":[65,65,65,65,65,65,72,72,72,72,72,72,72,72,72,72,72],"card_choices":[{"not_picked":["Barrier","Replace"],"picked":"Revamp","floor":1},{"not_picked":["Ricochet","Defy"],"picked":"Comet","floor":4},{"not_picked":["Unruled","Comet"],"picked":"Revamp","floor":5},{"not_picked":["Spin","KillingDoll"],"picked":"RealityMarble","floor":7},{"not_picked":["Read","Alleviate"],"picked":"InstantArmor","floor":10}],"player_experience":21121,"relics_obtained":[{"floor":7,"key":"Strawberry"},{"floor":9,"key":"Orichalcum"},{"floor":10,"key":"HornCleat"}],"event_choices":[{"damage_healed":0,"gold_gain":0,"player_choice":"Entered Light","damage_taken":13,"max_hp_gain":0,"max_hp_loss":0,"event_name":"Shining Light","floor":2,"gold_loss":0,"cards_upgraded":["Defend_S","Strike_S"]},{"cards_removed":["Strike_S"],"damage_healed":0,"gold_gain":0,"player_choice":"Purged","damage_taken":0,"max_hp_gain":0,"max_hp_loss":0,"event_name":"Purifier","floor":3,"gold_loss":0},{"damage_healed":0,"gold_gain":0,"player_choice":"Success","damage_taken":7,"relics_obtained":["Centennial Puzzle"],"max_hp_gain":0,"max_hp_loss":0,"event_name":"Scrap Ooze","floor":12,"gold_loss":0},{"damage_healed":0,"gold_gain":0,"player_choice":"Searched \u00271\u0027 times","damage_taken":0,"relics_obtained":["Tiny Chest"],"max_hp_gain":0,"max_hp_loss":0,"event_name":"Dead Adventurer","floor":13,"gold_loss":0},{"cards_removed":["Strike_S"],"damage_healed":0,"gold_gain":0,"player_choice":"Offered Basic","damage_taken":0,"max_hp_gain":0,"max_hp_loss":0,"event_name":"Bonfire Elementals","floor":14,"gold_loss":0}],"is_beta":false,"boss_relics":[],"items_purged_floors":[],"is_endless":false,"potions_floor_spawned":[1,4,7],"killed_by":"Slime Boss","ascension_level":1}}