{"host":"z34yzn8hj4ic20ef","time":1609058156,"event":{"mods":["AchievementEnabler","BaseMod","Minty Spire (QoL Compilation)","StSLib","SuperFastMode"],"gold_per_floor":[117,127,145,145,155,155,190,190,190,34,53,53,64,81,81,81,81],"floor_reached":16,"playtime":584,"items_purged":[],"score":208,"play_id":"060b3dbd-5801-4a3a-8840-def5044482bb","local_time":"20201227173556","is_ascension_mode":true,"campfire_choices":[{"data":"Skewer","floor":6.0,"key":"SMITH"},{"floor":8.0,"key":"REST"},{"data":"Tactician","floor":15,"key":"SMITH"}],"circlet_count":0,"master_deck":["AscendersBane","Strike_G","Strike_G","Strike_G","Strike_G","Defend_G","Defend_G","Defend_G","Defend_G","Defend_G","Survivor","Neutralize","Skewer+1","Eviscerate","Terror","Dagger Throw","Crippling Poison","Tactician+1","All Out Attack"],"relics":["Ring of the Snake","Ice Cream","Vajra","Boot"],"acts_visited":["Exordium"],"potions_floor_usage":[13],"damage_taken":[{"damage":5.0,"enemies":"Jaw Worm","floor":1.0,"turns":6.0},{"damage":0.0,"enemies":"Cultist","floor":2.0,"turns":3.0},{"damage":1.0,"enemies":"Small Slimes","floor":3.0,"turns":4.0},{"damage":0.0,"enemies":"2 Fungi Beasts","floor":5.0,"turns":3.0},{"damage":10.0,"enemies":"Lagavulin","floor":7.0,"turns":5.0},{"damage":6,"enemies":"Blue Slaver","floor":11,"turns":4},{"damage":0,"enemies":"Exordium Thugs","floor":13,"turns":3},{"damage":1,"enemies":"2 Fungi Beasts","floor":14,"turns":4},{"damage":40,"enemies":"Hexaghost","floor":16,"turns":9}],"seed_played":"8799398731514830726","potions_obtained":[{"floor":1.0,"key":"Poison Potion"},{"floor":3.0,"key":"Ancient Potion"},{"floor":7.0,"key":"Fire Potion"}],"is_trial":false,"path_per_floor":["M","M","M","?","M","R","E","R","T","$","M","$","M","M","R","B"],"character_chosen":"THE_SILENT","items_purchased":["Tactician","All Out Attack"],"campfire_rested":1,"item_purchase_floors":[10,10],"current_hp_per_floor":[39,39,38,38,38,38,28,47,47,47,41,41,41,40,40,0,0],"gold":81,"neow_bonus":"ONE_RARE_RELIC","is_daily":false,"chose_seed":false,"campfire_upgraded":2,"win_rate":0.0,"timestamp":1609058156,"path_taken":["M","M","M","?","?","R","E","R","T","?","M","$","M","M","R","BOSS"],"items_purchased_type":["Card","Card"],"build_version":"2020-12-22","purchased_purges":0,"victory":false,"max_hp_per_floor":[66,66,66,66,66,66,66,66,66,66,66,66,66,66,66,66,66],"card_choices":[{"not_picked":["Sucker Punch","Deflect"],"picked":"Skewer","floor":1.0},{"not_picked":["Backstab","Bane"],"picked":"Eviscerate","floor":2.0},{"not_picked":["Slice","Dash"],"picked":"Terror","floor":3.0},{"not_picked":["Dodge and Roll","Backflip"],"picked":"Dagger Throw","floor":5.0},{"not_picked":["Backflip","PiercingWail"],"picked":"Crippling Poison","floor":7.0},{"not_picked":["Slice","Dodge and Roll","Sucker Punch"],"picked":"SKIP","floor":11},{"not_picked":["Outmaneuver","Sucker Punch","Blur"],"picked":"SKIP","floor":13},{"not_picked":["Dagger Spray","A Thousand Cuts","Dodge and Roll"],"picked":"SKIP","floor":14}],"player_experience":675958,"relics_obtained":[{"floor":7.0,"key":"Vajra"},{"floor":9.0,"key":"Boot"}],"event_choices":[{"cards_removed":["Strike_G"],"damage_healed":0.0,"max_hp_gain":0.0,"max_hp_loss":0.0,"gold_gain":0.0,"event_name":"Bonfire Elementals","player_choice":"Offered Basic","floor":4.0,"gold_loss":0.0,"damage_taken":0.0}],"is_beta":false,"boss_relics":[],"items_purged_floors":[],"is_endless":false,"potions_floor_spawned":[1,3,7],"killed_by":"Hexaghost","ascension_level":20}}