{"host":"7sni158j623xchr2","time":1609091910,"event":{"mods":["BaseMod","Colored Map","Highlight Path","Minty Spire (QoL Compilation)","Permanent Neow","Potion Indicator Mod","Rare Cards Sparkle","Relic Sorter","Relic Stats","StSLib","everything is the same but u backflip on backflip"],"gold_per_floor":[112,387,397,407,21,21,53,73,73,107,127,127,152,168,168,271,271,286,359,64,64,84,116,136,136,136,18,18,51,51,84,84,193,193,213,238,255,106,124,124,159,176,176,205,205,205,205,225,225,225,225,225,96,131,131],"floor_reached":56,"playtime":2177,"items_purged":["Regret","Strike_G"],"score":1486,"play_id":"1536a574-6997-4740-8c19-c2162ca5186b","local_time":"20201227115830","is_ascension_mode":true,"campfire_choices":[{"data":"Dash","floor":6.0,"key":"SMITH"},{"data":"Poisoned Stab","floor":15.0,"key":"SMITH"},{"data":"Catalyst","floor":25.0,"key":"SMITH"},{"data":"Noxious Fumes","floor":28.0,"key":"SMITH"},{"data":"Deadly Poison","floor":32.0,"key":"SMITH"},{"data":"Burst","floor":40.0,"key":"SMITH"},{"data":"Wraith Form v2","floor":46.0,"key":"SMITH"},{"floor":49.0,"key":"RECALL"},{"data":"Bouncing Flask","floor":52.0,"key":"SMITH"}],"circlet_count":0,"master_deck":["Strike_G","Strike_G","Strike_G","Defend_G","Defend_G","Defend_G","Defend_G","Defend_G","Survivor","Neutralize","Footwork","Deadly Poison+1","Deflect","Dash+1","Well Laid Plans","Bane","After Image","Accuracy","Leg Sweep","Poisoned Stab+1","Corpse Explosion","Noxious Fumes+1","Master of Strategy","Catalyst+1","Noxious Fumes+1","Burst+1","Wraith Form v2+1","Backflip","PiercingWail","Footwork","Dark Shackles","Bouncing Flask+1","Parasite","PiercingWail","Footwork"],"relics":["Ring of the Snake","Snake Skull","Toolbox","Letter Opener","Mummified Hand","Pear","Akabeko","Snecko Eye","Centennial Puzzle","Mercury Hourglass","HornCleat","CeramicFish","SacredBark","TwistedFunnel","InkBottle","Pocketwatch","The Specimen"],"acts_visited":["Exordium","TheCity","TheBeyond","TheEnding"],"potions_floor_usage":[55,55,55],"damage_taken":[{"damage":1.0,"enemies":"Jaw Worm","floor":1.0,"turns":5.0},{"damage":1.0,"enemies":"Cultist","floor":3.0,"turns":4.0},{"damage":0.0,"enemies":"Small Slimes","floor":4.0,"turns":4.0},{"damage":3.0,"enemies":"Lagavulin","floor":7.0,"turns":7.0},{"damage":0.0,"enemies":"Red Slaver","floor":8.0,"turns":2.0},{"damage":2.0,"enemies":"3 Sentries","floor":10.0,"turns":6.0},{"damage":0.0,"enemies":"Looter","floor":11.0,"turns":2.0},{"damage":1.0,"enemies":"Lagavulin","floor":13.0,"turns":7.0},{"damage":0.0,"enemies":"Exordium Wildlife","floor":14.0,"turns":3.0},{"damage":19.0,"enemies":"The Guardian","floor":16.0,"turns":9.0},{"damage":7.0,"enemies":"Spheric Guardian","floor":18.0,"turns":5.0},{"damage":7.0,"enemies":"2 Thieves","floor":22.0,"turns":2.0},{"damage":0.0,"enemies":"Book of Stabbing","floor":23.0,"turns":6.0},{"damage":14.0,"enemies":"Snake Plant","floor":24.0,"turns":3.0},{"damage":0.0,"enemies":"Gremlin Leader","floor":29.0,"turns":3.0},{"damage":0.0,"enemies":"Book of Stabbing","floor":31.0,"turns":3.0},{"damage":10.0,"enemies":"Collector","floor":33.0,"turns":3.0},{"damage":0.0,"enemies":"Orb Walker","floor":35.0,"turns":4.0},{"damage":0.0,"enemies":"3 Shapes","floor":36.0,"turns":1.0},{"damage":23.0,"enemies":"Maw","floor":37.0,"turns":7.0},{"damage":0.0,"enemies":"Nemesis","floor":41.0,"turns":5.0},{"damage":0.0,"enemies":"Transient","floor":42.0,"turns":5.0},{"damage":0.0,"enemies":"Writhing Mass","floor":44.0,"turns":3.0},{"damage":5.0,"enemies":"Maw","floor":45.0,"turns":5.0},{"damage":0.0,"enemies":"Spire Growth","floor":48.0,"turns":3.0},{"damage":44.0,"enemies":"Awakened One","floor":50.0,"turns":11.0},{"damage":0,"enemies":"Shield and Spear","floor":54,"turns":5},{"damage":7,"enemies":"The Heart","floor":55,"turns":6}],"seed_played":"-398551155952613745","potions_obtained":[{"floor":3.0,"key":"Weak Potion"},{"floor":7.0,"key":"Regen Potion"},{"floor":14.0,"key":"EssenceOfSteel"},{"floor":16.0,"key":"LiquidBronze"},{"floor":18.0,"key":"SmokeBomb"},{"floor":36.0,"key":"CultistPotion"}],"is_trial":false,"path_per_floor":["M","?","M","M","$","R","E","M","T","E","M","?","E","M","R","B",null,"M","T","$","?","M","E","M","R","T","$","R","E","?","E","R","B",null,"M","M","M","$","?","R","E","M","T","M","M","R","?","M","R","B",null,"R","$","E","B",null],"character_chosen":"THE_SILENT","items_purchased":["Dash","Well Laid Plans","Toolbox","Swift Potion","Master of Strategy","Noxious Fumes","Block Potion","TwistedFunnel","GhostInAJar","Footwork"],"campfire_rested":0,"item_purchase_floors":[5,5,5,5,20,27,27,38,53,53],"current_hp_per_floor":[69,69,68,68,68,68,65,65,65,73,73,73,72,72,72,53,80,73,73,73,73,66,66,64,64,64,64,64,64,64,64,64,54,80,80,80,57,57,57,57,57,57,57,57,52,52,52,52,52,8,80,80,80,80,73],"gold":131,"neow_bonus":"RANDOM_COMMON_RELIC","is_daily":false,"chose_seed":false,"campfire_upgraded":8,"win_rate":0.0,"timestamp":1609091910,"path_taken":["M","?","?","M","$","R","E","M","T","E","M","?","E","M","R","BOSS","M","?","$","?","M","E","M","R","T","?","R","E","?","E","R","BOSS","M","M","M","$","?","R","E","M","T","?","M","R","?","M","R","BOSS","R","$","E","BOSS"],"items_purchased_type":["Card","Card","Relic","Potion","Card","Card","Potion","Relic","Potion","Card"],"build_version":"2020-12-22","purchased_purges":2,"victory":true,"max_hp_per_floor":[70,70,70,70,70,70,70,70,70,80,80,80,80,80,80,80,80,80,80,80,80,80,80,80,80,80,80,80,80,80,80,80,80,80,80,80,80,80,80,80,80,80,80,80,80,80,80,80,80,80,80,80,80,80,80],"relic_stats":{"Centennial Puzzle":[18],"counters":[28,128],"Mummified Hand":[182],"CeramicFish":81,"Snecko Eye":[173,181,158,167],"Snake Skull":[177],"Letter Opener":[303],"obtain_stats":[{"TwistedFunnel":38,"Pear":10,"The Specimen":54,"CeramicFish":31,"SacredBark":34,"Snake Skull":0,"Letter Opener":7,"Akabeko":13,"Mercury Hourglass":26,"Centennial Puzzle":23,"HornCleat":29,"Mummified Hand":9,"Toolbox":5,"Snecko Eye":17,"InkBottle":41,"Ring of the Snake":0,"Pocketwatch":43},{"TwistedFunnel":20,"Pear":6,"The Specimen":27,"CeramicFish":16,"SacredBark":17,"Snake Skull":0,"Letter Opener":4,"Akabeko":8,"Mercury Hourglass":14,"Centennial Puzzle":13,"HornCleat":15,"Mummified Hand":5,"Toolbox":3,"Snecko Eye":10,"InkBottle":21,"Ring of the Snake":0,"Pocketwatch":22},{"TwistedFunnel":85,"Pear":28,"The Specimen":122,"CeramicFish":71,"SacredBark":74,"Snake Skull":0,"Letter Opener":20,"Akabeko":37,"Mercury Hourglass":65,"Centennial Puzzle":62,"HornCleat":68,"Mummified Hand":22,"Toolbox":13,"Snecko Eye":49,"InkBottle":90,"Ring of the Snake":0,"Pocketwatch":95}],"InkBottle":[19],"Ring of the Snake":[56],"Mercury Hourglass":[233],"Pocketwatch":[16]},"card_choices":[{"not_picked":["Deflect","Expertise"],"picked":"Footwork","floor":1.0},{"not_picked":["Bane","Reflex"],"picked":"Deadly Poison","floor":3.0},{"not_picked":["Slice","Infinite Blades","Deflect"],"picked":"SKIP","floor":4.0},{"not_picked":["Slice","Infinite Blades"],"picked":"Deflect","floor":4.0},{"not_picked":["Escape Plan","Prepared","Reflex"],"picked":"SKIP","floor":7.0},{"not_picked":["Deflect","Flechettes"],"picked":"Bane","floor":8.0},{"not_picked":["Dagger Spray","Dodge and Roll"],"picked":"After Image","floor":10.0},{"not_picked":["Distraction","Riddle With Holes","Backflip"],"picked":"SKIP","floor":11.0},{"not_picked":["Cloak And Dagger","Expertise"],"picked":"Leg Sweep","floor":13.0},{"not_picked":["Choke","Heel Hook"],"picked":"Poisoned Stab","floor":14.0},{"not_picked":["Storm of Steel","Bullet Time"],"picked":"Corpse Explosion","floor":16.0},{"not_picked":["Flechettes+1","Dagger Throw"],"picked":"Noxious Fumes+1","floor":18.0},{"not_picked":["Skewer","Deadly Poison","Bane+1"],"picked":"SKIP","floor":22.0},{"not_picked":["Deflect","Skewer","Slice+1"],"picked":"SKIP","floor":23.0},{"not_picked":["Quick Slash","Flying Knee","Outmaneuver"],"picked":"SKIP","floor":24.0},{"not_picked":["Choke+1","Poisoned Stab+1"],"picked":"Burst","floor":29.0},{"not_picked":["Bane","Blade Dance","Acrobatics+1"],"picked":"SKIP","floor":31.0},{"not_picked":["Burst","Malaise"],"picked":"Wraith Form v2","floor":33.0},{"not_picked":["Bane","Sucker Punch+1"],"picked":"Backflip","floor":35.0},{"not_picked":["Outmaneuver+1","Flechettes+1"],"picked":"PiercingWail","floor":36.0},{"not_picked":["Concentrate+1","Finisher","Bane"],"picked":"SKIP","floor":37.0},{"not_picked":["Tools of the Trade","Bane"],"picked":"Bouncing Flask","floor":41.0},{"not_picked":["Dagger Throw","Acrobatics+1","Reflex+1"],"picked":"SKIP","floor":42.0},{"not_picked":["Riddle With Holes+1","Quick Slash"],"picked":"PiercingWail","floor":44.0},{"not_picked":["Acrobatics","Sucker Punch","Blade Dance"],"picked":"SKIP","floor":48.0},{"not_picked":["Blade Dance","Dagger Spray+1","Quick Slash+1"],"picked":"SKIP","floor":54}],"player_experience":1541228,"relics_obtained":[{"floor":7.0,"key":"Letter Opener"},{"floor":9.0,"key":"Mummified Hand"},{"floor":10.0,"key":"Pear"},{"floor":13.0,"key":"Akabeko"},{"floor":23.0,"key":"Centennial Puzzle"},{"floor":26.0,"key":"Mercury Hourglass"},{"floor":29.0,"key":"HornCleat"},{"floor":31.0,"key":"CeramicFish"},{"floor":41.0,"key":"InkBottle"},{"floor":43.0,"key":"Pocketwatch"},{"floor":54,"key":"The Specimen"}],"event_choices":[{"damage_healed":0.0,"max_hp_gain":0.0,"max_hp_loss":0.0,"gold_gain":275.0,"event_name":"Golden Shrine","player_choice":"Desecrate","floor":2.0,"gold_loss":0.0,"damage_taken":0.0,"cards_obtained":["Regret"]},{"damage_healed":0.0,"max_hp_gain":0.0,"max_hp_loss":0.0,"gold_gain":0.0,"cards_transformed":["Strike_G"],"event_name":"Transmorgrifier","player_choice":"Transformed","floor":12.0,"gold_loss":0.0,"damage_taken":0.0,"cards_obtained":["Accuracy"]},{"damage_healed":0.0,"max_hp_gain":0.0,"max_hp_loss":0.0,"gold_gain":0.0,"event_name":"The Library","player_choice":"Read","floor":21.0,"gold_loss":0.0,"damage_taken":0.0,"cards_obtained":["Catalyst"]},{"damage_healed":0.0,"max_hp_gain":0.0,"max_hp_loss":0.0,"gold_gain":0.0,"event_name":"Vampires","player_choice":"Ignored","floor":30.0,"gold_loss":0.0,"damage_taken":0.0},{"damage_healed":0.0,"max_hp_gain":0.0,"max_hp_loss":0.0,"gold_gain":0.0,"event_name":"Match and Keep!","player_choice":"2 cards matched","floor":39.0,"gold_loss":0.0,"damage_taken":0.0,"cards_obtained":["Footwork","Dark Shackles"]},{"damage_healed":0.0,"max_hp_gain":0.0,"max_hp_loss":0.0,"gold_gain":0.0,"event_name":"Tomb of Lord Red Mask","player_choice":"Ignored","floor":47.0,"gold_loss":0.0,"damage_taken":0.0}],"is_beta":false,"boss_relics":[{"not_picked":["HoveringKite","Astrolabe"],"picked":"Snecko Eye"},{"not_picked":["Sozu","Velvet Choker"],"picked":"SacredBark"}],"items_purged_floors":[5,20],"is_endless":false,"potions_floor_spawned":[3,7,14,16,18,22,29,36,44,45,54],"ascension_level":1}}