{"host":"sum4dy402bbv9y4o","time":1609099516,"event":{"mods":["Aspiration","BaseMod","Conspire","Highlight Path","Minty Spire (QoL Compilation)","StSLib"],"gold_per_floor":[117,117,14,29,75,111,135,19,43,56,69,69,69],"floor_reached":12,"playtime":406,"items_purged":["Injury"],"score":160,"play_id":"5ddda281-abf2-4572-a684-753880202ded","local_time":"20201227230516","is_ascension_mode":true,"campfire_choices":[],"circlet_count":0,"master_deck":["AscendersBane","Strike_B","Strike_B","Strike_B","Strike_B","Defend_B","Defend_B","Defend_B","Defend_B","Zap","Dualcast","Rebound","Go for the Eyes","Defragment","Cold Snap","Capacitor","Echo Form","Barrage","Self Repair","Gash","Cold Snap"],"relics":["Cracked Core","Golden Idol","Akabeko","Happy Flower","Centennial Puzzle"],"acts_visited":["Exordium"],"potions_floor_usage":[4,12],"damage_taken":[{"damage":2,"enemies":"2 Louse","floor":1,"turns":3},{"damage":6,"enemies":"Jaw Worm","floor":4,"turns":2},{"damage":42,"enemies":"Gremlin Nob","floor":6,"turns":5},{"damage":10,"enemies":"Small Slimes","floor":7,"turns":4},{"damage":1,"enemies":"2 Fungi Beasts","floor":10,"turns":3},{"damage":6,"enemies":"Lots of Slimes","floor":11,"turns":4},{"damage":17,"enemies":"3 Sentries","floor":12,"turns":3}],"seed_played":"-3702326989082425180","potions_obtained":[{"floor":1,"key":"Weak Potion"},{"floor":11,"key":"PotionOfCapacity"}],"is_trial":false,"path_per_floor":["M","?","$","M","T","E","M","$","T","M","M","E"],"character_chosen":"DEFECT","items_purchased":["Defragment","Cold Snap","Self Repair"],"campfire_rested":0,"item_purchase_floors":[3,3,8],"current_hp_per_floor":[62,62,62,56,56,14,4,4,4,10,11,0,0],"gold":69,"neow_bonus":"THREE_CARDS","is_daily":false,"chose_seed":false,"campfire_upgraded":0,"win_rate":0.0,"timestamp":1609099516,"path_taken":["M","?","$","M","?","E","M","$","T","M","M","E"],"items_purchased_type":["Card","Card","Card"],"build_version":"2020-12-22","purchased_purges":1,"victory":false,"max_hp_per_floor":[71,71,71,71,71,71,71,71,71,71,71,71,71],"card_choices":[{"not_picked":["Recycle","Compile Driver"],"picked":"Rebound","floor":0},{"not_picked":["BootSequence","Compile Driver"],"picked":"Go for the Eyes","floor":1},{"not_picked":["Recycle","Leap"],"picked":"Capacitor","floor":4},{"not_picked":["Skim","Undo"],"picked":"Echo Form","floor":6},{"not_picked":["Static Discharge","Redo"],"picked":"Barrage","floor":7},{"not_picked":["Go for the Eyes","Stack"],"picked":"Gash","floor":10},{"not_picked":["Hologram","Barrage"],"picked":"Cold Snap","floor":11}],"player_experience":2849909,"relics_obtained":[{"floor":5,"key":"Akabeko"},{"floor":6,"key":"Happy Flower"},{"floor":9,"key":"Centennial Puzzle"}],"event_choices":[{"damage_healed":0,"gold_gain":0,"player_choice":"Take Wound","damage_taken":0,"relics_obtained":["Golden Idol"],"max_hp_gain":0,"max_hp_loss":0,"event_name":"Golden Idol","floor":2,"gold_loss":0,"cards_obtained":["Injury"]}],"is_beta":false,"boss_relics":[],"items_purged_floors":[8],"is_endless":false,"potions_floor_spawned":[1,11],"killed_by":"3 Sentries","ascension_level":20}}