{"host":"d50bw6kybq14xu1u","time":1609040402,"event":{"mods":["BaseMod","Colored Map","Colored Powertips","Minty Spire (QoL Compilation)","Quick Restart"],"gold_per_floor":[113,126,126,126,147,147,191,16,16,16,47,47,78,78,78,207,207,207,207,147,147,147,147],"floor_reached":22,"playtime":670,"items_purged":[],"score":257,"play_id":"fc871c24-698e-4268-bf9c-1f1c86849c13","local_time":"20201227114002","is_ascension_mode":true,"campfire_choices":[{"floor":6,"key":"REST"},{"data":"Mayhem","floor":10,"key":"SMITH"},{"floor":12,"key":"REST"},{"floor":15,"key":"REST"}],"circlet_count":0,"master_deck":["Defend_G","Defend_G","Defend_G","Defend_G","Defend_G","Survivor","Neutralize","Dagger Throw","Blade Dance","Noxious Fumes","Dagger Throw","Mayhem+1","Pain","Envenom","Accuracy","Bite","Bite","Bite","Bite","Bite","Cloak And Dagger+1"],"relics":["Cursed Key","Golden Idol","Letter Opener","PreservedInsect","Omamori","Toy Ornithopter","Bag of Preparation","Ectoplasm"],"acts_visited":["Exordium","TheCity"],"potions_floor_usage":[7],"damage_taken":[{"damage":18,"enemies":"Jaw Worm","floor":1,"turns":5},{"damage":2,"enemies":"2 Louse","floor":2,"turns":3},{"damage":0,"enemies":"Cultist","floor":5,"turns":3},{"damage":22,"enemies":"Lagavulin","floor":7,"turns":6},{"damage":9,"enemies":"3 Sentries","floor":11,"turns":5},{"damage":34,"enemies":"Gremlin Nob","floor":13,"turns":4},{"damage":19,"enemies":"Hexaghost","floor":16,"turns":9},{"damage":13,"enemies":"3 Byrds","floor":18,"turns":4},{"damage":31,"enemies":"2 Thieves","floor":20,"turns":4},{"damage":26,"enemies":"3 Cultists","floor":21,"turns":5},{"damage":31,"enemies":"Snake Plant","floor":22,"turns":3}],"seed_played":"-2937549297121664823","potions_obtained":[{"floor":2,"key":"Weak Potion"},{"floor":5,"key":"EssenceOfSteel"},{"floor":18,"key":"LiquidBronze"}],"is_trial":false,"path_per_floor":["M","M","?","?","M","R","E","$","T","R","E","R","E","?","R","B",null,"M","?","M","M","M"],"character_chosen":"THE_SILENT","items_purchased":["Mayhem"],"campfire_rested":3,"item_purchase_floors":[8],"current_hp_per_floor":[52,50,33,30,30,51,29,29,29,29,20,41,7,7,28,9,70,57,49,30,20,0,0],"gold":147,"neow_bonus":"BOSS_RELIC","is_daily":false,"chose_seed":false,"campfire_upgraded":1,"win_rate":0.0,"timestamp":1609040402,"path_taken":["M","M","?","?","?","R","E","?","T","R","E","R","E","?","R","BOSS","M","?","M","M","M"],"items_purchased_type":["Card"],"build_version":"2020-12-22","purchased_purges":0,"victory":false,"max_hp_per_floor":[70,70,70,70,70,70,70,70,70,70,70,70,70,70,70,70,70,70,49,49,49,49,49],"card_choices":[{"not_picked":["Bouncing Flask","Sucker Punch"],"picked":"Dagger Throw","floor":1},{"not_picked":["Flying Knee","Bane"],"picked":"Blade Dance","floor":2},{"not_picked":["All Out Attack","Finisher"],"picked":"Noxious Fumes","floor":5},{"not_picked":["PiercingWail","Dagger Spray"],"picked":"Dagger Throw","floor":7},{"not_picked":["Tactician","Underhanded Strike","Backflip"],"picked":"SKIP","floor":11},{"not_picked":["Heel Hook","Skewer","Slice"],"picked":"SKIP","floor":13},{"not_picked":["Venomology","Malaise"],"picked":"Envenom","floor":16},{"not_picked":["Infinite Blades+1","Backflip"],"picked":"Accuracy","floor":18},{"not_picked":["Heel Hook","Dodge and Roll","Dagger Throw"],"picked":"SKIP","floor":20},{"not_picked":["Masterful Stab","Underhanded Strike+1"],"picked":"Cloak And Dagger+1","floor":21}],"player_experience":28088,"relics_obtained":[{"floor":7,"key":"PreservedInsect"},{"floor":9,"key":"Omamori"},{"floor":11,"key":"Toy Ornithopter"},{"floor":13,"key":"Bag of Preparation"}],"event_choices":[{"damage_healed":0,"gold_gain":0,"player_choice":"Take Damage","damage_taken":17,"relics_obtained":["Golden Idol"],"max_hp_gain":0,"max_hp_loss":0,"event_name":"Golden Idol","floor":3,"gold_loss":0},{"damage_healed":0,"gold_gain":0,"player_choice":"Success","damage_taken":3,"relics_obtained":["Letter Opener"],"max_hp_gain":0,"max_hp_loss":0,"event_name":"Scrap Ooze","floor":4,"gold_loss":0},{"damage_healed":0,"gold_gain":0,"player_choice":"Ignored","damage_taken":0,"max_hp_gain":0,"max_hp_loss":0,"event_name":"Shining Light","floor":14,"gold_loss":0},{"damage_healed":0,"gold_gain":0,"player_choice":"Became a vampire","damage_taken":0,"max_hp_gain":0,"max_hp_loss":21,"event_name":"Vampires","floor":19,"gold_loss":0,"cards_obtained":["Bite","Bite","Bite","Bite","Bite"]}],"is_beta":false,"boss_relics":[{"not_picked":["Velvet Choker","Runic Pyramid"],"picked":"Ectoplasm"}],"items_purged_floors":[],"is_endless":false,"potions_floor_spawned":[2,5,18],"killed_by":"Snake Plant","ascension_level":3}}