{"host":"i73ch23exsqar74a","time":1609058076,"event":{"mods":["AchievementEnabler","Aspiration","Astrologer","Bard","Bartender","BaseMod","Beaked The Cultist","Better Sensory Stone","CCEM","CapriCore","Challenge The Spire","ChefMod","Chen","Colored Map","Colored Powertips","Conjunction","Conspire","Downfall","Fireblade Mod","FutureSeer","GifTheSpireLib","Glutton Mod","Gremlin Mod","Halation","Hermit","Highlight Path","HololiveMod","Hubris","Infinite Spire","Jedi Mod","Lobotomy","LobotomyExtend","Luminous","Marked Mod","Minty Spire (QoL Compilation)","Prisma Mod","Quarter Circle Forward PUNCH!","Quick Restart","Random Character Button","RatMod","Relic Sorter","Replay The Spire","SOS???????","Shade Mod","Spicy Shops","Spikes Relics","StSLib","Stuff the Spire","The Alterego","The Animator","The Bug Knight","The Construct","The Cursed","The Druid","The Exalted","The Immortal","The Judge","The Poker Player","The Sage","The Wild Card","TheHero","TheSwordswoman","TheVacant","TheVelvet","Thieving Mod","Yuri Mod","vexMod","???Mod??????Boss","???mod?????"],"gold_per_floor":[114,131,131,143,163,163,192,192,218,236,236,236,236,255,255,356,356,375,375,226,326,344,377,377,391,391,411,38,51,51,83,83,179,179,198,208,208,208,85,85,116,116,189,189,217,217,233,252,252,252,252,252,252,102,132,132],"floor_reached":57,"playtime":3261,"items_purged":["Shade:Strike_Shade","Shade:Defend_Shade","Shade:Strike_Shade","Shade:Strike_Shade"],"score":1340,"play_id":"3e769962-b151-4d8e-b820-646017e52a53","local_time":"20201227123436","is_ascension_mode":true,"campfire_choices":[{"floor":6,"key":"REST"},{"floor":8,"key":"REST"},{"data":"Shade:AnimateDead","floor":13,"key":"SMITH"},{"data":"Shade:OpenGraves","floor":15,"key":"SMITH"},{"data":"Shade:SensePrey","floor":24,"key":"SMITH"},{"data":"Shade:Bonestorm","floor":30,"key":"SMITH"},{"floor":32,"key":"REST"},{"data":"infinitespire:Collect","floor":40,"key":"SMITH"},{"data":"Shade:Coordination","floor":42,"key":"SMITH"},{"data":"Shade:AuraOfUnlife","floor":46,"key":"SMITH"},{"data":"Shade:PressTheAttack","floor":49,"key":"SMITH"},{"data":"Shade:Bonestorm","floor":53,"key":"SMITH"}],"circlet_count":0,"master_deck":["Shade:Strike_Shade","Shade:Defend_Shade","Shade:Defend_Shade","Shade:Defend_Shade","Shade:AnimateDead+1","Shade:CarefulCut","Shade:CommandSoldier","Shade:OpenGraves+1","Shade:SensePrey+1","Shade:Coordination+1","Shade:Bonestorm+1","Shade:SpectralStrikes","Shade:FuneraryJewels","Shade:GraveStillness","Shade:CallOfTheGrave","infinitespire:Collect+1","Shade:ExtraLimbs","Shade:Bonestorm+1","Shade:AuraOfUnlife","Shade:AuraOfUnlife","Shade:Strike_Shade","Shade:Strike_Shade","Shade:Defend_Shade","Shade:Defend_Shade","Shade:Defend_Shade","Shade:AnimateDead+1","Shade:CarefulCut","Shade:CommandSoldier","Shade:OpenGraves+1","Shade:SensePrey+1","Shade:Coordination+1","Shade:Bonestorm+1","Shade:SpectralStrikes","Shade:FuneraryJewels","Shade:GraveStillness","Shade:CallOfTheGrave","infinitespire:Collect+1","Shade:ExtraLimbs","Shade:Bonestorm+1","Shade:AuraOfUnlife+1","Shade:AuraOfUnlife","Shade:Frenzy+1","Shade:PressTheAttack+1","Conjunction:Offense+1","Conjunction:Defense","Shade:Brains","Shade:Carnophage"],"relics":["Shade:YorickSkull","SacredBark","halation:Risk","LetterFromLob","CCEMRelics:JestersCrown","StuffTheSpire:OldFever","SlaversCollar","SnailShell","Counterbalance","Replay:Bottled Snecko","jedi:crownofsimplicity","Simple Rune","Bromod:ArcaneEnergize","StuffTheSpire:Mouthbags","Garlic","Eternal Feather","StuffTheSpire:Experiment12","Conjunction:SoulLantern","Whetstone","rat:KircheisShard","sagemod:The_Guidebook_Guide","Happy Flower","Sling","Replay:Rubber Ducky"],"acts_visited":["Exordium","TheCity","TheBeyond","TheEnding"],"potions_floor_usage":[5,23,50,54,56,56],"damage_taken":[{"damage":6,"enemies":"Cultist","floor":1,"turns":5},{"damage":10,"enemies":"2 Louse","floor":2,"turns":3},{"damage":8,"enemies":"conspire:RoseBush","floor":4,"turns":3},{"damage":13,"enemies":"Blue Slaver","floor":5,"turns":4},{"damage":41,"enemies":"Gremlin Nob","floor":7,"turns":6},{"damage":8,"enemies":"Large Slime","floor":10,"turns":7},{"damage":0,"enemies":"Looter","floor":14,"turns":3},{"damage":10,"enemies":"The Guardian","floor":16,"turns":10},{"damage":8,"enemies":"Chosen","floor":18,"turns":6},{"damage":0,"enemies":"3 Byrds","floor":22,"turns":3},{"damage":21,"enemies":"Book of Stabbing","floor":23,"turns":5},{"damage":5,"enemies":"Snecko","floor":25,"turns":6},{"damage":0,"enemies":"Cultist and Chosen","floor":27,"turns":6},{"damage":0,"enemies":"3 Cultists","floor":29,"turns":4},{"damage":0,"enemies":"Slavers","floor":31,"turns":3},{"damage":0,"enemies":"hubris:MusketHawk","floor":33,"turns":8},{"damage":0,"enemies":"Orb Walker","floor":35,"turns":4},{"damage":17,"enemies":"3 Darklings","floor":36,"turns":4},{"damage":0,"enemies":"Reptomancer","floor":41,"turns":5},{"damage":19,"enemies":"Giant Head","floor":45,"turns":11},{"damage":11,"enemies":"Transient","floor":47,"turns":5},{"damage":0,"enemies":"4 Shapes","floor":48,"turns":4},{"damage":0,"enemies":"Replay:Hell Engine","floor":50,"turns":10},{"damage":0,"enemies":"Shield and Spear","floor":55,"turns":5},{"damage":0,"enemies":"The Heart","floor":56,"turns":7}],"seed_played":"7608504158094807635","potions_obtained":[{"floor":2,"key":"Adrenaline Potion"},{"floor":7,"key":"ThievingMod:ThievingPotion"},{"floor":10,"key":"Strength Potion"},{"floor":16,"key":"champ:CounterPotion"},{"floor":23,"key":"ColorlessPotion"},{"floor":41,"key":"Adrenaline Potion"}],"is_trial":false,"path_per_floor":["M","M","$","M","M","R","E","R","T","M","?","?","R","M","R","B",null,"M","?","$","?","M","E","R","M","T","M","$","M","R","E","R","B",null,"M","M","AVR","M","$","R","E","R","T","?","E","R","M","M","R","B",null,null,"R","$","E","B",null],"character_chosen":"SHADE","items_purchased":["SnailShell","jedi:crownofsimplicity","Shade:Bonestorm","Shade:AuraOfUnlife"],"campfire_rested":3,"item_purchase_floors":[20,28,39,39],"current_hp_per_floor":[59,49,49,41,28,47,6,25,25,17,36,44,44,44,44,34,65,57,64,64,64,64,43,43,38,38,38,38,38,38,38,57,57,65,65,48,48,65,65,65,65,65,65,65,46,65,54,54,65,65,65,65,65,65,65,65],"gold":132,"neow_bonus":"DOUBLE_BOSS_RELIC","is_daily":false,"chose_seed":false,"campfire_upgraded":9,"win_rate":0.0,"timestamp":1609058076,"path_taken":["M","M","?","M","M","R","E","R","T","?","?","?","R","M","R","BOSS","M","?","?","?","M","E","R","M","T","M","$","M","R","E","R","BOSS","M","?","AVR","M","$","R","E","R","T","?","E","R","M","M","R","BOSS","R","$","E","BOSS"],"items_purchased_type":["Relic","Relic","Card","Card"],"build_version":"2020-12-22","purchased_purges":4,"victory":true,"max_hp_per_floor":[65,65,65,65,65,65,65,65,65,65,65,65,65,65,65,65,65,65,65,65,65,65,65,65,65,65,65,65,65,65,65,65,65,65,65,65,65,65,65,65,65,65,65,65,65,65,65,65,65,65,65,65,65,65,65,65],"card_choices":[{"not_picked":["Shade:Asphyxiate","Shade:PotionOfRestlessness"],"picked":"Shade:ExtraLimbs","floor":1},{"not_picked":["Shade:RitualOffering","Shade:SkeletonArmy","Shade:Patience"],"picked":"SKIP","floor":2},{"not_picked":["Shade:Excise","Shade:CoffinDance"],"picked":"Shade:CommandSoldier","floor":4},{"not_picked":["Shade:Asphyxiate","Shade:SanguineRitual"],"picked":"Shade:OpenGraves","floor":5},{"not_picked":["Shade:AblativeArmor","Shade:StitchTogether","Shade:PoundOfFlesh"],"picked":"SKIP","floor":7},{"not_picked":["Shade:ClawBack","Shade:Premonition"],"picked":"Shade:SensePrey","floor":10},{"not_picked":["Shade:ClawBack","Shade:AncientSpear","Shade:SkeletonHug"],"picked":"SKIP","floor":14},{"not_picked":["Shade:GreaterAnimation","Shade:DarkOfNight"],"picked":"Shade:Coordination","floor":16},{"not_picked":["Shade:Trample","Shade:RitualOffering+1"],"picked":"Shade:Bonestorm","floor":18},{"not_picked":["Shade:SpectralStrikes","Shade:Frenzy","Shade:AncientSpear"],"picked":"SKIP","floor":22},{"not_picked":["Shade:Frenzy","Shade:AncientSpear"],"picked":"Shade:SpectralStrikes","floor":22},{"not_picked":["Shade:ClawBack","Shade:GraveStillness"],"picked":"Shade:FuneraryJewels","floor":23},{"not_picked":["Shade:PoundOfFlesh","Shade:WallOfFlesh+1"],"picked":"Shade:GraveStillness","floor":25},{"not_picked":["Shade:RavenousHorde","Shade:Brains+1","Shade:DangerousRitual"],"picked":"SKIP","floor":27},{"not_picked":["Shade:DarkOfNight","Shade:FuneraryArmor+1","Shade:Brains+1"],"picked":"SKIP","floor":29},{"not_picked":["Shade:PotionOfRestlessness","Shade:SkeletonArmy","Shade:AblativeArmor"],"picked":"SKIP","floor":31},{"not_picked":["Shade:FleshToFlesh+1","Shade:RitualOffering+1"],"picked":"Shade:CallOfTheGrave","floor":35},{"not_picked":["Shade:FleshToFlesh","Shade:GraveStillness","Shade:GreyBargain+1"],"picked":"SKIP","floor":36},{"not_picked":["Shade:Bonestorm+1","Shade:WallOfFlesh+1","Shade:BoneShards+1"],"picked":"SKIP","floor":41},{"not_picked":["Shade:Asphyxiate+1","Shade:CallOfTheGrave"],"picked":"Shade:Frenzy+1","floor":45},{"not_picked":["Shade:Awaken+1","Shade:OpenGraves+1","Shade:Haruspicy"],"picked":"SKIP","floor":47},{"not_picked":["Shade:ClawBack+1","Shade:DangerousRitual+1"],"picked":"Shade:PressTheAttack","floor":48},{"not_picked":["Shade:DangerousRitual+1","Shade:MadHubris","Shade:GreyBargain"],"picked":"SKIP","floor":55}],"player_experience":1393747,"relics_obtained":[{"floor":1,"key":"LetterFromLob"},{"floor":7,"key":"CCEMRelics:JestersCrown"},{"floor":9,"key":"StuffTheSpire:OldFever"},{"floor":23,"key":"Counterbalance"},{"floor":26,"key":"Replay:Bottled Snecko"},{"floor":31,"key":"Simple Rune"},{"floor":41,"key":"Garlic"},{"floor":43,"key":"Eternal Feather"},{"floor":45,"key":"StuffTheSpire:Experiment12"},{"floor":55,"key":"Replay:Rubber Ducky"}],"event_choices":[{"damage_healed":0,"gold_gain":100,"player_choice":"Pray","damage_taken":0,"max_hp_gain":0,"max_hp_loss":0,"event_name":"Golden Shrine","floor":21,"gold_loss":0}],"is_beta":false,"boss_relics":[{"not_picked":["vexMod:MegatonBomb","aspiration:FutureDiary"],"picked":"SlaversCollar"},{"not_picked":["halation:SmartPhone","Hololive_ChaosS"],"picked":"Bromod:ArcaneEnergize"}],"items_purged_floors":[20,28,28,54],"is_endless":false,"potions_floor_spawned":[2,7,10,16,22,23,29,31,41,48],"ascension_level":2}}