{"host":"bq4pt811tk9yrmjl","time":1609073821,"event":{"mods":["AchievementEnabler","BaseMod","Colored Map","Colored Powertips","Defuse TimeMaze Blight","Hermit","Minty Spire (QoL Compilation)","StSLib","SuperFastMode","UnlockEverythingMod"],"gold_per_floor":[116,116,191,191,209,238,238,257,326,326,339,18,18,42,42,146,146,146,146],"floor_reached":18,"playtime":276,"items_purged":[],"score":194,"play_id":"a1227c7c-69af-4f48-9b1b-e9d6004d4189","local_time":"20201227105701","is_ascension_mode":true,"campfire_choices":[{"floor":7,"key":"REST"},{"floor":10,"key":"RECALL"},{"data":"hermit:GhostlyPresence","floor":13,"key":"SMITH"},{"data":"hermit:Snapshot","floor":15,"key":"SMITH"}],"circlet_count":0,"master_deck":["hermit:Strike_Hermit","hermit:Strike_Hermit+1","hermit:Strike_Hermit+1","hermit:Strike_Hermit","hermit:Defend_Hermit","hermit:Defend_Hermit","hermit:Defend_Hermit","hermit:Defend_Hermit","hermit:Snapshot+1","hermit:Covet","hermit:Snipe","hermit:GhostlyPresence+1","hermit:Scavenge+1","hermit:EternalForm"],"relics":["hermit:Momento","NeowsBlessing","Juzu Bracelet","StrikeDummy","Toxic Egg 2","Ectoplasm"],"acts_visited":["Exordium","TheCity"],"potions_floor_usage":[11],"damage_taken":[{"damage":0,"enemies":"Cultist","floor":1,"turns":1},{"damage":0,"enemies":"2 Louse","floor":5,"turns":1},{"damage":0,"enemies":"Lagavulin","floor":6,"turns":1},{"damage":1,"enemies":"Jaw Worm","floor":8,"turns":4},{"damage":0,"enemies":"Red Slaver","floor":11,"turns":3},{"damage":7,"enemies":"Blue Slaver","floor":14,"turns":3},{"damage":15,"enemies":"The Guardian","floor":16,"turns":14},{"damage":0,"enemies":"2 Thieves","floor":18,"turns":1}],"seed_played":"-2455070658386811028","potions_obtained":[{"floor":8,"key":"EssenceOfSteel"},{"floor":16,"key":"Strength Potion"}],"is_trial":false,"path_per_floor":["M","?","?","?","M","E","R","M","T","R","M","$","R","M","R","B",null,"M"],"character_chosen":"HERMIT","items_purchased":["Toxic Egg 2","hermit:Scavenge+1"],"campfire_rested":1,"item_purchase_floors":[12,12],"current_hp_per_floor":[75,68,57,42,42,42,64,63,63,63,63,63,63,56,56,41,75,75,75],"gold":146,"neow_bonus":"THREE_ENEMY_KILL","is_daily":false,"chose_seed":false,"campfire_upgraded":2,"win_rate":0.0,"timestamp":1609073821,"path_taken":["M","?","?","?","M","E","R","M","T","R","M","?","R","M","R","BOSS","M"],"items_purchased_type":["Relic","Card"],"build_version":"2020-12-22","purchased_purges":0,"victory":false,"max_hp_per_floor":[75,75,75,75,75,75,75,75,75,75,75,75,75,75,75,75,75,75,75],"card_choices":[{"not_picked":["hermit:Glare","hermit:WideOpen"],"picked":"hermit:Snipe","floor":1},{"not_picked":["hermit:Coalescence","hermit:Dive","hermit:Desperado"],"picked":"SKIP","floor":5},{"not_picked":["hermit:Virtue","hermit:SprayPray","hermit:TakeCover"],"picked":"SKIP","floor":6},{"not_picked":["hermit:Combo","hermit:Determination","hermit:Misfire"],"picked":"SKIP","floor":8},{"not_picked":["hermit:Brawl","hermit:BodyArmor"],"picked":"hermit:GhostlyPresence","floor":11},{"not_picked":["hermit:Quickdraw","hermit:LowProfile+1","hermit:Horror+1"],"picked":"SKIP","floor":14},{"not_picked":["hermit:FatalDesire","hermit:FromBeyond+1"],"picked":"hermit:EternalForm","floor":16}],"player_experience":126229,"relics_obtained":[{"floor":6,"key":"StrikeDummy"}],"event_choices":[{"damage_healed":0,"gold_gain":0,"player_choice":"Success","damage_taken":7,"relics_obtained":["Juzu Bracelet"],"max_hp_gain":0,"max_hp_loss":0,"event_name":"Scrap Ooze","floor":2,"gold_loss":0},{"damage_healed":0,"gold_gain":75,"player_choice":"Gather Gold","damage_taken":11,"max_hp_gain":0,"max_hp_loss":0,"event_name":"World of Goop","floor":3,"gold_loss":0},{"damage_healed":0,"gold_gain":0,"player_choice":"Entered Light","damage_taken":15,"max_hp_gain":0,"max_hp_loss":0,"event_name":"Shining Light","floor":4,"gold_loss":0,"cards_upgraded":["hermit:Strike_Hermit","hermit:Strike_Hermit"]}],"is_beta":false,"boss_relics":[{"not_picked":["Philosopher\u0027s Stone","SlaversCollar"],"picked":"Ectoplasm"}],"items_purged_floors":[],"is_endless":false,"potions_floor_spawned":[8,16],"killed_by":"2 Thieves","ascension_level":1}}