{"host":"k5dhp0bkccqfauyu","time":1609040012,"event":{"mods":["BaseMod","Better Note","Better Skull","Better Vampires","Colored Map","Colored Powertips","DeckTracker","Minty Spire (QoL Compilation)","Permanent Neow","StSLib","SuperFastMode"],"gold_per_floor":[118,134,145,14,14,49,49,60,60,86,116,116,116,116,132,132,237,237,257,257,257,274,309,337,337,366,421,421,433,472,472,487,487,592,592,621,444,471,489,150,193,193,193,202,214,277,295,330,352,352,352,352,352,49,90,90],"floor_reached":57,"playtime":2232,"items_purged":["Strike_G","Defend_G","Defend_G","Decay"],"score":1380,"play_id":"0ea5a779-78cf-4824-99ac-19fea36a450e","local_time":"20201227143332","is_ascension_mode":true,"campfire_choices":[{"data":"Noxious Fumes","floor":7,"key":"SMITH"},{"data":"Dagger Spray","floor":12,"key":"SMITH"},{"data":"Neutralize","floor":16,"key":"SMITH"},{"data":"After Image","floor":25,"key":"SMITH"},{"data":"Accuracy","floor":28,"key":"SMITH"},{"data":"Crippling Poison","floor":31,"key":"SMITH"},{"data":"PiercingWail","floor":33,"key":"SMITH"},{"data":"Footwork","floor":42,"key":"SMITH"},{"floor":50,"key":"RECALL"},{"data":"After Image","floor":53,"key":"SMITH"}],"circlet_count":0,"master_deck":["Defend_G","Defend_G","Survivor","Neutralize+1","Blade Dance","PiercingWail+1","Noxious Fumes+1","Masterful Stab","Dagger Spray+1","Blur","After Image+1","Leg Sweep+1","Endless Agony+1","Accuracy+1","Die Die Die+1","Blur","PiercingWail","Flying Knee+1","Calculated Gamble","Crippling Poison+1","Venomology","Footwork","Footwork+1","Adrenaline","Blur+1","Dodge and Roll+1","After Image+1","Prepared+1","Cloak And Dagger+1","Accuracy","Backflip","Blade Dance+1"],"relics":["Ring of the Snake","Smiling Mask","MealTicket","Centennial Puzzle","Whetstone","Potion Belt","Astrolabe","Red Mask","Pocketwatch","Bottled Tornado","CeramicFish","Cursed Key","Bronze Scales","TheAbacus","Strawberry","Eternal Feather","Du-Vu Doll","Prayer Wheel","Bag of Preparation","Kunai"],"acts_visited":["Exordium","TheCity","TheBeyond","TheEnding"],"potions_floor_usage":[11,19,23,29,38,39,39,46,47,48,48,48,55,56,56,56,56,56,56],"damage_taken":[{"damage":0,"enemies":"2 Louse","floor":1,"turns":4},{"damage":0,"enemies":"Small Slimes","floor":2,"turns":3},{"damage":0,"enemies":"Jaw Worm","floor":3,"turns":3},{"damage":18,"enemies":"3 Sentries","floor":6,"turns":7},{"damage":4,"enemies":"2 Fungi Beasts","floor":8,"turns":3},{"damage":16,"enemies":"Lagavulin","floor":11,"turns":9},{"damage":4,"enemies":"Looter","floor":15,"turns":3},{"damage":0,"enemies":"The Guardian","floor":17,"turns":13},{"damage":0,"enemies":"2 Thieves","floor":19,"turns":3},{"damage":0,"enemies":"Shell Parasite","floor":22,"turns":6},{"damage":8,"enemies":"Masked Bandits","floor":23,"turns":4},{"damage":14,"enemies":"Slavers","floor":24,"turns":4},{"damage":11,"enemies":"Gremlin Leader","floor":26,"turns":8},{"damage":0,"enemies":"Shelled Parasite and Fungi","floor":29,"turns":6},{"damage":1,"enemies":"Book of Stabbing","floor":30,"turns":7},{"damage":0,"enemies":"Snake Plant","floor":32,"turns":6},{"damage":16,"enemies":"Champ","floor":34,"turns":23},{"damage":4,"enemies":"3 Darklings","floor":36,"turns":4},{"damage":2,"enemies":"Orb Walker","floor":38,"turns":4},{"damage":0,"enemies":"Spire Growth","floor":39,"turns":4},{"damage":4,"enemies":"Giant Head","floor":41,"turns":11},{"damage":20,"enemies":"Jaw Worm Horde","floor":45,"turns":2},{"damage":7,"enemies":"2 Orb Walkers","floor":46,"turns":7},{"damage":0,"enemies":"Maw","floor":47,"turns":10},{"damage":4,"enemies":"Reptomancer","floor":48,"turns":7},{"damage":2,"enemies":"Transient","floor":49,"turns":5},{"damage":6,"enemies":"Donu and Deca","floor":51,"turns":14},{"damage":12,"enemies":"Shield and Spear","floor":55,"turns":11},{"damage":22,"enemies":"The Heart","floor":56,"turns":8}],"seed_played":"-1546265565440034342","potions_obtained":[{"floor":6,"key":"BlessingOfTheForge"},{"floor":15,"key":"Energy Potion"},{"floor":17,"key":"Poison Potion"},{"floor":26,"key":"Regen Potion"},{"floor":29,"key":"ColorlessPotion"},{"floor":30,"key":"FearPotion"},{"floor":34,"key":"Explosive Potion"},{"floor":36,"key":"LiquidBronze"},{"floor":38,"key":"SteroidPotion"},{"floor":47,"key":"PowerPotion"},{"floor":55,"key":"LiquidBronze"}],"is_trial":false,"path_per_floor":["M","M","M","$","?","E","R","M","M","T","E","R","?","?","M","R","B",null,"M","?","?","M","?","E","R","E","T","R","M","E","R","M","R","B",null,"M","$","M","M","$","E","R","?","T","M","?","M","E","M","R","B",null,"R","$","E","B",null],"character_chosen":"THE_SILENT","items_purchased":["Noxious Fumes","Footwork","Adrenaline","Bronze Scales","TheAbacus","Bag of Preparation","Accuracy","Backflip"],"campfire_rested":0,"item_purchase_floors":[4,37,37,40,40,54,54,54],"current_hp_per_floor":[70,70,70,70,75,57,57,53,53,53,37,37,25,25,21,21,21,75,75,75,75,75,67,53,53,42,42,42,57,56,56,56,56,40,75,71,75,73,73,75,78,78,78,78,58,51,66,62,60,78,72,82,82,82,70,48],"gold":90,"neow_bonus":"RANDOM_COMMON_RELIC","is_daily":false,"chose_seed":false,"campfire_upgraded":9,"win_rate":0.0,"timestamp":1609040012,"path_taken":["M","M","M","$","?","E","R","M","M","T","E","R","?","?","?","R","BOSS","M","?","?","M","?","E","R","E","T","R","M","E","R","M","R","BOSS","M","$","M","M","$","E","R","?","T","M","?","M","E","M","R","BOSS","R","$","E","BOSS"],"items_purchased_type":["Card","Card","Card","Relic","Relic","Relic","Card","Card"],"build_version":"2020-12-22","purchased_purges":4,"victory":true,"max_hp_per_floor":[70,70,70,70,75,75,75,75,75,75,75,75,75,75,75,75,75,75,75,75,75,75,75,75,75,75,75,75,75,75,75,75,75,75,75,75,75,75,75,75,82,82,82,82,82,82,82,82,82,82,82,82,82,82,82,82],"card_choices":[{"not_picked":["Cloak And Dagger","Dagger Throw"],"picked":"Blade Dance","floor":1},{"not_picked":["Slice","Poisoned Stab"],"picked":"PiercingWail","floor":2},{"not_picked":["Sucker Punch","Distraction","Slice"],"picked":"SKIP","floor":3},{"not_picked":["Well Laid Plans","Finisher"],"picked":"Masterful Stab","floor":6},{"not_picked":["Skewer","Bane"],"picked":"Dagger Spray","floor":8},{"not_picked":["Eviscerate","Underhanded Strike"],"picked":"Blur","floor":11},{"not_picked":["Blade Dance","Sucker Punch","Eviscerate"],"picked":"SKIP","floor":15},{"not_picked":["Bullet Time","Storm of Steel"],"picked":"After Image","floor":17},{"not_picked":["Deflect","Underhanded Strike"],"picked":"Accuracy","floor":19},{"not_picked":["Catalyst+1","Infinite Blades+1"],"picked":"Blur","floor":22},{"not_picked":["Bouncing Flask","Dash"],"picked":"PiercingWail","floor":24},{"not_picked":["Expertise","Cloak And Dagger"],"picked":"Flying Knee+1","floor":26},{"not_picked":["Cloak And Dagger","Masterful Stab"],"picked":"Calculated Gamble","floor":29},{"not_picked":["Choke+1","Deflect"],"picked":"Crippling Poison","floor":30},{"not_picked":["Sucker Punch+1","Expertise","Finisher"],"picked":"SKIP","floor":32},{"not_picked":["A Thousand Cuts","Phantasmal Killer"],"picked":"Venomology","floor":34},{"not_picked":["Concentrate","Sucker Punch+1"],"picked":"Footwork","floor":36},{"not_picked":["Finisher","Flying Knee"],"picked":"Blur+1","floor":38},{"not_picked":["Dagger Spray","Flying Knee+1","Riddle With Holes+1"],"picked":"SKIP","floor":39},{"not_picked":["Quick Slash+1","Heel Hook"],"picked":"Dodge and Roll+1","floor":41},{"not_picked":["Dodge and Roll","Flying Knee","Concentrate+1"],"picked":"SKIP","floor":45},{"not_picked":["Noxious Fumes+1","Outmaneuver"],"picked":"After Image","floor":46},{"not_picked":["PiercingWail","Underhanded Strike","Bane+1"],"picked":"SKIP","floor":47},{"not_picked":["Expertise","Dagger Throw"],"picked":"Prepared+1","floor":48},{"not_picked":["Poisoned Stab","Concentrate"],"picked":"Cloak And Dagger+1","floor":49},{"not_picked":["Deflect","Setup+1","Bane"],"picked":"SKIP","floor":49},{"not_picked":["Deflect","Sucker Punch"],"picked":"Blade Dance+1","floor":55}],"player_experience":1833517,"relics_obtained":[{"floor":6,"key":"MealTicket"},{"floor":10,"key":"Centennial Puzzle"},{"floor":11,"key":"Whetstone"},{"floor":23,"key":"Red Mask"},{"floor":24,"key":"Pocketwatch"},{"floor":26,"key":"Bottled Tornado"},{"floor":30,"key":"CeramicFish"},{"floor":41,"key":"Strawberry"},{"floor":44,"key":"Eternal Feather"},{"floor":46,"key":"Du-Vu Doll"},{"floor":48,"key":"Prayer Wheel"},{"floor":55,"key":"Kunai"}],"event_choices":[{"damage_healed":0,"gold_gain":0,"player_choice":"Donut","damage_taken":0,"max_hp_gain":5,"max_hp_loss":0,"event_name":"Big Fish","floor":5,"gold_loss":0},{"damage_healed":0,"gold_gain":0,"player_choice":"Success","damage_taken":12,"relics_obtained":["Potion Belt"],"max_hp_gain":0,"max_hp_loss":0,"event_name":"Scrap Ooze","floor":13,"gold_loss":0},{"cards_removed":["Strike_G"],"damage_healed":0,"gold_gain":0,"player_choice":"Forget","damage_taken":0,"max_hp_gain":0,"max_hp_loss":0,"event_name":"Living Wall","floor":14,"gold_loss":0},{"cards_removed":["After Image"],"damage_healed":0,"gold_gain":0,"player_choice":"Take \u0026 Give","damage_taken":0,"max_hp_gain":0,"max_hp_loss":0,"event_name":"betterNote:BetterNote","floor":20,"gold_loss":0,"cards_obtained":["Die Die Die"]},{"cards_removed":["Strike_G"],"damage_healed":0,"gold_gain":0,"player_choice":"Elegance","damage_taken":0,"max_hp_gain":0,"max_hp_loss":0,"event_name":"Back to Basics","floor":21,"gold_loss":0},{"damage_healed":0,"gold_gain":0,"player_choice":"Fought Bandits","damage_taken":0,"max_hp_gain":0,"max_hp_loss":0,"event_name":"Masked Bandits","floor":23,"gold_loss":0},{"cards_removed":["Die Die Die"],"damage_healed":0,"gold_gain":0,"player_choice":"Removed Attack","damage_taken":0,"max_hp_gain":0,"max_hp_loss":0,"event_name":"Falling","floor":43,"gold_loss":0},{"damage_healed":0,"gold_gain":0,"player_choice":"Fight","damage_taken":0,"max_hp_gain":0,"max_hp_loss":0,"event_name":"Mysterious Sphere","floor":46,"gold_loss":0}],"is_beta":false,"boss_relics":[{"not_picked":["SlaversCollar","Fusion Hammer"],"picked":"Astrolabe"},{"not_picked":["Philosopher\u0027s Stone","HoveringKite"],"picked":"Cursed Key"}],"items_purged_floors":[4,37,40,54],"is_endless":false,"potions_floor_spawned":[6,15,17,26,29,30,34,36,38,41,47,55],"ascension_level":1}}