{"host":"lhth1efayex2023z","time":1609108429,"event":{"mods":["BaseMod","Colored Map","Googly Eyes","Minty Spire (QoL Compilation)","StSLib"],"gold_per_floor":[116,116,116,40,215,241,241,259,282,282,9,29,49,62,62,166,166,176,196,196,17,116,151,151,151,151],"floor_reached":25,"playtime":1006,"items_purged":["Doubt"],"score":378,"play_id":"5b51a81d-02f3-42f5-b41a-cb946e8eee08","local_time":"20201227153349","is_ascension_mode":true,"campfire_choices":[{"data":"Bash","floor":10,"key":"SMITH"},{"data":"Armaments","floor":15,"key":"SMITH"},{"data":"Barricade","floor":24,"key":"SMITH"}],"circlet_count":0,"master_deck":["AscendersBane","Strike_R","Strike_R+1","Strike_R+1","Strike_R","Defend_R","Defend_R","Defend_R","Defend_R+1","Bash+1","Flame Barrier+1","Shrug It Off","Cleave","Metallicize","Searing Blow","Evolve","Armaments+1","Rage","Rage+1","Barricade+1","Entrench","Entrench","Iron Wave"],"relics":["Burning Blood","NeowsBlessing","PreservedInsect","Toy Ornithopter","Orichalcum","Coffee Dripper","Membership Card","War Paint"],"acts_visited":["Exordium","TheCity"],"potions_floor_usage":[12,16,23,25],"damage_taken":[{"damage":0,"enemies":"Jaw Worm","floor":1,"turns":1},{"damage":0,"enemies":"3 Sentries","floor":6,"turns":2},{"damage":0,"enemies":"Small Slimes","floor":8,"turns":1},{"damage":3,"enemies":"2 Louse","floor":12,"turns":2},{"damage":0,"enemies":"Large Slime","floor":13,"turns":6},{"damage":2,"enemies":"Lots of Slimes","floor":14,"turns":5},{"damage":45,"enemies":"The Guardian","floor":16,"turns":20},{"damage":3,"enemies":"3 Byrds","floor":18,"turns":4},{"damage":6,"enemies":"Chosen","floor":19,"turns":9},{"damage":67,"enemies":"Slavers","floor":23,"turns":6},{"damage":57,"enemies":"Masked Bandits","floor":25,"turns":4}],"seed_played":"7624434521974135598","potions_obtained":[{"floor":1,"key":"Strength Potion"},{"floor":12,"key":"Regen Potion"},{"floor":14,"key":"Block Potion"},{"floor":18,"key":"FearPotion"},{"floor":23,"key":"BloodPotion"}],"is_trial":false,"path_per_floor":["M","?","?","$","?","E","?","M","T","R","$","M","M","M","R","B",null,"M","M","?","$","?","E","R","?"],"character_chosen":"IRONCLAD","items_purchased":["Shrug It Off","Cleave","Orichalcum","Armaments","Membership Card","Iron Wave"],"campfire_rested":0,"item_purchase_floors":[4,4,11,11,21,21],"current_hp_per_floor":[78,62,62,62,62,68,68,74,74,74,74,80,80,80,80,46,72,75,75,75,75,75,33,33,0,0],"gold":151,"neow_bonus":"THREE_ENEMY_KILL","is_daily":false,"chose_seed":false,"campfire_upgraded":3,"win_rate":0.0,"timestamp":1609108429,"path_taken":["M","?","?","$","?","E","?","M","T","R","$","M","?","M","R","BOSS","M","?","?","$","?","E","R","?"],"items_purchased_type":["Card","Card","Relic","Card","Relic","Card"],"build_version":"2020-12-22","purchased_purges":1,"victory":false,"max_hp_per_floor":[80,80,80,80,80,80,80,80,80,80,80,80,80,80,80,80,80,80,80,80,80,80,80,80,80,80],"card_choices":[{"not_picked":["Pommel Strike","Sentinel"],"picked":"Flame Barrier","floor":1},{"not_picked":["Entrench","Headbutt"],"picked":"Metallicize","floor":6},{"not_picked":["Cleave","Searing Blow"],"picked":"Evolve","floor":8},{"not_picked":["Wild Strike","Hemokinesis"],"picked":"Rage","floor":12},{"not_picked":["Anger","Pommel Strike"],"picked":"Rage","floor":13},{"not_picked":["Shrug It Off","Rupture","Anger"],"picked":"SKIP","floor":14},{"not_picked":["Bludgeon","Double Tap"],"picked":"Barricade","floor":16},{"not_picked":["Inflame","True Grit"],"picked":"Entrench","floor":18},{"not_picked":["Inflame","Rampage","Twin Strike"],"picked":"SKIP","floor":19},{"not_picked":["Shockwave","Armaments","Spot Weakness+1"],"picked":"SKIP","floor":23}],"player_experience":417538,"relics_obtained":[{"floor":6,"key":"PreservedInsect"},{"floor":9,"key":"Toy Ornithopter"},{"floor":23,"key":"War Paint"}],"event_choices":[{"damage_healed":0,"gold_gain":0,"player_choice":"Entered Light","damage_taken":16,"max_hp_gain":0,"max_hp_loss":0,"event_name":"Shining Light","floor":2,"gold_loss":0,"cards_upgraded":["Strike_R","Strike_R"]},{"damage_healed":0,"gold_gain":0,"player_choice":"Grow","damage_taken":0,"max_hp_gain":0,"max_hp_loss":0,"event_name":"Living Wall","floor":3,"gold_loss":0,"cards_upgraded":["Flame Barrier"]},{"damage_healed":0,"gold_gain":175,"player_choice":"AGREE","damage_taken":0,"max_hp_gain":0,"max_hp_loss":0,"event_name":"Liars Game","floor":5,"gold_loss":0,"cards_obtained":["Doubt"]},{"damage_healed":0,"gold_gain":0,"cards_transformed":["Strike_R"],"player_choice":"Transformed","damage_taken":0,"max_hp_gain":0,"max_hp_loss":0,"event_name":"Transmorgrifier","floor":7,"gold_loss":0,"cards_obtained":["Searing Blow"]},{"damage_healed":0,"gold_gain":0,"player_choice":"Read","damage_taken":0,"max_hp_gain":0,"max_hp_loss":0,"event_name":"The Library","floor":20,"gold_loss":0,"cards_obtained":["Entrench"]},{"damage_healed":0,"gold_gain":99,"player_choice":"Stole From Cult","damage_taken":0,"max_hp_gain":0,"max_hp_loss":0,"event_name":"Nest","floor":22,"gold_loss":0},{"damage_healed":0,"gold_gain":0,"player_choice":"Fought Bandits","damage_taken":0,"max_hp_gain":0,"max_hp_loss":0,"event_name":"Masked Bandits","floor":25,"gold_loss":0}],"is_beta":false,"boss_relics":[{"not_picked":["Ectoplasm","Runic Cube"],"picked":"Coffee Dripper"}],"items_purged_floors":[11],"is_endless":false,"potions_floor_spawned":[1,12,14,18,23],"killed_by":"Masked Bandits","ascension_level":11}}