{"host":"mhmdt6pir7l60j7a","time":1609046650,"event":{"mods":["BaseMod","Bestiary","Better Altar","Better Sensory Stone","Better Third Choice","Displayed Cursed Tome","Dota2Spire","Downfall","Hubris","Infinite Spire","Minty Spire (QoL Compilation)","Replay The Spire","StSLib","The Alterego","The Construct","Uncapped"],"gold_per_floor":[110,128,145,145,145,176,188,200,238,282,310,322,334,361,373,490,502,532,560,572,603,615,658,670,373,373,453,368,368,395,408,408,510,510,530,530,530,609,625,625,625,657,680,680,351,392,406,415,415,415],"floor_reached":51,"playtime":1911,"items_purged":["construct:Strike_Gold"],"score":806,"play_id":"76c79d83-ea77-4252-97b0-c157e4cf6256","local_time":"20201226222410","is_ascension_mode":true,"campfire_choices":[{"data":"construct:Autoturret","floor":12,"key":"SMITH"},{"data":"construct:Autoturret+1","floor":15,"key":"SMITH"},{"data":"construct:SpinDrive","floor":29,"key":"SMITH"},{"data":"construct:Synchronize","floor":32,"key":"SMITH"},{"data":"construct:Synchronize+1","floor":40,"key":"SMITH"},{"data":"construct:Autoturret","floor":44,"key":"SMITH"},{"floor":49,"key":"REST"}],"circlet_count":0,"master_deck":["construct:Strike_Gold","construct:Strike_Gold","construct:Strike_Gold","construct:Strike_Gold","construct:Defend_Gold","construct:Defend_Gold","construct:Defend_Gold","construct:Defend_Gold","construct:Defend_Gold","construct:DefenseMode","construct:GuardCore+1","construct:Autoturret+2","construct:Analyze","construct:BatteryAcid","construct:Synchronize+2","construct:ReactiveShield","construct:MassProduction","construct:Enhance+2","construct:Autoturret+2","construct:SpinDrive+1","construct:Accumulate","expansioncontent:Chronoboost","Mayhem","construct:Autoturret+1","construct:Disrupt","construct:Autoturret","construct:HardReboot","Impatience","construct:Hazardproof","infinitespire:Starlight"],"relics":["construct:ClockworkPhoenix","Pondfish Scales","MawBank","Replay:Rubber Ducky","Dota2Spire:Vanguard","Tiny Chest","hubris:ScarierMask","Mirror","hubris:SphereOfDissonance","DollysMirror","Replay:Accelerometer","infinitespire:EmpoweringShard","Turnip","Potion Belt","Runic Dome","hubris:BottledRain","Nunchaku","CeramicFish","Dota2Spire:BlackKingBar","Orichalcum","hubris:Backtick","Dota2Spire:Butterfly"],"acts_visited":["Exordium","TheCity","TheBeyond"],"potions_floor_usage":[16,30,42,50,50,50,50,50,50],"damage_taken":[{"damage":0,"enemies":"Cultist","floor":1,"turns":2},{"damage":2,"enemies":"Jaw Worm","floor":2,"turns":2},{"damage":2,"enemies":"2 Louse","floor":3,"turns":4},{"damage":26,"enemies":"Lagavulin","floor":6,"turns":7},{"damage":9,"enemies":"3 Sentries","floor":10,"turns":8},{"damage":3,"enemies":"Large Slime","floor":11,"turns":7},{"damage":0,"enemies":"Exordium Wildlife","floor":14,"turns":3},{"damage":0,"enemies":"Fading Forest","floor":16,"turns":11},{"damage":5,"enemies":"2 Thieves","floor":18,"turns":4},{"damage":3,"enemies":"Chosen","floor":19,"turns":5},{"damage":0,"enemies":"Snecko","floor":21,"turns":7},{"damage":19,"enemies":"Book of Stabbing","floor":23,"turns":8},{"damage":0,"enemies":"Slavers","floor":30,"turns":4},{"damage":0,"enemies":"Snake Plant","floor":31,"turns":5},{"damage":17,"enemies":"Collector","floor":33,"turns":7},{"damage":0,"enemies":"3 Darklings","floor":35,"turns":5},{"damage":0,"enemies":"3 Shapes","floor":39,"turns":4},{"damage":0,"enemies":"R_Hoarder","floor":42,"turns":8},{"damage":24,"enemies":"Nemesis","floor":46,"turns":8},{"damage":14,"enemies":"Writhing Mass","floor":47,"turns":5},{"damage":9,"enemies":"Replay:Hell Engine","floor":50,"turns":11}],"seed_played":"-534719717771225482","potions_obtained":[{"floor":2,"key":"Strength Potion"},{"floor":11,"key":"Dota2Spire:HealingSalve"},{"floor":14,"key":"SpeedPotion"},{"floor":16,"key":"Doom Potion"},{"floor":37,"key":"infinitespire:BlackPotion"},{"floor":37,"key":"Dexterity Potion"},{"floor":37,"key":"SkillPotion"},{"floor":39,"key":"champ:CounterPotion"},{"floor":42,"key":"Dota2Spire:Clarity"},{"floor":46,"key":"Elixir"}],"is_trial":false,"path_per_floor":["M","M","M","?","?","E","?","?","T","E","M","R","?","M","R","B",null,"M","M","T","M","?","E","?","$","T","T","?","R","E","M","R","B",null,"M","?","?","T","M","R","?","E","T","R","$","E","M","AVR","R","B",null],"character_chosen":"THE_CONSTRUCT_MOD","items_purchased":["DollysMirror","construct:SpinDrive","construct:Disrupt","construct:Autoturret","construct:HardReboot","Impatience"],"campfire_rested":1,"item_purchase_floors":[25,25,45,45,45,45],"current_hp_per_floor":[77,75,73,73,73,47,44,44,44,35,32,32,32,32,32,66,77,72,69,69,69,69,50,50,50,50,50,50,50,50,50,50,33,77,77,77,77,77,77,77,77,77,77,77,77,53,39,39,62,63],"gold":415,"neow_bonus":"ONE_RARE_RELIC","is_daily":false,"chose_seed":false,"campfire_upgraded":6,"win_rate":0.0,"timestamp":1609046650,"path_taken":["M","?","M","?","?","E","?","?","T","E","?","R","?","?","R","BOSS","M","M","?","?","?","E","?","$","T","?","?","R","E","M","R","BOSS","M","?","?","?","M","R","?","E","T","R","$","E","?","AVR","R","BOSS"],"items_purchased_type":["Relic","Card","Card","Card","Card","Card"],"build_version":"2020-12-22","purchased_purges":1,"victory":true,"max_hp_per_floor":[77,77,77,77,77,77,77,77,77,77,77,77,77,77,77,77,77,77,77,77,77,77,77,77,77,77,77,77,77,77,77,77,77,77,77,77,77,77,77,77,77,77,77,77,77,77,77,77,77,77],"card_choices":[{"not_picked":["construct:Accumulate","construct:Versatility"],"picked":"construct:GuardCore","floor":1},{"not_picked":["construct:FierceBash","construct:Boost"],"picked":"construct:Autoturret","floor":2},{"not_picked":["construct:ShiftStrike","construct:ClusterMines"],"picked":"construct:Analyze","floor":3},{"not_picked":["construct:Agitation","construct:Construct_Overclock"],"picked":"construct:BatteryAcid","floor":6},{"not_picked":["construct:NuclearCore","construct:Zapper","construct:HeavyBolt"],"picked":"SKIP","floor":10},{"not_picked":["construct:BatteryAcid","construct:HardReboot"],"picked":"construct:Synchronize","floor":11},{"not_picked":["construct:Anticipate","construct:CreateCores"],"picked":"construct:ReactiveShield","floor":14},{"not_picked":["construct:PanicFire","construct:Reserves"],"picked":"construct:MassProduction","floor":16},{"not_picked":["construct:CreateCores+1","construct:PhosphorStorm","construct:Backfire"],"picked":"SKIP","floor":18},{"not_picked":["construct:CreateCores+1","construct:PhosphorStorm","construct:Backfire"],"picked":"SKIP","floor":18},{"not_picked":["construct:Backfire+1","construct:Versatility"],"picked":"construct:Enhance+1","floor":19},{"not_picked":["construct:ShiftStrike","construct:PhosphorStorm","construct:FlammableFog+1"],"picked":"SKIP","floor":21},{"not_picked":["construct:Rollout","construct:HammerDown","construct:ShiftStrike"],"picked":"SKIP","floor":23},{"not_picked":["construct:FierceBash","construct:SweepLaser","construct:Stasis"],"picked":"SKIP","floor":30},{"not_picked":["construct:SuppressiveFire","construct:Forcefield","construct:Accumulate"],"picked":"SKIP","floor":31},{"not_picked":["construct:SuppressiveFire","construct:Forcefield"],"picked":"construct:Accumulate","floor":31},{"not_picked":["construct:Anticipate+1","construct:ClusterMines","construct:FocusedBeam"],"picked":"SKIP","floor":35},{"not_picked":["Poisoned Strike","expansioncontent:LastStand"],"picked":"expansioncontent:Chronoboost","floor":36},{"not_picked":["Poisoned Strike","expansioncontent:FaceSlap"],"picked":"Mayhem","floor":36},{"not_picked":["construct:ClusterMines","construct:HeavyBolt+1"],"picked":"construct:Autoturret","floor":39},{"not_picked":["construct:Rollout","construct:Stasis+1","construct:Reinforce"],"picked":"SKIP","floor":42},{"not_picked":["construct:Backup+1","construct:Tumble+1"],"picked":"construct:Hazardproof","floor":46},{"not_picked":["construct:Autoturret","construct:FocusedBeam+1","ReplayTheSpireMod:Mirror System"],"picked":"SKIP","floor":47}],"player_experience":15336,"relics_obtained":[{"floor":6,"key":"MawBank"},{"floor":9,"key":"Dota2Spire:Vanguard"},{"floor":10,"key":"Tiny Chest"},{"floor":20,"key":"Mirror"},{"floor":23,"key":"hubris:SphereOfDissonance"},{"floor":26,"key":"Replay:Accelerometer"},{"floor":27,"key":"infinitespire:EmpoweringShard"},{"floor":30,"key":"Potion Belt"},{"floor":38,"key":"hubris:BottledRain"},{"floor":42,"key":"Nunchaku"},{"floor":43,"key":"CeramicFish"},{"floor":46,"key":"Dota2Spire:BlackKingBar"}],"event_choices":[{"damage_healed":73,"gold_gain":0,"player_choice":"Embrace Burn","damage_taken":0,"max_hp_gain":0,"max_hp_loss":77,"event_name":"betterThird:BetterShining","floor":4,"gold_loss":0},{"damage_healed":0,"gold_gain":0,"player_choice":"Relic ","damage_taken":3,"max_hp_gain":0,"max_hp_loss":0,"event_name":"betterThird:BetterScrap","floor":7,"gold_loss":0,"cards_obtained":["Sanctity"]},{"damage_healed":0,"gold_gain":0,"player_choice":"Ignored","damage_taken":200,"max_hp_gain":0,"max_hp_loss":0,"event_name":"betterThird:BetterSerpent","floor":8,"gold_loss":0},{"damage_healed":0,"gold_gain":0,"player_choice":"Upgraded","damage_taken":0,"max_hp_gain":0,"max_hp_loss":0,"event_name":"Upgrade Shrine","floor":13,"gold_loss":0,"cards_upgraded":["construct:GuardCore"]},{"cards_removed":["construct:AttackMode"],"damage_healed":0,"gold_gain":0,"player_choice":"Purged","damage_taken":0,"max_hp_gain":0,"max_hp_loss":0,"event_name":"Purifier","floor":24,"gold_loss":0},{"damage_healed":0,"gold_gain":0,"player_choice":"Obtained Relic","damage_taken":0,"relics_obtained":["Turnip"],"max_hp_gain":0,"max_hp_loss":0,"event_name":"Addict","floor":28,"gold_loss":85},{"damage_healed":0,"gold_gain":3,"player_choice":"1","damage_taken":0,"max_hp_gain":0,"max_hp_loss":0,"event_name":"betterStone:BetterStone","floor":36,"gold_loss":0},{"damage_healed":0,"gold_gain":0,"player_choice":"Got Potions","damage_taken":0,"max_hp_gain":0,"max_hp_loss":0,"event_name":"Lab","floor":37,"gold_loss":0}],"is_beta":false,"boss_relics":[{"not_picked":["Busted Crown","Runic Pyramid"],"picked":"hubris:ScarierMask"},{"not_picked":["Cursed Key","Astrolabe"],"picked":"Runic Dome"}],"items_purged_floors":[45],"is_endless":false,"potions_floor_spawned":[2,11,14,16,18,19,39,42,46,47],"ascension_level":1}}