{"host":"c5slkkw8hp42e20v","time":1609037740,"event":{"mods":["AchievementEnabler","BaseMod","BetterRewards","Duelist Mod","GifTheSpireLib","Hermit","Highlight Path","Minty Spire (QoL Compilation)","StSLib","The Animator","The Hierophant","The Poker Player"],"gold_per_floor":[117,130,149,223,173,173,75,104,155,179,198,214,247,3,3,102,102,113,123,141,161,178,204,216,227,227,227,252,252,264,275,275,372,372,391,0,15,15,15,45,95,95,95,146,166,166,181,201,201,201],"floor_reached":51,"playtime":3847,"items_purged":["theDuelist:SummoningCurse","PokerPlayerMod:PoorCopy"],"score":958,"play_id":"85e1bf34-cdd8-4c1c-801f-1071b0435c3d","local_time":"20201226205540","is_ascension_mode":false,"metric_token":786,"campfire_choices":[{"data":"PokerPlayerMod:TrumpStrike","floor":6.0,"key":"SMITH"},{"data":"PokerPlayerMod:Mulligan","floor":15.0,"key":"SMITH"},{"floor":32.0,"key":"REST"},{"data":"1","floor":42,"key":"LIFT"},{"data":"2","floor":46,"key":"LIFT"},{"data":"3","floor":49,"key":"LIFT"}],"circlet_count":0,"master_deck":["PokerPlayerMod:Diamond1","PokerPlayerMod:Diamond2","PokerPlayerMod:Diamond3","PokerPlayerMod:Diamond4","PokerPlayerMod:Diamond5","PokerPlayerMod:Spade1","PokerPlayerMod:Spade2","PokerPlayerMod:Spade3","PokerPlayerMod:Spade7","PokerPlayerMod:Club1","PokerPlayerMod:Club2","PokerPlayerMod:Heart5","PokerPlayerMod:TrumpStrike+1","PokerPlayerMod:BadJoker","PokerPlayerMod:Mulligan+1","PokerPlayerMod:Heart8","PokerPlayerMod:Diamond1","PokerPlayerMod:Club2","PokerPlayerMod:Diamond4","PokerPlayerMod:Club6","PokerPlayerMod:DartThrow","PokerPlayerMod:ClubShade","PokerPlayerMod:CloakAndDiamond","PokerPlayerMod:TrumpStrike+1","PokerPlayerMod:Promotion","PokerPlayerMod:ClubDance+1","PokerPlayerMod:Diamond3","PokerPlayerMod:Spade4","PokerPlayerMod:CloakAndDiamond","PokerPlayerMod:Sharpen+1","PokerPlayerMod:JackOfSpades+1","PokerPlayerMod:RoyalStrike","PokerPlayerMod:Diamond5","PokerPlayerMod:Diamond5","PokerPlayerMod:Club8","PokerPlayerMod:Diamond4","PokerPlayerMod:DiamondStrike+1","PokerPlayerMod:Diamond4","PokerPlayerMod:Diamond7","PokerPlayerMod:Diamond5","PokerPlayerMod:Diamond5"],"relics":["PokerPlayerMod:DeckCase","Juzu Bracelet","Happy Flower","PokerPlayerMod:PenAndEraser","PokerPlayerMod:Splitter","Toy Ornithopter","Omamori","Vajra","Blood Vial","DollysMirror","PokerPlayerMod:AceCard","Strawberry","HornCleat","Kunai","Dream Catcher","Snecko Eye","Red Mask","Torii","Letter Opener","Girya","PokerPlayerMod:CoolBox","Ginger"],"acts_visited":["Exordium","TheCity","TheBeyond"],"potions_floor_usage":[48,48],"damage_taken":[{"damage":3.0,"enemies":"2 Louse","floor":1.0,"turns":2.0},{"damage":7.0,"enemies":"Jaw Worm","floor":2.0,"turns":3.0},{"damage":0.0,"enemies":"Small Slimes","floor":3.0,"turns":2.0},{"damage":36.0,"enemies":"Lagavulin","floor":8.0,"turns":5.0},{"damage":0.0,"enemies":"Looter","floor":11.0,"turns":2.0},{"damage":0.0,"enemies":"Blue Slaver","floor":12.0,"turns":2.0},{"damage":11.0,"enemies":"3 Sentries","floor":13.0,"turns":3.0},{"damage":22.0,"enemies":"Hexaghost","floor":16.0,"turns":7.0},{"damage":1.0,"enemies":"2 Thieves","floor":18.0,"turns":4.0},{"damage":5.0,"enemies":"Spheric Guardian","floor":19.0,"turns":3.0},{"damage":0.0,"enemies":"Snake Plant","floor":20.0,"turns":2.0},{"damage":3.0,"enemies":"Cultist and Chosen","floor":21.0,"turns":4.0},{"damage":0.0,"enemies":"Chosen and Byrds","floor":22.0,"turns":4.0},{"damage":15.0,"enemies":"Slavers","floor":23.0,"turns":3.0},{"damage":8.0,"enemies":"Centurion and Healer","floor":24.0,"turns":3.0},{"damage":9.0,"enemies":"Snake Plant","floor":25.0,"turns":3.0},{"damage":21.0,"enemies":"Book of Stabbing","floor":28.0,"turns":5.0},{"damage":15.0,"enemies":"Sentry and Sphere","floor":30.0,"turns":4.0},{"damage":0.0,"enemies":"Cultist and Chosen","floor":31.0,"turns":2.0},{"damage":54.0,"enemies":"Automaton","floor":33.0,"turns":8.0},{"damage":8,"enemies":"3 Darklings","floor":35,"turns":4},{"damage":0,"enemies":"Orb Walker","floor":37,"turns":3},{"damage":46,"enemies":"Giant Head","floor":40,"turns":8},{"damage":0,"enemies":"Mind Bloom Boss Battle","floor":41,"turns":4},{"damage":0,"enemies":"2 Orb Walkers","floor":44,"turns":2},{"damage":0,"enemies":"4 Shapes","floor":45,"turns":2},{"damage":0,"enemies":"Writhing Mass","floor":47,"turns":3},{"damage":1,"enemies":"Transient","floor":48,"turns":5},{"damage":57,"enemies":"Donu and Deca","floor":50,"turns":8}],"seed_played":"8132922712994472391","potions_obtained":[{"floor":2.0,"key":"PowerPotion"},{"floor":8.0,"key":"FearPotion"},{"floor":11.0,"key":"Ancient Potion"},{"floor":41,"key":"Regen Potion"},{"floor":44,"key":"PowerPotion"},{"floor":45,"key":"SneckoOil"}],"is_trial":false,"path_per_floor":["M","M","M","?","?","R","$","E","T","T","M","M","E","$","R","B",null,"M","M","M","M","M","E","M","M","T","?","E","?","M","M","R","B",null,"M","?","M","?","T","E","?","R","T","?","M","R","M","M","R","B",null],"character_chosen":"THE_POKER_PLAYER","items_purchased":["Juzu Bracelet","Happy Flower","PokerPlayerMod:Heart8","PokerPlayerMod:CardPrinter","PokerPlayerMod:PenAndEraser","PokerPlayerMod:Diamond1","PokerPlayerMod:Club6","DollysMirror"],"campfire_rested":1,"item_purchase_floors":[0,0,0,0,0,0,7,14],"current_hp_per_floor":[49,50,52,52,52,52,52,26,26,26,26,40,42,42,42,37,52,52,47,52,49,51,44,50,48,48,48,45,45,37,39,56,16,59,59,59,59,59,59,35,59,59,59,59,59,59,59,58,58,13],"gold":201,"neow_bonus":"","is_daily":false,"chose_seed":false,"campfire_upgraded":2,"win_rate":0.0,"timestamp":1609037740,"path_taken":["M","M","M","?","?","R","$","E","T","?","M","M","E","$","R","BOSS","M","M","M","M","M","E","M","M","T","?","E","?","M","M","R","BOSS","M","?","M","?","?","E","?","R","T","?","M","R","M","M","R","BOSS"],"items_purchased_type":["Relic","Relic","Card","Card","Relic","Card","Card","Relic"],"build_version":"2020-12-22","purchased_purges":2,"victory":true,"max_hp_per_floor":[52,52,52,52,52,52,52,52,52,52,52,52,52,52,52,52,52,52,52,52,52,52,59,59,59,59,59,59,59,59,59,59,59,59,59,59,59,59,59,59,59,59,59,59,59,59,59,59,59,59],"card_choices":[{"not_picked":["PokerPlayerMod:Diamond3","PokerPlayerMod:Configure"],"picked":"PokerPlayerMod:Club2","floor":1.0},{"not_picked":["PokerPlayerMod:CardBurn","PokerPlayerMod:ClubsClub","PokerPlayerMod:Spade1"],"picked":"SKIP","floor":2.0},{"not_picked":["PokerPlayerMod:Trickery","PokerPlayerMod:Diamond3"],"picked":"PokerPlayerMod:Diamond4","floor":3.0},{"not_picked":["PokerPlayerMod:RiskyBet","PokerPlayerMod:Heart9"],"picked":"PokerPlayerMod:DartThrow","floor":8.0},{"not_picked":["PokerPlayerMod:Raise","PokerPlayerMod:Configure"],"picked":"PokerPlayerMod:ClubShade","floor":11.0},{"not_picked":["PokerPlayerMod:FillThePot","PokerPlayerMod:MagicTrick"],"picked":"PokerPlayerMod:PoorCopy","floor":12.0},{"not_picked":["PokerPlayerMod:MagicTrick","PokerPlayerMod:CardBurn"],"picked":"PokerPlayerMod:CloakAndDiamond","floor":13.0},{"not_picked":["PokerPlayerMod:Heart9","PokerPlayerMod:SecretDealer"],"picked":"PokerPlayerMod:Promotion","floor":16.0},{"not_picked":["PokerPlayerMod:Diamond2","PokerPlayerMod:Diamond4"],"picked":"PokerPlayerMod:ClubDance+1","floor":18.0},{"not_picked":["PokerPlayerMod:Overdeal","PokerPlayerMod:Configure"],"picked":"PokerPlayerMod:Diamond3","floor":19.0},{"not_picked":["PokerPlayerMod:Club1","PokerPlayerMod:Fold"],"picked":"PokerPlayerMod:Spade4","floor":20.0},{"not_picked":["PokerPlayerMod:SpadeStrike","PokerPlayerMod:Spade2"],"picked":"PokerPlayerMod:CloakAndDiamond","floor":21.0},{"not_picked":["PokerPlayerMod:MagicTrick+1","PokerPlayerMod:Spade1","PokerPlayerMod:Duplicate"],"picked":"SKIP","floor":22.0},{"not_picked":["PokerPlayerMod:Diamond6","PokerPlayerMod:DartThrow"],"picked":"PokerPlayerMod:Sharpen+1","floor":23.0},{"not_picked":["PokerPlayerMod:Configure","PokerPlayerMod:Spade4"],"picked":"PokerPlayerMod:Manipulation+1","floor":24.0},{"not_picked":["PokerPlayerMod:Diamond2","PokerPlayerMod:SecondChance+1"],"picked":"PokerPlayerMod:Sharpen","floor":25.0},{"not_picked":["PokerPlayerMod:DartThrow","PokerPlayerMod:Spade4"],"picked":"PokerPlayerMod:JackOfSpades+1","floor":28.0},{"not_picked":["PokerPlayerMod:Overdeal+1","PokerPlayerMod:Trickery"],"picked":"PokerPlayerMod:RoyalStrike","floor":30.0},{"not_picked":["PokerPlayerMod:Trickery+1","PokerPlayerMod:Configure"],"picked":"PokerPlayerMod:Diamond5","floor":31.0},{"not_picked":["PokerPlayerMod:DamnStraight+1","PokerPlayerMod:HiddenCard+1"],"picked":"PokerPlayerMod:Diamond5","floor":32.0},{"not_picked":["PokerPlayerMod:TheDieIsCast","PokerPlayerMod:Spade10+"],"picked":"PokerPlayerMod:Club8","floor":33.0},{"not_picked":["PokerPlayerMod:Overdeal+1","PokerPlayerMod:Raise","PokerPlayerMod:CloakAndDiamond"],"picked":"SKIP","floor":35},{"not_picked":["PokerPlayerMod:Club2","PokerPlayerMod:Spade2"],"picked":"PokerPlayerMod:Diamond4","floor":37},{"not_picked":["PokerPlayerMod:ClubsClub","PokerPlayerMod:Diamond5"],"picked":"PokerPlayerMod:DiamondStrike+1","floor":40},{"not_picked":["PokerPlayerMod:Heart5","PokerPlayerMod:JackOfSpades"],"picked":"PokerPlayerMod:Diamond4","floor":41},{"not_picked":["PokerPlayerMod:Spade4","PokerPlayerMod:DiamondStrike"],"picked":"PokerPlayerMod:Diamond7","floor":44},{"not_picked":["PokerPlayerMod:ClubStrike+1","PokerPlayerMod:Raise+1"],"picked":"PokerPlayerMod:Diamond5","floor":45},{"not_picked":["PokerPlayerMod:Configure","PokerPlayerMod:Club4"],"picked":"PokerPlayerMod:Diamond5","floor":47},{"not_picked":["PokerPlayerMod:Diamond3","PokerPlayerMod:SpadeStrike+1","PokerPlayerMod:PoorCopy+1"],"picked":"SKIP","floor":48}],"player_experience":28336,"relics_obtained":[{"floor":8.0,"key":"Toy Ornithopter"},{"floor":9.0,"key":"Omamori"},{"floor":10.0,"key":"Vajra"},{"floor":13.0,"key":"Blood Vial"},{"floor":23.0,"key":"Strawberry"},{"floor":26.0,"key":"HornCleat"},{"floor":28.0,"key":"Kunai"},{"floor":39,"key":"Torii"},{"floor":40,"key":"Letter Opener"},{"floor":41,"key":"Girya"},{"floor":43,"key":"PokerPlayerMod:CoolBox"},{"floor":44,"key":"Ginger"}],"event_choices":[{"damage_healed":0.0,"max_hp_gain":0.0,"max_hp_loss":0.0,"gold_gain":74.0,"event_name":"Golden Wing","player_choice":"Gained Gold","floor":4.0,"gold_loss":0.0,"damage_taken":0.0},{"cards_removed":["PokerPlayerMod:CardPrinter"],"damage_healed":0.0,"max_hp_gain":0.0,"max_hp_loss":0.0,"gold_gain":0.0,"event_name":"The Cleric","player_choice":"Card Removal","floor":5.0,"gold_loss":50.0,"damage_taken":0.0},{"cards_removed":["PokerPlayerMod:Manipulation"],"damage_healed":0.0,"max_hp_gain":0.0,"max_hp_loss":0.0,"gold_gain":0.0,"event_name":"PokerPlayerMod:BackToBasicsPoker","player_choice":"Elegance","floor":27.0,"gold_loss":0.0,"damage_taken":0.0},{"damage_healed":0.0,"max_hp_gain":0.0,"max_hp_loss":0.0,"gold_gain":0.0,"event_name":"The Mausoleum","player_choice":"Opened","floor":29.0,"gold_loss":0.0,"damage_taken":0.0,"relics_obtained":["Dream Catcher"]},{"damage_healed":0,"gold_gain":0,"player_choice":"Paid","damage_taken":0,"relics_obtained":["Red Mask"],"max_hp_gain":0,"max_hp_loss":0,"event_name":"Tomb of Lord Red Mask","floor":36,"gold_loss":391},{"cards_removed":["PokerPlayerMod:Sharpen"],"damage_healed":0,"gold_gain":0,"player_choice":"Removed Power","damage_taken":0,"max_hp_gain":0,"max_hp_loss":0,"event_name":"Falling","floor":38,"gold_loss":0},{"damage_healed":0,"gold_gain":0,"player_choice":"Fight","damage_taken":0,"max_hp_gain":0,"max_hp_loss":0,"event_name":"MindBloom","floor":41,"gold_loss":0},{"damage_healed":0,"gold_gain":0,"player_choice":"Fight","damage_taken":0,"max_hp_gain":0,"max_hp_loss":0,"event_name":"Mysterious Sphere","floor":44,"gold_loss":0}],"is_beta":false,"boss_relics":[{"not_picked":["Velvet Choker","Astrolabe"],"picked":"PokerPlayerMod:AceCard"},{"not_picked":["SlaversCollar","SacredBark"],"picked":"Snecko Eye"}],"items_purged_floors":[0,14],"is_endless":false,"potions_floor_spawned":[2,8,11,21,22,24,28,31,37,41,44,45],"ascension_level":0}}