{"host":"6r3ioyv75hs1gp74","time":1609079154,"event":{"mods":["AchievementEnabler","BaseMod","Colored Map","Colored Powertips","Minty Spire (QoL Compilation)"],"gold_per_floor":[115,130,50,62,62,62,94,113,113,288,288,303,40,74,74,171,171,182,196,196,210,54,81,6,6,6,22,42,42,42,52,52,148,148,162,180,180,196,196,196],"floor_reached":39,"playtime":3189,"items_purged":["Doubt"],"score":438,"play_id":"fc91f1e9-b443-4137-b272-0163ada3e07e","local_time":"20201227142554","is_ascension_mode":false,"campfire_choices":[{"data":"Deflect","floor":6,"key":"SMITH"},{"data":"Panache","floor":11,"key":"SMITH"},{"data":"Calculated Gamble","floor":15,"key":"SMITH"},{"data":"Tools of the Trade","floor":25,"key":"SMITH"},{"data":"Dodge and Roll","floor":30,"key":"SMITH"},{"floor":32,"key":"REST"}],"circlet_count":0,"master_deck":["Strike_G+1","Strike_G","Strike_G","Strike_G","Defend_G","Defend_G","Defend_G","Defend_G","Survivor","Neutralize","Panache+1","Slice","Dodge and Roll+1","Deflect","Infinite Blades+1","Deflect+1","Noxious Fumes","Blade Dance","Calculated Gamble+1","Prepared","Masterful Stab","Tools of the Trade+1","Dagger Throw+1","Prepared+1","Iron Wave","Well Laid Plans","Writhe","Endless Agony","Venomology","Outmaneuver+1","Parasite"],"relics":["Ring of the Snake","Bottled Lightning","Letter Opener","Sling","Mercury Hourglass","HoveringKite","Whetstone","Torii","Oddly Smooth Stone","Lantern","Black Star"],"acts_visited":["Exordium","TheCity","TheBeyond"],"potions_floor_usage":[14,16,16,18,21,28,31,31,35,38,38],"damage_taken":[{"damage":0,"enemies":"Small Slimes","floor":1,"turns":5},{"damage":0,"enemies":"2 Louse","floor":2,"turns":3},{"damage":0,"enemies":"Jaw Worm","floor":4,"turns":4},{"damage":8,"enemies":"Lagavulin","floor":7,"turns":6},{"damage":1,"enemies":"Exordium Thugs","floor":8,"turns":4},{"damage":0,"enemies":"Gremlin Gang","floor":12,"turns":1},{"damage":5,"enemies":"Gremlin Nob","floor":14,"turns":4},{"damage":14,"enemies":"Hexaghost","floor":16,"turns":9},{"damage":11,"enemies":"2 Thieves","floor":18,"turns":3},{"damage":0,"enemies":"Spheric Guardian","floor":19,"turns":3},{"damage":6,"enemies":"Shelled Parasite and Fungi","floor":21,"turns":3},{"damage":0,"enemies":"Gremlin Leader","floor":23,"turns":4},{"damage":0,"enemies":"Chosen and Byrds","floor":27,"turns":3},{"damage":1,"enemies":"Sentry and Sphere","floor":28,"turns":4},{"damage":1,"enemies":"Centurion and Healer","floor":31,"turns":5},{"damage":50,"enemies":"Automaton","floor":33,"turns":9},{"damage":0,"enemies":"3 Darklings","floor":35,"turns":3},{"damage":9,"enemies":"3 Shapes","floor":36,"turns":3},{"damage":33,"enemies":"Writhing Mass","floor":38,"turns":6},{"damage":26,"enemies":"3 Darklings","floor":39,"turns":2}],"seed_played":"-6807175469030027349","potions_obtained":[{"floor":1,"key":"BlessingOfTheForge"},{"floor":12,"key":"Block Potion"},{"floor":14,"key":"Regen Potion"},{"floor":16,"key":"EntropicBrew"},{"floor":19,"key":"GhostInAJar"},{"floor":23,"key":"FearPotion"},{"floor":28,"key":"Weak Potion"},{"floor":31,"key":"Energy Potion"},{"floor":35,"key":"Energy Potion"}],"is_trial":false,"path_per_floor":["M","M","$","M","?","R","E","M","T","?","R","M","$","E","R","B",null,"M","M","?","M","$","E","?","R","T","M","M","?","R","M","R","B",null,"M","M","?","M","M"],"character_chosen":"THE_SILENT","items_purchased":["Deflect","Infinite Blades","Prepared","Sling","Whetstone"],"campfire_rested":1,"item_purchase_floors":[3,3,13,13,22],"current_hp_per_floor":[63,63,63,63,63,63,55,54,54,54,54,54,54,49,49,50,63,52,52,52,46,46,46,46,46,46,46,45,45,45,44,62,12,63,63,54,54,21,0,0],"gold":196,"neow_bonus":"RANDOM_COLORLESS_2","is_daily":false,"chose_seed":false,"campfire_upgraded":5,"win_rate":0.0,"timestamp":1609079154,"path_taken":["M","M","$","M","?","R","E","M","T","?","R","M","?","E","R","BOSS","M","M","?","?","$","E","?","R","T","M","M","?","R","M","R","BOSS","M","M","?","?","M"],"items_purchased_type":["Card","Card","Card","Relic","Relic"],"build_version":"2020-12-22","purchased_purges":1,"victory":false,"max_hp_per_floor":[63,63,63,63,63,63,63,63,63,63,63,63,63,63,63,63,63,63,63,63,63,63,63,63,63,63,63,63,63,63,63,63,63,63,63,63,63,63,63,63],"card_choices":[{"not_picked":["HandOfGreed","Magnetism"],"picked":"Panache","floor":0},{"not_picked":["PiercingWail","Acrobatics"],"picked":"Slice","floor":1},{"not_picked":["Expertise","PiercingWail"],"picked":"Dodge and Roll","floor":2},{"not_picked":["All Out Attack","Dagger Spray"],"picked":"Deflect","floor":4},{"not_picked":["Poisoned Stab","Outmaneuver"],"picked":"Noxious Fumes","floor":7},{"not_picked":["Tactician","Dodge and Roll"],"picked":"Blade Dance","floor":8},{"not_picked":["Terror","Eviscerate"],"picked":"Calculated Gamble","floor":12},{"not_picked":["Slice","Noxious Fumes"],"picked":"Masterful Stab","floor":14},{"not_picked":["Glass Knife","Wraith Form v2"],"picked":"Tools of the Trade","floor":16},{"not_picked":["Dagger Spray","Blur+1"],"picked":"Dagger Throw","floor":18},{"not_picked":["Underhanded Strike","Outmaneuver"],"picked":"Prepared+1","floor":19},{"not_picked":["Bane+1","Dagger Throw","Backflip"],"picked":"SKIP","floor":21},{"not_picked":["Predator","Dagger Spray","Bullet Time"],"picked":"SKIP","floor":23},{"not_picked":["PiercingWail","Leg Sweep","Riddle With Holes+1"],"picked":"SKIP","floor":27},{"not_picked":["Distraction","Predator"],"picked":"Well Laid Plans","floor":28},{"not_picked":["Well Laid Plans","Footwork"],"picked":"Endless Agony","floor":31},{"not_picked":["Unload","Corpse Explosion"],"picked":"Venomology","floor":33},{"not_picked":["Backflip+1","Skewer+1"],"picked":"Outmaneuver+1","floor":35},{"not_picked":["Predator","Noxious Fumes","Flying Knee"],"picked":"SKIP","floor":36},{"not_picked":["Bouncing Flask","Slice","Blur+1"],"picked":"SKIP","floor":38}],"player_experience":17086,"relics_obtained":[{"floor":7,"key":"Bottled Lightning"},{"floor":9,"key":"Letter Opener"},{"floor":14,"key":"Mercury Hourglass"},{"floor":23,"key":"Torii"},{"floor":26,"key":"Oddly Smooth Stone"}],"event_choices":[{"damage_healed":0,"gold_gain":0,"player_choice":"Grow","damage_taken":0,"max_hp_gain":0,"max_hp_loss":0,"event_name":"Living Wall","floor":5,"gold_loss":0,"cards_upgraded":["Infinite Blades"]},{"damage_healed":0,"gold_gain":175,"player_choice":"AGREE","damage_taken":0,"max_hp_gain":0,"max_hp_loss":0,"event_name":"Liars Game","floor":10,"gold_loss":0,"cards_obtained":["Doubt"]},{"cards_removed":["Defend_G"],"damage_healed":0,"gold_gain":0,"player_choice":"Took Card","damage_taken":0,"max_hp_gain":0,"max_hp_loss":0,"event_name":"NoteForYourself","floor":20,"gold_loss":0,"cards_obtained":["Iron Wave"]},{"cards_removed":["Strike_G"],"damage_healed":0,"gold_gain":0,"player_choice":"Gave Gold","damage_taken":0,"max_hp_gain":0,"max_hp_loss":0,"event_name":"Beggar","floor":24,"gold_loss":75},{"damage_healed":0,"gold_gain":0,"player_choice":"Opened","damage_taken":0,"relics_obtained":["Lantern"],"max_hp_gain":0,"max_hp_loss":0,"event_name":"The Mausoleum","floor":29,"gold_loss":0,"cards_obtained":["Writhe"]},{"damage_healed":0,"gold_gain":0,"player_choice":"Ignored","damage_taken":0,"max_hp_gain":0,"max_hp_loss":0,"event_name":"SecretPortal","floor":37,"gold_loss":0}],"is_beta":false,"boss_relics":[{"not_picked":["Runic Pyramid","Ectoplasm"],"picked":"HoveringKite"},{"not_picked":["Ring of the Serpent","Philosopher\u0027s Stone"],"picked":"Black Star"}],"items_purged_floors":[13],"is_endless":false,"potions_floor_spawned":[1,12,14,16,19,23,27,28,31,35],"killed_by":"3 Darklings","ascension_level":0}}