{"host":"0azimyi6n3ugndj4","time":1609100519,"event":{"mods":["2.2 Compatiblity","BaseMod","Bestiary","Conspire","Curses Come First","Defuse TimeMaze Blight","Hyrulean Relics","Infinite Spire","Minty Spire (QoL Compilation)","Relic Stats","Replay The Spire","StSLib","SuperFastMode","Uncapped","¡¼?Úª?ø«¡½REMEMod"],"gold_per_floor":[138,138,138,288,339,429,429,513,513,564,1,34,64,64,64,319,319,367,367,367,417,332,425,179,179,179,221,266,368,421,469,469,691,691,828,975,975,975],"floor_reached":37,"playtime":900,"items_purged":["Overencumbered","Replay:AllIn"],"score":1380,"play_id":"96739800-6b99-462c-a466-a0529f27c8e1","local_time":"20201228052159","daily_mods":["Shiny","Vintage","ControlledChaos","Diverse","Colorless Cards","Heirloom","Time Dilation","Flight","Elite Swarm","Lethality","Midas","Night Terrors","Binary"],"is_ascension_mode":true,"campfire_choices":[{"floor":15,"key":"REST"},{"data":"Blasphemy","floor":32,"key":"PURGE"}],"circlet_count":0,"master_deck":["AscendersBane","Brilliance","Devotion","LessonLearned","Vault","Alpha","Establishment","REME_WorshipGod","Replay:LoomingThreat","DeusExMachina","Judgement","ConjureBlade","REME_EmptyShield","MasterReality","Ragnarok","REME_CRH+1","Scrawl","Wish","Omniscience","SpiritShield","DevaForm","Hyperbeam","REME_ForAll","Machine Learning","Buffer","Mirror Shield","Seek","Echo Form","All For One","Reboot","Fission","Core Surge","Multi-Cast","Thunder Strike","Biased Cognition","REME_Shoggoth","Electrodynamics","ReplayRNGCard","ReplayTheSpireMod:Omega Cannon","Rainbow","Meteor Strike","Amplify","Creative AI","REME_ShadowForm","ReplayTheSpireMod:Necrosis","Corpse Explosion","Die Die Die","Atom Bomb","ReplayTheSpireMod:From All Sides","Adrenaline","Envenom","Doppelganger","Burst","Wraith Form v2","REME_SpectralBlade","Tools of the Trade","REME_CopyPotion","After Image","Poison Darts","A Thousand Cuts","Venomology","Replay:Bag of Tricks","Malaise","Phantasmal Killer","Night Terror","infinitespire:Neurotoxin","Unload","REME_GrazeFinale","Bullet Time","Storm of Steel","Glass Knife","Grand Finale","Double Tap","Demon Form","REME_ACTH","Fiend Fire","Eclipse","conspire:Purge","Berserk","Impervious","Juggernaut","Brutality","Demonic Infusion","conspire:HitWhereItHurts","Exhume","Offering","REME_Fury","Bludgeon","Feed","Replay:Many Hands","Limit Break","Corruption","Barricade","Hemogenesis","REME_TheLastStrike","Reaper","Immolate","Thinking Ahead","Metamorphosis","Master of Strategy","Magnetism","REME_HeartOfCthun","Chrysalis","Mayhem","REME_PuzzleBox","Secret Weapon","Midas Touch","ReplayTheSpireMod:Brewmster","REME_AllRoundStrike","Poisoned Strike","REME_MawOfCthun","REME_EyeOfCthun","REME_WheelOfFate","Sadistic Nature","Replay:Dark Deal+1","REME_Flogging","ReplayUltimateDefense","Transmutation","REME_BattleFury","HandOfGreed","ReplayTheSpireMod:Necrogeddon","Apotheosis","Panache","Violence","Secret Technique","REME_BodyOfCthun","The Bomb","Crow Ritual","REME_ProfessionalPlagiarism","Scrape","Zap","conspire:ExplosiveBarrier","REME_EyeOfCthun"],"relics":["Cracked Core","Frozen Eye","Busted Crown","REME_ComplimentaryCards","infinitespire:Joker Card","infinitespire:EmpoweringShard","infinitespire:Freezer","Ring of Panic","Ring of Peace","conspire:DeflatedDodgeball","Prayer Wheel","zeldaRelics:CourageTriforce","Centennial Puzzle","ReplayTheSpireMod:Shallot","Cauldron","Turnip","Meat on the Bone","ChewingGum","infinitespire:Eraser","Nilry\u0027s Codex","Incense Burner","zeldaRelics:WisdomTriforce","ReplayTheSpireMod:CursedCoin","DataDisk","Dream Catcher","Replay:Bronze Core","infinitespire:Magic Flask","Mirror","ReplayTheSpireMod:Ninjato","zeldaRelics:PowerPiece","Bottled Lightning","REME_ChargedStone","Lantern","StoneCalendar","War Paint"],"acts_visited":["Exordium","TheCity","TheBeyond"],"potions_floor_usage":[16,35,37],"damage_taken":[{"damage":5,"enemies":"2 Louse","floor":1,"turns":2},{"damage":8,"enemies":"Small Slimes","floor":5,"turns":2},{"damage":4,"enemies":"3 Sentries","floor":6,"turns":3},{"damage":0,"enemies":"Lagavulin","floor":8,"turns":3},{"damage":0,"enemies":"Jaw Worm","floor":10,"turns":2},{"damage":0,"enemies":"Large Slime","floor":12,"turns":2},{"damage":15,"enemies":"Exordium Thugs","floor":13,"turns":3},{"damage":100009,"enemies":"Fading Forest","floor":16,"turns":6},{"damage":0,"enemies":"Shell Parasite","floor":18,"turns":2},{"damage":0,"enemies":"Book of Stabbing","floor":23,"turns":2},{"damage":9,"enemies":"3 Byrds","floor":27,"turns":2},{"damage":0,"enemies":"Centurion and Healer","floor":28,"turns":2},{"damage":0,"enemies":"Nightmare","floor":29,"turns":1},{"damage":0,"enemies":"Snecko","floor":31,"turns":2},{"damage":0,"enemies":"Automaton","floor":33,"turns":5},{"damage":48,"enemies":"3 Shapes","floor":35,"turns":3},{"damage":0,"enemies":"2 Orb Walkers","floor":36,"turns":1},{"damage":0,"enemies":"infinitespire:Three Voidlings","floor":37,"turns":2},{"damage":45,"enemies":"Nightmare_Alpha","floor":37,"turns":7}],"seed_played":"926051539145170652","potions_obtained":[{"floor":1,"key":"Swift Potion"},{"floor":6,"key":"LifebloodPotion"},{"floor":11,"key":"REME_GoldPotion"},{"floor":27,"key":"Block Potion"},{"floor":28,"key":"ColorlessPotion"}],"is_trial":true,"path_per_floor":["M","?","?","?","M","E","?","E","T","M","$","M","M","?","R","B",null,"M","?","?","?","?","E","$","AVR","T","M","M","NM","T","M","R","B",null,"M","?","?"],"character_chosen":"DEFECT","items_purchased":["FairyPotion","ReplayTheSpireMod:Shallot","Cauldron","ReplayTheSpireMod:CursedCoin","DataDisk","Dream Catcher"],"campfire_rested":1,"item_purchase_floors":[11,11,11,24,24,24],"current_hp_per_floor":[59,59,59,59,51,47,47,47,47,47,47,47,32,32,66,21,55,55,34,34,34,34,34,34,34,34,40,40,40,40,40,40,40,62,26,38,0,0],"gold":975,"neow_bonus":"","is_daily":false,"chose_seed":false,"campfire_upgraded":0,"win_rate":0.0,"timestamp":1609100519,"path_taken":["M","?","?","?","?","E","?","E","T","M","?","?","M","?","R","BOSS","M","?","?","?","?","E","?","AVR","T","M","M","NM","?","M","R","BOSS","M","?","?"],"items_purchased_type":["Potion","Relic","Relic","Relic","Relic","Relic"],"build_version":"2020-12-22","purchased_purges":2,"victory":false,"max_hp_per_floor":[71,71,71,71,71,71,71,71,71,71,71,71,71,71,66,66,66,66,66,66,66,66,66,66,66,66,69,69,69,69,69,69,69,69,69,69,69,69],"relic_stats":{"Centennial Puzzle":[15],"Dream Catcher":0,"Busted Crown":30,"counters":[19,52],"Prayer Wheel":0,"StoneCalendar":[22],"Turnip":[3],"War Paint":["Replay:Dark Deal","REME_CRH"],"obtain_stats":[{"Lantern":35,"Nilry\u0027s Codex":19,"REME_ChargedStone":34,"StoneCalendar":36,"Incense Burner":22,"zeldaRelics:WisdomTriforce":29,"Frozen Eye":0,"Centennial Puzzle":10,"Dream Catcher":24,"Ring of Peace":3,"Replay:Bronze Core":25,"Prayer Wheel":6,"zeldaRelics:CouragePiece":6,"Ring of Panic":3,"infinitespire:Eraser":18,"Cracked Core":0,"zeldaRelics:PowerPiece":30,"zeldaRelics:WisdomPiece":23,"ReplayTheSpireMod:Ninjato":28,"ReplayTheSpireMod:CursedCoin":24,"infinitespire:Joker Card":0,"infinitespire:Magic Flask":25,"War Paint":37,"zeldaRelics:CourageTriforce":9,"Cauldron":11,"DataDisk":24,"Busted Crown":0,"ReplayTheSpireMod:Shallot":11,"ChewingGum":17,"Turnip":12,"infinitespire:EmpoweringShard":1,"Bottled Lightning":31,"conspire:DeflatedDodgeball":5,"Mirror":27,"REME_ComplimentaryCards":0,"infinitespire:Freezer":2,"Meat on the Bone":13},{"Lantern":16,"Nilry\u0027s Codex":9,"REME_ChargedStone":15,"StoneCalendar":17,"Incense Burner":9,"zeldaRelics:WisdomTriforce":13,"Frozen Eye":0,"Centennial Puzzle":5,"Dream Catcher":10,"Ring of Peace":1,"Replay:Bronze Core":10,"Prayer Wheel":3,"zeldaRelics:CouragePiece":3,"Ring of Panic":1,"infinitespire:Eraser":9,"Cracked Core":0,"zeldaRelics:PowerPiece":13,"zeldaRelics:WisdomPiece":10,"ReplayTheSpireMod:Ninjato":12,"ReplayTheSpireMod:CursedCoin":10,"infinitespire:Joker Card":0,"infinitespire:Magic Flask":10,"War Paint":19,"zeldaRelics:CourageTriforce":4,"Cauldron":5,"DataDisk":10,"Busted Crown":0,"ReplayTheSpireMod:Shallot":5,"ChewingGum":8,"Turnip":6,"infinitespire:EmpoweringShard":1,"Bottled Lightning":14,"conspire:DeflatedDodgeball":2,"Mirror":11,"REME_ComplimentaryCards":0,"infinitespire:Freezer":1,"Meat on the Bone":7},{"Lantern":42,"Nilry\u0027s Codex":25,"REME_ChargedStone":39,"StoneCalendar":43,"Incense Burner":25,"zeldaRelics:WisdomTriforce":32,"Frozen Eye":0,"Centennial Puzzle":12,"Dream Catcher":27,"Ring of Peace":2,"Replay:Bronze Core":27,"Prayer Wheel":7,"zeldaRelics:CouragePiece":7,"Ring of Panic":2,"infinitespire:Eraser":25,"Cracked Core":0,"zeldaRelics:PowerPiece":32,"zeldaRelics:WisdomPiece":27,"ReplayTheSpireMod:Ninjato":31,"ReplayTheSpireMod:CursedCoin":27,"infinitespire:Joker Card":0,"infinitespire:Magic Flask":27,"War Paint":46,"zeldaRelics:CourageTriforce":10,"Cauldron":12,"DataDisk":27,"Busted Crown":0,"ReplayTheSpireMod:Shallot":12,"ChewingGum":23,"Turnip":14,"infinitespire:EmpoweringShard":2,"Bottled Lightning":34,"conspire:DeflatedDodgeball":4,"Mirror":29,"REME_ComplimentaryCards":0,"infinitespire:Freezer":2,"Meat on the Bone":17}],"Meat on the Bone":48},"card_choices":[{"not_picked":[],"picked":"REME_EyeOfCthun","floor":23}],"player_experience":1448763,"relics_obtained":[{"floor":1,"key":"infinitespire:EmpoweringShard"},{"floor":2,"key":"infinitespire:Freezer"},{"floor":3,"key":"Ring of Panic"},{"floor":3,"key":"Ring of Peace"},{"floor":5,"key":"conspire:DeflatedDodgeball"},{"floor":6,"key":"zeldaRelics:CouragePiece"},{"floor":8,"key":"zeldaRelics:CouragePiece"},{"floor":9,"key":"zeldaRelics:CouragePiece"},{"floor":10,"key":"Centennial Puzzle"},{"floor":12,"key":"Turnip"},{"floor":13,"key":"Meat on the Bone"},{"floor":18,"key":"infinitespire:Eraser"},{"floor":19,"key":"Nilry\u0027s Codex"},{"floor":23,"key":"zeldaRelics:WisdomPiece"},{"floor":26,"key":"zeldaRelics:WisdomPiece"},{"floor":27,"key":"Mirror"},{"floor":28,"key":"ReplayTheSpireMod:Ninjato"},{"floor":29,"key":"zeldaRelics:WisdomPiece"},{"floor":30,"key":"zeldaRelics:PowerPiece"},{"floor":31,"key":"Bottled Lightning"},{"floor":35,"key":"Lantern"},{"floor":36,"key":"StoneCalendar"}],"event_choices":[{"damage_healed":0,"gold_gain":150,"player_choice":"AGREE","damage_taken":0,"max_hp_gain":0,"max_hp_loss":0,"event_name":"Liars Game","floor":4,"gold_loss":0,"cards_obtained":["Doubt"]},{"damage_healed":0,"gold_gain":0,"player_choice":"2 cards matched","damage_taken":0,"max_hp_gain":0,"max_hp_loss":0,"event_name":"Match and Keep!","floor":7,"gold_loss":0,"cards_obtained":["Zap","conspire:ExplosiveBarrier"]},{"cards_removed":["Doubt","Delirium"],"damage_healed":0,"gold_gain":0,"player_choice":"Removed Curses","damage_taken":0,"max_hp_gain":0,"max_hp_loss":0,"event_name":"Fountain of Cleansing","floor":14,"gold_loss":0},{"damage_healed":0,"gold_gain":0,"player_choice":"Obtained Book","damage_taken":21,"max_hp_gain":0,"max_hp_loss":0,"event_name":"Cursed Tome","floor":19,"gold_loss":0},{"damage_healed":0,"gold_gain":0,"player_choice":"Ignored","damage_taken":0,"max_hp_gain":0,"max_hp_loss":0,"event_name":"Vampires","floor":20,"gold_loss":0},{"damage_healed":0,"gold_gain":50,"player_choice":"Stole From Cult","damage_taken":0,"max_hp_gain":0,"max_hp_loss":0,"event_name":"Nest","floor":21,"gold_loss":0},{"damage_healed":0,"gold_gain":0,"player_choice":"Obtained Relic","damage_taken":0,"relics_obtained":["Incense Burner"],"max_hp_gain":0,"max_hp_loss":0,"event_name":"Addict","floor":22,"gold_loss":85},{"damage_healed":0,"gold_gain":0,"player_choice":"Fight","damage_taken":0,"max_hp_gain":0,"max_hp_loss":0,"event_name":"Mysterious Sphere","floor":36,"gold_loss":0}],"is_beta":false,"boss_relics":[{"not_picked":["Philosopher\u0027s Stone","Replay:Drink Me"],"picked":"ChewingGum"},{"not_picked":["Astrolabe","conspire:RunicOctahedron"],"picked":"REME_ChargedStone"}],"items_purged_floors":[24,25],"is_endless":true,"potions_floor_spawned":[1,6,10,12,27,28,31,33,37],"killed_by":"Nightmare_Alpha","ascension_level":20}}