{"host":"lonmk01vm2mxu21j","time":1609060311,"event":{"mods":["BaseMod","Colored Map","Downfall","Infinite Spire","Marisa£®ÏF”Í°°ƒß¿Ì…≥£©","Minty Spire (QoL Compilation)","Remilia£®¿Ÿ√◊¿Ú—«£©","Replay The Spire","StSLib","SuperFastMode","The Bug Knight","The Cursed","The Hierophant","The Poker Player","The Runesmith","Youmu£®ªÍ∆«—˝√Œ£©","[IsaacMod]“‘»ˆº‚À˛"],"gold_per_floor":[99,99,99,99,199,233,303,303,303,303,323,338,349,383,397,500,500,500,515,515,515,525,525,525,554,554,273,293,319,319,353,373,472,472,472,485,505,488,488,488,488,499,549,566,4,116,116,116,128,225,225,225,236,251,270,270,270,270,270],"floor_reached":57,"playtime":3137,"items_purged":["Slimebound:Strike_Slimebound","Slimebound:Defend_Slimebound","Slimebound:Strike_Slimebound","Slimebound:Defend_Slimebound","Slimebound:Strike_Slimebound"],"score":897,"play_id":"0f3a73b6-707b-4c1b-8baf-d95cd5b9e8d8","local_time":"20201227171151","is_ascension_mode":false,"campfire_choices":[{"floor":1,"key":"DIG"},{"data":"Slimebound:Split","floor":8,"key":"SMITH"},{"data":"Slimebound:LevelUp","floor":10,"key":"SMITH"},{"data":"Slimebound:Defend_Slimebound","floor":18,"key":"PURGE"},{"data":"Slimebound:MassRepurpose","floor":26,"key":"SMITH"},{"floor":35,"key":"DIG"},{"data":"Slimebound:PrepareCrush","floor":47,"key":"SMITH"},{"data":"Slimebound:ProtectTheBoss","floor":47,"key":"SMITH"}],"circlet_count":0,"master_deck":["Slimebound:Tackle","Slimebound:Defend_Slimebound","Slimebound:Split+1","Slimebound:CorrosiveSpit","BloodyBrimstone","Slimebound:LevelUp+1","Slimebound:SplitBruiser","Slimebound:FormOfPuddle","Slimebound:LevelUp","Slimebound:SplitMire+1","Slimebound:SplitMire+1","Slimebound:MassRepurpose+1","ReplayTheSpireMod:Book of Names","infinitespire:Collect","Slimebound:OneTwoCombo+1","Slimebound:SplitBruiser+1","Slimebound:Repurpose","infinitespire:Execution","Slimebound:AcidTongue","Slimebound:Recycling","Slimebound:ProtectTheBoss+1","Slimebound:PrepareCrush+1","Slimebound:SplitLeeching+1","Slimebound:LevelUp+1","Slimebound:Darklings","Slimebound:LevelUp+1","Thinking Ahead+1","Slimebound:SplitLeeching+1","Slimebound:Gluttony+1","Slimebound:WasteNot","Slimebound:Overexert+1"],"relics":["Slimebound:AbsorbEndCombat","HushsDoor","KeepersGift","downfall:HeartsMalice","HornCleat","White Beast Statue","infinitespire:ShieldingShard","Happy Flower","Black Star","Replay:Rubber Ducky","HollowMod:StagPassRelic","Kunai","Replay:Bottled Eggs","Oddly Smooth Stone","ReplayTheSpireMod:TigerMarble","HowToJump","Replay:Arrowhead","Slimebound:AggressiveSlimeRelic","SlaversCollar","BookOfRevelations","Vajra","Torii","BargainBundle","Snack Pack","Replay:Kaleidoscope","Runesmith:UraniumAnvil","Slimebound:ScrapOozeRelic"],"acts_visited":["Exordium","TheCity","TheBeyond","Exordium"],"potions_floor_usage":[6,6,6,14,14,25,25,29,31,33,43,50],"damage_taken":[{"damage":0,"enemies":"Cultist","floor":2,"turns":1},{"damage":0,"enemies":"2 Louse","floor":4,"turns":1},{"damage":0,"enemies":"downfall:LadyInBlue","floor":5,"turns":1},{"damage":10,"enemies":"3 Sentries","floor":6,"turns":5},{"damage":10,"enemies":"Jaw Worm","floor":11,"turns":3},{"damage":11,"enemies":"Blue Slaver","floor":12,"turns":3},{"damage":28,"enemies":"Exordium Thugs","floor":13,"turns":4},{"damage":31,"enemies":"Lagavulin","floor":14,"turns":4},{"damage":19,"enemies":"Large Slime","floor":15,"turns":5},{"damage":60,"enemies":"downfall:Ironclad","floor":16,"turns":6},{"damage":30,"enemies":"Shell Parasite","floor":19,"turns":4},{"damage":6,"enemies":"Spheric Guardian","floor":22,"turns":3},{"damage":14,"enemies":"Gremlin Leader","floor":25,"turns":4},{"damage":14,"enemies":"downfall:FleeingMerchant","floor":27,"turns":4},{"damage":6,"enemies":"Snake Plant","floor":28,"turns":3},{"damage":40,"enemies":"Nightmare","floor":29,"turns":5},{"damage":48,"enemies":"Book of Stabbing","floor":31,"turns":4},{"damage":25,"enemies":"Chosen and Byrds","floor":32,"turns":2},{"damage":28,"enemies":"downfall:Silent","floor":33,"turns":5},{"damage":8,"enemies":"3 Shapes","floor":36,"turns":4},{"damage":15,"enemies":"Orb Walker","floor":37,"turns":2},{"damage":19,"enemies":"downfall:FleeingMerchant","floor":38,"turns":1},{"damage":27,"enemies":"Transient","floor":42,"turns":5},{"damage":11,"enemies":"Mind Bloom Boss Battle","floor":43,"turns":2},{"damage":15,"enemies":"Maw","floor":44,"turns":4},{"damage":0,"enemies":"Sphere and 2 Shapes","floor":49,"turns":1},{"damage":23,"enemies":"downfall:Defect","floor":50,"turns":4},{"damage":0,"enemies":"Small Slimes","floor":53,"turns":2},{"damage":4,"enemies":"2 Louse","floor":54,"turns":1},{"damage":4,"enemies":"Jaw Worm","floor":55,"turns":1},{"damage":68,"enemies":"Nightmare","floor":57,"turns":4}],"seed_played":"2699534609002273718","potions_obtained":[{"floor":5,"key":"Venom Potion"},{"floor":5,"key":"CultistPotion"},{"floor":5,"key":"Guardian:BlockOnCardUsePotion"},{"floor":6,"key":"Fruit Juice"},{"floor":11,"key":"Venom Potion"},{"floor":12,"key":"SneckoOil"},{"floor":13,"key":"FearPotion"},{"floor":14,"key":"Toxic Potion"},{"floor":15,"key":"SteroidPotion"},{"floor":22,"key":"ColorlessPotion"},{"floor":27,"key":"champ:CounterPotion"},{"floor":28,"key":"ColorlessPotion"},{"floor":31,"key":"Weak Potion"},{"floor":32,"key":"SmokeBomb"},{"floor":33,"key":"Ancient Potion"},{"floor":38,"key":"SkillPotion"},{"floor":43,"key":"FearPotion"},{"floor":50,"key":"Fire Potion"}],"is_trial":false,"path_per_floor":["R_BF","M","?","M","?","E","T","R","?","R","M","M","M","E","M","B",null,"R_BF","M","?","AVR","M","?","T","E","R","$","M","NM","?","E","M","B",null,"R_BF","M","M","$","?","?","T","M","?","M","$","?","R","AVR","M","B",null,"R_BF","M","M","M","?","NM"],"character_chosen":"SLIMEBOUND","items_purchased":["Oddly Smooth Stone","Slimebound:SplitBruiser","Vajra","Slimebound:LevelUp","BargainBundle","Slimebound:LevelUp","Thinking Ahead","Snack Pack"],"campfire_rested":0,"item_purchase_floors":[27,27,38,38,45,45,45,45],"current_hp_per_floor":[60,60,60,60,60,62,62,62,62,62,62,62,47,36,45,29,59,59,51,37,37,51,51,51,55,55,53,52,37,37,35,46,53,53,53,53,49,53,53,53,53,49,53,53,53,40,40,40,44,53,53,53,53,53,53,53,0,0,0],"gold":270,"neow_bonus":"THREE_ENEMY_KILL","is_daily":false,"chose_seed":false,"campfire_upgraded":5,"win_rate":0.0,"timestamp":1609060311,"path_taken":["R_BF","M","?","M","?","E","T","R","?","R","M","M","M","E","M","BOSS","R_BF","M","?","AVR","M","?","T","E","R","$","M","NM","?","E","M","BOSS","R_BF","M","M","$","?","?","T","M","?","M","$","?","R","AVR","M","BOSS","R_BF","M","M","M","?","NM"],"items_purchased_type":["Relic","Card","Relic","Card","Relic","Card","Card","Relic"],"build_version":"2020-12-22","purchased_purges":5,"victory":false,"max_hp_per_floor":[60,60,60,60,60,62,62,62,62,62,62,62,62,59,59,59,59,59,59,59,59,59,59,59,56,56,53,53,53,53,53,53,53,53,53,53,53,53,53,53,53,53,53,53,53,53,53,53,53,53,53,53,53,53,53,53,53,53,53],"card_choices":[{"not_picked":[],"picked":"BloodyBrimstone","floor":0},{"not_picked":["Slimebound:Schlurp","Slimebound:LivingWall","Slimebound:DisruptingSlam"],"picked":"SKIP","floor":2},{"not_picked":["Slimebound:SlimeBarrage","Slimebound:Nibble"],"picked":"Slimebound:LevelUp","floor":4},{"not_picked":["Slimebound:SlimeBrawl","Slimebound:ItLooksTasty"],"picked":"Slimebound:SplitBruiser","floor":5},{"not_picked":["Slimebound:MegaLick","Slimebound:ComboTackle","Slimebound:LeechEnergy"],"picked":"SKIP","floor":6},{"not_picked":["Slimebound:SlimeBrawl","Slimebound:Replication","Slimebound:ViciousTackle"],"picked":"SKIP","floor":11},{"not_picked":["Slimebound:FirmFortitude","Slimebound:SlimeSlap"],"picked":"Slimebound:FormOfPuddle","floor":12},{"not_picked":["Slimebound:Repurpose","Slimebound:DisruptingSlam"],"picked":"Slimebound:LevelUp","floor":13},{"not_picked":["Slimebound:FinishingTackle","Slimebound:GoopSpray"],"picked":"Slimebound:SplitMire","floor":14},{"not_picked":["Slimebound:HauntingLick","Slimebound:MegaLick"],"picked":"Slimebound:SplitMire","floor":15},{"not_picked":["Slimebound:CheckThePlaybook","Slimebound:DuplicatedForm"],"picked":"Slimebound:MassRepurpose","floor":16},{"not_picked":["Slimebound:RollThrough","Slimebound:HauntingLick+1","Slimebound:FlameTackle"],"picked":"SKIP","floor":19},{"not_picked":["Replay:Fractal Strike","ReplayTheSpireMod:Haul"],"picked":"ReplayTheSpireMod:Book of Names","floor":20},{"not_picked":["Slimebound:LeechEnergy","Slimebound:PressTheAttack","Slimebound:GrowthPunch+1"],"picked":"SKIP","floor":22},{"not_picked":["Slimebound:SplitAcid+1","Slimebound:RollThrough","Slimebound:Chomp+1"],"picked":"SKIP","floor":25},{"not_picked":["Slimebound:Schlurp","Slimebound:RollThrough"],"picked":"Slimebound:OneTwoCombo","floor":27},{"not_picked":["Slimebound:LeechingTouch","Slimebound:GoopSpray"],"picked":"Slimebound:Repurpose","floor":28},{"not_picked":["infinitespire:SealOfDarkness+","infinitespire:NeuralNetwork"],"picked":"infinitespire:Execution","floor":29},{"not_picked":["Slimebound:BestDefense","Slimebound:SplitAcid"],"picked":"Slimebound:AcidTongue","floor":29},{"not_picked":["Slimebound:GoopSpray","Slimebound:LeechEnergy+1"],"picked":"Slimebound:Recycling","floor":31},{"not_picked":["Slimebound:LivingWall","Slimebound:SplitBruiser+1"],"picked":"Slimebound:ProtectTheBoss","floor":32},{"not_picked":["Slimebound:RallyTheTroops","Slimebound:DuplicatedForm"],"picked":"Slimebound:PrepareCrush","floor":33},{"not_picked":["Slimebound:Equalize+1","Slimebound:ViciousTackle"],"picked":"Slimebound:SplitLeeching+1","floor":36},{"not_picked":["Slimebound:DisruptingSlam","Slimebound:SlimeBrawl+1","Slimebound:FinishingTackle"],"picked":"SKIP","floor":37},{"not_picked":["Slimebound:MassRepurpose","Slimebound:SamplingLick","Slimebound:ViciousTackle"],"picked":"SKIP","floor":38},{"not_picked":["Slimebound:GrowthPunch","Slimebound:TongueLash","Slimebound:GoopTackle"],"picked":"SKIP","floor":42},{"not_picked":["Slimebound:SamplingLick+1","Slimebound:LeechingTouch+1","Slimebound:SlimeSpikes"],"picked":"SKIP","floor":44},{"not_picked":["Slimebound:SlimeBarrage","Slimebound:SplitMire"],"picked":"Slimebound:SplitLeeching+1","floor":46},{"not_picked":["Slimebound:ComboTackle+1","Slimebound:FinishingTackle"],"picked":"Slimebound:Gluttony+1","floor":46},{"not_picked":["Slimebound:GoopSpray","Slimebound:SplitBruiser+1"],"picked":"Slimebound:WasteNot","floor":49},{"not_picked":["Slimebound:PrepareCrush","Slimebound:RallyTheTroops"],"picked":"Slimebound:Overexert","floor":50},{"not_picked":["Slimebound:PressTheAttack","Slimebound:Equalize","Slimebound:SplitLeeching"],"picked":"SKIP","floor":53},{"not_picked":["Slimebound:ViciousTackle","Slimebound:FinishingTackle","Slimebound:GrowthPunch"],"picked":"SKIP","floor":54},{"not_picked":["Slimebound:Replication","Slimebound:Prepare","Slimebound:SlimeSpikes"],"picked":"SKIP","floor":55}],"player_experience":378467,"relics_obtained":[{"floor":1,"key":"HornCleat"},{"floor":5,"key":"White Beast Statue"},{"floor":6,"key":"Runesmith:AutoHammer"},{"floor":7,"key":"infinitespire:ShieldingShard"},{"floor":14,"key":"Happy Flower"},{"floor":24,"key":"HollowMod:StagPassRelic"},{"floor":25,"key":"Kunai"},{"floor":25,"key":"Replay:Bottled Eggs"},{"floor":29,"key":"ReplayTheSpireMod:TigerMarble"},{"floor":29,"key":"HowToJump"},{"floor":31,"key":"Replay:Arrowhead"},{"floor":31,"key":"Slimebound:AggressiveSlimeRelic"},{"floor":35,"key":"BookOfRevelations"},{"floor":43,"key":"Torii"}],"event_choices":[{"damage_healed":0,"gold_gain":0,"player_choice":"Ignored","damage_taken":0,"max_hp_gain":0,"max_hp_loss":0,"event_name":"NoteForYourself","floor":40,"gold_loss":0}],"is_beta":false,"boss_relics":[{"not_picked":["Kintsugi","Snecko Eye"],"picked":"Black Star"},{"not_picked":[]},{"not_picked":["Sozu","Slimebound:TarBlob"],"picked":"SlaversCollar"},{"not_picked":[]},{"not_picked":["Coffee Dripper","Velvet Choker","infinitespire:Cupcake"]}],"items_purged_floors":[21,27,38,45,48],"is_endless":true,"potions_floor_spawned":[6,11,12,13,14,15,16,19,22,25,27,28,31,32,33,36,37,38,42,43,44,49,50,53,54,55],"killed_by":"Nightmare","ascension_level":0}}