{"host":"gttgmv2wah99hzdm","time":1609032558,"event":{"mods":["AchievementEnabler","BaseMod","Bestiary","Block Reminder","Filter the Spire","Highlight Path","Minty Spire (QoL Compilation)","Permanent Neow","Random Character Button","Relic Stats","StSLib"],"gold_per_floor":[112,152,152,36,50,50,83,83,108,108,139,152,152,164,164,240,240,212,212,231,36,52,52,83,83,83],"floor_reached":25,"playtime":1487,"items_purged":["Pain"],"score":450,"play_id":"018a86cd-4502-4ea7-b745-b1ec5d5b52bf","local_time":"20201226192918","is_ascension_mode":true,"campfire_choices":[{"data":"Rip and Tear","floor":6,"key":"SMITH"},{"floor":8,"key":"REST"},{"floor":13,"key":"REST"},{"data":"Defragment","floor":15,"key":"SMITH"},{"floor":23,"key":"REST"}],"circlet_count":0,"master_deck":["AscendersBane","Strike_B","Strike_B","Strike_B","Strike_B","Defend_B","Defend_B","Defend_B","Defend_B","Zap+1","Dualcast","Rebound+1","Glacier","Rip and Tear+1","Echo Form","Conserve Battery+1","Conserve Battery+1","Fusion+1","Defragment+1","Electrodynamics","Hologram+1","Necronomicurse","Ball Lightning","Loop+1"],"relics":["Black Star","WarpedTongs","Blood Vial","Matryoshka","Gremlin Horn","War Paint","Toxic Egg 2","Ancient Tea Set","Nuclear Battery","Necronomicon","Runic Capacitor","Frozen Egg 2","Eternal Feather"],"acts_visited":["Exordium","TheCity"],"potions_floor_usage":[2,7,18,24],"damage_taken":[{"damage":4,"enemies":"2 Louse","floor":1,"turns":4},{"damage":6,"enemies":"Cultist","floor":2,"turns":4},{"damage":3,"enemies":"Small Slimes","floor":5,"turns":3},{"damage":20,"enemies":"Gremlin Nob","floor":7,"turns":4},{"damage":20,"enemies":"3 Sentries","floor":11,"turns":5},{"damage":0,"enemies":"Exordium Wildlife","floor":12,"turns":3},{"damage":0,"enemies":"2 Fungi Beasts","floor":14,"turns":3},{"damage":8,"enemies":"Slime Boss","floor":16,"turns":10},{"damage":1,"enemies":"2 Thieves","floor":18,"turns":4},{"damage":13,"enemies":"3 Byrds","floor":20,"turns":4},{"damage":15,"enemies":"Centurion and Healer","floor":22,"turns":5},{"damage":34,"enemies":"Slavers","floor":24,"turns":4},{"damage":16,"enemies":"Snake Plant","floor":25,"turns":2}],"seed_played":"-3326123411428232241","potions_obtained":[{"floor":1,"key":"ColorlessPotion"},{"floor":5,"key":"Strength Potion"},{"floor":11,"key":"CultistPotion"},{"floor":12,"key":"Swift Potion"},{"floor":20,"key":"Swift Potion"},{"floor":24,"key":"SpeedPotion"}],"is_trial":false,"path_per_floor":["M","M","?","$","M","R","E","R","T","?","E","M","R","M","R","B",null,"M","?","M","$","M","R","E","M"],"character_chosen":"DEFECT","items_purchased":["Rip and Tear","Runic Capacitor","Ball Lightning"],"campfire_rested":3,"item_purchase_floors":[4,21,21],"current_hp_per_floor":[60,54,54,54,51,51,31,52,52,52,34,36,57,59,59,53,67,68,47,36,36,23,44,12,0,0],"gold":83,"neow_bonus":"BOSS_RELIC","is_daily":false,"chose_seed":false,"campfire_upgraded":2,"win_rate":0.0,"timestamp":1609032558,"path_taken":["M","M","?","$","?","R","E","R","T","?","E","M","R","?","R","BOSS","M","?","M","$","M","R","E","M"],"items_purchased_type":["Card","Relic","Card"],"build_version":"2020-12-22","purchased_purges":1,"victory":false,"max_hp_per_floor":[71,71,71,71,71,71,71,71,71,71,71,71,71,71,71,71,71,71,71,71,71,71,71,71,71,71],"relic_stats":{"Blood Vial":18,"Gremlin Horn":[10,10],"counters":[13,55],"Eternal Feather":0,"Black Star":3,"Necronomicon":[0],"War Paint":["Zap","Conserve Battery"],"obtain_stats":[{"Gremlin Horn":9,"Eternal Feather":24,"Runic Capacitor":21,"War Paint":9,"Frozen Egg 2":24,"Ancient Tea Set":11,"WarpedTongs":3,"Nuclear Battery":17,"Blood Vial":7,"Matryoshka":7,"Black Star":0,"Necronomicon":19,"Toxic Egg 2":11,"Cracked Core":0},{"Gremlin Horn":4,"Eternal Feather":12,"Runic Capacitor":10,"War Paint":4,"Frozen Egg 2":12,"Ancient Tea Set":5,"WarpedTongs":2,"Nuclear Battery":8,"Blood Vial":4,"Matryoshka":4,"Black Star":0,"Necronomicon":9,"Toxic Egg 2":5,"Cracked Core":0},{"Gremlin Horn":15,"Eternal Feather":53,"Runic Capacitor":44,"War Paint":15,"Frozen Egg 2":53,"Ancient Tea Set":20,"WarpedTongs":8,"Nuclear Battery":36,"Blood Vial":15,"Matryoshka":15,"Black Star":0,"Necronomicon":40,"Toxic Egg 2":20,"Cracked Core":0}],"WarpedTongs":[44]},"card_choices":[{"not_picked":["Fusion","BootSequence"],"picked":"Rebound","floor":1},{"not_picked":["Barrage","Hologram"],"picked":"Glacier","floor":2},{"not_picked":["Conserve Battery","Force Field"],"picked":"Echo Form","floor":5},{"not_picked":["Reprogram","White Noise"],"picked":"Conserve Battery","floor":7},{"not_picked":["Rebound","Go for the Eyes"],"picked":"Conserve Battery+1","floor":11},{"not_picked":["Steam+1","Compile Driver"],"picked":"Fusion+1","floor":12},{"not_picked":["Go for the Eyes","Creative AI"],"picked":"Defragment","floor":14},{"not_picked":["Hyperbeam","Biased Cognition"],"picked":"Electrodynamics","floor":16},{"not_picked":["Conserve Battery+1","Lockon"],"picked":"Hologram+1","floor":18},{"not_picked":["Conserve Battery+1","Steam+1","Blizzard"],"picked":"SKIP","floor":20},{"not_picked":["Force Field+1","Streamline","Reprogram+1"],"picked":"SKIP","floor":22},{"not_picked":["Go for the Eyes","Barrage"],"picked":"Loop+1","floor":24}],"player_experience":974266,"relics_obtained":[{"floor":7,"key":"Blood Vial"},{"floor":7,"key":"Matryoshka"},{"floor":9,"key":"Gremlin Horn"},{"floor":9,"key":"War Paint"},{"floor":11,"key":"Toxic Egg 2"},{"floor":11,"key":"Ancient Tea Set"},{"floor":19,"key":"Necronomicon"},{"floor":24,"key":"Frozen Egg 2"},{"floor":24,"key":"Eternal Feather"}],"event_choices":[{"damage_healed":0,"gold_gain":0,"player_choice":"Rummage","damage_taken":0,"relics_obtained":["WarpedTongs"],"max_hp_gain":0,"max_hp_loss":0,"event_name":"Accursed Blacksmith","floor":3,"gold_loss":0,"cards_obtained":["Pain"]},{"damage_healed":0,"gold_gain":0,"player_choice":"Upgraded","damage_taken":0,"max_hp_gain":0,"max_hp_loss":0,"event_name":"Upgrade Shrine","floor":10,"gold_loss":0,"cards_upgraded":["Rebound"]},{"damage_healed":0,"gold_gain":0,"player_choice":"Obtained Book","damage_taken":21,"max_hp_gain":0,"max_hp_loss":0,"event_name":"Cursed Tome","floor":19,"gold_loss":0}],"is_beta":false,"boss_relics":[{"not_picked":["Velvet Choker","Runic Dome"],"picked":"Nuclear Battery"}],"items_purged_floors":[4],"is_endless":false,"potions_floor_spawned":[1,5,11,12,20,24],"killed_by":"Snake Plant","ascension_level":19}}