{"host":"l6e22pz6uluuhpt6","time":1609041378,"event":{"mods":["BaseMod","Downfall","Minty Spire (QoL Compilation)","StSLib"],"gold_per_floor":[99,111,126,146,159,159,159,159,14,31,48,74,74,90,107,209,209,134,145,17,30,40,40,91,106,137,22,34,49,49,75,89,184,184,34,51,69,54,65,65,65,65,81,81,108,186,215,235,250,250,250,278,133,133,133],"floor_reached":56,"playtime":3812,"items_purged":["champ:Strike","champ:Strike","champ:Strike"],"score":1382,"play_id":"01a9572a-704b-4351-9aea-0522177e09ba","local_time":"20201226225618","is_ascension_mode":true,"campfire_choices":[{"data":"champ:Devastate","floor":1,"key":"SMITH"},{"data":"champ:Taunt","floor":8,"key":"SMITH"},{"data":"champ:HoldFirm","floor":13,"key":"SMITH"},{"floor":18,"key":"RECALL"},{"data":"champ:DefensiveStyle","floor":23,"key":"SMITH"},{"data":"champ:EnGarde","floor":30,"key":"SMITH"},{"data":"champ:RageSigil","floor":35,"key":"SMITH"},{"data":"champ:ShieldSigil","floor":44,"key":"SMITH"},{"data":"champ:RageSigil","floor":54,"key":"SMITH"}],"circlet_count":0,"master_deck":["champ:Defend","champ:Defend","champ:Defend","champ:Defend","champ:Execute","champ:Taunt+1","champ:Devastate+1","champ:Circumvent","champ:RageSigil+1","champ:HoldFirm+1","champ:RageSigil+1","champ:RageSigil","champ:TornadoPunch","champ:ShieldThrow","champ:Circumvent","champ:MurderStrike","CurseOfTheBell","champ:DefensiveShout+1","champ:DefensiveShout","champ:DefensiveStyle+1","champ:EnGarde+1","champ:SkillfulDodge","champ:ViciousMockery+1","champ:ShieldSigil+1","champ:TornadoPunch","champ:EnGarde+1","champ:DefensiveStyle+1","champ:FocusedDefense"],"relics":["champ:ChampionCrown","Letter Opener","Darkstone Periapt","Calling Bell","Regal Pillow","Meat on the Bone","Mango","downfall:HeartBlessingGreen","Pantograph","Blood Vial","Coffee Dripper","downfall:HeartBlessingRed","downfall:HeartBlessingBlue","StoneCalendar","Akabeko","DollysMirror","Toy Ornithopter","Strawberry","Oddly Smooth Stone"],"acts_visited":["Exordium","TheCity","TheBeyond","TheEnding"],"potions_floor_usage":[16,16,16,20,25,27,33,36,45,47,55,55],"damage_taken":[{"damage":16,"enemies":"Jaw Worm","floor":2,"turns":3},{"damage":0,"enemies":"2 Louse","floor":3,"turns":3},{"damage":0,"enemies":"Cultist","floor":4,"turns":3},{"damage":12,"enemies":"Blue Slaver","floor":5,"turns":2},{"damage":5,"enemies":"downfall:FleeingMerchant","floor":9,"turns":4},{"damage":0,"enemies":"Exordium Thugs","floor":10,"turns":3},{"damage":5,"enemies":"Large Slime","floor":11,"turns":5},{"damage":11,"enemies":"3 Sentries","floor":12,"turns":13},{"damage":0,"enemies":"Blue Slaver","floor":14,"turns":2},{"damage":0,"enemies":"Red Slaver","floor":15,"turns":2},{"damage":19,"enemies":"downfall:Silent","floor":16,"turns":13},{"damage":20,"enemies":"3 Byrds","floor":19,"turns":6},{"damage":9,"enemies":"downfall:FleeingMerchant","floor":20,"turns":4},{"damage":0,"enemies":"Shell Parasite","floor":21,"turns":3},{"damage":0,"enemies":"Centurion and Healer","floor":22,"turns":5},{"damage":17,"enemies":"3 Cultists","floor":25,"turns":6},{"damage":7,"enemies":"Gremlin Leader","floor":26,"turns":5},{"damage":0,"enemies":"downfall:FleeingMerchant","floor":27,"turns":4},{"damage":0,"enemies":"Cultist and Chosen","floor":28,"turns":4},{"damage":0,"enemies":"Sentry and Sphere","floor":29,"turns":5},{"damage":16,"enemies":"Book of Stabbing","floor":31,"turns":5},{"damage":0,"enemies":"Centurion and Healer","floor":32,"turns":5},{"damage":40,"enemies":"downfall:Watcher","floor":33,"turns":6},{"damage":0,"enemies":"Orb Walker","floor":36,"turns":4},{"damage":8,"enemies":"3 Shapes","floor":37,"turns":5},{"damage":4,"enemies":"downfall:FleeingMerchant","floor":38,"turns":4},{"damage":0,"enemies":"Sphere and 2 Shapes","floor":39,"turns":4},{"damage":3,"enemies":"4 Shapes","floor":43,"turns":4},{"damage":18,"enemies":"Giant Head","floor":45,"turns":7},{"damage":0,"enemies":"downfall:FleeingMerchant","floor":46,"turns":1},{"damage":18,"enemies":"Nemesis","floor":47,"turns":3},{"damage":27,"enemies":"Transient","floor":48,"turns":5},{"damage":6,"enemies":"Jaw Worm Horde","floor":49,"turns":4},{"damage":0,"enemies":"downfall:Ironclad","floor":50,"turns":9},{"damage":6,"enemies":"downfall:CharBossMerchant","floor":52,"turns":7},{"damage":83,"enemies":"downfall:NeowBoss","floor":55,"turns":33}],"seed_played":"-1488139663019026050","potions_obtained":[{"floor":3,"key":"GamblersBrew"},{"floor":5,"key":"Weak Potion"},{"floor":12,"key":"SteroidPotion"},{"floor":15,"key":"Block Potion"},{"floor":16,"key":"BlessingOfTheForge"},{"floor":19,"key":"Weak Potion"},{"floor":22,"key":"AttackPotion"},{"floor":25,"key":"Block Potion"},{"floor":28,"key":"Fire Potion"},{"floor":32,"key":"SmokeBomb"},{"floor":36,"key":"Ancient Potion"},{"floor":39,"key":"Explosive Potion"},{"floor":43,"key":"LiquidMemories"},{"floor":45,"key":"SteroidPotion"},{"floor":47,"key":"Fruit Juice"}],"is_trial":false,"path_per_floor":["R","M","M","M","M","?","T","R","$","M","M","E","R","M","M","B",null,"R","M","$","M","M","R","T","M","E","$","M","M","R","E","M","B",null,"R","M","M","$","M","?","T","?","M","R","E","$","E","M","M","B",null,"E","$","R","B",null],"character_chosen":"THE_CHAMP","items_purchased":["champ:HoldFirm","champ:RageSigil","champ:DefensiveStyle","DollysMirror","Oddly Smooth Stone"],"campfire_rested":0,"item_purchase_floors":[9,9,20,46,53],"current_hp_per_floor":[90,79,79,79,67,67,67,67,67,67,67,61,61,61,61,42,110,110,90,86,86,86,86,86,74,67,67,67,67,67,63,65,64,110,120,120,112,110,112,112,112,112,111,111,95,97,91,71,67,94,125,126,126,126,71],"gold":133,"neow_bonus":"ONE_RANDOM_RARE_CARD","is_daily":false,"chose_seed":false,"campfire_upgraded":8,"win_rate":0.0,"timestamp":1609041378,"path_taken":["R","M","M","M","M","?","T","R","$","M","M","E","R","M","M","BOSS","R","M","$","M","M","R","T","M","E","$","M","M","R","E","M","BOSS","R","M","M","$","M","?","T","?","M","R","E","$","E","M","M","BOSS","E","$","R","BOSS"],"items_purchased_type":["Card","Card","Card","Relic","Relic"],"build_version":"2020-12-22","purchased_purges":3,"victory":true,"max_hp_per_floor":[90,90,90,90,90,90,90,90,90,90,90,90,90,90,90,90,110,110,110,110,110,110,110,110,110,110,110,110,110,110,110,110,110,110,120,120,120,120,120,120,120,120,120,120,120,120,125,125,125,125,125,132,132,132,132],"card_choices":[{"not_picked":["champ:CrookedStrike","champ:Haymaker","champ:Circumvent"],"picked":"SKIP","floor":2},{"not_picked":["champ:FlashCut","champ:Haymaker"],"picked":"champ:GladiatorsShout","floor":3},{"not_picked":["champ:ShieldWall","champ:DeathBlow"],"picked":"champ:Circumvent","floor":4},{"not_picked":["champ:FanOfKnives","champ:Backstep","champ:BerserkersShout"],"picked":"SKIP","floor":5},{"not_picked":["champ:CrookedStrike","champ:FanOfKnives"],"picked":"champ:RageSigil","floor":9},{"not_picked":["champ:EnragedBash","champ:Haymaker"],"picked":"champ:RageSigil","floor":10},{"not_picked":["champ:GladiatorsShout","champ:PerfectedStrike"],"picked":"champ:TornadoPunch","floor":11},{"not_picked":["champ:BerserkersShout","champ:Control","champ:RecklessLeap"],"picked":"SKIP","floor":12},{"not_picked":["champ:BerserkersShout","champ:Control","champ:RecklessLeap"],"picked":"SKIP","floor":12},{"not_picked":["champ:TornadoPunch","champ:FaceSlap"],"picked":"champ:ShieldThrow","floor":14},{"not_picked":["champ:CrookedStrike","champ:ArenaPreparation"],"picked":"champ:Circumvent","floor":15},{"not_picked":["champ:CrownThrow","champ:PerfectForm"],"picked":"champ:MurderStrike","floor":16},{"not_picked":["champ:Backstep","champ:Balance"],"picked":"champ:DefensiveShout+1","floor":19},{"not_picked":["champ:RageSigil","champ:BringItOn+1"],"picked":"champ:DefensiveShout","floor":20},{"not_picked":["champ:AdrenalArmor+1","champ:CheapShot"],"picked":"champ:EnGarde","floor":21},{"not_picked":["champ:BerserkersShout","champ:FanOfKnives+1"],"picked":"champ:SkillfulDodge","floor":22},{"not_picked":["champ:BerserkersShout","champ:GutPunch","champ:RecklessLeap"],"picked":"SKIP","floor":25},{"not_picked":["champ:PerfectedStrike","champ:RageSigil","champ:BerserkersShout+1"],"picked":"SKIP","floor":26},{"not_picked":["champ:SwordSigil","champ:FanOfKnives","champ:GladiatorStyle"],"picked":"SKIP","floor":27},{"not_picked":["champ:Riposte","champ:AdrenalArmor","champ:RisingSlash"],"picked":"SKIP","floor":28},{"not_picked":["champ:BerserkersShout+1","champ:PreciseThrust+1","champ:GladiatorStyle"],"picked":"SKIP","floor":29},{"not_picked":["champ:FightOn","champ:SwordSigil"],"picked":"champ:ViciousMockery+1","floor":31},{"not_picked":["champ:AdrenalArmor+1","champ:PerfectedStrike"],"picked":"champ:ShieldSigil","floor":32},{"not_picked":["champ:HeartStrike","champ:SkillfulDodge","champ:BringItOn"],"picked":"SKIP","floor":36},{"not_picked":["champ:BladeFlurry+1","champ:EndlessRage+1","champ:RageSigil"],"picked":"SKIP","floor":37},{"not_picked":["champ:StanceDance+1","champ:Control+1","champ:FanOfKnives+1"],"picked":"SKIP","floor":38},{"not_picked":["champ:FanOfKnives","champ:CalledShot","champ:ArenaPreparation"],"picked":"SKIP","floor":39},{"not_picked":["champ:SkillfulDodge+1","champ:Balance+1","champ:PerfectedStrike"],"picked":"SKIP","floor":43},{"not_picked":["champ:Lariat+1","champ:BringItOn+1","champ:CrookedStrike+1"],"picked":"SKIP","floor":45},{"not_picked":["champ:PerfectForm","champ:FightOn","champ:StanceDance"],"picked":"SKIP","floor":46},{"not_picked":["champ:RageSigil","champ:GutPunch","champ:StanceDance+1"],"picked":"SKIP","floor":47},{"not_picked":["champ:DefensiveShout","champ:FightOn"],"picked":"champ:DefensiveStyle+1","floor":48},{"not_picked":["champ:EndlessRage","champ:PerfectedStrike+1"],"picked":"champ:FocusedDefense","floor":49},{"not_picked":["champ:CrookedStrike+1","champ:FanOfKnives+1","champ:Haymaker+1"],"picked":"SKIP","floor":52}],"player_experience":262325,"relics_obtained":[{"floor":7,"key":"Letter Opener"},{"floor":12,"key":"Darkstone Periapt"},{"floor":17,"key":"Regal Pillow"},{"floor":17,"key":"Meat on the Bone"},{"floor":17,"key":"Mango"},{"floor":26,"key":"Pantograph"},{"floor":31,"key":"Blood Vial"},{"floor":41,"key":"StoneCalendar"},{"floor":45,"key":"Akabeko"},{"floor":47,"key":"Toy Ornithopter"},{"floor":52,"key":"Strawberry"}],"event_choices":[{"cards_removed":["champ:GladiatorsShout"],"damage_healed":0,"gold_gain":0,"player_choice":"Card Removal","damage_taken":0,"max_hp_gain":0,"max_hp_loss":0,"event_name":"The Cleric","floor":6,"gold_loss":0},{"damage_healed":0,"gold_gain":0,"player_choice":"Ignored","damage_taken":0,"max_hp_gain":0,"max_hp_loss":0,"event_name":"Mysterious Sphere","floor":40,"gold_loss":0},{"damage_healed":0,"gold_gain":0,"cards_transformed":["champ:Strike"],"player_choice":"Transformed","damage_taken":0,"max_hp_gain":0,"max_hp_loss":0,"event_name":"Transmorgrifier","floor":42,"gold_loss":0,"cards_obtained":["champ:TornadoPunch"]}],"is_beta":false,"boss_relics":[{"not_picked":["Snecko Eye","Fusion Hammer"],"picked":"Calling Bell"},{"not_picked":["champ:ChampionCrownUpgraded","expansioncontent:StudyCardRelic"],"picked":"Coffee Dripper"}],"items_purged_floors":[20,27,46],"is_endless":false,"potions_floor_spawned":[3,5,12,14,15,16,19,22,25,28,32,36,39,43,45,47],"ascension_level":1}}