{"host":"d8d3jqle49sogkjv","time":1609101398,"event":{"mods":["BaseMod","Colored Map","Colored Powertips","Minty Spire (QoL Compilation)","StSLib"],"gold_per_floor":[116,131,206,57,37,37,69,69,69,89,123,123,142,159,159,261,261,281,281,281,281,281],"floor_reached":21,"playtime":680,"items_purged":[],"score":286,"play_id":"b873dcee-3f05-4868-8598-45af686835e1","local_time":"20201227213638","is_ascension_mode":true,"campfire_choices":[{"data":"Zap","floor":6,"key":"SMITH"},{"floor":8,"key":"RECALL"},{"data":"Chaos","floor":12,"key":"SMITH"},{"data":"Glacier","floor":15,"key":"SMITH"}],"circlet_count":0,"master_deck":["Strike_B","Strike_B","Strike_B","Strike_B","Defend_B","Defend_B","Defend_B","Defend_B","Zap+1","Dualcast","Conserve Battery","Chaos+1","Glacier+1","Barrage+1","Electrodynamics","Fission","Writhe"],"relics":["Cracked Core","NeowsBlessing","Runic Capacitor","CaptainsWheel","Molten Egg 2","Mummified Hand","Philosopher\u0027s Stone","Turnip"],"acts_visited":["Exordium","TheCity"],"potions_floor_usage":[11,11,11,16,16,21,21,21],"damage_taken":[{"damage":0,"enemies":"Small Slimes","floor":1,"turns":1},{"damage":0,"enemies":"Cultist","floor":2,"turns":1},{"damage":0,"enemies":"Gremlin Nob","floor":7,"turns":1},{"damage":0,"enemies":"Jaw Worm","floor":10,"turns":4},{"damage":23,"enemies":"Lagavulin","floor":11,"turns":8},{"damage":0,"enemies":"Exordium Wildlife","floor":13,"turns":3},{"damage":0,"enemies":"2 Fungi Beasts","floor":14,"turns":2},{"damage":6,"enemies":"Hexaghost","floor":16,"turns":9},{"damage":40,"enemies":"3 Byrds","floor":18,"turns":3},{"damage":18,"enemies":"Masked Bandits","floor":21,"turns":2}],"seed_played":"2989754912892328803","potions_obtained":[{"floor":2,"key":"Strength Potion"},{"floor":5,"key":"EntropicBrew"},{"floor":11,"key":"FearPotion"},{"floor":16,"key":"PotionOfCapacity"},{"floor":18,"key":"Block Potion"}],"is_trial":false,"path_per_floor":["M","M","?","$","?","R","E","R","T","M","E","R","M","M","R","B",null,"M","?","?","?"],"character_chosen":"DEFECT","items_purchased":["Runic Capacitor"],"campfire_rested":0,"item_purchase_floors":[4],"current_hp_per_floor":[68,68,57,57,57,57,57,57,57,57,43,43,43,43,43,37,66,26,12,12,0,0],"gold":281,"neow_bonus":"THREE_ENEMY_KILL","is_daily":false,"chose_seed":false,"campfire_upgraded":3,"win_rate":0.0,"timestamp":1609101398,"path_taken":["M","M","?","$","?","R","E","R","T","M","E","R","?","M","R","BOSS","M","?","?","?"],"items_purchased_type":["Relic"],"build_version":"2020-12-22","purchased_purges":0,"victory":false,"max_hp_per_floor":[75,75,75,75,75,75,75,75,75,75,75,75,75,75,75,75,75,75,80,80,80,80],"card_choices":[{"not_picked":["Steam","Sweeping Beam"],"picked":"Conserve Battery","floor":1},{"not_picked":["Steam","Cold Snap","Go for the Eyes"],"picked":"SKIP","floor":2},{"not_picked":["Reinforced Body","Compile Driver","Hologram"],"picked":"SKIP","floor":7},{"not_picked":["Conserve Battery","Barrage+1"],"picked":"Chaos","floor":10},{"not_picked":["BootSequence","Heatsinks"],"picked":"Glacier","floor":11},{"not_picked":["Gash+1","Ball Lightning+1"],"picked":"Barrage+1","floor":13},{"not_picked":["Tempest","Undo"],"picked":"Electrodynamics","floor":14},{"not_picked":["Seek","Electrodynamics"],"picked":"Fission","floor":16},{"not_picked":["Beam Cell+1","Genetic Algorithm","Steam Power"],"picked":"SKIP","floor":18}],"player_experience":327841,"relics_obtained":[{"floor":7,"key":"CaptainsWheel"},{"floor":9,"key":"Molten Egg 2"},{"floor":11,"key":"Mummified Hand"}],"event_choices":[{"damage_healed":0,"gold_gain":75,"player_choice":"Gather Gold","damage_taken":11,"max_hp_gain":0,"max_hp_loss":0,"event_name":"World of Goop","floor":3,"gold_loss":0},{"damage_healed":0,"gold_gain":0,"player_choice":"Bought 1 Potion","damage_taken":0,"max_hp_gain":0,"max_hp_loss":0,"event_name":"The Woman in Blue","floor":5,"gold_loss":0},{"damage_healed":0,"gold_gain":0,"player_choice":"Shed Blood","damage_taken":19,"max_hp_gain":5,"max_hp_loss":0,"event_name":"Forgotten Altar","floor":19,"gold_loss":0},{"damage_healed":0,"gold_gain":0,"player_choice":"Opened","damage_taken":0,"relics_obtained":["Turnip"],"max_hp_gain":0,"max_hp_loss":0,"event_name":"The Mausoleum","floor":20,"gold_loss":0,"cards_obtained":["Writhe"]},{"damage_healed":0,"gold_gain":0,"player_choice":"Fought Bandits","damage_taken":0,"max_hp_gain":0,"max_hp_loss":0,"event_name":"Masked Bandits","floor":21,"gold_loss":0}],"is_beta":false,"boss_relics":[{"not_picked":["Tiny House","Snecko Eye"],"picked":"Philosopher\u0027s Stone"}],"items_purged_floors":[],"is_endless":false,"potions_floor_spawned":[2,11,16,18],"killed_by":"Masked Bandits","ascension_level":7}}