{"host":"phniwng9zo19jwdb","time":1609054914,"event":{"mods":["AchievementEnabler","BaseMod","Colored Powertips","Faster Ascension Climbing","GifTheSpireLib","Minty Spire (QoL Compilation)","Permanent Neow","Rare Cards Sparkle","Somnambulant","StSLib"],"gold_per_floor":[18,18,34,34,49,49,49],"floor_reached":6,"playtime":237,"items_purged":[],"score":54,"play_id":"ddf27e11-7db8-4bb9-bb16-b669a5bf4e42","local_time":"20201227084154","is_ascension_mode":true,"campfire_choices":[],"circlet_count":0,"master_deck":["AscendersBane","somnambulantmod: SomnambulantStrike","somnambulantmod: SomnambulantStrike","somnambulantmod: SomnambulantStrike","somnambulantmod: SomnambulantStrike","somnambulantmod: SomnambulantStrike","somnambulantmod: Defend_Somnambulant","somnambulantmod: Defend_Somnambulant","somnambulantmod: Defend_Somnambulant","somnambulantmod: Defend_Somnambulant","somnambulantmod: Defend_Somnambulant","somnambulantmod: QuickNap","somnambulantmod: PrimingPunch","somnambulantmod: SickeningSwathe","somnambulantmod: LayeredDefense"],"relics":["somnambulantmod: DreamJournal","Calipers","Golden Idol","Orichalcum"],"acts_visited":["Exordium"],"potions_floor_usage":[],"damage_taken":[{"damage":10,"enemies":"Jaw Worm","floor":1,"turns":7},{"damage":0,"enemies":"Small Slimes","floor":3,"turns":3},{"damage":3,"enemies":"2 Louse","floor":5,"turns":3},{"damage":16,"enemies":"Gremlin Nob","floor":6,"turns":3}],"seed_played":"-929802438086530221","potions_obtained":[],"is_trial":false,"path_per_floor":["M","?","M","?","M","E"],"character_chosen":"THE_SOMNAMBULANT","items_purchased":[],"campfire_rested":0,"item_purchase_floors":[],"current_hp_per_floor":[53,36,36,18,15,0,0],"gold":49,"neow_bonus":"ONE_RARE_RELIC","is_daily":false,"chose_seed":false,"campfire_upgraded":0,"win_rate":0.0,"timestamp":1609054914,"path_taken":["M","?","M","?","M","E"],"items_purchased_type":[],"build_version":"2020-12-22","purchased_purges":0,"victory":false,"max_hp_per_floor":[70,70,70,70,70,70,70],"card_choices":[{"not_picked":["somnambulantmod: MindWave","somnambulantmod: BadIdea"],"picked":"somnambulantmod: SickeningSwathe","floor":1},{"not_picked":["somnambulantmod: HeadSmack","somnambulantmod: Stimulus"],"picked":"somnambulantmod: LayeredDefense","floor":3},{"not_picked":["somnambulantmod: LeechFears","somnambulantmod: Sleepyhead","somnambulantmod: HappyThoughts"],"picked":"SKIP","floor":5}],"player_experience":22094,"relics_obtained":[],"event_choices":[{"damage_healed":0,"gold_gain":0,"player_choice":"Take Damage","damage_taken":17,"relics_obtained":["Golden Idol"],"max_hp_gain":0,"max_hp_loss":0,"event_name":"Golden Idol","floor":2,"gold_loss":0},{"damage_healed":0,"gold_gain":0,"player_choice":"Success","damage_taken":18,"relics_obtained":["Orichalcum"],"max_hp_gain":0,"max_hp_loss":0,"event_name":"Scrap Ooze","floor":4,"gold_loss":0}],"is_beta":false,"boss_relics":[],"items_purged_floors":[],"is_endless":false,"potions_floor_spawned":[],"killed_by":"Gremlin Nob","ascension_level":10}}