{"host":"65a95dzim48ko8ke","time":1609067943,"event":{"mods":["BaseMod","DeckTracker","Minty Spire (QoL Compilation)","Quick Restart","Rare Cards Sparkle","Slay-I","Spicy Shops","StSLib"],"gold_per_floor":[13,13,30,30,53,53,67,101,128,143,174,234,234,248,248,343,343,353,353,372,8,20,20,51,51,126,154,164,164,263,278,278,378,378,390,32,42,53,53,84,101,132,132,160,187,217,246,256,256,256],"floor_reached":51,"playtime":3782,"items_purged":[],"score":1130,"play_id":"d3593d76-59c4-4405-87a5-43fb50e54ca4","local_time":"20201227201903","is_ascension_mode":true,"campfire_choices":[{"data":"Regret","floor":6,"key":"PURGE"},{"data":"Flame Barrier","floor":15,"key":"SMITH"},{"data":"Apotheosis","floor":23,"key":"SMITH"},{"data":"Entrench","floor":25,"key":"PURGE"},{"data":"True Grit","floor":29,"key":"PURGE"},{"data":"True Grit","floor":32,"key":"SMITH"},{"data":"Immolate","floor":49,"key":"SMITH"}],"circlet_count":0,"master_deck":["Bash","Power Through","Anger","Thunderclap+1","Body Slam","Battle Trance","Rage+1","Shockwave","Flame Barrier+1","Reaper","Clothesline","Combust","Rampage","Clothesline","Reaper","Offering","Headbutt","Wild Strike","Necronomicurse","True Grit+1","Apotheosis+1","Clothesline","Flame Barrier","Feed","Iron Wave","True Grit+1","Immolate+1","Shrug It Off+1","Ghostly Armor","Rage","Iron Wave+1","Offering","Exhume","Iron Wave+1","Power Through+1","Rage+1"],"relics":["Burning Blood","Peace Pipe","StoneCalendar","Mummified Hand","Orichalcum","Vajra","Whetstone","Bronze Scales","WingedGreaves","Pandora\u0027s Box","Necronomicon","Anchor","Akabeko","Pen Nib","Mark of Pain","Gambling Chip","Smiling Mask","Oddly Smooth Stone","Meat on the Bone","CaptainsWheel","Lizard Tail","Bottled Flame","TungstenRod"],"acts_visited":["Exordium","TheCity","TheBeyond"],"potions_floor_usage":[11,12,28,42,50,50,50],"damage_taken":[{"damage":7,"enemies":"Jaw Worm","floor":1,"turns":3},{"damage":10,"enemies":"Cultist","floor":3,"turns":7},{"damage":0,"enemies":"2 Louse","floor":7,"turns":3},{"damage":30,"enemies":"Gremlin Nob","floor":8,"turns":5},{"damage":0,"enemies":"Exordium Wildlife","floor":10,"turns":4},{"damage":28,"enemies":"Lagavulin","floor":11,"turns":5},{"damage":11,"enemies":"Gremlin Nob","floor":12,"turns":4},{"damage":3,"enemies":"Gremlin Gang","floor":14,"turns":3},{"damage":7,"enemies":"Slime Boss","floor":16,"turns":7},{"damage":9,"enemies":"Shell Parasite","floor":18,"turns":5},{"damage":0,"enemies":"Chosen","floor":20,"turns":4},{"damage":0,"enemies":"Snake Plant","floor":22,"turns":4},{"damage":3,"enemies":"Book of Stabbing","floor":24,"turns":4},{"damage":19,"enemies":"Slavers","floor":27,"turns":3},{"damage":17,"enemies":"Cultist and Chosen","floor":28,"turns":7},{"damage":16,"enemies":"Chosen and Byrds","floor":31,"turns":7},{"damage":65,"enemies":"Champ","floor":33,"turns":11},{"damage":15,"enemies":"3 Shapes","floor":35,"turns":3},{"damage":8,"enemies":"3 Darklings","floor":37,"turns":6},{"damage":6,"enemies":"Jaw Worm Horde","floor":38,"turns":3},{"damage":41,"enemies":"Reptomancer","floor":40,"turns":7},{"damage":12,"enemies":"Transient","floor":41,"turns":5},{"damage":46,"enemies":"Giant Head","floor":42,"turns":7},{"damage":55,"enemies":"Reptomancer","floor":44,"turns":7},{"damage":35,"enemies":"Giant Head","floor":45,"turns":8},{"damage":12,"enemies":"Reptomancer","floor":46,"turns":4},{"damage":21,"enemies":"Giant Head","floor":47,"turns":6},{"damage":20,"enemies":"Maw","floor":48,"turns":7},{"damage":14,"enemies":"Donu and Deca","floor":50,"turns":7}],"seed_played":"-6730781278567039349","potions_obtained":[{"floor":1,"key":"Weak Potion"},{"floor":10,"key":"Explosive Potion"},{"floor":11,"key":"ColorlessPotion"},{"floor":12,"key":"CultistPotion"},{"floor":22,"key":"ColorlessPotion"},{"floor":24,"key":"AttackPotion"},{"floor":31,"key":"ElixirPotion"},{"floor":33,"key":"HeartOfIron"},{"floor":47,"key":"GamblersBrew"}],"is_trial":false,"path_per_floor":["M","?","M","?","T","R","M","E","T","M","E","?","?","M","R","B",null,"M","?","M","$","M","R","E","R","T","E","M","R","?","M","R","B",null,"M","$","M","M","?","E","M","E","T","E","E","E","E","M","R","B",null],"character_chosen":"IRONCLAD","items_purchased":["Apotheosis","Anchor","Clothesline","Gambling Chip","Ghostly Armor"],"campfire_rested":0,"item_purchase_floors":[21,21,21,36,36],"current_hp_per_floor":[71,71,67,67,67,67,73,49,49,55,33,28,28,31,31,30,68,65,49,73,73,80,80,80,80,80,80,77,77,77,75,75,40,70,83,83,83,87,87,82,76,54,54,60,70,85,79,87,87,91],"gold":256,"neow_bonus":"ONE_RARE_RELIC","is_daily":false,"chose_seed":false,"campfire_upgraded":4,"win_rate":0.0,"timestamp":1609067943,"path_taken":["M","?","?","?","?","R","M","E","T","?","E","?","?","M","R","BOSS","M","?","M","$","M","R","E","R","T","E","M","R","?","M","R","BOSS","M","$","M","M","?","E","M","E","T","E","E","E","E","M","R","BOSS"],"items_purchased_type":["Card","Relic","Card","Relic","Card"],"build_version":"2020-12-22","purchased_purges":0,"victory":true,"max_hp_per_floor":[80,80,80,80,80,80,80,80,80,80,80,80,80,80,80,80,80,80,80,80,80,80,80,80,80,80,80,80,80,80,80,80,80,80,83,83,83,87,87,87,87,87,87,87,87,91,91,91,91,91],"card_choices":[{"not_picked":["Flame Barrier","Body Slam"],"picked":"Power Through","floor":1},{"not_picked":["Dual Wield","Burning Pact"],"picked":"Anger","floor":3},{"not_picked":["Heavy Blade","Ghostly Armor"],"picked":"Thunderclap","floor":7},{"not_picked":["Combust","Power Through"],"picked":"Body Slam","floor":8},{"not_picked":["Ghostly Armor","Havoc"],"picked":"Battle Trance","floor":10},{"not_picked":["Havoc","Anger"],"picked":"Rage","floor":11},{"not_picked":["Wild Strike","Headbutt"],"picked":"Shockwave","floor":12},{"not_picked":["Havoc","Barricade"],"picked":"Flame Barrier","floor":14},{"not_picked":["Demon Form","Barricade"],"picked":"Reaper","floor":16},{"not_picked":["Blood for Blood+1","Sword Boomerang+1"],"picked":"Wild Strike","floor":18},{"not_picked":["Body Slam","Sword Boomerang"],"picked":"True Grit+1","floor":20},{"not_picked":["Havoc","Sword Boomerang","Twin Strike"],"picked":"SKIP","floor":22},{"not_picked":["Combust","Dark Embrace"],"picked":"Flame Barrier","floor":24},{"not_picked":["Dark Embrace","Perfected Strike"],"picked":"Feed","floor":27},{"not_picked":["Armaments","Shockwave"],"picked":"Iron Wave","floor":28},{"not_picked":["Havoc","Armaments+1"],"picked":"True Grit","floor":31},{"not_picked":["Berserk","Corruption"],"picked":"Immolate","floor":33},{"not_picked":["Perfected Strike+1","Clash"],"picked":"Shrug It Off+1","floor":35},{"not_picked":["Hemokinesis+1","Warcry"],"picked":"Rage","floor":37},{"not_picked":["Thunderclap","Cleave"],"picked":"Iron Wave+1","floor":38},{"not_picked":["Burning Pact+1","Pommel Strike+1"],"picked":"Exhume","floor":40},{"not_picked":["Perfected Strike","Reckless Charge+1","Wild Strike"],"picked":"SKIP","floor":41},{"not_picked":["Armaments+1","Corruption","Flex+1"],"picked":"SKIP","floor":42},{"not_picked":["Heavy Blade","Clothesline+1","Clash"],"picked":"SKIP","floor":44},{"not_picked":["Uppercut+1","Cleave","Entrench+1"],"picked":"SKIP","floor":45},{"not_picked":["Perfected Strike","Cleave+1"],"picked":"Iron Wave+1","floor":46},{"not_picked":["Havoc+1","Armaments"],"picked":"Power Through+1","floor":47},{"not_picked":["Clash","Entrench"],"picked":"Rage+1","floor":48}],"player_experience":281512,"relics_obtained":[{"floor":5,"key":"Orichalcum"},{"floor":8,"key":"Vajra"},{"floor":9,"key":"Whetstone"},{"floor":11,"key":"Bronze Scales"},{"floor":12,"key":"WingedGreaves"},{"floor":19,"key":"Necronomicon"},{"floor":24,"key":"Akabeko"},{"floor":27,"key":"Pen Nib"},{"floor":40,"key":"Smiling Mask"},{"floor":42,"key":"Oddly Smooth Stone"},{"floor":43,"key":"Meat on the Bone"},{"floor":44,"key":"CaptainsWheel"},{"floor":45,"key":"Lizard Tail"},{"floor":46,"key":"Bottled Flame"},{"floor":47,"key":"TungstenRod"}],"event_choices":[{"damage_healed":0,"gold_gain":0,"player_choice":"Gave Potion","damage_taken":0,"relics_obtained":["StoneCalendar"],"max_hp_gain":0,"max_hp_loss":0,"event_name":"WeMeetAgain","floor":2,"gold_loss":0},{"damage_healed":0,"gold_gain":0,"player_choice":"Box","damage_taken":0,"relics_obtained":["Mummified Hand"],"max_hp_gain":0,"max_hp_loss":0,"event_name":"Big Fish","floor":4,"gold_loss":0,"cards_obtained":["Regret"]},{"damage_healed":0,"gold_gain":30,"player_choice":"Searched \u00272\u0027 times","damage_taken":0,"max_hp_gain":0,"max_hp_loss":0,"event_name":"Dead Adventurer","floor":12,"gold_loss":0},{"damage_healed":0,"gold_gain":0,"player_choice":"Grow","damage_taken":0,"max_hp_gain":0,"max_hp_loss":0,"event_name":"Living Wall","floor":13,"gold_loss":0,"cards_upgraded":["Rage"]},{"damage_healed":0,"gold_gain":0,"player_choice":"Obtained Book","damage_taken":16,"max_hp_gain":0,"max_hp_loss":0,"event_name":"Cursed Tome","floor":19,"gold_loss":0},{"damage_healed":0,"gold_gain":99,"player_choice":"Stole From Cult","damage_taken":0,"max_hp_gain":0,"max_hp_loss":0,"event_name":"Nest","floor":30,"gold_loss":0},{"damage_healed":0,"gold_gain":0,"player_choice":"Copied","damage_taken":0,"max_hp_gain":0,"max_hp_loss":0,"event_name":"Duplicator","floor":39,"gold_loss":0,"cards_obtained":["Offering"]}],"is_beta":false,"boss_relics":[{"not_picked":["Tiny House","Black Blood"],"picked":"Pandora\u0027s Box"},{"not_picked":["SlaversCollar","Snecko Eye"],"picked":"Mark of Pain"}],"items_purged_floors":[],"is_endless":false,"potions_floor_spawned":[1,10,11,12,22,24,31,33,37,40,41,47],"ascension_level":6}}