{"host":"J","time":1609034167,"event":{"mods":["AchievementEnabler","BaseMod","Block Reminder","Highlight Path","Minty Spire (QoL Compilation)","Permanent Neow","Quick Restart","Relic Stats","UnlockEverythingMod"],"gold_per_floor":[11,11,29,48,59,84,97,140,140,180,180,219,248,285,285,371,371,400,419,448,448,448,487,487,487,487],"floor_reached":25,"playtime":2893,"items_purged":[],"score":535,"play_id":"443eb9e0-2cda-45fb-8009-8149f22e13e5","local_time":"20201227025607","is_ascension_mode":true,"campfire_choices":[{"data":"Storm","floor":11.0,"key":"SMITH"},{"data":"Creative AI","floor":15.0,"key":"SMITH"},{"floor":24,"key":"REST"}],"circlet_count":0,"master_deck":["AscendersBane","Strike_B","Strike_B","Strike_B","Strike_B","Defend_B","Defend_B","Defend_B","Defend_B","Zap","Dualcast","Genetic Algorithm","Cold Snap","Ball Lightning","Beam Cell","Storm+1","Electrodynamics","Cold Snap","Self Repair","Cold Snap","BootSequence","Blizzard","Genetic Algorithm","Creative AI+1","Cold Snap","Force Field","Undo","Skim","Echo Form","Fission","Loop","Ball Lightning","Recycle+1"],"relics":["Cracked Core","Prayer Wheel","Nunchaku","CeramicFish","Question Card","Symbiotic Virus","Happy Flower","Philosopher\u0027s Stone","HornCleat"],"acts_visited":["Exordium","TheCity"],"potions_floor_usage":[25],"damage_taken":[{"damage":6.0,"enemies":"2 Louse","floor":1.0,"turns":3.0},{"damage":0.0,"enemies":"Cultist","floor":3.0,"turns":3.0},{"damage":4.0,"enemies":"Small Slimes","floor":4.0,"turns":3.0},{"damage":5.0,"enemies":"3 Louse","floor":5.0,"turns":4.0},{"damage":5.0,"enemies":"3 Sentries","floor":6.0,"turns":3.0},{"damage":11.0,"enemies":"Lots of Slimes","floor":7.0,"turns":2.0},{"damage":10.0,"enemies":"Lagavulin","floor":8.0,"turns":6.0},{"damage":6.0,"enemies":"Gremlin Nob","floor":10.0,"turns":3.0},{"damage":5.0,"enemies":"3 Sentries","floor":12.0,"turns":6.0},{"damage":2.0,"enemies":"2 Fungi Beasts","floor":13.0,"turns":4.0},{"damage":0.0,"enemies":"Blue Slaver","floor":14.0,"turns":3.0},{"damage":22.0,"enemies":"The Guardian","floor":16.0,"turns":11.0},{"damage":0.0,"enemies":"Spheric Guardian","floor":18.0,"turns":4.0},{"damage":12.0,"enemies":"Shell Parasite","floor":19.0,"turns":5.0},{"damage":0.0,"enemies":"Chosen and Byrds","floor":20.0,"turns":6.0},{"damage":31,"enemies":"Slavers","floor":23,"turns":4},{"damage":37,"enemies":"Book of Stabbing","floor":25,"turns":5}],"seed_played":"2208959532727215054","potions_obtained":[{"floor":2.0,"key":"Regen Potion"},{"floor":2.0,"key":"SmokeBomb"},{"floor":4.0,"key":"GamblersBrew"},{"floor":8.0,"key":"Weak Potion"},{"floor":13.0,"key":"EssenceOfDarkness"}],"is_trial":false,"path_per_floor":["M","?","M","M","M","E","M","E","T","E","R","E","M","M","R","B",null,"M","M","M","?","?","E","R","E"],"character_chosen":"DEFECT","items_purchased":[],"campfire_rested":1,"item_purchase_floors":[],"current_hp_per_floor":[58,58,58,54,49,53,42,39,39,40,40,42,47,47,47,32,61,71,66,66,46,46,15,37,0,0],"gold":487,"neow_bonus":"ONE_RARE_RELIC","is_daily":false,"chose_seed":false,"campfire_upgraded":2,"win_rate":0.0,"timestamp":1609034167,"path_taken":["M","?","M","M","M","E","?","E","T","E","R","E","M","M","R","BOSS","M","M","M","?","?","E","R","E"],"items_purchased_type":[],"build_version":"2020-12-18","purchased_purges":0,"victory":false,"max_hp_per_floor":[71,71,71,71,71,71,71,71,71,71,71,71,71,71,71,71,71,71,71,71,76,76,76,76,76,76],"relic_stats":{"Nunchaku":[7],"Happy Flower":[14],"counters":[17,75],"CeramicFish":108,"Prayer Wheel":10,"Question Card":14,"obtain_stats":[{"Nunchaku":6,"HornCleat":23,"Happy Flower":12,"CeramicFish":8,"Prayer Wheel":0,"Philosopher\u0027s Stone":17,"Cracked Core":0,"Question Card":9,"Symbiotic Virus":10},{"Nunchaku":5,"HornCleat":16,"Happy Flower":9,"CeramicFish":7,"Prayer Wheel":0,"Philosopher\u0027s Stone":12,"Cracked Core":0,"Question Card":7,"Symbiotic Virus":8},{"Nunchaku":16,"HornCleat":70,"Happy Flower":33,"CeramicFish":24,"Prayer Wheel":0,"Philosopher\u0027s Stone":51,"Cracked Core":0,"Question Card":24,"Symbiotic Virus":27}]},"card_choices":[{"not_picked":["Stack","Hologram"],"picked":"Genetic Algorithm","floor":1.0},{"not_picked":["Beam Cell","Lockon"],"picked":"Cold Snap","floor":1.0},{"not_picked":["Melter","Lockon"],"picked":"Ball Lightning","floor":3.0},{"not_picked":["Redo","Hologram","Cold Snap"],"picked":"SKIP","floor":3.0},{"not_picked":["Barrage","Hologram"],"picked":"Beam Cell","floor":4.0},{"not_picked":["Hologram","Heatsinks"],"picked":"Storm","floor":4.0},{"not_picked":["Auto Shields","Genetic Algorithm"],"picked":"Electrodynamics","floor":5.0},{"not_picked":["Streamline","Beam Cell"],"picked":"Cold Snap","floor":5.0},{"not_picked":["Go for the Eyes","Compile Driver"],"picked":"Self Repair","floor":6.0},{"not_picked":["Force Field","Streamline"],"picked":"Cold Snap","floor":7.0},{"not_picked":["Doom and Gloom","Streamline"],"picked":"BootSequence","floor":7.0},{"not_picked":["Compile Driver","Recycle"],"picked":"Blizzard","floor":8.0},{"not_picked":["Go for the Eyes","Compile Driver","Sweeping Beam"],"picked":"Genetic Algorithm","floor":10.0},{"not_picked":["Undo","Go for the Eyes","Leap"],"picked":"Creative AI","floor":12.0},{"not_picked":["Beam Cell","Coolheaded","Sweeping Beam"],"picked":"Cold Snap","floor":13.0},{"not_picked":["Rebound","Genetic Algorithm","Steam"],"picked":"Force Field","floor":13.0},{"not_picked":["Hello World","Conserve Battery","Barrage"],"picked":"Undo","floor":14.0},{"not_picked":["Gash","Ball Lightning","Beam Cell"],"picked":"Skim","floor":14.0},{"not_picked":["Thunder Strike","Core Surge","Buffer"],"picked":"Echo Form","floor":16.0},{"not_picked":["Coolheaded","Fusion","Leap"],"picked":"Fission","floor":18.0},{"not_picked":["Sweeping Beam","Hologram","Steam","Doom and Gloom"],"picked":"SKIP","floor":18.0},{"not_picked":["Consume","Doom and Gloom+1","Conserve Battery"],"picked":"Loop","floor":19.0},{"not_picked":["Compile Driver","Barrage","Reprogram","Creative AI"],"picked":"SKIP","floor":19.0},{"not_picked":["Go for the Eyes","Rebound","Doom and Gloom"],"picked":"Ball Lightning","floor":20.0},{"not_picked":["FTL","Coolheaded","Barrage","Compile Driver"],"picked":"SKIP","floor":20.0},{"not_picked":["Scrape","Hologram","Ball Lightning"],"picked":"Recycle+1","floor":23}],"player_experience":194852,"relics_obtained":[{"floor":6.0,"key":"Nunchaku"},{"floor":8.0,"key":"CeramicFish"},{"floor":9.0,"key":"Question Card"},{"floor":10.0,"key":"Symbiotic Virus"},{"floor":12.0,"key":"Happy Flower"},{"floor":23,"key":"HornCleat"}],"event_choices":[{"damage_healed":0.0,"max_hp_gain":0.0,"max_hp_loss":0.0,"gold_gain":0.0,"event_name":"Lab","player_choice":"Got Potions","floor":2.0,"gold_loss":0.0,"damage_taken":0.0},{"damage_healed":0.0,"max_hp_gain":5.0,"max_hp_loss":0.0,"gold_gain":0.0,"event_name":"Forgotten Altar","player_choice":"Shed Blood","floor":21.0,"gold_loss":0.0,"damage_taken":25.0},{"damage_healed":0.0,"max_hp_gain":0.0,"max_hp_loss":0.0,"gold_gain":0.0,"event_name":"Cursed Tome","player_choice":"Ignored","floor":22.0,"gold_loss":0.0,"damage_taken":0.0}],"is_beta":true,"boss_relics":[{"not_picked":["Fusion Hammer","SacredBark"],"picked":"Philosopher\u0027s Stone"}],"items_purged_floors":[],"is_endless":false,"potions_floor_spawned":[3,4,5,8,13],"killed_by":"Book of Stabbing","ascension_level":20}}