{"host":"sav7uxregyirlf69","time":1609047355,"event":{"mods":["AchievementEnabler","BaseMod","Colored Map","DeckTracker","Keyboard Shortcuts","Minty Spire (QoL Compilation)","READ ME - Guardian Mod","StSLib","SuperFastMode"],"gold_per_floor":[116,116,129,0,19,47,47,97,97,116,116,130,130,144,144,218,218,236,286,286,6,24,24,52,52,78,78,78],"floor_reached":27,"playtime":417,"items_purged":["Strike_G","Strike_G"],"score":462,"play_id":"76ef58c9-ef64-4f22-9c48-2867f9e782c4","local_time":"20201227143555","is_ascension_mode":true,"campfire_choices":[{"data":"Crippling Poison","floor":7.0,"key":"SMITH"},{"data":"Terror","floor":11.0,"key":"SMITH"},{"data":"Malaise","floor":15.0,"key":"SMITH"},{"data":"Catalyst","floor":23.0,"key":"SMITH"},{"data":"Bullet Time","floor":25.0,"key":"SMITH"}],"circlet_count":0,"master_deck":["AscendersBane","Strike_G","Strike_G","Defend_G","Defend_G","Defend_G","Defend_G","Defend_G","Survivor","Neutralize","Cloak And Dagger","Crippling Poison+1","Poisoned Stab","Terror+1","Bouncing Flask","Malaise+1","Wraith Form v2","Footwork+1","Venomology","Catalyst+1","Bullet Time+1"],"relics":["Ring of the Snake","NeowsBlessing","Meat on the Bone","Molten Egg 2","Paper Crane","SacredBark","Blue Candle","Oddly Smooth Stone"],"acts_visited":["Exordium","TheCity"],"potions_floor_usage":[27],"damage_taken":[{"damage":0.0,"enemies":"Jaw Worm","floor":1.0,"turns":1.0},{"damage":0.0,"enemies":"Cultist","floor":3.0,"turns":1.0},{"damage":0.0,"enemies":"2 Louse","floor":5.0,"turns":1.0},{"damage":19.0,"enemies":"Gremlin Nob","floor":6.0,"turns":4.0},{"damage":21.0,"enemies":"Gremlin Gang","floor":10.0,"turns":3.0},{"damage":5.0,"enemies":"Blue Slaver","floor":12.0,"turns":4.0},{"damage":0.0,"enemies":"Exordium Wildlife","floor":14.0,"turns":3.0},{"damage":18.0,"enemies":"The Guardian","floor":16.0,"turns":9.0},{"damage":12.0,"enemies":"Shell Parasite","floor":18.0,"turns":8.0},{"damage":3.0,"enemies":"Spheric Guardian","floor":22.0,"turns":6.0},{"damage":19.0,"enemies":"Gremlin Leader","floor":24.0,"turns":6.0},{"damage":45,"enemies":"Slavers","floor":27,"turns":6}],"seed_played":"178578150085983620","potions_obtained":[{"floor":2.0,"key":"PowerPotion"},{"floor":2.0,"key":"Swift Potion"},{"floor":3.0,"key":"AttackPotion"},{"floor":12.0,"key":"SpeedPotion"},{"floor":14.0,"key":"CultistPotion"},{"floor":16.0,"key":"Energy Potion"},{"floor":22.0,"key":"SkillPotion"},{"floor":24.0,"key":"SpeedPotion"}],"is_trial":false,"path_per_floor":["M","?","M","$","M","E","R","?","T","M","R","M","?","M","R","B",null,"M","?","?","$","M","R","E","R","T","E"],"character_chosen":"THE_SILENT","items_purchased":["Poisoned Stab","Venomology"],"campfire_rested":0,"item_purchase_floors":[4,21],"current_hp_per_floor":[59,59,59,59,59,40,40,40,40,31,31,38,27,39,39,33,58,46,46,46,46,43,43,36,36,36,0,0],"gold":78,"neow_bonus":"THREE_ENEMY_KILL","is_daily":false,"chose_seed":false,"campfire_upgraded":5,"win_rate":0.0,"timestamp":1609047355,"path_taken":["M","?","M","$","?","E","R","?","T","?","R","M","?","M","R","BOSS","M","?","?","$","?","R","E","R","T","E"],"items_purchased_type":["Card","Card"],"build_version":"2020-12-22","purchased_purges":2,"victory":false,"max_hp_per_floor":[66,66,66,66,66,66,66,66,66,66,66,66,66,66,66,66,66,66,66,66,66,66,66,66,66,66,66,66],"card_choices":[{"not_picked":["Finisher","Slice"],"picked":"Cloak And Dagger","floor":1.0},{"not_picked":["Setup","Distraction"],"picked":"Crippling Poison","floor":3.0},{"not_picked":["Prepared","Riddle With Holes"],"picked":"Terror","floor":5.0},{"not_picked":["Dodge and Roll","Slice"],"picked":"Bouncing Flask","floor":6.0},{"not_picked":["Sucker Punch+1","Cloak And Dagger","Deadly Poison"],"picked":"SKIP","floor":10.0},{"not_picked":["Eviscerate+1","Prepared"],"picked":"Malaise","floor":12.0},{"not_picked":["Dodge and Roll","Deflect","Choke+1"],"picked":"SKIP","floor":14.0},{"not_picked":["Storm of Steel","Die Die Die+1"],"picked":"Wraith Form v2","floor":16.0},{"not_picked":["Slice+1","Dagger Throw+1"],"picked":"Footwork+1","floor":18.0},{"not_picked":["Calculated Gamble","Deflect"],"picked":"Catalyst","floor":22.0},{"not_picked":["Crippling Poison","Catalyst"],"picked":"Bullet Time","floor":24.0}],"player_experience":1015901,"relics_obtained":[{"floor":6.0,"key":"Meat on the Bone"},{"floor":9.0,"key":"Molten Egg 2"},{"floor":24.0,"key":"Blue Candle"},{"floor":26.0,"key":"Oddly Smooth Stone"}],"event_choices":[{"damage_healed":0.0,"max_hp_gain":0.0,"max_hp_loss":0.0,"gold_gain":0.0,"event_name":"Lab","player_choice":"Got Potions","floor":2.0,"gold_loss":0.0,"damage_taken":0.0},{"damage_healed":0.0,"max_hp_gain":0.0,"max_hp_loss":0.0,"gold_gain":50.0,"event_name":"Golden Shrine","player_choice":"Pray","floor":8.0,"gold_loss":0.0,"damage_taken":0.0},{"damage_healed":0.0,"max_hp_gain":0.0,"max_hp_loss":0.0,"gold_gain":0.0,"event_name":"Scrap Ooze","player_choice":"Success","floor":13.0,"gold_loss":0.0,"damage_taken":11.0,"relics_obtained":["Paper Crane"]},{"damage_healed":0.0,"max_hp_gain":0.0,"max_hp_loss":0.0,"gold_gain":50.0,"event_name":"Nest","player_choice":"Stole From Cult","floor":19.0,"gold_loss":0.0,"damage_taken":0.0},{"cards_removed":["Strike_G"],"damage_healed":0.0,"max_hp_gain":0.0,"max_hp_loss":0.0,"gold_gain":0.0,"event_name":"Purifier","player_choice":"Purged","floor":20.0,"gold_loss":0.0,"damage_taken":0.0}],"is_beta":false,"boss_relics":[{"not_picked":["Busted Crown","SlaversCollar"],"picked":"SacredBark"}],"items_purged_floors":[4,21],"is_endless":false,"potions_floor_spawned":[3,12,14,16,22,24],"killed_by":"Slavers","ascension_level":20}}