{"host":"cwd5s03r1oaxs6mx","time":1609083816,"event":{"mods":["Act Like it!","BaseMod","Better Third Choice","BetterRewards","CapriCore","Card Filter","Colored Map","Custom Start","DeckTracker","Friendly Minions","Hubris","Infinite Spire","Marisa£¨Ùöéë¡¡Øª×âÞÞ£©","Minty Spire (QoL Compilation)","Quick Restart","Relic Stats","Shop Mod","Spicy Shops","StSLib","SuperFastMode"],"gold_per_floor":[119,138,138,138,11,11,25,53,53,53,68,5,61,91,91,188,188,198,216,234,159,209,209,209,209],"floor_reached":24,"playtime":896,"items_purged":["Strike_MRS","Strike_MRS","Strike_MRS"],"score":309,"play_id":"4f0a5675-f13f-4a4e-9c4a-6ec1a8dab0c8","local_time":"20201228004336","is_ascension_mode":true,"campfire_choices":[{"data":"MasterSpark","floor":6,"key":"SMITH"},{"floor":10,"key":"REST"},{"floor":15,"key":"REST"},{"floor":23,"key":"REST"}],"circlet_count":0,"master_deck":["Defend_MRS","Defend_MRS","Defend_MRS","Defend_MRS","MasterSpark+1","UpSweep","BlazingStar+1","MagicChant+1","MilkyWay+1","AsteroidBelt+1","MasterSpark","MagicAbsorber+1","EscapeVelocity","Acceleration+1"],"relics":["MiniHakkero","Membership Card","Toxic Egg 2","DollysMirror","BreadOfAWashokuLover","hubris:BottledRain","Question Card","infinitespire:EmpoweringShard","hubris:ScarierMask"],"acts_visited":["Exordium","TheCity"],"potions_floor_usage":[13,16],"damage_taken":[{"damage":4,"enemies":"2 Louse","floor":1,"turns":3},{"damage":0,"enemies":"Cultist","floor":2,"turns":2},{"damage":13,"enemies":"Small Slimes","floor":7,"turns":3},{"damage":36,"enemies":"Gremlin Nob","floor":8,"turns":4},{"damage":11,"enemies":"Looter","floor":11,"turns":2},{"damage":4,"enemies":"Gremlin Nob","floor":13,"turns":3},{"damage":13,"enemies":"3 Sentries","floor":14,"turns":5},{"damage":21,"enemies":"Hexaghost","floor":16,"turns":9},{"damage":5,"enemies":"Chosen","floor":18,"turns":3},{"damage":29,"enemies":"Shell Parasite","floor":19,"turns":6},{"damage":5,"enemies":"Chosen and Byrds","floor":20,"turns":3},{"damage":51,"enemies":"Book of Stabbing","floor":24,"turns":4}],"seed_played":"-3167259828853049673","potions_obtained":[{"floor":1,"key":"infinitespire:BlackPotion"},{"floor":2,"key":"DistilledChaos"},{"floor":14,"key":"SteroidPotion"},{"floor":16,"key":"Fruit Juice"},{"floor":18,"key":"infinitespire:BlackPotion"}],"is_trial":false,"path_per_floor":["M","M","?","?","$","R","M","E","T","R","M","$","?","E","R","B",null,"M","M","M","?","?","R","E"],"character_chosen":"MARISA","items_purchased":["Membership Card","BlazingStar","Toxic Egg 2","MagicChant+1","DollysMirror"],"campfire_rested":3,"item_purchase_floors":[0,0,0,0,5],"current_hp_per_floor":[64,64,64,64,64,64,51,15,15,37,26,26,22,14,36,20,65,60,31,26,26,26,50,0,0],"gold":209,"neow_bonus":"","is_daily":false,"chose_seed":false,"campfire_upgraded":1,"win_rate":0.0,"timestamp":1609083816,"path_taken":["M","M","?","?","$","R","M","E","T","R","M","$","?","E","R","BOSS","M","M","M","?","?","R","E"],"items_purchased_type":["Relic","Card","Relic","Card","Relic"],"build_version":"2020-12-22","purchased_purges":3,"victory":false,"max_hp_per_floor":[75,75,75,75,75,75,75,75,75,75,75,75,75,75,75,80,80,80,80,80,80,80,80,80,80],"relic_stats":{"counters":[53,222],"Question Card":7,"obtain_stats":[{"Regal Pillow":46,"infinitespire:Cubic Diamond":3,"Ancient Tea Set":6,"Dream Catcher":4,"hubris:Icosahedron":36,"Shovel":47,"infinitespire:Bottled Soul":22,"DollysMirror":5,"Gambling Chip":27,"hubris:ScarierMask":17,"Toxic Egg 2":0,"InkBottle":25,"Eternal Feather":46,"BreadOfAWashokuLover":8,"infinitespire:Beetle Shell":7,"Omamori":44,"Medical Kit":0,"Question Card":13,"SlaversCollar":17,"infinitespire:WardingShard":24,"Art of War":14,"Coffee Dripper":34,"hubris:ToyBattleship":46,"infinitespire:EmpoweringShard":14,"MiniHakkero":0,"Membership Card":0,"PureWater":3,"Toy Ornithopter":39,"hubris:BottledRain":13,"Pocketwatch":42},{"Regal Pillow":35,"infinitespire:Cubic Diamond":41,"Ancient Tea Set":16,"Dream Catcher":14,"hubris:Icosahedron":30,"Shovel":36,"infinitespire:Bottled Soul":23,"DollysMirror":43,"Gambling Chip":25,"hubris:ScarierMask":49,"Toxic Egg 2":41,"InkBottle":24,"Eternal Feather":35,"BreadOfAWashokuLover":45,"infinitespire:Beetle Shell":16,"Omamori":34,"Medical Kit":39,"Question Card":46,"SlaversCollar":22,"infinitespire:WardingShard":23,"Art of War":20,"Coffee Dripper":30,"hubris:ToyBattleship":35,"infinitespire:EmpoweringShard":48,"MiniHakkero":0,"Membership Card":41,"PureWater":41,"Toy Ornithopter":32,"hubris:BottledRain":19,"Pocketwatch":33},{"Regal Pillow":152,"infinitespire:Cubic Diamond":175,"Ancient Tea Set":78,"Dream Catcher":68,"hubris:Icosahedron":132,"Shovel":155,"infinitespire:Bottled Soul":110,"DollysMirror":180,"Gambling Chip":118,"hubris:ScarierMask":206,"Toxic Egg 2":175,"InkBottle":113,"Eternal Feather":152,"BreadOfAWashokuLover":187,"infinitespire:Beetle Shell":78,"Omamori":149,"Medical Kit":167,"Question Card":189,"SlaversCollar":107,"infinitespire:WardingShard":110,"Art of War":95,"Coffee Dripper":132,"hubris:ToyBattleship":152,"infinitespire:EmpoweringShard":197,"MiniHakkero":0,"Membership Card":175,"PureWater":175,"Toy Ornithopter":142,"hubris:BottledRain":90,"Pocketwatch":145}]},"card_choices":[{"not_picked":["StarBarrage","GravityBeat"],"picked":"MilkyWay+1","floor":1},{"not_picked":["DeepEcoloBomb","AlicesGift"],"picked":"AsteroidBelt+1","floor":2},{"not_picked":["MachineGunSpark","GalacticHalo+1","IllusionStar+1"],"picked":"SKIP","floor":7},{"not_picked":["ShootingEcho","Acceleration+1","DeepEcoloBomb"],"picked":"SKIP","floor":8},{"not_picked":["MysteriousBeam","EventHorizon","StarBarrage"],"picked":"SKIP","floor":11},{"not_picked":["GravityBeat","PulseMagic+1","PowerUp+1"],"picked":"MagicAbsorber+1","floor":14},{"not_picked":["FinalSpark","CollectingQuirk","MillisecondPulsars"],"picked":"EscapeVelocity","floor":16},{"not_picked":["DarkSpark+1","DoubleSpark","IllusionStar+1","GravityBeat"],"picked":"SKIP","floor":18},{"not_picked":["Orbital+1","6A+1","DoubleSpark"],"picked":"Acceleration+1","floor":19},{"not_picked":["NonDirectionalLaser","Robbery+1","SatelliteIllusion","GravityBeat"],"picked":"SKIP","floor":20}],"player_experience":1002574,"relics_obtained":[{"floor":8,"key":"BreadOfAWashokuLover"},{"floor":9,"key":"hubris:BottledRain"},{"floor":14,"key":"infinitespire:EmpoweringShard"}],"event_choices":[{"damage_healed":0,"gold_gain":0,"player_choice":"Grow","damage_taken":0,"max_hp_gain":0,"max_hp_loss":0,"event_name":"Living Wall","floor":4,"gold_loss":0,"cards_upgraded":["BlazingStar"]},{"damage_healed":0,"gold_gain":0,"player_choice":"Searched \u00272\u0027 times","damage_taken":0,"relics_obtained":["Question Card"],"max_hp_gain":0,"max_hp_loss":0,"event_name":"Dead Adventurer","floor":13,"gold_loss":0},{"cards_removed":["Strike_MRS"],"damage_healed":0,"gold_gain":0,"player_choice":"Gave Gold","damage_taken":0,"max_hp_gain":0,"max_hp_loss":0,"event_name":"Beggar","floor":21,"gold_loss":75},{"damage_healed":0,"gold_gain":100,"player_choice":"Bet on Murderer","damage_taken":0,"max_hp_gain":0,"max_hp_loss":0,"event_name":"The Joust","floor":22,"gold_loss":50}],"is_beta":false,"boss_relics":[{"not_picked":["hubris:Stopwatch","ExperimentalFamiliar"],"picked":"hubris:ScarierMask"}],"items_purged_floors":[0,5,12],"is_endless":false,"potions_floor_spawned":[1,2,14,16,18],"killed_by":"Book of Stabbing","ascension_level":7}}