{"host":"d1ko3fbbyfpftrlc","time":1609091182,"event":{"mods":["BaseMod","Curses Come First","Minty Spire (QoL Compilation)","StSLib","The Animator"],"gold_per_floor":[9999,9999,10009,9223,9223,9223,9239,8232,8232,7082,7102,7062,7089,7102,7102,7207,7207,7217,7231,7251,7266,7279,7279,7292,7292,7346,7446,7481,7481,6404,6422,6422,6522,6522,6540,6540,6540,6556,6593,6593,6626,6626,6651,6670,6689,6704,5934,5953,5953,5953,5953,5953,5256,5287,5287],"floor_reached":56,"playtime":3229,"items_purged":["Bash","Defend_R","Defend_R","Strike_R","Madness","Shrug It Off"],"score":1278,"play_id":"87a63756-68ad-4783-8d78-779eab432aa0","local_time":"20201228004622","is_ascension_mode":false,"campfire_choices":[{"data":"Heavy Blade","floor":6,"key":"SMITH"},{"data":"Defend_R","floor":15,"key":"PURGE"},{"data":"Defend_R","floor":23,"key":"PURGE"},{"data":"Feed","floor":25,"key":"SMITH"},{"floor":32,"key":"RECALL"},{"data":"Magnetism","floor":40,"key":"SMITH"},{"data":"1","floor":42,"key":"LIFT"},{"data":"2","floor":49,"key":"LIFT"},{"data":"3","floor":52,"key":"LIFT"}],"circlet_count":0,"master_deck":["Strike_R","Strike_R","Strike_R+1","Strike_R","Heavy Blade+1","Pommel Strike+1","Flex","Cleave","Magnetism+1","Flex","Finesse","Flex","Secret Weapon","Feed+1","Battle Trance+1","Infernal Blade+1","Enlightenment","Battle Trance","Thunderclap+1","Madness","Panacea","Burning Pact","Flash of Steel","Heavy Blade+1"],"relics":["Burning Blood","Kunai","Ancient Tea Set","HandDrill","NlothsMask","Pen Nib","Lizard Tail","TheAbacus","Strange Spoon","Peace Pipe","Meat on the Bone","TungstenRod","Busted Crown","Girya","Pear","Nunchaku","InkBottle","Torii","Toolbox","Mango","Dream Catcher","Whetstone","Bronze Scales","Chemical X","DollysMirror","Red Skull","Blood Vial","Gremlin Horn"],"acts_visited":["Exordium","TheCity","TheBeyond","TheEnding"],"potions_floor_usage":[12,13,13,19,22,28,33,38,46,50,54],"damage_taken":[{"damage":8,"enemies":"Jaw Worm","floor":1,"turns":3},{"damage":17,"enemies":"Small Slimes","floor":3,"turns":4},{"damage":0,"enemies":"Cultist","floor":7,"turns":3},{"damage":19,"enemies":"Blue Slaver","floor":11,"turns":4},{"damage":36,"enemies":"3 Sentries","floor":13,"turns":5},{"damage":10,"enemies":"Red Slaver","floor":14,"turns":2},{"damage":40,"enemies":"Hexaghost","floor":16,"turns":9},{"damage":19,"enemies":"Shell Parasite","floor":18,"turns":3},{"damage":5,"enemies":"3 Byrds","floor":19,"turns":4},{"damage":33,"enemies":"Snake Plant","floor":20,"turns":3},{"damage":16,"enemies":"Centurion and Healer","floor":21,"turns":4},{"damage":17,"enemies":"Sentry and Sphere","floor":22,"turns":4},{"damage":16,"enemies":"Snake Plant","floor":24,"turns":3},{"damage":11,"enemies":"Colosseum Slavers","floor":27,"turns":2},{"damage":27,"enemies":"Colosseum Nobs","floor":27,"turns":5},{"damage":27,"enemies":"Gremlin Leader","floor":28,"turns":4},{"damage":10,"enemies":"Shelled Parasite and Fungi","floor":31,"turns":2},{"damage":33,"enemies":"Automaton","floor":33,"turns":5},{"damage":2,"enemies":"3 Shapes","floor":35,"turns":1},{"damage":0,"enemies":"3 Darklings","floor":38,"turns":2},{"damage":14,"enemies":"Maw","floor":39,"turns":5},{"damage":29,"enemies":"Reptomancer","floor":41,"turns":3},{"damage":22,"enemies":"Jaw Worm Horde","floor":44,"turns":2},{"damage":7,"enemies":"3 Darklings","floor":45,"turns":2},{"damage":26,"enemies":"Maw","floor":46,"turns":5},{"damage":15,"enemies":"Spire Growth","floor":48,"turns":3},{"damage":49,"enemies":"Donu and Deca","floor":50,"turns":6},{"damage":27,"enemies":"Shield and Spear","floor":54,"turns":3},{"damage":59,"enemies":"The Heart","floor":55,"turns":6}],"seed_played":"-4237366257390012333","potions_obtained":[{"floor":1,"key":"SpeedPotion"},{"floor":12,"key":"FairyPotion"},{"floor":12,"key":"FearPotion"},{"floor":16,"key":"EssenceOfSteel"},{"floor":18,"key":"BloodPotion"},{"floor":20,"key":"Strength Potion"},{"floor":27,"key":"Strength Potion"},{"floor":33,"key":"DuplicationPotion"},{"floor":39,"key":"Explosive Potion"},{"floor":45,"key":"HeartOfIron"},{"floor":48,"key":"LiquidMemories"}],"is_trial":false,"path_per_floor":["M","?","M","$","?","R","M","$","T","$","M","?","E","M","R","B",null,"M","M","M","M","M","R","M","R","T","?","E","?","$","M","R","B",null,"M","?","?","M","M","R","E","R","T","M","M","M","$","M","R","B",null,"R","$","E","B",null],"character_chosen":"IRONCLAD","items_purchased":["Flex","Kunai","Ancient Tea Set","HandDrill","PowerPotion","BloodPotion","Pen Nib","Lizard Tail","TheAbacus","Madness","Magnetism","Flex","Strange Spoon","Peace Pipe","Meat on the Bone","Finesse","Flex","Secret Weapon","InkBottle","Torii","Toolbox","Enlightenment","Battle Trance","DuplicationPotion","Whetstone","Bronze Scales","Chemical X","Flash of Steel","Shrug It Off","DollysMirror","Red Skull","Blood Vial","AttackPotion"],"campfire_rested":0,"item_purchase_floors":[4,4,4,4,4,4,8,8,8,8,8,8,10,10,10,10,10,10,30,30,30,30,30,30,47,47,47,47,47,53,53,53,53],"current_hp_per_floor":[86,86,75,75,75,75,81,81,81,81,68,85,55,51,51,29,88,75,76,61,51,55,55,57,57,57,61,52,31,31,43,43,28,118,118,104,104,110,102,102,93,93,93,81,80,72,72,79,79,48,140,140,140,119,80],"gold":5287,"neow_bonus":"TEN_PERCENT_HP_BONUS","is_daily":false,"chose_seed":false,"campfire_upgraded":3,"win_rate":0.0,"timestamp":1609091182,"path_taken":["M","?","M","?","?","R","?","$","T","$","M","?","E","?","R","BOSS","M","?","?","M","M","R","M","R","T","?","E","?","$","M","R","BOSS","M","?","?","M","M","R","E","R","T","M","M","M","$","M","R","BOSS","R","$","E","BOSS"],"items_purchased_type":["Card","Relic","Relic","Relic","Potion","Potion","Relic","Relic","Relic","Card","Card","Card","Relic","Relic","Relic","Card","Card","Card","Relic","Relic","Relic","Card","Card","Potion","Relic","Relic","Relic","Card","Card","Relic","Relic","Relic","Potion"],"build_version":"2020-12-22","purchased_purges":6,"victory":true,"max_hp_per_floor":[88,88,88,88,88,88,88,88,88,88,88,88,88,88,88,88,88,88,88,88,88,91,91,91,91,91,109,109,114,114,118,118,118,118,118,118,118,118,118,118,132,132,132,136,136,136,136,140,140,140,140,140,140,140,140],"card_choices":[{"not_picked":["Disarm","Perfected Strike"],"picked":"Heavy Blade","floor":1},{"not_picked":["Sever Soul","Wild Strike"],"picked":"Pommel Strike","floor":3},{"not_picked":["Armaments","Wild Strike"],"picked":"Cleave","floor":7},{"not_picked":["Reckless Charge","Body Slam","True Grit"],"picked":"SKIP","floor":11},{"not_picked":["Metallicize","Pummel","Dropkick"],"picked":"SKIP","floor":13},{"not_picked":["True Grit","Sever Soul","Second Wind"],"picked":"SKIP","floor":14},{"not_picked":["Fiend Fire","Corruption"],"picked":"Feed","floor":16},{"not_picked":[],"picked":"Battle Trance+1","floor":18},{"not_picked":["Thunderclap"],"picked":"SKIP","floor":19},{"not_picked":["Sever Soul"],"picked":"SKIP","floor":20},{"not_picked":["Anger"],"picked":"SKIP","floor":21},{"not_picked":["Sentinel"],"picked":"SKIP","floor":22},{"not_picked":["Sever Soul"],"picked":"SKIP","floor":24},{"not_picked":[],"picked":"Infernal Blade+1","floor":27},{"not_picked":["Entrench"],"picked":"SKIP","floor":28},{"not_picked":["Sentinel"],"picked":"SKIP","floor":31},{"not_picked":[],"picked":"Thunderclap+1","floor":35},{"not_picked":["Clothesline+1"],"picked":"SKIP","floor":38},{"not_picked":["Iron Wave"],"picked":"SKIP","floor":39},{"not_picked":["Whirlwind"],"picked":"SKIP","floor":41},{"not_picked":["Battle Trance"],"picked":"SKIP","floor":44},{"not_picked":["Fire Breathing"],"picked":"SKIP","floor":45},{"not_picked":[],"picked":"Burning Pact","floor":46},{"not_picked":["Entrench"],"picked":"SKIP","floor":48},{"not_picked":["Reaper"],"picked":"SKIP","floor":54}],"player_experience":29099,"relics_obtained":[{"floor":13,"key":"TungstenRod"},{"floor":27,"key":"Girya"},{"floor":27,"key":"Pear"},{"floor":28,"key":"Nunchaku"},{"floor":41,"key":"Mango"},{"floor":43,"key":"Dream Catcher"},{"floor":54,"key":"Gremlin Horn"}],"event_choices":[{"damage_healed":0,"gold_gain":0,"player_choice":"Ignored","damage_taken":0,"max_hp_gain":0,"max_hp_loss":0,"event_name":"Golden Idol","floor":2,"gold_loss":0},{"damage_healed":0,"gold_gain":0,"player_choice":"Trade","damage_taken":0,"relics_obtained":["NlothsMask"],"max_hp_gain":0,"max_hp_loss":0,"event_name":"FaceTrader","floor":5,"gold_loss":0},{"damage_healed":0,"gold_gain":0,"player_choice":"Bought 3 Potions","damage_taken":0,"max_hp_gain":0,"max_hp_loss":0,"event_name":"The Woman in Blue","floor":12,"gold_loss":0},{"damage_healed":0,"gold_gain":0,"player_choice":"Fight","damage_taken":0,"max_hp_gain":0,"max_hp_loss":0,"event_name":"Colosseum","floor":27,"gold_loss":0},{"damage_healed":0,"gold_gain":0,"player_choice":"Fought Nobs","damage_taken":0,"max_hp_gain":0,"max_hp_loss":0,"event_name":"Colosseum","floor":27,"gold_loss":0},{"damage_healed":0,"gold_gain":0,"player_choice":"Shed Blood","damage_taken":27,"max_hp_gain":5,"max_hp_loss":0,"event_name":"Forgotten Altar","floor":29,"gold_loss":0},{"damage_healed":0,"gold_gain":0,"player_choice":"Embrace Madness","damage_taken":15,"max_hp_gain":0,"max_hp_loss":0,"event_name":"Winding Halls","floor":36,"gold_loss":0,"cards_obtained":["Madness","Madness"]},{"damage_healed":0,"gold_gain":0,"cards_transformed":["Madness"],"player_choice":"Transformed","damage_taken":0,"max_hp_gain":0,"max_hp_loss":0,"event_name":"Transmorgrifier","floor":37,"gold_loss":0,"cards_obtained":["Panacea"]}],"is_beta":false,"boss_relics":[{"not_picked":["Astrolabe","Runic Cube"],"picked":"Busted Crown"},{"not_picked":["Fusion Hammer","Mark of Pain","Runic Dome"]}],"items_purged_floors":[4,8,10,30,47,53],"is_endless":false,"potions_floor_spawned":[1,11,16,18,20,27,27,33,39,45,48],"ascension_level":0}}