{"host":"bg8va46pgqgvtzim","time":1609075681,"event":{"mods":["BaseMod","Minty Spire (QoL Compilation)","Quick Restart","StSLib","SuperFastMode"],"gold_per_floor":[112,130,147,166,179,179,208,208,208,208,6,17,46,58,58,163,163,181,181,191,201,151,151,184,184,264,201,230,248,281,315,315,410,410,420,432,320,335,348,373,404,404,430,342,372,372,402,427,427,427,427,427,88,115,115],"floor_reached":56,"playtime":1897,"items_purged":["Defend_B","Defend_B","Defend_B","Defend_B","Streamline","Cold Snap"],"score":1781,"play_id":"a181438d-bb35-40d3-8764-f0bf22f598a3","local_time":"20201227212801","is_ascension_mode":true,"campfire_choices":[{"data":"Zap","floor":6.0,"key":"SMITH"},{"data":"Dualcast","floor":10.0,"key":"SMITH"},{"data":"Coolheaded","floor":15.0,"key":"SMITH"},{"data":"Hologram","floor":23.0,"key":"SMITH"},{"floor":32,"key":"REST"},{"data":"Turbo","floor":42,"key":"SMITH"},{"floor":49,"key":"RECALL"},{"data":"Coolheaded","floor":52,"key":"SMITH"}],"circlet_count":0,"master_deck":["Zap+1","Dualcast+1","Gash+1","Glacier","Reinforced Body","Coolheaded+1","Hologram+1","All For One","BootSequence+1","Turbo+1","Core Surge+1","Coolheaded+1","Gash","Creative AI+1","Skim","Heatsinks+1","Recycle+1","Skim+1"],"relics":["Cracked Core","Letter Opener","Unceasing Top","Membership Card","Frozen Egg 2","Runic Dome","WingedGreaves","Mummified Hand","Juzu Bracelet","Gambling Chip","Nuclear Battery","TungstenRod","Shuriken","Strawberry","Omamori","Toxic Egg 2","Ice Cream","Happy Flower","Oddly Smooth Stone","Whetstone"],"acts_visited":["Exordium","TheCity","TheBeyond","TheEnding"],"potions_floor_usage":[31,55,55],"damage_taken":[{"damage":0.0,"enemies":"2 Louse","floor":1.0,"turns":3.0},{"damage":1.0,"enemies":"Jaw Worm","floor":2.0,"turns":3.0},{"damage":1.0,"enemies":"Cultist","floor":3.0,"turns":3.0},{"damage":2.0,"enemies":"Large Slime","floor":4.0,"turns":6.0},{"damage":0.0,"enemies":"3 Louse","floor":5.0,"turns":3.0},{"damage":12.0,"enemies":"3 Sentries","floor":7.0,"turns":8.0},{"damage":0.0,"enemies":"Exordium Wildlife","floor":12.0,"turns":2.0},{"damage":0.0,"enemies":"Lagavulin","floor":13.0,"turns":8.0},{"damage":0.0,"enemies":"Gremlin Gang","floor":14.0,"turns":5.0},{"damage":1.0,"enemies":"The Guardian","floor":16.0,"turns":13.0},{"damage":0.0,"enemies":"3 Byrds","floor":18.0,"turns":3.0},{"damage":0.0,"enemies":"Chosen","floor":20.0,"turns":4.0},{"damage":0.0,"enemies":"Shelled Parasite and Fungi","floor":21.0,"turns":6.0},{"damage":12.0,"enemies":"Slavers","floor":24.0,"turns":5.0},{"damage":23.0,"enemies":"Gremlin Leader","floor":28.0,"turns":6.0},{"damage":0.0,"enemies":"Snecko","floor":29.0,"turns":2.0},{"damage":16.0,"enemies":"Book of Stabbing","floor":30.0,"turns":6.0},{"damage":13,"enemies":"Gremlin Leader","floor":31,"turns":4},{"damage":0,"enemies":"Collector","floor":33,"turns":6},{"damage":0,"enemies":"3 Darklings","floor":35,"turns":4},{"damage":0,"enemies":"Orb Walker","floor":36,"turns":2},{"damage":0,"enemies":"Jaw Worm Horde","floor":38,"turns":4},{"damage":0,"enemies":"Sphere and 2 Shapes","floor":39,"turns":2},{"damage":20,"enemies":"Reptomancer","floor":40,"turns":6},{"damage":16,"enemies":"Nemesis","floor":41,"turns":5},{"damage":0,"enemies":"Reptomancer","floor":45,"turns":2},{"damage":0,"enemies":"Nemesis","floor":47,"turns":3},{"damage":0,"enemies":"Reptomancer","floor":48,"turns":2},{"damage":0,"enemies":"Awakened One","floor":50,"turns":3},{"damage":0,"enemies":"Shield and Spear","floor":54,"turns":1},{"damage":0,"enemies":"The Heart","floor":55,"turns":3}],"seed_played":"-6497809672886929635","potions_obtained":[{"floor":2.0,"key":"LiquidMemories"},{"floor":7.0,"key":"FairyPotion"},{"floor":12.0,"key":"SteroidPotion"},{"floor":13.0,"key":"DistilledChaos"},{"floor":16.0,"key":"CultistPotion"},{"floor":18.0,"key":"Block Potion"},{"floor":28.0,"key":"DistilledChaos"},{"floor":33,"key":"Strength Potion"},{"floor":41,"key":"DuplicationPotion"},{"floor":45,"key":"Ancient Potion"}],"is_trial":false,"path_per_floor":["M","M","M","M","M","R","E","?","T","R","$","M","E","M","R","B",null,"M","?","M","M","$","R","E","?","T","$","E","M","E","E","R","B",null,"M","M","$","M","M","E","E","R","T","$","E","?","E","E","R","B",null,"R","$","E","B",null],"character_chosen":"DEFECT","items_purchased":["Membership Card","Streamline","Skim","Happy Flower","Oddly Smooth Stone","DistilledChaos","EntropicBrew"],"campfire_rested":1,"item_purchase_floors":[11,11,37,53,53,53,53],"current_hp_per_floor":[54,53,52,50,50,50,38,38,38,38,38,38,38,38,38,37,75,75,75,75,75,75,75,63,63,63,63,40,40,24,11,33,33,75,75,75,75,75,75,55,39,39,46,46,46,46,46,46,46,46,78,78,78,78,78],"gold":115,"neow_bonus":"REMOVE_TWO","is_daily":false,"chose_seed":false,"campfire_upgraded":6,"win_rate":0.0,"timestamp":1609075681,"path_taken":["M","M","M","M","M","R","E","?","T","R","$","M","E","M","R","BOSS","M","?","?","M","$","R","E","?","T","$","E","M","E","E","R","BOSS","M","M","$","M","M","E","E","R","T","$","E","?","E","E","R","BOSS","R","$","E","BOSS"],"items_purchased_type":["Relic","Card","Card","Relic","Relic","Potion","Potion"],"build_version":"2020-12-22","purchased_purges":6,"victory":true,"max_hp_per_floor":[75,75,75,75,75,75,75,75,75,75,75,75,75,75,75,75,75,75,75,75,75,75,75,75,75,75,75,75,75,75,75,75,75,75,75,75,75,75,75,75,75,75,82,82,82,78,78,78,78,78,78,78,78,78,78],"card_choices":[{"not_picked":["Compile Driver","Beam Cell","Sweeping Beam"],"picked":"SKIP","floor":1.0},{"not_picked":["Steam","Barrage","Conserve Battery"],"picked":"SKIP","floor":2.0},{"not_picked":["Blizzard","Steam","Rainbow"],"picked":"SKIP","floor":3.0},{"not_picked":["Loop","Tempest"],"picked":"Gash","floor":4.0},{"not_picked":["Genetic Algorithm","Gash"],"picked":"Cold Snap","floor":5.0},{"not_picked":["Cold Snap","Hologram"],"picked":"Glacier","floor":7.0},{"not_picked":["Ball Lightning","Rip and Tear"],"picked":"Coolheaded","floor":12.0},{"not_picked":["FTL","Go for the Eyes"],"picked":"Hologram","floor":13.0},{"not_picked":["Steam Power","Auto Shields","Redo"],"picked":"SKIP","floor":14.0},{"not_picked":["Echo Form+1","Buffer+1"],"picked":"All For One","floor":16.0},{"not_picked":["Undo+1","Redo+1"],"picked":"BootSequence+1","floor":18.0},{"not_picked":["Conserve Battery","Reprogram+1"],"picked":"Turbo","floor":20.0},{"not_picked":["Chill","Turbo+1","Melter+1"],"picked":"SKIP","floor":21.0},{"not_picked":["Steam","Scrape"],"picked":"Core Surge","floor":24.0},{"not_picked":["Sunder","Glacier+1","Barrage"],"picked":"SKIP","floor":28.0},{"not_picked":["Conserve Battery","Coolheaded","Turbo"],"picked":"SKIP","floor":29.0},{"not_picked":["Conserve Battery","Turbo"],"picked":"Coolheaded","floor":29.0},{"not_picked":["Steam Power","Redo"],"picked":"Gash","floor":30.0},{"not_picked":["Hello World+1","Sunder","Barrage"],"picked":"SKIP","floor":31},{"not_picked":["Amplify","Buffer+1"],"picked":"Creative AI+1","floor":33},{"not_picked":["Steam+1","Hologram+1","Steam Power"],"picked":"SKIP","floor":35},{"not_picked":["Chill","Coolheaded+1","Gash"],"picked":"SKIP","floor":36},{"not_picked":["Consume+1","Barrage","Turbo+1"],"picked":"SKIP","floor":38},{"not_picked":["Compile Driver+1","Barrage","Rebound"],"picked":"SKIP","floor":39},{"not_picked":["Leap","Turbo+1","Cold Snap"],"picked":"SKIP","floor":40},{"not_picked":["Hologram+1","Force Field+1"],"picked":"Heatsinks+1","floor":41},{"not_picked":["Turbo+1","Stack"],"picked":"Recycle+1","floor":45},{"not_picked":["Rebound","Glacier+1"],"picked":"Skim+1","floor":47},{"not_picked":["Chaos+1","Thunder Strike","Reinforced Body+1"],"picked":"SKIP","floor":48},{"not_picked":["Biased Cognition+1","Hologram+1","Force Field+1"],"picked":"SKIP","floor":54}],"player_experience":2174084,"relics_obtained":[{"floor":7.0,"key":"Letter Opener"},{"floor":9.0,"key":"Unceasing Top"},{"floor":13.0,"key":"Frozen Egg 2"},{"floor":24.0,"key":"WingedGreaves"},{"floor":28.0,"key":"Mummified Hand"},{"floor":30.0,"key":"Juzu Bracelet"},{"floor":31,"key":"Gambling Chip"},{"floor":40,"key":"TungstenRod"},{"floor":41,"key":"Shuriken"},{"floor":43,"key":"Strawberry"},{"floor":45,"key":"Omamori"},{"floor":47,"key":"Toxic Egg 2"},{"floor":48,"key":"Ice Cream"},{"floor":54,"key":"Whetstone"}],"event_choices":[{"damage_healed":0.0,"max_hp_gain":0.0,"max_hp_loss":0.0,"gold_gain":0.0,"cards_transformed":["Strike_B"],"event_name":"Living Wall","player_choice":"Change","floor":8.0,"gold_loss":0.0,"damage_taken":0.0,"cards_obtained":["Reinforced Body"]},{"cards_removed":["Strike_B"],"damage_healed":0.0,"max_hp_gain":0.0,"max_hp_loss":0.0,"gold_gain":0.0,"event_name":"Purifier","player_choice":"Purged","floor":19.0,"gold_loss":0.0,"damage_taken":0.0},{"damage_healed":0.0,"max_hp_gain":0.0,"max_hp_loss":0.0,"gold_gain":0.0,"event_name":"Vampires","player_choice":"Ignored","floor":25.0,"gold_loss":0.0,"damage_taken":0.0},{"damage_healed":0,"gold_gain":0,"player_choice":"Max HP","damage_taken":0,"max_hp_gain":0,"max_hp_loss":4,"event_name":"Winding Halls","floor":46,"gold_loss":0}],"is_beta":false,"boss_relics":[{"not_picked":["Pandora\u0027s Box","Philosopher\u0027s Stone"],"picked":"Runic Dome"},{"not_picked":["SacredBark","Coffee Dripper"],"picked":"Nuclear Battery"}],"items_purged_floors":[11,22,27,37,44,53],"is_endless":false,"potions_floor_spawned":[2,7,12,13,16,18,20,28,33,41,45,48,54],"ascension_level":1}}