{"host":"ilxricga2547gmyy","time":1609102798,"event":{"mods":["AchievementEnabler","BaseMod","Minty Spire (QoL Compilation)","Quick Restart","StSLib"],"gold_per_floor":[113,131,145,163,163,193,193,224,251,251,262,262,117,136,136,240,240,240,240,240,57,57,57,57,57,57,57,57,57,57,57,57,57,57,57,17,17,17,17,17,17,17,17,17,17,17,17,17,17,17,17,17,17,17,17,17],"floor_reached":55,"playtime":2110,"items_purged":[],"score":1111,"play_id":"0fc2d0b8-1be8-432b-932f-7b489cc447f9","local_time":"20201227215958","is_ascension_mode":true,"campfire_choices":[{"floor":7,"key":"REST"},{"floor":10,"key":"REST"},{"floor":15,"key":"REST"},{"floor":27,"key":"REST"},{"floor":32,"key":"REST"},{"floor":40,"key":"REST"},{"floor":46,"key":"REST"},{"floor":49,"key":"RECALL"},{"floor":52,"key":"REST"}],"circlet_count":0,"master_deck":["Strike_R","Strike_R","Strike_R","Defend_R","Defend_R","Defend_R","Defend_R","Bash","Disarm","Carnage","Flame Barrier","Warcry","Clash","Cleave","Carnage","Bloodletting","Feed","Intimidate","RitualDagger","Whirlwind","Inflame","Headbutt","Rage","Warcry","Battle Trance+1","Impervious","Clash+1","Iron Wave+1","Iron Wave+1","Infernal Blade+1","Thunderclap","Uppercut","Disarm+1","Disarm"],"relics":["Fusion Hammer","InkBottle","Juzu Bracelet","Omamori","Lantern","Ectoplasm","MealTicket","Brimstone","HornCleat","Ancient Tea Set","The Courier","Happy Flower","Runic Pyramid","Dead Branch","Pantograph","Singing Bowl","MawBank","Orichalcum"],"acts_visited":["Exordium","TheCity","TheBeyond","TheEnding"],"potions_floor_usage":[25,28,33,33,35,47,50,54],"damage_taken":[{"damage":6,"enemies":"Cultist","floor":1,"turns":3},{"damage":0,"enemies":"Small Slimes","floor":2,"turns":2},{"damage":2,"enemies":"Jaw Worm","floor":3,"turns":4},{"damage":4,"enemies":"Looter","floor":4,"turns":3},{"damage":30,"enemies":"3 Sentries","floor":6,"turns":9},{"damage":13,"enemies":"Gremlin Nob","floor":8,"turns":3},{"damage":5,"enemies":"Lots of Slimes","floor":11,"turns":2},{"damage":0,"enemies":"Exordium Wildlife","floor":14,"turns":2},{"damage":40,"enemies":"The Guardian","floor":16,"turns":9},{"damage":14,"enemies":"3 Byrds","floor":18,"turns":4},{"damage":4,"enemies":"Chosen","floor":22,"turns":3},{"damage":19,"enemies":"Slavers","floor":23,"turns":3},{"damage":11,"enemies":"3 Cultists","floor":24,"turns":4},{"damage":13,"enemies":"Book of Stabbing","floor":25,"turns":3},{"damage":7,"enemies":"Slavers","floor":28,"turns":3},{"damage":25,"enemies":"Shelled Parasite and Fungi","floor":29,"turns":4},{"damage":14,"enemies":"Centurion and Healer","floor":30,"turns":3},{"damage":9,"enemies":"Automaton","floor":33,"turns":6},{"damage":20,"enemies":"3 Darklings","floor":35,"turns":5},{"damage":3,"enemies":"3 Shapes","floor":37,"turns":2},{"damage":17,"enemies":"2 Orb Walkers","floor":38,"turns":3},{"damage":5,"enemies":"Spire Growth","floor":39,"turns":4},{"damage":18,"enemies":"Reptomancer","floor":41,"turns":3},{"damage":0,"enemies":"Jaw Worm Horde","floor":44,"turns":2},{"damage":0,"enemies":"Maw","floor":45,"turns":5},{"damage":16,"enemies":"Nemesis","floor":47,"turns":5},{"damage":4,"enemies":"Writhing Mass","floor":48,"turns":6},{"damage":68,"enemies":"Donu and Deca","floor":50,"turns":6},{"damage":70,"enemies":"Shield and Spear","floor":54,"turns":5},{"damage":57,"enemies":"The Heart","floor":55,"turns":3}],"seed_played":"-7401897185443369681","potions_obtained":[{"floor":2,"key":"Strength Potion"},{"floor":3,"key":"Ancient Potion"},{"floor":8,"key":"Dexterity Potion"},{"floor":11,"key":"Energy Potion"},{"floor":25,"key":"DuplicationPotion"},{"floor":30,"key":"Swift Potion"},{"floor":33,"key":"Weak Potion"},{"floor":36,"key":"SteroidPotion"},{"floor":36,"key":"ColorlessPotion"},{"floor":39,"key":"Block Potion"},{"floor":47,"key":"LiquidBronze"}],"is_trial":false,"path_per_floor":["M","M","M","M","T","E","R","E","T","R","M","?","$","M","R","B",null,"M","T","?","$","M","E","M","E","T","R","E","M","M","?","R","B",null,"M","?","M","?","M","R","E","?","T","M","M","R","E","M","R","B",null,"R","$","E","B"],"character_chosen":"IRONCLAD","items_purchased":["Lantern","Whirlwind","Brimstone"],"campfire_rested":8,"item_purchase_floors":[13,21,21],"current_hp_per_floor":[66,66,64,60,60,30,54,41,41,65,60,60,60,60,80,40,70,56,56,50,65,61,42,34,21,21,45,38,16,5,5,31,25,75,55,55,52,38,36,65,47,47,47,49,49,79,63,61,61,18,81,102,102,32,0,0],"gold":17,"neow_bonus":"BOSS_RELIC","is_daily":false,"chose_seed":false,"campfire_upgraded":0,"win_rate":0.0,"timestamp":1609102798,"path_taken":["M","M","M","M","?","E","R","E","T","R","M","?","$","M","R","BOSS","M","?","?","$","M","E","M","E","T","R","E","M","M","?","R","BOSS","M","?","M","?","M","R","E","?","T","M","M","R","E","M","R","BOSS","R","$","E","BOSS"],"items_purchased_type":["Relic","Card","Relic"],"build_version":"2020-12-22","purchased_purges":0,"victory":false,"max_hp_per_floor":[80,80,80,80,80,80,80,80,80,80,80,80,80,80,80,80,80,80,80,80,80,80,80,83,83,83,83,83,86,89,89,89,92,92,92,92,92,95,98,98,98,98,98,100,100,100,100,102,102,102,102,102,102,102,102,102],"card_choices":[{"not_picked":["Body Slam","Warcry"],"picked":"Disarm","floor":1},{"not_picked":["Sword Boomerang","Flex"],"picked":"Carnage","floor":2},{"not_picked":["Pummel","Body Slam"],"picked":"Flame Barrier","floor":3},{"not_picked":["Twin Strike","Blood for Blood"],"picked":"Warcry","floor":4},{"not_picked":["Body Slam","Corruption"],"picked":"Clash","floor":6},{"not_picked":["Metallicize","Whirlwind"],"picked":"Cleave","floor":8},{"not_picked":["Armaments","Warcry"],"picked":"Carnage","floor":11},{"not_picked":["Double Tap","Reckless Charge","Blood for Blood"],"picked":"SKIP","floor":14},{"not_picked":["Bludgeon","Demon Form"],"picked":"Feed","floor":16},{"not_picked":["Body Slam","Anger+1"],"picked":"Intimidate","floor":18},{"not_picked":["Heavy Blade","Pommel Strike","Warcry"],"picked":"SKIP","floor":22},{"not_picked":["Sever Soul+1","Flex"],"picked":"Inflame","floor":23},{"not_picked":["Flex","Barricade"],"picked":"Headbutt","floor":24},{"not_picked":["Iron Wave","Rupture"],"picked":"Rage","floor":25},{"not_picked":["True Grit","Heavy Blade","Rampage"],"picked":"SKIP","floor":28},{"not_picked":["Sever Soul","Dark Embrace+1"],"picked":"Warcry","floor":29},{"not_picked":["Body Slam","Perfected Strike"],"picked":"Battle Trance+1","floor":30},{"not_picked":["Bludgeon","Brutality"],"picked":"Impervious","floor":33},{"not_picked":["Rage+1","Combust"],"picked":"Clash+1","floor":35},{"not_picked":["Ghostly Armor+1","Dual Wield+1"],"picked":"Iron Wave+1","floor":37},{"not_picked":["Cleave","Heavy Blade+1"],"picked":"Iron Wave+1","floor":38},{"not_picked":["Power Through+1","Combust+1","Flex+1"],"picked":"SKIP","floor":39},{"not_picked":["Shrug It Off","Blood for Blood"],"picked":"Infernal Blade+1","floor":41},{"not_picked":["Shrug It Off","Sword Boomerang","Anger+1"],"picked":"Singing Bowl","floor":44},{"not_picked":["Bloodletting","Thunderclap"],"picked":"Uppercut","floor":45},{"not_picked":["Feel No Pain","Flex"],"picked":"Disarm+1","floor":47},{"not_picked":["Sword Boomerang","Whirlwind","Iron Wave+1"],"picked":"Singing Bowl","floor":48},{"not_picked":["Intimidate+1","Shrug It Off"],"picked":"Disarm","floor":54}],"player_experience":254639,"relics_obtained":[{"floor":6,"key":"InkBottle"},{"floor":8,"key":"Juzu Bracelet"},{"floor":9,"key":"Omamori"},{"floor":19,"key":"MealTicket"},{"floor":23,"key":"HornCleat"},{"floor":25,"key":"Ancient Tea Set"},{"floor":26,"key":"The Courier"},{"floor":28,"key":"Happy Flower"},{"floor":38,"key":"Dead Branch"},{"floor":41,"key":"Pantograph"},{"floor":43,"key":"Singing Bowl"},{"floor":47,"key":"MawBank"},{"floor":54,"key":"Orichalcum"}],"event_choices":[{"damage_healed":0,"gold_gain":0,"cards_transformed":["Strike_R"],"player_choice":"Transformed","damage_taken":0,"max_hp_gain":0,"max_hp_loss":0,"event_name":"Transmorgrifier","floor":12,"gold_loss":0,"cards_obtained":["Bloodletting"]},{"damage_healed":0,"gold_gain":0,"player_choice":"Joined the Cult","damage_taken":6,"max_hp_gain":0,"max_hp_loss":0,"event_name":"Nest","floor":20,"gold_loss":0,"cards_obtained":["RitualDagger"]},{"damage_healed":0,"gold_gain":0,"player_choice":"Smashed Altar","damage_taken":0,"max_hp_gain":0,"max_hp_loss":0,"event_name":"Forgotten Altar","floor":31,"gold_loss":0,"cards_obtained":["Decay"]},{"damage_healed":0,"gold_gain":0,"player_choice":"Bought 3 Potions","damage_taken":0,"max_hp_gain":0,"max_hp_loss":0,"event_name":"The Woman in Blue","floor":36,"gold_loss":0},{"damage_healed":0,"gold_gain":0,"player_choice":"Fight","damage_taken":0,"max_hp_gain":0,"max_hp_loss":0,"event_name":"Mysterious Sphere","floor":38,"gold_loss":0},{"damage_healed":0,"gold_gain":0,"cards_transformed":["Strike_R"],"player_choice":"Transformed","damage_taken":0,"max_hp_gain":0,"max_hp_loss":0,"event_name":"Transmorgrifier","floor":42,"gold_loss":0,"cards_obtained":["Thunderclap"]}],"is_beta":false,"boss_relics":[{"not_picked":["Runic Dome","Coffee Dripper"],"picked":"Ectoplasm"},{"not_picked":["Philosopher\u0027s Stone","Snecko Eye"],"picked":"Runic Pyramid"}],"items_purged_floors":[],"is_endless":false,"potions_floor_spawned":[2,3,8,11,24,25,30,33,37,38,39,47,48],"killed_by":"The Heart","ascension_level":9}}