{"host":"g7xvyycavwkoojg3","time":1609098278,"event":{"mods":["BaseMod","Challenge The Spire","Exacting","GifTheSpireLib","HexUI Lib","Minty Spire (QoL Compilation)","Replay The Spire","Shop Mod","StSLib","The Hierophant"],"gold_per_floor":[142,160,171,80,90,117,117,151,151,180,180,209,209,221,221,322,322,332,346,346,346],"floor_reached":20,"playtime":1352,"items_purged":[],"score":216,"play_id":"5e08d378-6fb5-49c5-b4ba-afe64c2b18a2","local_time":"20201227144438","is_ascension_mode":true,"campfire_choices":[{"floor":11,"key":"REST"},{"floor":15,"key":"REST"}],"circlet_count":0,"master_deck":["Strike_R","Strike_R","Strike_R","Strike_R","Defend_R","Defend_R","Defend_R","Defend_R","Bash","Warcry","Warcry","Spot Weakness","Bandage Up","Shrug It Off","Armaments","Hallucinations","Cleave","Anger","Iron Wave","Life Link","Offering","Bloodletting","Fire Breathing+1"],"relics":["Burning Blood","ReplayTheSpireMod:Spearhead","ReplayTheSpireMod:Ring of Challenge","Potion Belt","Divine Protection","StoneCalendar","Sozu"],"acts_visited":["Exordium","TheCity"],"potions_floor_usage":[6,8,8,16],"damage_taken":[{"damage":7,"enemies":"2 Louse","floor":1,"turns":2},{"damage":7,"enemies":"Jaw Worm","floor":2,"turns":3},{"damage":13,"enemies":"Cultist","floor":3,"turns":4},{"damage":11,"enemies":"2 Fungi Beasts","floor":5,"turns":3},{"damage":58,"enemies":"Lagavulin","floor":6,"turns":10},{"damage":27,"enemies":"3 Sentries","floor":8,"turns":11},{"damage":10,"enemies":"Lagavulin","floor":10,"turns":8},{"damage":9,"enemies":"Blue Slaver","floor":12,"turns":5},{"damage":0,"enemies":"Looter","floor":14,"turns":3},{"damage":38,"enemies":"The Guardian","floor":16,"turns":7},{"damage":40,"enemies":"2 Thieves","floor":18,"turns":4},{"damage":54,"enemies":"Shell Parasite","floor":19,"turns":5},{"damage":35,"enemies":"Sentry and Sphere","floor":20,"turns":3}],"seed_played":"2132796795412381181","potions_obtained":[{"floor":2,"key":"Block Potion"},{"floor":2,"key":"Flashbang"},{"floor":3,"key":"Dexterity Potion"},{"floor":8,"key":"GamblersBrew"},{"floor":14,"key":"SkillPotion"}],"is_trial":false,"path_per_floor":["M","M","M","$","M","E","?","E","T","E","R","M","?","M","R","B",null,"M","M","M"],"character_chosen":"IRONCLAD","items_purchased":["Bandage Up"],"campfire_rested":2,"item_purchase_floors":[4],"current_hp_per_floor":[87,86,79,79,78,30,30,13,13,13,39,40,40,50,76,48,88,58,14,0,0],"gold":346,"neow_bonus":"TEN_PERCENT_HP_BONUS","is_daily":false,"chose_seed":false,"campfire_upgraded":0,"win_rate":0.0,"timestamp":1609098278,"path_taken":["M","M","M","$","M","E","?","E","T","E","R","M","?","?","R","BOSS","M","M","M"],"items_purchased_type":["Card"],"build_version":"2020-12-22","purchased_purges":0,"victory":false,"max_hp_per_floor":[88,88,88,88,88,88,88,88,88,88,88,88,88,88,88,88,88,88,88,88,88],"card_choices":[{"not_picked":["Run Through","Disarm"],"picked":"Warcry","floor":1},{"not_picked":["Headbutt","Run Through"],"picked":"Warcry","floor":2},{"not_picked":["Blood for Blood","Armaments"],"picked":"Spot Weakness","floor":3},{"not_picked":["Uppercut","Disarm"],"picked":"Shrug It Off","floor":5},{"not_picked":["Twin Strike","Combust"],"picked":"Armaments","floor":6},{"not_picked":["Clothesline","Twin Strike"],"picked":"Cleave","floor":8},{"not_picked":["Clothesline","Iron Wave"],"picked":"Anger","floor":10},{"not_picked":["Twin Strike","Flex"],"picked":"Iron Wave","floor":12},{"not_picked":["Wild Strike","ReplayReversal"],"picked":"Life Link","floor":14},{"not_picked":["Double Tap","Juggernaut"],"picked":"Offering","floor":16},{"not_picked":["ReplayTheSpireMod:Strike From Hell","Twin Strike"],"picked":"Bloodletting","floor":18},{"not_picked":["Flex","Pommel Strike"],"picked":"Fire Breathing+1","floor":19}],"player_experience":98095,"relics_obtained":[{"floor":6,"key":"ReplayTheSpireMod:Spearhead"},{"floor":7,"key":"ReplayTheSpireMod:Ring of Challenge"},{"floor":8,"key":"Potion Belt"},{"floor":9,"key":"Divine Protection"},{"floor":10,"key":"StoneCalendar"}],"event_choices":[{"cards_removed":["Strike_R"],"damage_healed":0,"gold_gain":0,"player_choice":"Purged","damage_taken":0,"max_hp_gain":0,"max_hp_loss":0,"event_name":"Purifier","floor":13,"gold_loss":0}],"is_beta":false,"boss_relics":[{"not_picked":["Replay:Grab Bag","Replay:Drink Me"],"picked":"Sozu"}],"items_purged_floors":[],"is_endless":false,"potions_floor_spawned":[2,3,8,14],"killed_by":"Sentry and Sphere","ascension_level":2}}