{"host":"vfjw5z5u57sxa51v","time":1609035902,"event":{"mods":["AchievementEnabler","Act Like it!","Aspiration","BaseMod","Better Altar","Better Match","Better Note","Better Sensory Stone","Better Skull","Better Synergies","Better Third Choice","BetterRewards","CCEM","Colored Map","Conspire","Downfall","Duelist Mod","Ekko","GifTheSpireLib","GungeonMod","Halation","Hallownest","Highlight Path","Hubris","Hunter ??","Infinite Spire","Jedi Mod","Minty Spire (QoL Compilation)","Permanent Neow","Replay The Spire","Shade Mod","Shop Mod","Spicy Shops","StSLib","Stuff the Spire","The Bug Knight","The Death Knight","The Mystic","The Necromancer","The Runesmith","The Servant 0.9.4","Unceasing Turn Reminder","everything is the same but u backflip on backflip"],"gold_per_floor":[117,127,143,57,57,184,196,196,222,222,222,241,260,17,17,17,17,17,17,17,17,17,17,17,17,17,17,17,17,17,17,17,17,17,17,17,17,17,17,17,0,0,24,37,37,57,75,91,91,91],"floor_reached":51,"playtime":3977,"items_purged":["mysticmod:Strike_Mystic"],"score":950,"play_id":"46a1a8e7-638d-4fce-802e-3e073a8b7691","local_time":"20201227032502","is_ascension_mode":false,"campfire_choices":[{"data":"mysticmod:ComboCaster","floor":8,"key":"SMITH"},{"data":"mysticmod:ComponentsPouch","floor":10,"key":"SMITH"},{"data":"mysticmod:RapidCaster","floor":15,"key":"SMITH"},{"data":"mysticmod:Flourish","floor":25,"key":"SMITH"},{"data":"mysticmod:MirrorEntity","floor":32,"key":"SMITH"},{"data":"mysticmod:Riposte","floor":40,"key":"SMITH"},{"data":"mysticmod:ComponentsPouch","floor":45,"key":"SMITH"},{"data":"mysticmod:Dedication","floor":49,"key":"SMITH"}],"circlet_count":0,"master_deck":["mysticmod:Strike_Mystic","mysticmod:Strike_Mystic","mysticmod:Defend_Mystic","mysticmod:Defend_Mystic","mysticmod:Defend_Mystic","mysticmod:Defend_Mystic","mysticmod:ArcaneDodge","mysticmod:ShockingGrasp","mysticmod:MightyMagic","mysticmod:Riposte+1","mysticmod:ComponentsPouch+1","mysticmod:ComboCaster+1","mysticmod:ComponentsPouch+1","mysticmod:Flourish+1","mysticmod:SpontaneousCaster","mysticmod:RapidCaster+1","mysticmod:Momentum+1","mysticmod:HeavyStrike+1","mysticmod:BladeMaster+1","mysticmod:ArcaneAccuracy+1","mysticmod:Snowball","mysticmod:ArcaneAccuracy","mysticmod:MirrorEntity+1","mysticmod:MirrorStrike+1","mysticmod:RapidCaster+1","mysticmod:Dedication+1"],"relics":["mysticmod:SpellBook","NeowsBlessing","hubris:GlazedTorus","hubris:Icosahedron","ReplayTheSpireMod:Shallot","StuffTheSpire:Mouthbags","DemoMod:GlassGuonStoneRelic","jedi:ominousloannote","DemoMod:GnawedKey","DemoMod:ClearGuonStone","StuffTheSpire:EmeraldSignet","SlaversCollar","hubris:BottledHeart","DemoMod:LamentConfigurum","Gremlin Horn","Pocketwatch","DemoMod:SerJunkan","mysticmod:CrystalBall","aspiration:MobileForge","mysticmod:Kama","halation:PinkSoulGem","Red Mask","DemoMod:Junk"],"acts_visited":["Exordium","TheCity","TheBeyond"],"potions_floor_usage":[16,23,33,38,47,50],"damage_taken":[{"damage":0,"enemies":"infinitespire:Voidling","floor":1,"turns":1},{"damage":0,"enemies":"Jaw Worm","floor":2,"turns":1},{"damage":0,"enemies":"2 Louse","floor":3,"turns":1},{"damage":25,"enemies":"Lagavulin","floor":6,"turns":8},{"damage":0,"enemies":"Exordium Thugs","floor":7,"turns":3},{"damage":0,"enemies":"Lots of Slimes","floor":12,"turns":4},{"damage":9,"enemies":"Red Slaver","floor":13,"turns":4},{"damage":0,"enemies":"Fading Forest","floor":16,"turns":11},{"damage":0,"enemies":"Chosen","floor":18,"turns":4},{"damage":0,"enemies":"3 Byrds","floor":20,"turns":5},{"damage":0,"enemies":"Gremlin Leader","floor":23,"turns":7},{"damage":0,"enemies":"Snake Plant","floor":24,"turns":6},{"damage":0,"enemies":"Snecko","floor":27,"turns":5},{"damage":0,"enemies":"Chosen and Byrds","floor":28,"turns":6},{"damage":0,"enemies":"theDuelist:KaibaA2","floor":29,"turns":3},{"damage":0,"enemies":"Cultist and Chosen","floor":31,"turns":7},{"damage":0,"enemies":"Collector","floor":33,"turns":6},{"damage":0,"enemies":"Orb Walker","floor":35,"turns":4},{"damage":0,"enemies":"3 Shapes","floor":36,"turns":3},{"damage":0,"enemies":"Spire Growth","floor":37,"turns":3},{"damage":0,"enemies":"3 Darklings","floor":38,"turns":3},{"damage":0,"enemies":"Giant Head","floor":42,"turns":5},{"damage":0,"enemies":"4 Shapes","floor":44,"turns":4},{"damage":0,"enemies":"Sphere and 2 Shapes","floor":46,"turns":4},{"damage":0,"enemies":"Spire Growth","floor":47,"turns":3},{"damage":0,"enemies":"Jaw Worm Horde","floor":48,"turns":3},{"damage":0,"enemies":"Time Eater","floor":50,"turns":9}],"seed_played":"-3515236372473910644","potions_obtained":[{"floor":2,"key":"Milkshake"},{"floor":3,"key":"AttackPotion"},{"floor":18,"key":"Adrenaline Potion"},{"floor":29,"key":"Fire Potion"},{"floor":33,"key":"sneckomod:MuddlingPotion"},{"floor":38,"key":"Elixir"},{"floor":42,"key":"Explosive Potion"},{"floor":44,"key":"Energy Potion"}],"is_trial":false,"path_per_floor":["M","M","M","$","?","E","M","R","T","R","?","M","M","$","R","B",null,"M","?","M","?","?","E","M","R","T","M","M","E","AVR","M","R","B",null,"M","M","M","M","?","R","?","E","T","M","R","M","M","M","R","B",null],"character_chosen":"MYSTIC_CLASS","items_purchased":["hubris:GlazedTorus","jedi:ominousloannote","mysticmod:RapidCaster","DemoMod:GnawedKey","DemoMod:ClearGuonStone","StuffTheSpire:EmeraldSignet"],"campfire_rested":0,"item_purchase_floors":[4,14,14,14,14,14],"current_hp_per_floor":[77,77,77,77,77,52,52,52,52,52,52,52,43,43,43,53,77,77,77,77,77,1,1,1,1,1,1,1,1,1,1,1,1,1,1,1,1,1,1,1,1,1,1,1,1,1,1,1,1,1],"gold":91,"neow_bonus":"THREE_ENEMY_KILL","is_daily":false,"chose_seed":false,"campfire_upgraded":8,"win_rate":0.0,"timestamp":1609035902,"path_taken":["M","?","M","$","?","E","M","R","T","R","?","M","?","?","R","BOSS","M","?","?","?","?","E","?","R","T","M","M","E","AVR","M","R","BOSS","M","M","M","M","?","R","?","E","T","M","R","M","?","M","R","BOSS"],"items_purchased_type":["Relic","Relic","Card","Relic","Relic","Relic"],"build_version":"2020-12-22","purchased_purges":1,"victory":true,"max_hp_per_floor":[77,77,77,77,77,77,77,77,77,77,77,77,77,77,77,77,77,77,77,77,77,1,1,1,1,1,1,1,1,1,1,1,1,1,1,1,1,1,1,1,1,1,1,1,1,1,1,1,1,1],"card_choices":[{"not_picked":["mysticmod:Probe","mysticmod:Alacrity"],"picked":"mysticmod:ComponentsPouch","floor":1},{"not_picked":["mysticmod:Fireball","mysticmod:Sideswipe"],"picked":"mysticmod:MightyMagic","floor":2},{"not_picked":["mysticmod:PowerSlash","mysticmod:ChargedParry"],"picked":"mysticmod:Riposte","floor":3},{"not_picked":["mysticmod:ChargedParry","mysticmod:Grease"],"picked":"mysticmod:ComponentsPouch","floor":6},{"not_picked":["mysticmod:MagicWeapon","mysticmod:TomeOfSpells"],"picked":"mysticmod:ComboCaster","floor":7},{"not_picked":["mysticmod:FloatingDisk","mysticmod:EnergizedRift"],"picked":"mysticmod:Flourish","floor":12},{"not_picked":["mysticmod:FloatingDisk","mysticmod:Flourish"],"picked":"mysticmod:SpontaneousCaster","floor":13},{"not_picked":["mysticmod:ObscuringMist","mysticmod:ClosingBarrage"],"picked":"mysticmod:Momentum","floor":16},{"not_picked":["mysticmod:Daze","mysticmod:Sideswipe+1"],"picked":"mysticmod:HeavyStrike+1","floor":18},{"not_picked":["mysticmod:EnergizedRift","mysticmod:DiviningBlow"],"picked":"mysticmod:BladeMaster+1","floor":20},{"not_picked":["mysticmod:LightningBolt+1","mysticmod:Probe"],"picked":"mysticmod:ArcaneAccuracy+1","floor":23},{"not_picked":["mysticmod:Shield","mysticmod:BulkUp"],"picked":"mysticmod:Snowball","floor":24},{"not_picked":["mysticmod:Shield","mysticmod:MightyMagic"],"picked":"mysticmod:ArcaneAccuracy","floor":27},{"not_picked":["mysticmod:TomeOfSpells","mysticmod:Alacrity","mysticmod:CorrosiveTouch"],"picked":"SKIP","floor":28},{"not_picked":["mysticmod:Grease","mysticmod:BulkUp"],"picked":"mysticmod:MirrorEntity","floor":29},{"not_picked":["mysticmod:SuddenClarity","mysticmod:LightningBolt"],"picked":"mysticmod:MirrorStrike+1","floor":31},{"not_picked":["mysticmod:IllusionOfCalm","mysticmod:DiviningBlow+1","mysticmod:Shield+1"],"picked":"SKIP","floor":35},{"not_picked":["mysticmod:AllIn","mysticmod:TomeOfSpells","mysticmod:IllusionOfCalm+1"],"picked":"SKIP","floor":36},{"not_picked":["mysticmod:CorrosiveTouch","mysticmod:Snowball+1"],"picked":"mysticmod:RapidCaster+1","floor":37},{"not_picked":["mysticmod:Shield","mysticmod:SpellCombat+1"],"picked":"mysticmod:Dedication","floor":38},{"not_picked":["mysticmod:BulkUp+1","mysticmod:ComponentsPouch","mysticmod:Probe"],"picked":"SKIP","floor":42},{"not_picked":["mysticmod:CureLightWounds+1","mysticmod:Snowball+1","mysticmod:ComponentsPouch"],"picked":"SKIP","floor":44},{"not_picked":["mysticmod:Sideswipe","mysticmod:SpontaneousCaster","mysticmod:Disengage+1"],"picked":"SKIP","floor":46},{"not_picked":["mysticmod:PowerSlash+1","mysticmod:MirrorStrike+1","mysticmod:Fly"],"picked":"SKIP","floor":47},{"not_picked":["mysticmod:PowerSlash+1","mysticmod:DiviningBlow+1","mysticmod:MirrorStrike"],"picked":"SKIP","floor":48}],"player_experience":51837,"relics_obtained":[{"floor":6,"key":"ReplayTheSpireMod:Shallot"},{"floor":9,"key":"StuffTheSpire:Mouthbags"},{"floor":23,"key":"DemoMod:LamentConfigurum"},{"floor":26,"key":"Gremlin Horn"},{"floor":29,"key":"DemoMod:SerJunkan"},{"floor":42,"key":"DemoMod:Junk"},{"floor":43,"key":"DemoMod:Junk"}],"event_choices":[{"cards_removed":["mysticmod:Strike_Mystic"],"damage_healed":0,"gold_gain":0,"player_choice":"Purged","damage_taken":0,"max_hp_gain":0,"max_hp_loss":0,"event_name":"Purifier","floor":11,"gold_loss":0},{"damage_healed":0,"gold_gain":0,"player_choice":"Ignored","damage_taken":0,"max_hp_gain":0,"max_hp_loss":0,"event_name":"betterNote:BetterNote","floor":19,"gold_loss":0,"cards_obtained":["conspire:Charge"]},{"damage_healed":0,"gold_gain":0,"player_choice":"Paid","damage_taken":0,"relics_obtained":["Red Mask"],"max_hp_gain":0,"max_hp_loss":0,"event_name":"Tomb of Lord Red Mask","floor":41,"gold_loss":17}],"is_beta":false,"boss_relics":[{"not_picked":["jedi:hotpepper","hubris:GrandSneckoEye"],"picked":"SlaversCollar"},{"not_picked":["Replay:Wanted Poster","halation:ForbiddenBikini"],"picked":"aspiration:MobileForge"}],"items_purged_floors":[14],"is_endless":false,"potions_floor_spawned":[2,3,7,18,20,29,33,36,38,42,44],"ascension_level":0}}