{"host":"202rh853cfmsp27s","time":1609067155,"event":{"mods":["2.2 Compatiblity","AchievementEnabler","BaseMod","Bestiary","Better Altar","Better Match","Better Note","Better Sensory Stone","Better Skull","Better Third Choice","Better Vampires","BetterRewards","Colored Map","Colored Powertips","Curses Come First","Decade(???)","DeckTracker","Displayed Cursed Tome","Downfall","GifTheSpireLib","Gold Saver","Googly Eyes","Gremlin Mod","Hermit","Highlight Path","Infinite Spire","Minty Spire (QoL Compilation)","Permanent Neow","Random Character Button","Rare Cards Sparkle","Relic Stats","Replay The Spire","Shade Mod","Spicy Shops","StSLib","The Animator","The Bug Knight","The Wild Card","Transform Curses","Unceasing Turn Reminder"],"gold_per_floor":[1471,1471,514,530,530,564,564,564,564,676,721,733,783,811,823,966,978,1010,1022,1055,1080,1115,1163,1196,1208,1243,1288,1321,1333,1383,912,912,1031,1031,1049,820,844,862,862,896,919,919,919,919,919],"floor_reached":44,"playtime":2788,"items_purged":["Regret","theWildCard:BasicStrike","theWildCard:BasicStrike","theWildCard:BasicDefend"],"score":873,"play_id":"fd2a0a14-6fa2-4e87-a795-d1b7367fab9b","local_time":"20201227040555","is_ascension_mode":true,"campfire_choices":[{"data":"theWildCard:Arsene","floor":8.0,"key":"SMITH"},{"data":"theWildCard:StingingStrike","floor":12.0,"key":"SMITH"},{"data":"theWildCard:BasicStrike","floor":15.0,"key":"PURGE"},{"data":"theWildCard:Thanatos","floor":25.0,"key":"SMITH"},{"floor":29.0,"key":"REST"},{"floor":32.0,"key":"REST"}],"circlet_count":0,"master_deck":["theWildCard:BasicDefend","theWildCard:BasicDefend","theWildCard:BasicDefend","theWildCard:CallToAdventure+1","theWildCard:Arsene+1","theWildCard:StingingStrike+1","Injury","theWildCard:Abstinence","theWildCard:StingingStrike+1","theWildCard:EnergyTheft","theWildCard:Unburden","theWildCard:Attunement","ReplayTheSpireMod:Splinters","theWildCard:LadyLuck","theWildCard:MaskChange","theWildCard:Impatience","theWildCard:Proficiency","theWildCard:SeveringSlash","theWildCard:Thanatos+1","theWildCard:ArcaneArts+1","theWildCard:FinalHour","theWildCard:ArcaneArts","theWildCard:Attunement","Pot Of Greed","Pot Of Greed","Pot Of Greed","theWildCard:Attunement","theWildCard:PowerOfTheArcana","theWildCard:StingingStrike+1","theWildCard:Proficiency","theWildCard:MagicalMight","theWildCard:Salvation","theWildCard:TheArcanaUnleashed","theWildCard:BladeOfGenerations+1","theWildCard:Providence","Pot Of Greed","theWildCard:UnderLockAndKey","theWildCard:StingingStrike+1","theWildCard:ArcanaArtistry"],"relics":["theWildCard:VelvetContract","Snack Pack","Golden Idol","Whetstone","infinitespire:FocusingShard","Iron Hammer","Centennial Puzzle","Calipers","PreservedInsect","Tiny Chest","MawBank","infinitespire:Lychee Nut","Smiling Mask","Sozu","Grinning Jar","infinitespire:Lucky Rock","Bag of Preparation","Bag of Marbles","Pen Nib","Membership Card","infinitespire:Bottled Soul","Replay:Bottled Snecko","Philosopher\u0027s Stone","Peace Pipe","BargainBundle","Dream Catcher"],"acts_visited":["Exordium","TheCity","TheBeyond"],"potions_floor_usage":[44],"damage_taken":[{"damage":2.0,"enemies":"Cultist","floor":1.0,"turns":3.0},{"damage":0.0,"enemies":"Small Slimes","floor":4.0,"turns":2.0},{"damage":16.0,"enemies":"Lagavulin","floor":6.0,"turns":7.0},{"damage":6.0,"enemies":"Gremlin Nob","floor":11.0,"turns":4.0},{"damage":4.0,"enemies":"3 Sentries","floor":13.0,"turns":6.0},{"damage":0.0,"enemies":"2 Louse","floor":14.0,"turns":2.0},{"damage":0.0,"enemies":"Slime Boss","floor":16.0,"turns":10.0},{"damage":7.0,"enemies":"3 Byrds","floor":18.0,"turns":6.0},{"damage":0.0,"enemies":"Shell Parasite","floor":20.0,"turns":3.0},{"damage":3.0,"enemies":"Cultist and Chosen","floor":21.0,"turns":6.0},{"damage":0.0,"enemies":"Gremlin Leader","floor":23.0,"turns":4.0},{"damage":16.0,"enemies":"Centurion and Healer","floor":24.0,"turns":4.0},{"damage":25.0,"enemies":"Slavers","floor":27.0,"turns":6.0},{"damage":4.0,"enemies":"Shelled Parasite and Fungi","floor":28.0,"turns":2.0},{"damage":31.0,"enemies":"Gremlin Leader","floor":30.0,"turns":3.0},{"damage":4.0,"enemies":"Automaton","floor":33.0,"turns":2.0},{"damage":6.0,"enemies":"3 Darklings","floor":35.0,"turns":2.0},{"damage":6.0,"enemies":"3 Shapes","floor":37.0,"turns":1.0},{"damage":0.0,"enemies":"Jaw Worm Horde","floor":38.0,"turns":1.0},{"damage":4.0,"enemies":"Reptomancer","floor":40.0,"turns":1.0},{"damage":4.0,"enemies":"Sphere and 2 Shapes","floor":41.0,"turns":2.0},{"damage":49,"enemies":"Nightmare","floor":44,"turns":4}],"seed_played":"8054465735867707503","potions_obtained":[{"floor":1.0,"key":"LiquidBronze"},{"floor":4.0,"key":"Slimebound:ThreeZeroPotion"},{"floor":13.0,"key":"GamblersBrew"},{"floor":14.0,"key":"Elixir"}],"is_trial":false,"path_per_floor":["M","?","$","M","?","E","?","R","T","?","E","R","E","M","R_BF","B",null,"M","?","M","M","T","E","M","R","T","E","M","R","E","$","R","B",null,"M","$","M","M","?","E","M","M","M","M"],"character_chosen":"THE_WILD_CARD","items_purchased":["Whetstone","infinitespire:FocusingShard","Iron Hammer","Centennial Puzzle","theWildCard:Abstinence","theWildCard:StingingStrike","theWildCard:EnergyTheft","Membership Card","infinitespire:Bottled Soul","Replay:Bottled Snecko","theWildCard:Salvation","Peace Pipe","BargainBundle","theWildCard:Providence"],"campfire_rested":2,"item_purchase_floors":[3,3,3,3,3,3,3,31,31,31,31,36,36,36],"current_hp_per_floor":[58,58,58,60,60,46,29,29,29,29,25,25,29,34,34,45,45,41,41,45,42,42,45,34,34,34,17,18,31,7,7,20,23,45,43,43,45,45,45,45,45,45,45,0,0],"gold":919,"neow_bonus":"RANDOM_EVENT","is_daily":false,"chose_seed":false,"campfire_upgraded":3,"win_rate":0.0,"timestamp":1609067155,"path_taken":["M","?","$","M","?","E","?","R","T","?","E","R","E","?","R_BF","BOSS","M","?","M","M","?","E","?","R","T","E","M","R","E","$","R","BOSS","M","$","M","M","?","E","M"],"items_purchased_type":["Relic","Relic","Relic","Relic","Card","Card","Card","Relic","Relic","Relic","Card","Relic","Relic","Card"],"build_version":"2020-12-22","purchased_purges":4,"victory":false,"max_hp_per_floor":[60,60,60,60,60,60,60,60,60,60,45,45,45,45,45,45,45,45,45,45,45,45,45,45,45,45,45,45,45,45,45,45,45,45,45,45,45,45,45,45,45,45,45,45,45],"relic_stats":{"counters":[24,83],"Golden Idol":164,"PreservedInsect":238,"Pen Nib":[4],"Bag of Preparation":[24],"Whetstone":["theWildCard:CallToAdventure","theWildCard:BasicStrike"],"MawBank":264,"Smiling Mask":38,"Sozu":6,"Peace Pipe":1,"Centennial Puzzle":[45],"Dream Catcher":0,"Tiny Chest":1,"obtain_stats":[{"Calipers":6,"Bag of Preparation":26,"Whetstone":3,"Smiling Mask":13,"Sozu":17,"Centennial Puzzle":3,"Dream Catcher":40,"infinitespire:Bottled Soul":31,"Tiny Chest":7,"Philosopher\u0027s Stone":34,"Iron Hammer":3,"Replay:Bottled Snecko":31,"BargainBundle":36,"Golden Idol":2,"infinitespire:FocusingShard":3,"PreservedInsect":7,"Pen Nib":30,"infinitespire:Lucky Rock":23,"MawBank":9,"Peace Pipe":36,"theWildCard:VelvetContract":0,"infinitespire:Lychee Nut":11,"Snack Pack":0,"Bag of Marbles":27,"Membership Card":31,"Grinning Jar":22},{"Calipers":3,"Bag of Preparation":12,"Whetstone":1,"Smiling Mask":5,"Sozu":7,"Centennial Puzzle":1,"Dream Catcher":20,"infinitespire:Bottled Soul":15,"Tiny Chest":3,"Philosopher\u0027s Stone":16,"Iron Hammer":1,"Replay:Bottled Snecko":15,"BargainBundle":17,"Golden Idol":1,"infinitespire:FocusingShard":1,"PreservedInsect":3,"Pen Nib":15,"infinitespire:Lucky Rock":11,"MawBank":3,"Peace Pipe":17,"theWildCard:VelvetContract":0,"infinitespire:Lychee Nut":4,"Snack Pack":0,"Bag of Marbles":13,"Membership Card":15,"Grinning Jar":10},{"Calipers":12,"Bag of Preparation":57,"Whetstone":3,"Smiling Mask":22,"Sozu":34,"Centennial Puzzle":3,"Dream Catcher":75,"infinitespire:Bottled Soul":68,"Tiny Chest":12,"Philosopher\u0027s Stone":70,"Iron Hammer":3,"Replay:Bottled Snecko":68,"BargainBundle":72,"Golden Idol":3,"infinitespire:FocusingShard":3,"PreservedInsect":12,"Pen Nib":68,"infinitespire:Lucky Rock":53,"MawBank":12,"Peace Pipe":72,"theWildCard:VelvetContract":0,"infinitespire:Lychee Nut":16,"Snack Pack":0,"Bag of Marbles":63,"Membership Card":68,"Grinning Jar":49}]},"card_choices":[{"not_picked":["theWildCard:ArcaneArts","theWildCard:Michael"],"picked":"theWildCard:StingingStrike","floor":1.0},{"not_picked":["theWildCard:Polydeuces","theWildCard:PaleRider"],"picked":"theWildCard:Unburden","floor":4.0},{"not_picked":["theWildCard:StingingStrike","theWildCard:Michael"],"picked":"theWildCard:Attunement","floor":6.0},{"not_picked":["theWildCard:StingingStrike","theWildCard:EnergizedStroke"],"picked":"theWildCard:LadyLuck","floor":10.0},{"not_picked":["theWildCard:Ruination","theWildCard:SacrificialStroke"],"picked":"theWildCard:MaskChange","floor":10.0},{"not_picked":["theWildCard:UnendingRitual","theWildCard:SacrificialStroke"],"picked":"theWildCard:Impatience","floor":10.0},{"not_picked":["theWildCard:MaskChange","theWildCard:Odin"],"picked":"theWildCard:Proficiency","floor":11.0},{"not_picked":["theWildCard:StalwartBlade","theWildCard:Polydeuces","theWildCard:Unburden"],"picked":"SKIP","floor":13.0},{"not_picked":["theWildCard:MaskChange","theWildCard:ArcaneArts"],"picked":"theWildCard:SeveringSlash","floor":14.0},{"not_picked":["theWildCard:Satanael","theWildCard:FuelForTheFire"],"picked":"theWildCard:Thanatos","floor":16.0},{"not_picked":["theWildCard:EnergizedStroke","theWildCard:Michael"],"picked":"theWildCard:ArcaneArts+1","floor":18.0},{"not_picked":["theWildCard:Michael","theWildCard:PaleRider"],"picked":"theWildCard:ArcaneArts","floor":20.0},{"not_picked":["theWildCard:Polydeuces","theWildCard:MaskChange"],"picked":"theWildCard:Attunement","floor":21.0},{"not_picked":["theWildCard:Unburden","theWildCard:SacrificialStroke"],"picked":"theWildCard:Attunement","floor":23.0},{"not_picked":["theWildCard:StingingStrike","theWildCard:ArcaneArts"],"picked":"theWildCard:PowerOfTheArcana","floor":24.0},{"not_picked":["theWildCard:MagicMettle+1","theWildCard:Scathach+1"],"picked":"theWildCard:StingingStrike+1","floor":27.0},{"not_picked":["theWildCard:Loki","theWildCard:ArcaneArts"],"picked":"theWildCard:Proficiency","floor":28.0},{"not_picked":["theWildCard:StalwartBlade","theWildCard:Michael"],"picked":"theWildCard:MagicalMight","floor":30.0},{"not_picked":["theWildCard:AllOutAttack","theWildCard:FinalHour"],"picked":"theWildCard:TheArcanaUnleashed","floor":33.0},{"not_picked":["theWildCard:Proficiency","theWildCard:Patience"],"picked":"theWildCard:BladeOfGenerations+1","floor":35.0},{"not_picked":["theWildCard:Metatron","theWildCard:PaleRider+1"],"picked":"theWildCard:UnderLockAndKey","floor":37.0},{"not_picked":["theWildCard:ArcaneArts+1","theWildCard:PaleRider"],"picked":"theWildCard:StingingStrike+1","floor":38.0},{"not_picked":["theWildCard:Lucifer","theWildCard:TheGreatSeal","theWildCard:SeveringSlash+1"],"picked":"SKIP","floor":40.0},{"not_picked":["theWildCard:Proficiency","theWildCard:EnergyTheft"],"picked":"theWildCard:ArcanaArtistry","floor":41.0}],"player_experience":119326,"relics_obtained":[{"floor":6.0,"key":"Calipers"},{"floor":9.0,"key":"MawBank"},{"floor":11.0,"key":"infinitespire:Lychee Nut"},{"floor":13.0,"key":"Smiling Mask"},{"floor":22.0,"key":"Grinning Jar"},{"floor":23.0,"key":"infinitespire:Lucky Rock"},{"floor":26.0,"key":"Bag of Preparation"},{"floor":27.0,"key":"Bag of Marbles"},{"floor":30.0,"key":"Pen Nib"},{"floor":40.0,"key":"Dream Catcher"}],"event_choices":[{"damage_healed":0.0,"max_hp_gain":0.0,"max_hp_loss":0.0,"gold_gain":0.0,"event_name":"Big Fish","player_choice":"Box","floor":0.0,"gold_loss":0.0,"damage_taken":0.0,"relics_obtained":["Snack Pack"],"cards_obtained":["Regret"]},{"damage_healed":0.0,"max_hp_gain":0.0,"max_hp_loss":0.0,"gold_gain":0.0,"event_name":"Golden Idol","player_choice":"Take Wound","floor":2.0,"gold_loss":0.0,"damage_taken":0.0,"relics_obtained":["Golden Idol"],"cards_obtained":["Injury"]},{"damage_healed":0.0,"max_hp_gain":0.0,"max_hp_loss":0.0,"gold_gain":1.0,"event_name":"betterThird:BetterScrap","player_choice":"Relic Relic ","floor":7.0,"gold_loss":0.0,"damage_taken":17.0,"cards_obtained":["Replay:Cycle"]},{"damage_healed":0.0,"max_hp_gain":0.0,"max_hp_loss":0.0,"gold_gain":0.0,"event_name":"The Library","player_choice":"Read","floor":19.0,"gold_loss":0.0,"damage_taken":0.0,"cards_obtained":["theWildCard:FinalHour"]},{"cards_removed":["theWildCard:BasicStrike"],"damage_healed":0.0,"max_hp_gain":0.0,"max_hp_loss":0.0,"gold_gain":0.0,"event_name":"Falling","player_choice":"Removed Attack","floor":39.0,"gold_loss":0.0,"damage_taken":0.0}],"is_beta":false,"boss_relics":[{"not_picked":["infinitespire:Cupcake","Painkiller Herb"],"picked":"Sozu"},{"not_picked":["Ring of Chaos","Tiny House"],"picked":"Philosopher\u0027s Stone"}],"items_purged_floors":[3,31,36,36],"is_endless":false,"potions_floor_spawned":[1,4,13,14,16,18,23,24,28,38,40,41],"killed_by":"Nightmare","ascension_level":1}}