{"host":"32dedufnxebqtmo3","time":1609103367,"event":{"mods":["AchievementEnabler","Act Like it!","BaseMod","Better Third Choice","Card Filter","Colored Powertips","Defuse TimeMaze Blight","Gensokyo","GifTheSpireLib","Minty Spire (QoL Compilation)","Permanent Neow","Relic Filter","Relic Stats","Remove Card Discount Mod","Shop Mod","StSLib","The Cursed","Unceasing Turn Reminder","Yakumo Yukari mod"],"gold_per_floor":[119,129,148,78,1,35,35,46,46,46,57,57,71,1,1,103,103,121,42,57,57,57,87,87,132,132,132,132,132],"floor_reached":28,"playtime":1441,"items_purged":["Strike_B","Strike_B"],"score":286,"play_id":"cc0197e9-09da-423b-a7c1-c7e10191e7b6","local_time":"20201227130927","is_ascension_mode":false,"campfire_choices":[{"data":"Loop","floor":7,"key":"SMITH"},{"data":"Conserve Battery","floor":10,"key":"SMITH"},{"data":"Dualcast","floor":12,"key":"SMITH"},{"floor":15,"key":"REST"},{"floor":24,"key":"REST"},{"floor":27,"key":"RECALL"}],"circlet_count":0,"master_deck":["Strike_B+1","Strike_B","Defend_B","Defend_B","Defend_B","Defend_B","Zap+1","Dualcast+1","Ball Lightning+1","Loop+1","Sweeping Beam+1","Conserve Battery+1","Ball Lightning","Barrage","Ball Lightning","Redo+1","Leap","Gash","Echo Form","CurseOfTheBell","Leap","Gensokyo:Shovel","Gensokyo:TarnishedGold","Recycle+1","Shame","Electrodynamics"],"relics":["Cracked Core","Girya","Calling Bell","InkBottle","Ice Cream","PreservedInsect","Oddly Smooth Stone","Art of War","Molten Egg 2"],"acts_visited":["Exordium","Gensokyo:Gensokyo"],"potions_floor_usage":[11,28,28],"damage_taken":[{"damage":0,"enemies":"Gensokyo:3_Fairies","floor":1,"turns":4},{"damage":1,"enemies":"Gensokyo:Python","floor":2,"turns":3},{"damage":0,"enemies":"Gensokyo:2_Kodama","floor":3,"turns":2},{"damage":27,"enemies":"Gensokyo:Aya","floor":6,"turns":4},{"damage":0,"enemies":"Gensokyo:Kitsune","floor":8,"turns":3},{"damage":3,"enemies":"Gensokyo:5_Fairies","floor":11,"turns":3},{"damage":9,"enemies":"Gensokyo:3_Kodama","floor":13,"turns":3},{"damage":0,"enemies":"Gensokyo:Yukari","floor":16,"turns":7},{"damage":3,"enemies":"Gensokyo:Chomper","floor":18,"turns":4},{"damage":1,"enemies":"Gensokyo:AngelMirror","floor":20,"turns":3},{"damage":74,"enemies":"Gensokyo:Tenshi","floor":23,"turns":5},{"damage":30,"enemies":"Gensokyo:Monolith_and_Dog","floor":28,"turns":4}],"seed_played":"4996476386836797073","potions_obtained":[{"floor":1,"key":"Swift Potion"},{"floor":8,"key":"PowerPotion"},{"floor":16,"key":"EssenceOfSteel"},{"floor":18,"key":"BlessingOfTheForge"}],"is_trial":false,"path_per_floor":["M","M","M","?","$","E","R","M","T","R","M","R","M","$","R","B",null,"M","COS","M","?","?","E","R","T","T","R","M"],"character_chosen":"DEFECT","items_purchased":["Conserve Battery","Ball Lightning","Leap","Gash"],"campfire_rested":2,"item_purchase_floors":[5,5,14,14],"current_hp_per_floor":[82,81,81,81,81,54,54,54,54,54,51,51,42,42,66,66,82,79,79,78,78,78,4,28,28,28,28,0,0],"gold":132,"neow_bonus":"TEN_PERCENT_HP_BONUS","is_daily":false,"chose_seed":false,"campfire_upgraded":3,"win_rate":0.0,"timestamp":1609103367,"path_taken":["M","M","M","?","$","E","R","M","T","R","M","R","M","?","R","BOSS","M","COS","M","?","?","E","R","?","T","R","?"],"items_purchased_type":["Card","Card","Card","Card"],"build_version":"2020-12-22","purchased_purges":2,"victory":false,"max_hp_per_floor":[82,82,82,82,82,82,82,82,82,82,82,82,82,82,82,82,82,82,82,82,82,82,82,82,82,82,82,82,82],"relic_stats":{"counters":[12,45],"PreservedInsect":38,"Art of War":[1],"obtain_stats":[{"Calling Bell":17,"Ice Cream":17,"Girya":6,"Oddly Smooth Stone":23,"Molten Egg 2":26,"PreservedInsect":17,"Art of War":25,"Cracked Core":0,"InkBottle":17},{"Calling Bell":8,"Ice Cream":8,"Girya":4,"Oddly Smooth Stone":11,"Molten Egg 2":11,"PreservedInsect":8,"Art of War":11,"Cracked Core":0,"InkBottle":8},{"Calling Bell":29,"Ice Cream":29,"Girya":13,"Oddly Smooth Stone":41,"Molten Egg 2":41,"PreservedInsect":29,"Art of War":41,"Cracked Core":0,"InkBottle":29}],"InkBottle":[6]},"card_choices":[{"not_picked":["Heatsinks","Rebound"],"picked":"Ball Lightning","floor":1},{"not_picked":["Reprogram","Storm"],"picked":"Loop","floor":2},{"not_picked":["Consume","Steam"],"picked":"Sweeping Beam","floor":3},{"not_picked":["Ball Lightning","Reboot"],"picked":"Barrage","floor":6},{"not_picked":["Storm","Steam Power","Sunder"],"picked":"SKIP","floor":8},{"not_picked":["Static Discharge","Barrage"],"picked":"Ball Lightning","floor":11},{"not_picked":["Beam Cell","Barrage"],"picked":"Redo","floor":13},{"not_picked":["Core Surge","All For One"],"picked":"Echo Form","floor":16},{"not_picked":["Coolheaded","Steam"],"picked":"Leap","floor":18},{"not_picked":["Reprogram","Force Field"],"picked":"Recycle+1","floor":20},{"not_picked":["Compile Driver+1","Machine Learning"],"picked":"Electrodynamics","floor":23}],"player_experience":669851,"relics_obtained":[{"floor":6,"key":"Girya"},{"floor":17,"key":"InkBottle"},{"floor":17,"key":"Ice Cream"},{"floor":17,"key":"PreservedInsect"},{"floor":23,"key":"Oddly Smooth Stone"},{"floor":25,"key":"Art of War"},{"floor":26,"key":"Molten Egg 2"}],"event_choices":[],"is_beta":false,"boss_relics":[{"not_picked":["Nuclear Battery","Fusion Hammer"],"picked":"Calling Bell"}],"items_purged_floors":[5,5],"is_endless":false,"potions_floor_spawned":[1,8,16,18],"killed_by":"Gensokyo:Monolith_and_Dog","ascension_level":0}}