{"host":"kw4o7b3ro2ktmmbe","time":1609038360,"event":{"mods":["BaseMod","Evolution","Minty Spire (QoL Compilation)","StSLib","The Death Knight","Treasure Hunter"],"gold_per_floor":[224,399,399,111,128,128,158,158,158,158,173,173,196,211,211,313,313,323,323,238,94,106,106,137,137,160,160,160],"floor_reached":27,"playtime":2614,"items_purged":[],"score":295,"play_id":"4fe79637-204c-44cd-a9d0-1b01f802026b","local_time":"20201227160600","is_ascension_mode":true,"campfire_choices":[{"data":"DeathKnight:BladedArmor","floor":6.0,"key":"SMITH"},{"data":"TH:ElvenBoots","floor":8.0,"key":"SMITH"},{"data":"DeathKnight:UnholyAssault","floor":10.0,"key":"SMITH"},{"data":"TH:CursedSword","floor":12.0,"key":"SMITH"},{"data":"DeathKnight:Hysteria","floor":15.0,"key":"SMITH"},{"data":"DeathKnight:RuneTap","floor":23.0,"key":"SMITH"}],"circlet_count":0,"master_deck":["DeathKnight:IcyTouch","DeathKnight:Strike_DeathKnight","DeathKnight:Strike_DeathKnight","DeathKnight:Strike_DeathKnight","DeathKnight:Strike_DeathKnight","DeathKnight:Defend_DeathKnight","DeathKnight:Defend_DeathKnight","DeathKnight:RuneTap+1","DeathKnight:RuneStrike","DeathKnight:Parry+1","DeathKnight:DeathGrip+1","DeathKnight:MindFreeze+1","DeathKnight:PlagueStrike","DeathKnight:BladedArmor+1","TH:ElvenBoots+1","DeathKnight:UnholyAssault+1","TH:CursedSword+1","DeathKnight:DeathAndDecay+1","DeathKnight:Hysteria+1","TH:ArmorSpikes","DeathKnight:Outbreak+1","DeathKnight:FesteringStrike+1","DeathKnight:FoulBulwark+1","TH:BikiniMail","TH:ElvenBoots+1","TH:BikiniMail"],"relics":["EVO:Axolotl","Astrolabe","HandDrill","Pen Nib","Vajra","DeathKnight:TomeOfUnholySpecialization","Odd Mushroom","Coffee Dripper","Darkstone Periapt","Bronze Scales","Question Card","DeathKnight:PreciousRibbon"],"acts_visited":["Exordium","TheCity"],"potions_floor_usage":[24,27],"damage_taken":[{"damage":0.0,"enemies":"Cultist","floor":1.0,"turns":3.0},{"damage":0.0,"enemies":"Jaw Worm","floor":5.0,"turns":2.0},{"damage":16.0,"enemies":"Lagavulin","floor":7.0,"turns":4.0},{"damage":0.0,"enemies":"2 Louse","floor":11.0,"turns":2.0},{"damage":19.0,"enemies":"The Mushroom Lair","floor":13.0,"turns":3.0},{"damage":8.0,"enemies":"Looter","floor":14.0,"turns":3.0},{"damage":12.0,"enemies":"Hexaghost","floor":16.0,"turns":6.0},{"damage":3.0,"enemies":"Shell Parasite","floor":18.0,"turns":2.0},{"damage":12.0,"enemies":"Chosen","floor":22.0,"turns":2.0},{"damage":31,"enemies":"Slavers","floor":24,"turns":3},{"damage":16,"enemies":"Snake Plant","floor":27,"turns":1}],"seed_played":"-541527827481778666","potions_obtained":[{"floor":1.0,"key":"LiquidMemories"},{"floor":11.0,"key":"Regen Potion"},{"floor":13.0,"key":"Block Potion"},{"floor":22.0,"key":"DeathKnight:BottledBloodEchoes"},{"floor":24,"key":"GamblersBrew"}],"is_trial":false,"path_per_floor":["M","?","?","$","M","R","E","R","T","R","M","R","?","M","R","B",null,"M","?","?","$","M","R","E","?","T","M"],"character_chosen":"DEATH_KNIGHT","items_purchased":["HandDrill","Pen Nib","Bronze Scales"],"campfire_rested":0,"item_purchase_floors":[4,4,21],"current_hp_per_floor":[68,68,61,61,61,61,45,45,45,45,45,45,38,30,30,18,61,58,58,58,58,46,46,15,15,15,0,0],"gold":160,"neow_bonus":"BOSS_RELIC","is_daily":false,"chose_seed":false,"campfire_upgraded":6,"win_rate":0.0,"timestamp":1609038360,"path_taken":["M","?","?","?","M","R","E","R","T","R","M","R","?","M","R","BOSS","M","?","?","$","M","R","E","?","T","M"],"items_purchased_type":["Relic","Relic","Relic"],"build_version":"2020-12-22","purchased_purges":0,"victory":false,"max_hp_per_floor":[75,75,75,75,75,75,75,75,75,75,75,75,75,75,75,75,75,75,75,75,75,75,75,75,75,75,75,75],"card_choices":[{"not_picked":["DeathKnight:BludPresence","DeathKnight:DeathAndDecay"],"picked":"DeathKnight:PlagueStrike","floor":1.0},{"not_picked":["DeathKnight:UnholyPresence","DeathKnight:MindFreeze"],"picked":"DeathKnight:BladedArmor","floor":5.0},{"not_picked":["TH:PixieDust"],"picked":"TH:ElvenBoots","floor":7.0},{"not_picked":["DeathKnight:BoneStorm","DeathKnight:HartStrike"],"picked":"DeathKnight:UnholyAssault","floor":7.0},{"not_picked":["TH:ElvenBoots"],"picked":"TH:CursedSword","floor":9.0},{"not_picked":["DeathKnight:DeathRune","DeathKnight:DeathGrip"],"picked":"DeathKnight:DeathAndDecay+1","floor":11.0},{"not_picked":["DeathKnight:ShatteringStrikes","DeathKnight:HornOfWinter"],"picked":"DeathKnight:Hysteria","floor":14.0},{"not_picked":["TH:Mimic"],"picked":"TH:ArmorSpikes","floor":16.0},{"not_picked":["DeathKnight:Razorice","DeathKnight:Simulacrum"],"picked":"DeathKnight:Outbreak+1","floor":16.0},{"not_picked":["DeathKnight:GargoyleSkin","DeathKnight:Culling"],"picked":"DeathKnight:FesteringStrike+1","floor":18.0},{"not_picked":["DeathKnight:UnholyFrenzy+1","DeathKnight:Hysteria+1"],"picked":"DeathKnight:FoulBulwark+1","floor":22.0},{"not_picked":["TH:PixieDust"],"picked":"TH:BikiniMail","floor":24},{"not_picked":["DeathKnight:PathOfFrost","DeathKnight:IceboundArmor","DeathKnight:Marrowrend"],"picked":"SKIP","floor":24},{"not_picked":["TH:Mimic","TH:ElvenBoots"],"picked":"TH:BikiniMail","floor":26}],"player_experience":1853154,"relics_obtained":[{"floor":7.0,"key":"Vajra"},{"floor":9.0,"key":"DeathKnight:TomeOfUnholySpecialization"},{"floor":13.0,"key":"Odd Mushroom"},{"floor":24,"key":"Question Card"},{"floor":26,"key":"DeathKnight:PreciousRibbon"}],"event_choices":[{"damage_healed":0.0,"max_hp_gain":0.0,"max_hp_loss":0.0,"gold_gain":175.0,"event_name":"Liars Game","player_choice":"AGREE","floor":2.0,"gold_loss":0.0,"damage_taken":0.0,"cards_obtained":["Doubt"]},{"cards_removed":["Doubt"],"damage_healed":0.0,"max_hp_gain":0.0,"max_hp_loss":0.0,"gold_gain":0.0,"event_name":"Golden Wing","player_choice":"Card Removal","floor":3.0,"gold_loss":0.0,"damage_taken":7.0},{"damage_healed":0.0,"max_hp_gain":0.0,"max_hp_loss":0.0,"gold_gain":0.0,"event_name":"Mushrooms","player_choice":"Fought Mushrooms","floor":13.0,"gold_loss":0.0,"damage_taken":0.0},{"damage_healed":0.0,"max_hp_gain":0.0,"max_hp_loss":0.0,"gold_gain":0.0,"event_name":"Ghosts","player_choice":"Ignored","floor":19.0,"gold_loss":0.0,"damage_taken":0.0},{"damage_healed":0.0,"max_hp_gain":0.0,"max_hp_loss":0.0,"gold_gain":0.0,"event_name":"Addict","player_choice":"Obtained Relic","floor":20.0,"gold_loss":85.0,"damage_taken":0.0,"relics_obtained":["Darkstone Periapt"]},{"damage_healed":0,"gold_gain":0,"player_choice":"Copied","damage_taken":0,"max_hp_gain":0,"max_hp_loss":0,"event_name":"Duplicator","floor":25,"gold_loss":0,"cards_obtained":["TH:ElvenBoots"]}],"is_beta":false,"boss_relics":[{"not_picked":["Empty Cage","Busted Crown"],"picked":"Coffee Dripper"}],"items_purged_floors":[],"is_endless":false,"potions_floor_spawned":[1,11,13,22,24],"killed_by":"Snake Plant","ascension_level":6}}