{"host":"52zmxm0oht7x0uft","time":1609099707,"event":{"mods":["AchievementEnabler","BaseMod","Minty Spire (QoL Compilation)","Quick Restart"],"gold_per_floor":[119,219,233,243,261,261,275,275,275,289,307,307,164,175,175,274,274,287,287,287,300,300,300],"floor_reached":22,"playtime":743,"items_purged":["Strike_R"],"score":216,"play_id":"fe5a911c-71a5-46bb-87ca-89fbf95e24f8","local_time":"20201227210827","is_ascension_mode":true,"campfire_choices":[{"data":"Inflame","floor":6.0,"key":"SMITH"},{"data":"Cleave","floor":8.0,"key":"SMITH"},{"data":"Heavy Blade","floor":12.0,"key":"SMITH"},{"data":"Inflame","floor":15.0,"key":"SMITH"}],"circlet_count":0,"master_deck":["Strike_R","Strike_R","Strike_R","Strike_R","Defend_R","Defend_R","Defend_R","Defend_R","Bash","Cleave+1","Iron Wave","Inflame+1","Heavy Blade+1","Inflame+1","Double Tap","RitualDagger"],"relics":["Burning Blood","Strawberry","Letter Opener","Coffee Dripper"],"acts_visited":["Exordium","TheCity"],"potions_floor_usage":[],"damage_taken":[{"damage":4.0,"enemies":"Jaw Worm","floor":1.0,"turns":5.0},{"damage":1.0,"enemies":"Cultist","floor":3.0,"turns":3.0},{"damage":3.0,"enemies":"2 Louse","floor":4.0,"turns":3.0},{"damage":10.0,"enemies":"2 Fungi Beasts","floor":5.0,"turns":3.0},{"damage":16.0,"enemies":"Lots of Slimes","floor":7.0,"turns":3.0},{"damage":17.0,"enemies":"Large Slime","floor":10.0,"turns":5.0},{"damage":15.0,"enemies":"Gremlin Gang","floor":11.0,"turns":4.0},{"damage":6.0,"enemies":"2 Fungi Beasts","floor":14.0,"turns":3.0},{"damage":52.0,"enemies":"Hexaghost","floor":16.0,"turns":8.0},{"damage":25.0,"enemies":"3 Byrds","floor":18.0,"turns":4.0},{"damage":25.0,"enemies":"Shell Parasite","floor":21.0,"turns":4.0},{"damage":0,"enemies":"Shelled Parasite and Fungi","floor":22,"turns":1}],"seed_played":"-5193674332876946551","potions_obtained":[{"floor":3.0,"key":"Strength Potion"},{"floor":4.0,"key":"ElixirPotion"},{"floor":10.0,"key":"Ancient Potion"},{"floor":18.0,"key":"FairyPotion"}],"is_trial":false,"path_per_floor":["M","?","M","M","M","R","M","R","T","M","M","R","$","M","R","B",null,"M","?","?","M","M"],"character_chosen":"IRONCLAD","items_purchased":["Inflame"],"campfire_rested":0,"item_purchase_floors":[13],"current_hp_per_floor":[87,87,87,87,83,83,73,73,73,62,53,53,53,53,53,7,87,68,62,62,43,43,43],"gold":300,"neow_bonus":"RANDOM_COMMON_RELIC","is_daily":false,"chose_seed":false,"campfire_upgraded":4,"win_rate":0.0,"timestamp":1609099707,"path_taken":["M","?","M","M","M","R","M","R","T","M","M","R","?","M","R","BOSS","M","?","?","M","M"],"items_purchased_type":["Card"],"build_version":"2020-12-22","purchased_purges":1,"victory":false,"max_hp_per_floor":[87,87,87,87,87,87,87,87,87,87,87,87,87,87,87,87,87,87,87,87,87,87,87],"card_choices":[{"not_picked":["Clothesline","Ghostly Armor"],"picked":"Cleave","floor":1.0},{"not_picked":["Uppercut","Wild Strike"],"picked":"Iron Wave","floor":3.0},{"not_picked":["Headbutt","Sever Soul","Dropkick"],"picked":"SKIP","floor":4.0},{"not_picked":["Headbutt","Fire Breathing"],"picked":"Inflame","floor":5.0},{"not_picked":["Flex","True Grit"],"picked":"Heavy Blade","floor":7.0},{"not_picked":["Juggernaut","Dual Wield","Sword Boomerang"],"picked":"SKIP","floor":10.0},{"not_picked":["Shrug It Off","Warcry","Second Wind"],"picked":"SKIP","floor":11.0},{"not_picked":["Dropkick","Combust","Anger"],"picked":"SKIP","floor":14.0},{"not_picked":["Immolate","Offering"],"picked":"Double Tap","floor":16.0},{"not_picked":["Pummel","Dropkick","Cleave"],"picked":"SKIP","floor":18.0},{"not_picked":["Pommel Strike+1","Rage","Anger"],"picked":"SKIP","floor":21.0}],"player_experience":322748,"relics_obtained":[{"floor":9.0,"key":"Letter Opener"}],"event_choices":[{"damage_healed":0.0,"max_hp_gain":0.0,"max_hp_loss":0.0,"gold_gain":100.0,"event_name":"Golden Shrine","player_choice":"Pray","floor":2.0,"gold_loss":0.0,"damage_taken":0.0},{"damage_healed":0.0,"max_hp_gain":0.0,"max_hp_loss":0.0,"gold_gain":0.0,"event_name":"Nest","player_choice":"Joined the Cult","floor":19.0,"gold_loss":0.0,"damage_taken":6.0,"cards_obtained":["RitualDagger"]},{"damage_healed":0.0,"max_hp_gain":0.0,"max_hp_loss":0.0,"gold_gain":0.0,"event_name":"Match and Keep!","player_choice":"0 cards matched","floor":20.0,"gold_loss":0.0,"damage_taken":0.0,"cards_obtained":[]}],"is_beta":false,"boss_relics":[{"not_picked":["Fusion Hammer","Cursed Key"],"picked":"Coffee Dripper"}],"items_purged_floors":[13],"is_endless":false,"potions_floor_spawned":[3,4,10,14,16,18],"killed_by":"Shelled Parasite and Fungi","ascension_level":4}}