{"host":"k5dhp0bkccqfauyu","time":1609074823,"event":{"mods":["BaseMod","Better Note","Better Skull","Better Vampires","Colored Map","Colored Powertips","DeckTracker","Minty Spire (QoL Compilation)","Permanent Neow","StSLib","SuperFastMode"],"gold_per_floor":[14,14,14,14,39,77,92,127,150,150,163,113,113,36,36,161,161,182,200,113,137,152,152,152],"floor_reached":23,"playtime":796,"items_purged":["Regret","Strike_R"],"score":211,"play_id":"ad4a1f50-3cff-4f54-848c-dc87da6ceb4b","local_time":"20201228001343","is_ascension_mode":true,"campfire_choices":[{"floor":10,"key":"REST"},{"data":"Dark Embrace","floor":13,"key":"SMITH"},{"data":"Feel No Pain","floor":15,"key":"SMITH"}],"circlet_count":0,"master_deck":["Strike_R","Strike_R","Defend_R","Defend_R","Defend_R","Bash","Burning Pact","Pummel","Spot Weakness","Headbutt","Dark Embrace+1","Feel No Pain+1","Barricade","CurseOfTheBell","True Grit","Havoc+1","Sentinel","Corruption","Wild Strike"],"relics":["Burning Blood","Golden Idol","Smiling Mask","Lantern","PreservedInsect","Regal Pillow","Calling Bell","Orichalcum","Shuriken","Calipers"],"acts_visited":["Exordium","TheCity"],"potions_floor_usage":[6,6,8,16,23],"damage_taken":[{"damage":2,"enemies":"Small Slimes","floor":1,"turns":4},{"damage":14,"enemies":"Jaw Worm","floor":5,"turns":7},{"damage":23,"enemies":"Lagavulin","floor":6,"turns":5},{"damage":4,"enemies":"Cultist","floor":7,"turns":3},{"damage":26,"enemies":"Gremlin Nob","floor":8,"turns":4},{"damage":4,"enemies":"Lots of Slimes","floor":11,"turns":4},{"damage":26,"enemies":"Slime Boss","floor":16,"turns":11},{"damage":10,"enemies":"Chosen","floor":18,"turns":5},{"damage":12,"enemies":"Shell Parasite","floor":19,"turns":6},{"damage":32,"enemies":"3 Cultists","floor":21,"turns":6},{"damage":4,"enemies":"Cultist and Chosen","floor":22,"turns":6},{"damage":49,"enemies":"Slavers","floor":23,"turns":4}],"seed_played":"3890017526594959608","potions_obtained":[{"floor":1,"key":"SteroidPotion"},{"floor":5,"key":"FearPotion"},{"floor":6,"key":"FearPotion"},{"floor":7,"key":"SkillPotion"},{"floor":21,"key":"SkillPotion"}],"is_trial":false,"path_per_floor":["M","?","?","?","M","E","M","E","T","R","M","$","R","$","R","B",null,"M","M","$","M","M","E"],"character_chosen":"IRONCLAD","items_purchased":["Feel No Pain","Sentinel"],"campfire_rested":1,"item_purchase_floors":[14,20],"current_hp_per_floor":[80,60,53,53,45,28,30,10,10,49,51,51,51,51,51,31,80,76,70,70,44,46,0,0],"gold":152,"neow_bonus":"REMOVE_TWO","is_daily":false,"chose_seed":false,"campfire_upgraded":2,"win_rate":0.0,"timestamp":1609074823,"path_taken":["M","?","?","?","?","E","M","E","T","R","M","$","R","$","R","BOSS","M","?","$","M","?","E"],"items_purchased_type":["Card","Card"],"build_version":"2020-12-22","purchased_purges":2,"victory":false,"max_hp_per_floor":[80,80,80,80,80,80,80,80,80,80,80,80,80,80,80,80,80,80,80,80,80,80,80,80],"card_choices":[{"not_picked":["Flex","Battle Trance"],"picked":"Burning Pact","floor":1},{"not_picked":["Disarm","Thunderclap"],"picked":"Pummel","floor":5},{"not_picked":["Heavy Blade","Entrench","Perfected Strike"],"picked":"SKIP","floor":6},{"not_picked":["Burning Pact","Wild Strike"],"picked":"Spot Weakness","floor":7},{"not_picked":["Iron Wave","Shockwave"],"picked":"Headbutt","floor":8},{"not_picked":["Pummel","Body Slam"],"picked":"Dark Embrace","floor":11},{"not_picked":["Demon Form","Juggernaut"],"picked":"Barricade","floor":16},{"not_picked":["Burning Pact","Flame Barrier"],"picked":"True Grit","floor":18},{"not_picked":["Reckless Charge","Armaments+1"],"picked":"Havoc+1","floor":19},{"not_picked":["Perfected Strike","Thunderclap"],"picked":"Corruption","floor":21},{"not_picked":["Rage","Wild Strike","Uppercut"],"picked":"SKIP","floor":22},{"not_picked":["Rage","Uppercut"],"picked":"Wild Strike","floor":22}],"player_experience":1840116,"relics_obtained":[{"floor":6,"key":"Lantern"},{"floor":8,"key":"PreservedInsect"},{"floor":9,"key":"Regal Pillow"},{"floor":17,"key":"Orichalcum"},{"floor":17,"key":"Shuriken"},{"floor":17,"key":"Calipers"}],"event_choices":[{"damage_healed":0,"gold_gain":0,"player_choice":"Take Damage","damage_taken":20,"relics_obtained":["Golden Idol"],"max_hp_gain":0,"max_hp_loss":0,"event_name":"Golden Idol","floor":2,"gold_loss":0},{"cards_removed":["Strike_R"],"damage_healed":0,"gold_gain":0,"player_choice":"Card Removal","damage_taken":7,"max_hp_gain":0,"max_hp_loss":0,"event_name":"Golden Wing","floor":3,"gold_loss":0},{"damage_healed":0,"gold_gain":0,"player_choice":"Box","damage_taken":0,"relics_obtained":["Smiling Mask"],"max_hp_gain":0,"max_hp_loss":0,"event_name":"Big Fish","floor":4,"gold_loss":0,"cards_obtained":["Regret"]}],"is_beta":false,"boss_relics":[{"not_picked":["Empty Cage","Pandora\u0027s Box"],"picked":"Calling Bell"}],"items_purged_floors":[12,20],"is_endless":false,"potions_floor_spawned":[1,5,6,7,21],"killed_by":"Slavers","ascension_level":1}}