{"host":"nk1hwk2qadwaubm5","time":1609088636,"event":{"mods":["BaseMod","Hermit","Hubris","Infinite Spire","Marisa????????","Minty Spire (QoL Compilation)","Replay The Spire","StSLib","The Animator","The Cursed","The Jungle","The Servant 0.9.4"],"gold_per_floor":[119,46,46,60,60,101,121,121,121,121,121,134,157,175,175,296,296,310,310,324,172,97,97,97,117,117,141,184,184,224,344,344,475,475,489,217,232,232,232,292,625,658,670,682,334,364,375,375,375,375],"floor_reached":51,"playtime":4077,"items_purged":["Strike_B","Strike_B","Strike_B","Defend_B"],"score":876,"play_id":"8a0ba74a-079b-4ae3-bd78-793318ea7c31","local_time":"20201227180356","is_ascension_mode":false,"campfire_choices":[{"data":"Darkness","floor":8,"key":"SMITH"},{"floor":15,"key":"REST"},{"data":"Hologram","floor":23,"key":"SMITH"},{"data":"Fission","floor":32,"key":"SMITH"},{"data":"Defragment","floor":44,"key":"SMITH"},{"data":"hubris:Fate","floor":49,"key":"SMITH"}],"circlet_count":0,"master_deck":["Defend_B","Defend_B","Defend_B","Zap","Dualcast","Skim","Doom and Gloom","Barrage","Iron Wave","Darkness+1","Gash","ReplayTheSpireMod:Chaos Vortex+1","Hologram+1","Fission+1","hubris:Fate+1","Defragment+1","Electrodynamics","Defragment+1","Hologram+1","Steam+1","Coolheaded","Steam","FIFO Queue+1"],"relics":["Cracked Core","NeowsBlessing","Replay:WaspNest","Onion Ring","hubris:ScarierMask","Unceasing Top","Lee\u0027s Waffle","infinitespire:CheckeredPen","WingedGreaves","Oddly Smooth Stone","Philosopher\u0027s Stone","Membership Card","Vajra","hubris:Towel","Prayer Wheel","MawBank","Orichalcum","Pen Nib","Toolbox","ReplayFunnel","StoneCalendar"],"acts_visited":["Exordium","Exordium","TheBeyond"],"potions_floor_usage":[16,27,33,40,46,50,50],"damage_taken":[{"damage":0,"enemies":"Cultist","floor":1,"turns":1},{"damage":0,"enemies":"2 Louse","floor":4,"turns":1},{"damage":0,"enemies":"3 Sentries","floor":6,"turns":1},{"damage":5,"enemies":"Small Slimes","floor":7,"turns":3},{"damage":10,"enemies":"3 Louse","floor":12,"turns":2},{"damage":0,"enemies":"Red Slaver","floor":13,"turns":3},{"damage":0,"enemies":"Large Slime","floor":14,"turns":4},{"damage":12,"enemies":"Slime Boss","floor":16,"turns":7},{"damage":21,"enemies":"theJungle:5_Spyders","floor":18,"turns":7},{"damage":4,"enemies":"Shell Parasite","floor":20,"turns":4},{"damage":0,"enemies":"theJungle:Lyon","floor":25,"turns":3},{"damage":5,"enemies":"theJungle:2_Flameangoes","floor":27,"turns":3},{"damage":0,"enemies":"theJungle:2_Phrogs","floor":30,"turns":4},{"damage":10,"enemies":"theJungle:QueenSpyder","floor":33,"turns":3},{"damage":0,"enemies":"3 Shapes","floor":35,"turns":3},{"damage":10,"enemies":"Orb Walker","floor":37,"turns":3},{"damage":2,"enemies":"R_Hoarder","floor":40,"turns":7},{"damage":7,"enemies":"Reptomancer","floor":42,"turns":7},{"damage":14,"enemies":"R_Hoarder","floor":46,"turns":7},{"damage":0,"enemies":"Maw","floor":47,"turns":6},{"damage":31,"enemies":"Donu and Deca","floor":50,"turns":8}],"seed_played":"-2844316953260990749","potions_obtained":[{"floor":1,"key":"Weak Potion"},{"floor":4,"key":"SpeedPotion"},{"floor":7,"key":"ColorlessPotion"},{"floor":14,"key":"FocusPotion"},{"floor":27,"key":"Regen Potion"},{"floor":30,"key":"DuplicationPotion"},{"floor":35,"key":"SteroidPotion"},{"floor":46,"key":"AttackPotion"}],"is_trial":false,"path_per_floor":["M","$","?","M","?","E","M","R","T","?","?","M","M","M","R","B",null,"M","AVR","M","$","$","R","?","M","T","M","?","?","E","?","R","B",null,"M","$","M","?","?","E","?","E","T","R","$","E","M","?","R","B",null],"character_chosen":"DEFECT","items_purchased":["Doom and Gloom","Lee\u0027s Waffle","Membership Card","Vajra","Coolheaded","Pen Nib","Toolbox","Steam","ReplayFunnel","FocusPotion"],"campfire_rested":1,"item_purchase_floors":[2,21,36,36,45,45,45,45,45,45],"current_hp_per_floor":[75,75,57,57,57,57,52,52,52,33,33,23,23,23,45,33,75,54,54,50,82,82,82,82,82,82,77,57,57,57,45,45,41,82,82,82,72,72,72,70,70,63,63,63,63,57,57,57,57,26],"gold":375,"neow_bonus":"THREE_ENEMY_KILL","is_daily":false,"chose_seed":false,"campfire_upgraded":5,"win_rate":0.0,"timestamp":1609088636,"path_taken":["M","$","?","M","?","E","?","R","T","?","?","M","M","M","R","BOSS","M","AVR","M","?","$","R","?","M","T","?","?","?","E","?","R","BOSS","M","$","M","?","?","E","?","E","T","R","$","E","M","?","R","BOSS"],"items_purchased_type":["Card","Relic","Relic","Relic","Card","Relic","Relic","Card","Relic","Potion"],"build_version":"2020-12-22","purchased_purges":4,"victory":true,"max_hp_per_floor":[75,75,75,75,75,75,75,75,75,75,75,75,75,75,75,75,75,75,75,75,82,82,82,82,82,82,82,82,82,82,82,82,82,82,82,82,82,82,82,82,82,82,82,82,82,82,82,82,82,82],"card_choices":[{"not_picked":["Hologram","Go for the Eyes"],"picked":"Skim","floor":1},{"not_picked":["Tempest","Compile Driver"],"picked":"Barrage","floor":4},{"not_picked":["Chill","BasicCrystalCard"],"picked":"Darkness","floor":6},{"not_picked":["Hello World","ReplayTheSpireMod:Reroute Power"],"picked":"Gash","floor":7},{"not_picked":["hubris:InfiniteBlow","infinitespire:Fortify"],"picked":"ReplayTheSpireMod:Chaos Vortex","floor":10},{"not_picked":["Doom and Gloom","Steam Power"],"picked":"Hologram","floor":12},{"not_picked":["Redo","ReplayTheSpireMod:GoodbyeWorld","Tempest"],"picked":"SKIP","floor":13},{"not_picked":["Compile Driver","FIFO Queue","Conserve Battery"],"picked":"SKIP","floor":14},{"not_picked":["Thunder Strike","Amplify"],"picked":"Fission","floor":16},{"not_picked":["Redo","Go for the Eyes","Streamline"],"picked":"SKIP","floor":18},{"not_picked":["Lockon","hubris:Ukulele+1","Beam Cell+1"],"picked":"SKIP","floor":20},{"not_picked":["BasicCrystalCard","FIFO Queue"],"picked":"Defragment+1","floor":25},{"not_picked":["Stack","Skim"],"picked":"Electrodynamics","floor":27},{"not_picked":["Coolheaded","Leap"],"picked":"Defragment","floor":30},{"not_picked":["Stack+1","Beam Cell"],"picked":"Hologram+1","floor":35},{"not_picked":["Leap","Go for the Eyes","Compile Driver+1"],"picked":"SKIP","floor":37},{"not_picked":["Blizzard+1","Panic Button"],"picked":"Steam+1","floor":40},{"not_picked":["Panic Button+1","Auto Shields","FIFO Queue"],"picked":"SKIP","floor":42},{"not_picked":["Leap","Conserve Battery+1","hubris:Prefetch"],"picked":"SKIP","floor":46},{"not_picked":["BasicCrystalCard","Barrage+1"],"picked":"FIFO Queue+1","floor":47},{"not_picked":["Panic Button","Self Repair+1","Compile Driver"],"picked":"SKIP","floor":47}],"player_experience":307816,"relics_obtained":[{"floor":6,"key":"Replay:WaspNest"},{"floor":9,"key":"Onion Ring"},{"floor":26,"key":"infinitespire:CheckeredPen"},{"floor":28,"key":"WingedGreaves"},{"floor":30,"key":"Oddly Smooth Stone"},{"floor":40,"key":"Prayer Wheel"},{"floor":42,"key":"MawBank"},{"floor":43,"key":"Orichalcum"},{"floor":46,"key":"StoneCalendar"}],"event_choices":[{"damage_healed":0,"gold_gain":0,"player_choice":"Take Damage","damage_taken":18,"relics_obtained":["Golden Idol"],"max_hp_gain":0,"max_hp_loss":0,"event_name":"Golden Idol","floor":3,"gold_loss":0},{"cards_removed":["Strike_B"],"damage_healed":0,"gold_gain":0,"player_choice":"Took Card","damage_taken":0,"max_hp_gain":0,"max_hp_loss":0,"event_name":"NoteForYourself","floor":5,"gold_loss":0,"cards_obtained":["Iron Wave"]},{"damage_healed":0,"gold_gain":0,"player_choice":"Upgraded","damage_taken":0,"max_hp_gain":0,"max_hp_loss":0,"event_name":"Upgrade Shrine","floor":11,"gold_loss":0,"cards_upgraded":["ReplayTheSpireMod:Chaos Vortex"]},{"damage_healed":0,"gold_gain":0,"player_choice":"Full Heal","damage_taken":0,"max_hp_gain":0,"max_hp_loss":0,"event_name":"Wheel of Change","floor":24,"gold_loss":0},{"damage_healed":0,"gold_gain":333,"player_choice":"Gave Idol","damage_taken":0,"max_hp_gain":0,"max_hp_loss":0,"event_name":"The Moai Head","floor":41,"relics_lost":["Golden Idol"],"gold_loss":0}],"is_beta":false,"boss_relics":[{"not_picked":["Replay:Drink Me","Calling Bell"],"picked":"hubris:ScarierMask"},{"not_picked":["hubris:CrackedHourglass","Fusion Hammer"],"picked":"Philosopher\u0027s Stone"}],"items_purged_floors":[19,22,36,45],"is_endless":false,"potions_floor_spawned":[1,4,7,14,27,30,35,46],"ascension_level":0}}