{"host":"jpzdg3po3tjxdjri","time":1609086250,"event":{"mods":["BaseMod","Better Third Choice","Colored Map","Colored Powertips","Minty Spire (QoL Compilation)","StSLib"],"gold_per_floor":[116,66,66,85,100,126,138,138,185,59,59,120,150,150,150,229,229,229,229,229,130,130,130,130,130],"floor_reached":24,"playtime":1036,"items_purged":["Strike_G"],"score":340,"play_id":"6a052cc4-fb5b-42a6-8b15-555ea1aebc2d","local_time":"20201227162410","is_ascension_mode":true,"campfire_choices":[{"data":"Poisoned Stab","floor":8,"key":"SMITH"},{"floor":11,"key":"REST"},{"floor":15,"key":"REST"},{"floor":23,"key":"REST"}],"circlet_count":0,"master_deck":["AscendersBane","Strike_G","Strike_G","Strike_G","Defend_G","Defend_G","Defend_G","Defend_G","Defend_G","Survivor","Neutralize","Poisoned Stab+1","Cloak And Dagger","Flying Knee","After Image","Poisoned Stab","Footwork","Sucker Punch","Venomology","Bullet Time","Blade Dance","Blade Dance+1","Dodge and Roll","Cloak And Dagger","Terror+1"],"relics":["Ring of the Snake","Bottled Lightning","Bag of Preparation","Snake Skull","Darkstone Periapt","Du-Vu Doll","Ectoplasm"],"acts_visited":["Exordium","TheCity"],"potions_floor_usage":[6,12,16,18,22,24],"damage_taken":[{"damage":0,"enemies":"Small Slimes","floor":1,"turns":4},{"damage":0,"enemies":"2 Louse","floor":4,"turns":3},{"damage":0,"enemies":"Cultist","floor":5,"turns":4},{"damage":46,"enemies":"Lagavulin","floor":6,"turns":9},{"damage":2,"enemies":"Blue Slaver","floor":7,"turns":5},{"damage":4,"enemies":"3 Sentries","floor":12,"turns":13},{"damage":36,"enemies":"Gremlin Nob","floor":13,"turns":5},{"damage":4,"enemies":"The Guardian","floor":16,"turns":12},{"damage":5,"enemies":"3 Byrds","floor":18,"turns":6},{"damage":9,"enemies":"Shell Parasite","floor":19,"turns":5},{"damage":31,"enemies":"Chosen and Byrds","floor":20,"turns":9},{"damage":13,"enemies":"Cultist and Chosen","floor":22,"turns":7},{"damage":63,"enemies":"Gremlin Leader","floor":24,"turns":7}],"seed_played":"5950301791116631835","potions_obtained":[{"floor":4,"key":"EssenceOfSteel"},{"floor":5,"key":"DuplicationPotion"},{"floor":13,"key":"AttackPotion"},{"floor":18,"key":"FairyPotion"},{"floor":22,"key":"Poison Potion"}],"is_trial":false,"path_per_floor":["M","?","?","M","M","E","M","R","T","$","R","?","E","T","R","B",null,"M","M","M","$","M","R","E"],"character_chosen":"THE_SILENT","items_purchased":["Poisoned Stab","Footwork","Cloak And Dagger"],"campfire_rested":3,"item_purchase_floors":[10,10,21],"current_hp_per_floor":[70,70,70,70,70,24,22,22,22,22,45,41,5,5,28,24,64,59,50,19,19,6,29,0,0],"gold":130,"neow_bonus":"TEN_PERCENT_HP_BONUS","is_daily":false,"chose_seed":false,"campfire_upgraded":1,"win_rate":0.0,"timestamp":1609086250,"path_taken":["M","?","?","M","?","E","M","R","T","$","R","?","E","?","R","BOSS","M","M","M","$","M","R","E"],"items_purchased_type":["Card","Card","Card"],"build_version":"2020-12-22","purchased_purges":1,"victory":false,"max_hp_per_floor":[77,77,77,77,77,77,77,77,77,77,77,77,77,77,77,77,77,77,77,77,77,77,77,77,77],"card_choices":[{"not_picked":["Flying Knee","Catalyst"],"picked":"Poisoned Stab","floor":1},{"not_picked":["Setup","Flying Knee"],"picked":"Cloak And Dagger","floor":4},{"not_picked":["Slice","Calculated Gamble"],"picked":"Flying Knee","floor":5},{"not_picked":["Catalyst","Underhanded Strike"],"picked":"After Image","floor":6},{"not_picked":["Outmaneuver","Calculated Gamble","Eviscerate"],"picked":"SKIP","floor":7},{"not_picked":["Accuracy","Masterful Stab"],"picked":"Sucker Punch","floor":12},{"not_picked":["Setup","All Out Attack"],"picked":"Venomology","floor":13},{"not_picked":["After Image","Unload"],"picked":"Bullet Time","floor":16},{"not_picked":["Riddle With Holes","Bane"],"picked":"Blade Dance","floor":18},{"not_picked":["Quick Slash","Caltrops"],"picked":"Blade Dance+1","floor":19},{"not_picked":["Choke","Bane"],"picked":"Dodge and Roll","floor":20},{"not_picked":["Dagger Spray","Cloak And Dagger"],"picked":"Terror+1","floor":22}],"player_experience":804233,"relics_obtained":[{"floor":6,"key":"Bottled Lightning"},{"floor":9,"key":"Bag of Preparation"},{"floor":12,"key":"Snake Skull"},{"floor":13,"key":"Darkstone Periapt"},{"floor":14,"key":"Du-Vu Doll"}],"event_choices":[{"cards_removed":["Strike_G"],"damage_healed":0,"gold_gain":0,"player_choice":"Card Removal","damage_taken":0,"max_hp_gain":0,"max_hp_loss":0,"event_name":"The Cleric","floor":2,"gold_loss":50},{"damage_healed":0,"gold_gain":0,"player_choice":"Bought 0 Potions","damage_taken":0,"max_hp_gain":0,"max_hp_loss":0,"event_name":"The Woman in Blue","floor":3,"gold_loss":0},{"damage_healed":0,"gold_gain":0,"player_choice":"Searched \u00271\u0027 times","damage_taken":0,"max_hp_gain":0,"max_hp_loss":0,"event_name":"Dead Adventurer","floor":12,"gold_loss":0}],"is_beta":false,"boss_relics":[{"not_picked":["Pandora\u0027s Box","Empty Cage"],"picked":"Ectoplasm"}],"items_purged_floors":[21],"is_endless":false,"potions_floor_spawned":[4,5,13,18,22],"killed_by":"Gremlin Leader","ascension_level":13}}