{"host":"baymyijz6sxaqj5s","time":1609059770,"event":{"mods":["AchievementEnabler","BaseMod","Colored Map","Colored Powertips","DeckTracker","KOR Keyword Fix","Keyboard Shortcuts","Minty Spire (QoL Compilation)","Quick Restart","StSLib","SuperFastMode"],"gold_per_floor":[114,114,126,138,238,238,269,280,348,168,168,21,40,40,40,142,142,142,142],"floor_reached":18,"playtime":471,"items_purged":[],"score":201,"play_id":"67bd986a-f6f6-4580-8e1d-ae622af6242c","local_time":"20201227180250","is_ascension_mode":true,"campfire_choices":[{"data":"Inflame","floor":6,"key":"SMITH"},{"data":"Thunderclap","floor":11,"key":"SMITH"},{"data":"Sword Boomerang","floor":15,"key":"SMITH"}],"circlet_count":0,"master_deck":["Strike_R","Strike_R","Defend_R","Defend_R","Defend_R","Defend_R","Bash","Power Through+1","Inflame+1","Thunderclap+1","Ghostly Armor","Sword Boomerang+1","Barricade","Power Through+1","Armaments+1","Evolve+1"],"relics":["Burning Blood","Unceasing Top","Mummified Hand","Lee\u0027s Waffle","PreservedInsect","Astrolabe"],"acts_visited":["Exordium","TheCity"],"potions_floor_usage":[],"damage_taken":[{"damage":0,"enemies":"2 Louse","floor":1,"turns":2},{"damage":1,"enemies":"Cultist","floor":3,"turns":4},{"damage":7,"enemies":"Small Slimes","floor":4,"turns":4},{"damage":32,"enemies":"Lagavulin","floor":7,"turns":10},{"damage":8,"enemies":"Red Slaver","floor":8,"turns":5},{"damage":0,"enemies":"Exordium Thugs","floor":13,"turns":6},{"damage":83,"enemies":"Hexaghost","floor":16,"turns":16},{"damage":112,"enemies":"3 Byrds","floor":18,"turns":13}],"seed_played":"7602046400518071603","potions_obtained":[{"floor":3,"key":"Explosive Potion"},{"floor":4,"key":"FairyPotion"},{"floor":7,"key":"ElixirPotion"}],"is_trial":false,"path_per_floor":["M","?","M","M","?","R","E","M","T","$","R","$","M","$","R","B",null,"M"],"character_chosen":"IRONCLAD","items_purchased":["Sword Boomerang","Lee\u0027s Waffle","PreservedInsect"],"campfire_rested":0,"item_purchase_floors":[10,10,12],"current_hp_per_floor":[88,88,88,87,87,87,61,59,59,95,95,95,95,95,95,18,95,12,12],"gold":142,"neow_bonus":"TEN_PERCENT_HP_BONUS","is_daily":false,"chose_seed":false,"campfire_upgraded":3,"win_rate":0.0,"timestamp":1609059770,"path_taken":["M","?","M","?","?","R","E","M","T","$","R","$","?","$","R","BOSS","M"],"items_purchased_type":["Card","Relic","Relic"],"build_version":"2020-12-22","purchased_purges":0,"victory":false,"max_hp_per_floor":[88,88,88,88,88,88,88,88,88,95,95,95,95,95,95,95,95,95,95],"card_choices":[{"not_picked":["Clothesline","Headbutt"],"picked":"Power Through","floor":1},{"not_picked":["Cleave","Flex","Warcry"],"picked":"SKIP","floor":3},{"not_picked":["Sword Boomerang","Dark Embrace"],"picked":"Inflame","floor":4},{"not_picked":["Sentinel","Second Wind"],"picked":"Thunderclap","floor":7},{"not_picked":["Thunderclap","Cleave"],"picked":"Ghostly Armor","floor":8},{"not_picked":["Clothesline","Flex","Fire Breathing"],"picked":"SKIP","floor":13},{"not_picked":["Double Tap","Juggernaut"],"picked":"Barricade","floor":16}],"player_experience":256165,"relics_obtained":[{"floor":7,"key":"Unceasing Top"},{"floor":9,"key":"Mummified Hand"}],"event_choices":[{"damage_healed":0,"gold_gain":0,"player_choice":"Forge","damage_taken":0,"max_hp_gain":0,"max_hp_loss":0,"event_name":"Accursed Blacksmith","floor":2,"gold_loss":0,"cards_upgraded":["Power Through"]},{"damage_healed":0,"gold_gain":100,"player_choice":"Pray","damage_taken":0,"max_hp_gain":0,"max_hp_loss":0,"event_name":"Golden Shrine","floor":5,"gold_loss":0}],"is_beta":false,"boss_relics":[{"not_picked":["Mark of Pain","Runic Cube"],"picked":"Astrolabe"}],"items_purged_floors":[],"is_endless":false,"potions_floor_spawned":[3,4,7],"killed_by":"3 Byrds","ascension_level":2}}