{"host":"dcj2yvrgcvh5dl2s","time":1609064341,"event":{"mods":["BaseMod","Better Note","Block Reminder","Colored Powertips","DeckTracker","Minty Spire (QoL Compilation)","Quick Restart","Rare Cards Sparkle","Relic Stats","StSLib"],"gold_per_floor":[112,262,262,262,277,317,331,355,355,355,386,409,428,464,464,464,464],"floor_reached":16,"playtime":422,"items_purged":[],"score":272,"play_id":"8e4ae3de-541e-406e-9594-052dbd50786d","local_time":"20201227201901","is_ascension_mode":true,"campfire_choices":[{"data":"Uppercut","floor":10,"key":"SMITH"},{"floor":15,"key":"REST"}],"circlet_count":0,"master_deck":["AscendersBane","Strike_R","Strike_R","Strike_R","Strike_R","Strike_R","Defend_R","Defend_R","Defend_R","Defend_R","Bash","Perfected Strike","Doubt","Pommel Strike","Uppercut+1","Pummel","Reaper"],"relics":["Burning Blood","NeowsBlessing","Golden Idol","Lantern","Girya","Mummified Hand","Magic Flower","Bird Faced Urn"],"acts_visited":["Exordium"],"potions_floor_usage":[11,11,14],"damage_taken":[{"damage":0,"enemies":"Jaw Worm","floor":1,"turns":1},{"damage":0,"enemies":"Small Slimes","floor":5,"turns":2},{"damage":0,"enemies":"Gremlin Nob","floor":6,"turns":1},{"damage":17,"enemies":"2 Louse","floor":7,"turns":3},{"damage":10,"enemies":"Red Slaver","floor":8,"turns":2},{"damage":30,"enemies":"3 Sentries","floor":11,"turns":8},{"damage":9,"enemies":"Blue Slaver","floor":12,"turns":2},{"damage":6,"enemies":"Looter","floor":13,"turns":2},{"damage":13,"enemies":"Gremlin Nob","floor":14,"turns":3},{"damage":30,"enemies":"Hexaghost","floor":16,"turns":6}],"seed_played":"983386159005988572","potions_obtained":[{"floor":1,"key":"SneckoOil"},{"floor":6,"key":"Energy Potion"},{"floor":7,"key":"Explosive Potion"},{"floor":13,"key":"AttackPotion"}],"is_trial":false,"path_per_floor":["M","?","?","?","M","E","M","M","T","R","E","M","M","E","R","B"],"character_chosen":"IRONCLAD","items_purchased":[],"campfire_rested":1,"item_purchase_floors":[],"current_hp_per_floor":[74,74,48,48,54,60,49,45,45,45,21,21,24,20,42,18,18],"gold":464,"neow_bonus":"THREE_ENEMY_KILL","is_daily":false,"chose_seed":false,"campfire_upgraded":1,"win_rate":0.0,"timestamp":1609064341,"path_taken":["M","?","?","?","?","E","M","M","T","R","E","M","M","E","R","BOSS"],"items_purchased_type":[],"build_version":"2020-12-22","purchased_purges":0,"victory":false,"max_hp_per_floor":[75,75,75,75,75,75,75,75,75,75,75,75,75,75,75,75,75],"relic_stats":{"counters":[10,29],"Golden Idol":41,"Mummified Hand":[0],"Bird Faced Urn":[0],"Magic Flower":[11],"obtain_stats":[{"Girya":6,"Lantern":4,"NeowsBlessing":0,"Golden Idol":3,"Mummified Hand":9,"Bird Faced Urn":14,"Magic Flower":11,"Burning Blood":0},{"Girya":3,"Lantern":1,"NeowsBlessing":0,"Golden Idol":1,"Mummified Hand":5,"Bird Faced Urn":9,"Magic Flower":6,"Burning Blood":0},{"Girya":4,"Lantern":1,"NeowsBlessing":0,"Golden Idol":1,"Mummified Hand":9,"Bird Faced Urn":24,"Magic Flower":17,"Burning Blood":0}],"Burning Blood":63},"card_choices":[{"not_picked":["Combust","Intimidate"],"picked":"Perfected Strike","floor":1},{"not_picked":["Evolve","Rage","Warcry"],"picked":"SKIP","floor":5},{"not_picked":["Sever Soul","Hemokinesis"],"picked":"Pommel Strike","floor":6},{"not_picked":["Clash","Armaments"],"picked":"Uppercut","floor":7},{"not_picked":["Thunderclap","Corruption","Iron Wave"],"picked":"SKIP","floor":8},{"not_picked":["Sever Soul","Anger","Burning Pact"],"picked":"SKIP","floor":11},{"not_picked":["Rupture","Warcry","Wild Strike"],"picked":"SKIP","floor":12},{"not_picked":["Thunderclap","Twin Strike"],"picked":"Pummel","floor":13},{"not_picked":["Havoc","Pommel Strike"],"picked":"Reaper","floor":14}],"player_experience":2071082,"relics_obtained":[{"floor":6,"key":"Girya"},{"floor":9,"key":"Mummified Hand"},{"floor":11,"key":"Magic Flower"},{"floor":14,"key":"Bird Faced Urn"}],"event_choices":[{"damage_healed":0,"gold_gain":150,"player_choice":"AGREE","damage_taken":0,"max_hp_gain":0,"max_hp_loss":0,"event_name":"Liars Game","floor":2,"gold_loss":0,"cards_obtained":["Doubt"]},{"damage_healed":0,"gold_gain":0,"player_choice":"Take Damage","damage_taken":26,"relics_obtained":["Golden Idol"],"max_hp_gain":0,"max_hp_loss":0,"event_name":"Golden Idol","floor":3,"gold_loss":0},{"damage_healed":0,"gold_gain":0,"player_choice":"Gave Potion","damage_taken":0,"relics_obtained":["Lantern"],"max_hp_gain":0,"max_hp_loss":0,"event_name":"WeMeetAgain","floor":4,"gold_loss":0}],"is_beta":false,"boss_relics":[],"items_purged_floors":[],"is_endless":false,"potions_floor_spawned":[1,6,7,13],"killed_by":"Hexaghost","ascension_level":17}}