{"host":"0cnf9zf1gia27zti","time":1609097557,"event":{"mods":["BaseMod","BetterRewards","Card Forge","Colored Map","Colored Powertips","Conspire","Downfall","Minty Spire (QoL Compilation)","Practice Mode","Quick Restart","Replay The Spire","Robot Space Explorer","Shade Mod","Spicy Shops","StSLib"],"gold_per_floor":[115,131,147,147,166,194,208,208,231,67,67,82,92,49,49,125,125,141,157,157,157,168,168,185,185,230,250,175,114,149,161,161,236,236,247,297,313,328,56,85,2,2,55,73,73,93,125,136,136,136],"floor_reached":51,"playtime":2247,"items_purged":[],"score":1515,"play_id":"816b0a52-90e2-4c16-bf72-df1e9eaa9b8c","local_time":"20201227193237","is_ascension_mode":true,"campfire_choices":[{"floor":8,"key":"REST"},{"data":"Scrape","floor":11,"key":"SMITH"},{"floor":15,"key":"REST"},{"data":"Scrape","floor":23,"key":"SMITH"},{"data":"Dualcast","floor":25,"key":"SMITH"},{"data":"Sweeping Beam","floor":32,"key":"SMITH"},{"data":"FTL","floor":42,"key":"SMITH"},{"data":"Reprogram","floor":49,"key":"SMITH"}],"circlet_count":0,"master_deck":["AscendersBane","Strike_B+1","Strike_B","Strike_B","Defend_B","Defend_B","Defend_B","Defend_B","Zap+1","Dualcast+1","FTL+1","Scrape+1","Gash","Sweeping Beam+1","Sweeping Beam+1","Gash","FTL+1","Go for the Eyes+1","Gash","Scrape+1","Steam","Scrape+1","Self Repair","Secret Weapon","Gash","All For One","Steam","Self Repair+1","Reinforced Body+1","Go for the Eyes","FTL+1","BootSequence","Reprogram+1","Steam+1"],"relics":["Cracked Core","Hammer of Thor","Seething Fire","Anvil of the Gods","ReplayTheSpireMod:Ninjato","Replay:Wax Seal","Matryoshka","CultistMask","Gremlin Food","Geode","Replay:Baseball","Oddly Smooth Stone","conspire:SpecialSausage","Omamori","Pen Nib","ReplayTheSpireMod:CursedCoin","MealTicket","Ring of Chaos","Eternal Feather","Ancient Tea Set","Boot","Divine Protection"],"acts_visited":["Exordium","TheCity","TheBeyond"],"potions_floor_usage":[6,7,16,16,22,33,33,40,40,50,50],"damage_taken":[{"damage":0,"enemies":"Cultist","floor":1,"turns":2},{"damage":4,"enemies":"Jaw Worm","floor":2,"turns":3},{"damage":5,"enemies":"Small Slimes","floor":3,"turns":3},{"damage":2,"enemies":"Exordium Wildlife","floor":5,"turns":2},{"damage":8,"enemies":"Gremlin Nob","floor":6,"turns":3},{"damage":4,"enemies":"Exordium Thugs","floor":7,"turns":3},{"damage":0,"enemies":"Looter","floor":12,"turns":1},{"damage":7,"enemies":"3 Louse","floor":13,"turns":1},{"damage":12,"enemies":"Hexaghost","floor":16,"turns":5},{"damage":0,"enemies":"Shell Parasite","floor":18,"turns":1},{"damage":0,"enemies":"Chosen","floor":19,"turns":2},{"damage":2,"enemies":"Centurion and Healer","floor":22,"turns":2},{"damage":0,"enemies":"Snecko","floor":24,"turns":3},{"damage":0,"enemies":"Cultist and Chosen","floor":27,"turns":2},{"damage":0,"enemies":"Gremlin Leader","floor":30,"turns":2},{"damage":0,"enemies":"Snake Plant","floor":31,"turns":2},{"damage":13,"enemies":"Champ","floor":33,"turns":4},{"damage":6,"enemies":"3 Shapes","floor":35,"turns":10},{"damage":0,"enemies":"3 Darklings","floor":37,"turns":1},{"damage":0,"enemies":"Jaw Worm Horde","floor":38,"turns":1},{"damage":11,"enemies":"R_Hoarder","floor":40,"turns":7},{"damage":8,"enemies":"Sphere and 2 Shapes","floor":44,"turns":8},{"damage":1,"enemies":"3 Darklings","floor":46,"turns":2},{"damage":0,"enemies":"Reptomancer","floor":47,"turns":2},{"damage":0,"enemies":"Jaw Worm Horde","floor":48,"turns":3},{"damage":11,"enemies":"Awakened One","floor":50,"turns":6}],"seed_played":"-8478152510880070991","potions_obtained":[{"floor":2,"key":"Energy Potion"},{"floor":5,"key":"Toxic Potion"},{"floor":7,"key":"PowerPotion"},{"floor":12,"key":"FearPotion"},{"floor":19,"key":"LiquidMemories"},{"floor":24,"key":"Dexterity Potion"},{"floor":27,"key":"SteroidPotion"},{"floor":37,"key":"Adrenaline Potion"},{"floor":38,"key":"GamblersBrew"},{"floor":40,"key":"Strength Potion"},{"floor":44,"key":"Milkshake"}],"is_trial":false,"path_per_floor":["M","M","M","?","M","E","M","R","T","$","R","M","M","$","R","B",null,"M","M","?","?","M","R","M","R","T","M","?","$","E","M","R","B",null,"M","?","M","M","$","E","$","R","T","M","$","M","E","M","R","B",null],"character_chosen":"DEFECT","items_purchased":["ReplayTheSpireMod:Ninjato","FTL","Replay:Wax Seal","Matryoshka","Scrape","Oddly Smooth Stone","Scrape","ReplayTheSpireMod:CursedCoin","Secret Weapon","Eternal Feather","FTL"],"campfire_rested":2,"item_purchase_floors":[0,0,0,0,0,10,14,29,29,39,41],"current_hp_per_floor":[64,60,55,55,53,45,41,62,62,62,62,62,55,55,71,59,68,68,68,68,68,66,66,66,66,66,66,66,66,66,66,66,53,67,68,68,68,68,71,71,71,71,71,71,71,70,70,71,71,60],"gold":136,"neow_bonus":"","is_daily":false,"chose_seed":false,"campfire_upgraded":6,"win_rate":0.0,"timestamp":1609097557,"path_taken":["M","M","?","?","M","E","M","R","T","?","R","M","M","$","R","BOSS","M","M","?","?","M","R","M","R","T","?","?","$","E","M","R","BOSS","M","?","?","M","$","E","$","R","T","M","$","M","E","M","R","BOSS"],"items_purchased_type":["Relic","Card","Relic","Relic","Card","Relic","Card","Relic","Card","Relic","Card"],"build_version":"2020-12-22","purchased_purges":0,"victory":true,"max_hp_per_floor":[71,71,71,71,71,71,71,71,71,71,71,71,71,71,71,71,71,71,71,71,71,71,71,71,71,71,71,71,71,71,71,71,71,71,71,71,71,71,71,71,71,71,71,71,71,71,71,71,71,71],"card_choices":[{"not_picked":["Barrage","Ball Lightning","Storm"],"picked":"SKIP","floor":1},{"not_picked":["Conserve Battery","BasicCrystalCard"],"picked":"Sweeping Beam","floor":2},{"not_picked":["Time Bomb","Genetic Algorithm"],"picked":"Sweeping Beam","floor":3},{"not_picked":["Coolheaded","Turbo"],"picked":"Gash","floor":5},{"not_picked":["Leap","Aggregate"],"picked":"FTL","floor":6},{"not_picked":["Steam","Ball Lightning"],"picked":"Go for the Eyes","floor":7},{"not_picked":["Meteor Strike","Turbo"],"picked":"Gash","floor":12},{"not_picked":["Barrage","Turbo","Redo"],"picked":"SKIP","floor":13},{"not_picked":["Hologram","Lockon","Rebound"],"picked":"SKIP","floor":18},{"not_picked":["Hologram","Redo+1"],"picked":"Steam","floor":19},{"not_picked":["Barrage","Chill"],"picked":"Self Repair","floor":22},{"not_picked":["Redo","Darkness","Hologram"],"picked":"SKIP","floor":24},{"not_picked":["Defragment","Cold Snap","Stack"],"picked":"SKIP","floor":27},{"not_picked":["Lockon+1","ReplaySolidLightProjector"],"picked":"Gash","floor":30},{"not_picked":["Leap","Undo+1","Aggregate"],"picked":"SKIP","floor":31},{"not_picked":["Ball Lightning","Panic Button"],"picked":"Steam","floor":35},{"not_picked":["Blizzard+1","Turbo"],"picked":"Self Repair+1","floor":37},{"not_picked":["BasicCrystalCard","ReplaySort"],"picked":"Reinforced Body+1","floor":38},{"not_picked":["Rebound","White Noise"],"picked":"Go for the Eyes","floor":40},{"not_picked":["Chill","Sweeping Beam"],"picked":"BootSequence","floor":44},{"not_picked":["Biased Cognition","Cold Snap"],"picked":"Reprogram","floor":46},{"not_picked":["Stack+1","Fusion+1"],"picked":"Steam+1","floor":47},{"not_picked":["Consume","Hologram","Redo"],"picked":"SKIP","floor":48}],"player_experience":2524797,"relics_obtained":[{"floor":6,"key":"Gremlin Food"},{"floor":9,"key":"Geode"},{"floor":9,"key":"Replay:Baseball"},{"floor":26,"key":"Omamori"},{"floor":26,"key":"Pen Nib"},{"floor":30,"key":"MealTicket"},{"floor":40,"key":"Ancient Tea Set"},{"floor":43,"key":"Boot"},{"floor":47,"key":"Divine Protection"}],"event_choices":[{"damage_healed":0,"gold_gain":0,"player_choice":"Trade","damage_taken":0,"relics_obtained":["CultistMask"],"max_hp_gain":0,"max_hp_loss":0,"event_name":"FaceTrader","floor":4,"gold_loss":0},{"damage_healed":0,"gold_gain":0,"player_choice":"Copied","damage_taken":0,"max_hp_gain":0,"max_hp_loss":0,"event_name":"Duplicator","floor":21,"gold_loss":0,"cards_obtained":["Scrape"]},{"cards_removed":["Strike_B"],"damage_healed":0,"gold_gain":0,"player_choice":"Gave Gold","damage_taken":0,"max_hp_gain":0,"max_hp_loss":0,"event_name":"Beggar","floor":28,"gold_loss":75},{"damage_healed":0,"gold_gain":50,"player_choice":"Pray","damage_taken":0,"max_hp_gain":0,"max_hp_loss":0,"event_name":"Golden Shrine","floor":36,"gold_loss":0}],"is_beta":false,"boss_relics":[{"not_picked":["Runic Dome","Snecko Eye"],"picked":"conspire:SpecialSausage"},{"not_picked":["Coffee Dripper","Honey Jar"],"picked":"Ring of Chaos"}],"items_purged_floors":[],"is_endless":false,"potions_floor_spawned":[2,5,7,12,19,24,27,37,38,40,44],"ascension_level":18}}