{"host":"ao8ok4k25npyixk7","time":1609103548,"event":{"mods":["BaseMod","Minty Spire (QoL Compilation)"],"gold_per_floor":[115,115,128,143,93,93,108,158,204,204,204,223,251,35,35,140,140,154,154,141,114,114,114,146,146,146,2,16,16,0,0,0,100,100,120,120,120,135,135,135,168,168,193,20,30,43,43,43,43,43],"floor_reached":51,"playtime":3897,"items_purged":["Defend_G"],"score":1028,"play_id":"6fb531bd-4a96-42b9-9d2c-5d28bf8cf192","local_time":"20201227221228","is_ascension_mode":true,"campfire_choices":[{"data":"Neutralize","floor":6,"key":"SMITH"},{"data":"Deadly Poison","floor":11,"key":"SMITH"},{"data":"Venomology","floor":15,"key":"SMITH"},{"data":"Burst","floor":23,"key":"SMITH"},{"data":"Well Laid Plans","floor":25,"key":"SMITH"},{"data":"Cloak And Dagger","floor":32,"key":"SMITH"},{"data":"Deadly Poison","floor":40,"key":"SMITH"},{"floor":42,"key":"REST"},{"floor":47,"key":"REST"},{"floor":49,"key":"REST"}],"circlet_count":0,"master_deck":["AscendersBane","Defend_G","Defend_G","Defend_G","Survivor","Neutralize+1","Endless Agony","PiercingWail","Infinite Blades","Venomology+1","Deadly Poison+1","PiercingWail","Escape Plan","Well Laid Plans+1","Burst+1","Cloak And Dagger+1","Expertise","Dash+1","Acrobatics","Outmaneuver","Malaise","Skewer+1","Adrenaline+1","Slice+1","Backstab+1","Deadly Poison+1","Poisoned Stab+1","Footwork","Concentrate","Footwork+1","Calculated Gamble+1","Finesse"],"relics":["Ring of the Serpent","Bronze Scales","Art of War","InkBottle","Anchor","Nunchaku","Singing Bowl","Lee\u0027s Waffle","Incense Burner","Astrolabe","The Courier","Bottled Lightning","Pen Nib"],"acts_visited":["Exordium","TheCity","TheBeyond"],"potions_floor_usage":[8,12,13,13,13,13,18,18,20,22,22,22,24,28,28,33,35,36,38,39,39,39,39,41,45,45,46,50,50,50],"damage_taken":[{"damage":0,"enemies":"Jaw Worm","floor":1,"turns":5},{"damage":4,"enemies":"Cultist","floor":3,"turns":6},{"damage":0,"enemies":"2 Louse","floor":4,"turns":3},{"damage":7,"enemies":"Red Slaver","floor":7,"turns":5},{"damage":3,"enemies":"Exordium Thugs","floor":8,"turns":4},{"damage":4,"enemies":"Large Slime","floor":12,"turns":5},{"damage":12,"enemies":"Gremlin Nob","floor":13,"turns":4},{"damage":16,"enemies":"Hexaghost","floor":16,"turns":11},{"damage":8,"enemies":"3 Byrds","floor":18,"turns":4},{"damage":1,"enemies":"2 Thieves","floor":20,"turns":4},{"damage":0,"enemies":"Sentry and Sphere","floor":22,"turns":3},{"damage":2,"enemies":"Book of Stabbing","floor":24,"turns":6},{"damage":17,"enemies":"3 Cultists","floor":28,"turns":8},{"damage":42,"enemies":"Champ","floor":33,"turns":16},{"damage":1,"enemies":"3 Shapes","floor":35,"turns":5},{"damage":0,"enemies":"3 Darklings","floor":36,"turns":1},{"damage":21,"enemies":"Transient","floor":38,"turns":5},{"damage":1,"enemies":"Writhing Mass","floor":39,"turns":4},{"damage":32,"enemies":"Giant Head","floor":41,"turns":8},{"damage":34,"enemies":"Sphere and 2 Shapes","floor":45,"turns":13},{"damage":15,"enemies":"4 Shapes","floor":46,"turns":7},{"damage":50,"enemies":"Donu and Deca","floor":50,"turns":11}],"seed_played":"7211811027479861290","potions_obtained":[{"floor":3,"key":"EntropicBrew"},{"floor":4,"key":"ColorlessPotion"},{"floor":12,"key":"Block Potion"},{"floor":13,"key":"AttackPotion"},{"floor":24,"key":"Fruit Juice"},{"floor":33,"key":"Explosive Potion"},{"floor":38,"key":"LiquidBronze"},{"floor":45,"key":"LiquidBronze"}],"is_trial":false,"path_per_floor":["M","?","M","M","?","R","M","M","T","T","R","M","E","$","R","B",null,"M","?","M","$","M","R","E","R","T","$","M","$","?","T","R","B",null,"M","M","T","M","M","R","E","R","T","$","M","M","R","?","R","B",null],"character_chosen":"THE_SILENT","items_purchased":["Well Laid Plans","Anchor","Acrobatics","Lee\u0027s Waffle","Footwork","Concentrate"],"campfire_rested":3,"item_purchase_floors":[14,14,21,27,44,44],"current_hp_per_floor":[63,68,64,64,64,64,57,54,54,54,54,50,38,38,38,22,62,54,54,53,53,53,53,51,51,51,82,72,72,72,72,72,30,74,73,73,73,52,51,51,19,45,45,45,26,11,37,37,63,13],"gold":43,"neow_bonus":"REMOVE_CARD","is_daily":false,"chose_seed":false,"campfire_upgraded":7,"win_rate":0.0,"timestamp":1609103548,"path_taken":["M","?","M","M","?","R","M","M","T","?","R","M","E","$","R","BOSS","M","?","M","$","M","R","E","R","T","$","M","?","?","?","R","BOSS","M","M","?","M","M","R","E","R","T","?","?","M","R","?","R","BOSS"],"items_purchased_type":["Card","Relic","Card","Relic","Card","Card"],"build_version":"2020-12-22","purchased_purges":1,"victory":true,"max_hp_per_floor":[70,75,75,75,75,75,75,75,75,75,75,75,75,75,75,75,75,75,75,75,75,75,75,75,75,75,82,89,89,89,89,89,89,89,89,89,89,89,89,89,89,89,89,89,89,89,89,89,89,89],"card_choices":[{"not_picked":["Underhanded Strike","Slice"],"picked":"Endless Agony","floor":1},{"not_picked":["Outmaneuver","Deflect"],"picked":"PiercingWail","floor":3},{"not_picked":["Terror","Slice"],"picked":"Infinite Blades","floor":4},{"not_picked":["Underhanded Strike","Dodge and Roll"],"picked":"Venomology","floor":7},{"not_picked":["Backflip","Catalyst"],"picked":"Deadly Poison","floor":8},{"not_picked":["Deflect","Expertise"],"picked":"PiercingWail","floor":12},{"not_picked":["Acrobatics","Deflect"],"picked":"Escape Plan","floor":13},{"not_picked":["Doppelganger","Unload"],"picked":"Burst","floor":16},{"not_picked":["Reflex","Dagger Throw+1"],"picked":"Cloak And Dagger","floor":18},{"not_picked":["Dagger Spray","Sucker Punch"],"picked":"Dash+1","floor":20},{"not_picked":["Quick Slash","Slice"],"picked":"Outmaneuver","floor":24},{"not_picked":["Dagger Spray","Outmaneuver","Burst"],"picked":"Singing Bowl","floor":28},{"not_picked":["Storm of Steel","Bullet Time"],"picked":"Malaise","floor":33},{"not_picked":["Quick Slash","Flying Knee+1"],"picked":"Backstab+1","floor":35},{"not_picked":["Sucker Punch+1","Escape Plan"],"picked":"Deadly Poison","floor":38},{"not_picked":["Calculated Gamble","Setup"],"picked":"Poisoned Stab+1","floor":41},{"not_picked":["Reflex","Dagger Throw"],"picked":"Footwork+1","floor":45},{"not_picked":["Cloak And Dagger+1","Leg Sweep"],"picked":"Calculated Gamble+1","floor":46},{"not_picked":["Apotheosis","The Bomb"],"picked":"Finesse","floor":48}],"player_experience":225636,"relics_obtained":[{"floor":9,"key":"Bronze Scales"},{"floor":10,"key":"Art of War"},{"floor":13,"key":"InkBottle"},{"floor":24,"key":"Nunchaku"},{"floor":26,"key":"Singing Bowl"},{"floor":31,"key":"Incense Burner"},{"floor":37,"key":"The Courier"},{"floor":41,"key":"Bottled Lightning"},{"floor":43,"key":"Pen Nib"}],"event_choices":[{"damage_healed":0,"gold_gain":0,"player_choice":"Donut","damage_taken":0,"max_hp_gain":5,"max_hp_loss":0,"event_name":"Big Fish","floor":2,"gold_loss":0},{"cards_removed":["Strike_G"],"damage_healed":0,"gold_gain":0,"player_choice":"Card Removal","damage_taken":0,"max_hp_gain":0,"max_hp_loss":0,"event_name":"The Cleric","floor":5,"gold_loss":50},{"damage_healed":0,"gold_gain":0,"cards_transformed":["Strike_G"],"player_choice":"Transformed","damage_taken":0,"max_hp_gain":0,"max_hp_loss":0,"event_name":"Transmorgrifier","floor":19,"gold_loss":0,"cards_obtained":["Expertise"]},{"damage_healed":0,"gold_gain":0,"player_choice":"Paid Fearfully","damage_taken":0,"max_hp_gain":0,"max_hp_loss":0,"event_name":"Masked Bandits","floor":30,"gold_loss":16},{"damage_healed":0,"gold_gain":0,"player_choice":"Memory 1","damage_taken":0,"max_hp_gain":0,"max_hp_loss":0,"event_name":"SensoryStone","floor":48,"gold_loss":0}],"is_beta":false,"boss_relics":[{"not_picked":["HoveringKite","Busted Crown"],"picked":"Ring of the Serpent"},{"not_picked":["Calling Bell","Coffee Dripper"],"picked":"Astrolabe"}],"items_purged_floors":[44],"is_endless":false,"potions_floor_spawned":[3,4,8,12,13,18,24,33,36,38,45,46],"ascension_level":11}}