{"host":"t75twhtg6c476ygg","time":1609070820,"event":{"mods":["AchievementEnabler","BaseMod","Colored Powertips","Minty Spire (QoL Compilation)","Quick Restart","Relic Stats","StSLib","SuperFastMode"],"gold_per_floor":[114,129,129,109,124,124,124,124,124,124,139,169,169,184,184,284,284,299,299,314,41,41,41,56,86,111,111,111,126,126,141,141,241,241,256,256,256,256,271,301,316,316,316,331,331,331,331],"floor_reached":46,"playtime":1322,"items_purged":[],"score":493,"play_id":"c34faff5-312e-4722-91fd-d5244b31e37e","local_time":"20201227120700","daily_mods":["Chimera","Red Cards","Lethality"],"is_ascension_mode":false,"campfire_choices":[{"data":"Whirlwind","floor":6.0,"key":"SMITH"},{"data":"Eruption","floor":8.0,"key":"SMITH"},{"data":"EmptyFist","floor":13.0,"key":"SMITH"},{"floor":15.0,"key":"REST"},{"data":"1","floor":23,"key":"LIFT"},{"data":"2","floor":30,"key":"LIFT"},{"floor":32,"key":"REST"},{"data":"3","floor":42,"key":"LIFT"},{"data":"Limit Break","floor":45,"key":"SMITH"}],"circlet_count":0,"master_deck":["Survivor","Eruption+1","Strike_G","Strike_B+1","Defend_R","Defend_G","ReachHeaven","Whirlwind+1","EmptyFist+1","Tantrum+1","Flex+1","LessonLearned","Battle Trance+1","Inflame","EmptyBody+1","Thunderclap+1","Seeing Red","ThirdEye","Shockwave+1","Limit Break+1","Flex","Protect"],"relics":["PureWater","Question Card","Regal Pillow","Dead Branch","Empty Cage","White Beast Statue","Girya","Pantograph","Nunchaku","Enchiridion","Black Star","Meat on the Bone","Orichalcum","Singing Bowl"],"acts_visited":["Exordium","TheCity","TheBeyond"],"potions_floor_usage":[25,25,33,40,46],"damage_taken":[{"damage":0.0,"enemies":"2 Louse","floor":1.0,"turns":2.0},{"damage":0.0,"enemies":"Small Slimes","floor":2.0,"turns":3.0},{"damage":0.0,"enemies":"Cultist","floor":5.0,"turns":2.0},{"damage":15.0,"enemies":"Blue Slaver","floor":11.0,"turns":2.0},{"damage":0.0,"enemies":"Lagavulin","floor":12.0,"turns":3.0},{"damage":16.0,"enemies":"Red Slaver","floor":14.0,"turns":2.0},{"damage":44.0,"enemies":"Hexaghost","floor":16.0,"turns":4.0},{"damage":0,"enemies":"Shell Parasite","floor":18,"turns":2},{"damage":20,"enemies":"2 Thieves","floor":20,"turns":4},{"damage":20,"enemies":"Shelled Parasite and Fungi","floor":24,"turns":3},{"damage":25,"enemies":"Book of Stabbing","floor":25,"turns":3},{"damage":0,"enemies":"3 Cultists","floor":29,"turns":2},{"damage":25,"enemies":"Snake Plant","floor":31,"turns":2},{"damage":69,"enemies":"Collector","floor":33,"turns":8},{"damage":18,"enemies":"3 Shapes","floor":35,"turns":2},{"damage":0,"enemies":"Orb Walker","floor":39,"turns":2},{"damage":46,"enemies":"Giant Head","floor":40,"turns":6},{"damage":0,"enemies":"Transient","floor":41,"turns":5},{"damage":17,"enemies":"Maw","floor":44,"turns":4},{"damage":51,"enemies":"Sphere and 2 Shapes","floor":46,"turns":3}],"seed_played":"4726349093531193793","potions_obtained":[{"floor":4.0,"key":"Strength Potion"},{"floor":11.0,"key":"Weak Potion"},{"floor":14.0,"key":"FearPotion"},{"floor":16.0,"key":"Energy Potion"},{"floor":18,"key":"Regen Potion"},{"floor":25,"key":"Fire Potion"},{"floor":29,"key":"Strength Potion"},{"floor":33,"key":"Swift Potion"},{"floor":38,"key":"DuplicationPotion"},{"floor":38,"key":"PowerPotion"},{"floor":40,"key":"Explosive Potion"}],"is_trial":false,"path_per_floor":["M","M","?","?","M","R","?","R","T","?","M","E","R","M","R","B",null,"M","?","M","$","T","R","M","E","T","$","?","M","R","M","R","B",null,"M","?","?","?","M","E","M","R","T","M","R","M"],"character_chosen":"WATCHER","items_purchased":["EmptyBody","White Beast Statue"],"campfire_rested":2,"item_purchase_floors":[21,21],"current_hp_per_floor":[72,72,58,58,58,58,63,63,63,63,48,48,48,32,70,26,77,77,77,57,57,57,57,37,21,21,21,5,45,45,20,58,8,77,59,59,59,59,59,13,53,53,53,50,50,0,0],"gold":331,"neow_bonus":"","is_daily":true,"chose_seed":false,"campfire_upgraded":4,"win_rate":0.0,"timestamp":1609070820,"path_taken":["M","M","?","?","?","R","?","R","T","?","?","E","R","M","R","BOSS","M","?","?","$","?","R","M","E","T","?","?","M","R","M","R","BOSS","M","?","?","?","M","E","M","R","T","M","R","M"],"items_purchased_type":["Card","Relic"],"build_version":"2020-12-22","purchased_purges":0,"victory":false,"max_hp_per_floor":[72,72,72,72,72,72,77,77,77,77,77,77,77,77,77,77,77,77,77,77,77,77,77,77,77,77,77,77,77,77,77,77,77,77,77,73,73,73,73,73,73,73,73,75,75,75,75],"relic_stats":{"Regal Pillow":30,"Nunchaku":[4],"Singing Bowl":2,"counters":[20,64],"Dead Branch":[39],"Pantograph":19,"Black Star":1,"Orichalcum":[36],"Question Card":16,"obtain_stats":[{"Girya":22,"Regal Pillow":10,"Singing Bowl":43,"Dead Branch":12,"Enchiridion":28,"Orichalcum":40,"Question Card":9,"Empty Cage":17,"White Beast Statue":21,"Nunchaku":26,"Pantograph":25,"Black Star":34,"PureWater":0,"Meat on the Bone":40},{"Girya":9,"Regal Pillow":3,"Singing Bowl":18,"Dead Branch":5,"Enchiridion":11,"Orichalcum":17,"Question Card":3,"Empty Cage":7,"White Beast Statue":9,"Nunchaku":11,"Pantograph":11,"Black Star":14,"PureWater":0,"Meat on the Bone":17},{"Girya":24,"Regal Pillow":7,"Singing Bowl":57,"Dead Branch":12,"Enchiridion":30,"Orichalcum":52,"Question Card":7,"Empty Cage":18,"White Beast Statue":24,"Nunchaku":30,"Pantograph":30,"Black Star":42,"PureWater":0,"Meat on the Bone":52}],"Meat on the Bone":12},"card_choices":[{"not_picked":["Warcry","Power Through"],"picked":"Armaments","floor":1.0},{"not_picked":["ThirdEye","Study"],"picked":"ReachHeaven","floor":2.0},{"not_picked":["Consecrate","Wild Strike"],"picked":"Whirlwind","floor":5.0},{"not_picked":["TalkToTheHand","Wild Strike","PathToVictory"],"picked":"EmptyFist","floor":11.0},{"not_picked":["Metallicize","BowlingBash","Cleave"],"picked":"Tantrum","floor":12.0},{"not_picked":["Rampage","Heavy Blade","Nirvana"],"picked":"Flex","floor":14.0},{"not_picked":["Reaper","Scrawl","MasterReality"],"picked":"LessonLearned","floor":16.0},{"not_picked":["Bloodletting","FollowUp+1","Havoc"],"picked":"Battle Trance+1","floor":18},{"not_picked":["True Grit","Wild Strike+1","WreathOfFlame"],"picked":"Inflame","floor":20},{"not_picked":["Swivel","PathToVictory","Cleave"],"picked":"Thunderclap","floor":24},{"not_picked":["Pummel+1","Barricade","Evaluate"],"picked":"Seeing Red","floor":25},{"not_picked":["ClearTheMind","Heavy Blade+1","Shrug It Off"],"picked":"ThirdEye","floor":29},{"not_picked":["Wireheading+1","EmptyFist","FollowUp"],"picked":"Shockwave+1","floor":31},{"not_picked":["SpiritShield","Blasphemy","Feed"],"picked":"Limit Break","floor":33},{"not_picked":["Sword Boomerang+1","Twin Strike+1","Brilliance"],"picked":"Flex","floor":35},{"not_picked":["Uppercut+1","Twin Strike+1","JustLucky"],"picked":"Protect","floor":39},{"not_picked":["WheelKick+1","Fire Breathing","Pummel+1","WaveOfTheHand+1"],"picked":"SKIP","floor":40},{"not_picked":["Flex","Twin Strike","Perfected Strike","Sword Boomerang"],"picked":"SKIP","floor":41},{"not_picked":["Halt","PathToVictory+1","Sentinel+1","Searing Blow+1"],"picked":"Singing Bowl","floor":44}],"player_experience":196336,"relics_obtained":[{"floor":9.0,"key":"Question Card"},{"floor":12.0,"key":"Dead Branch"},{"floor":22,"key":"Girya"},{"floor":25,"key":"Pantograph"},{"floor":26,"key":"Nunchaku"},{"floor":28,"key":"Enchiridion"},{"floor":40,"key":"Meat on the Bone"},{"floor":40,"key":"Orichalcum"},{"floor":43,"key":"Singing Bowl"}],"event_choices":[{"damage_healed":0.0,"max_hp_gain":0.0,"max_hp_loss":0.0,"gold_gain":0.0,"event_name":"Shining Light","player_choice":"Entered Light","floor":3.0,"gold_loss":0.0,"damage_taken":14.0,"cards_upgraded":["Armaments","Bash"]},{"damage_healed":0.0,"max_hp_gain":0.0,"max_hp_loss":0.0,"gold_gain":0.0,"event_name":"The Woman in Blue","player_choice":"Bought 1 Potion","floor":4.0,"gold_loss":0.0,"damage_taken":0.0},{"damage_healed":0.0,"max_hp_gain":5.0,"max_hp_loss":0.0,"gold_gain":0.0,"event_name":"Big Fish","player_choice":"Donut","floor":7.0,"gold_loss":0.0,"damage_taken":0.0},{"cards_removed":["Armaments"],"damage_healed":0.0,"max_hp_gain":0.0,"max_hp_loss":0.0,"gold_gain":0.0,"event_name":"WeMeetAgain","player_choice":"Gave Card","floor":10.0,"gold_loss":0.0,"damage_taken":0.0,"relics_obtained":["Regal Pillow"]},{"cards_removed":["Defend_P"],"damage_healed":0,"gold_gain":0,"player_choice":"Purged","damage_taken":0,"max_hp_gain":0,"max_hp_loss":0,"event_name":"Purifier","floor":19,"gold_loss":0},{"damage_healed":0,"gold_gain":0,"player_choice":"Obtained Book","damage_taken":16,"max_hp_gain":0,"max_hp_loss":0,"event_name":"Cursed Tome","floor":28,"gold_loss":0},{"damage_healed":0,"gold_gain":0,"player_choice":"Max HP","damage_taken":0,"max_hp_gain":0,"max_hp_loss":4,"event_name":"Winding Halls","floor":36,"gold_loss":0},{"cards_removed":["Bash"],"damage_healed":0,"gold_gain":0,"player_choice":"Removed Attack","damage_taken":0,"max_hp_gain":0,"max_hp_loss":0,"event_name":"Falling","floor":37,"gold_loss":0},{"damage_healed":0,"gold_gain":0,"player_choice":"Got Potions","damage_taken":0,"max_hp_gain":0,"max_hp_loss":0,"event_name":"Lab","floor":38,"gold_loss":0}],"is_beta":false,"boss_relics":[{"not_picked":["SlaversCollar","Pandora\u0027s Box"],"picked":"Empty Cage"},{"not_picked":["Astrolabe","Tiny House"],"picked":"Black Star"}],"items_purged_floors":[],"is_endless":false,"potions_floor_spawned":[11,14,16,18,20,24,25,29,31,33,35,39,40,41,44],"killed_by":"Sphere and 2 Shapes","ascension_level":0}}