{"host":"vc42n08di9czm3e7","time":1609097650,"event":{"mods":["AchievementEnabler","Act Like it!","BaseMod","Colored Powertips","Conspire","Downfall","Friendly Minions","GifTheSpireLib","Gremlin Mod","Hermit","Jorbs\u0027s Wanderer Trilogy","Minty Spire (QoL Compilation)","Quick Restart","Rare Cards Sparkle","StSLib","The Jungle"],"gold_per_floor":[113,125,50,70,101,133,83,83,108,118,142,154,190,210,210,330,330,353,390,407,19,19,19],"floor_reached":22,"playtime":1161,"items_purged":["Strike_R","Strike_R"],"score":192,"play_id":"8cc777dc-2413-42a6-a7a6-ba2523f06995","local_time":"20201227143410","is_ascension_mode":false,"campfire_choices":[{"data":"Heavy Blade","floor":8,"key":"SMITH"},{"data":"Spot Weakness","floor":15,"key":"SMITH"}],"circlet_count":0,"master_deck":["Strike_R","Strike_R+1","Defend_R","Defend_R","Defend_R","Defend_R","Bash","Inflame","Heavy Blade+1","Pommel Strike","conspire:SpireCoStock","Pommel Strike","Spot Weakness+1","Heavy Blade+1","conspire:Purge","Pommel Strike","Whirlwind","Reaper"],"relics":["Black Blood","NeowsBlessing","Blood Vial","Nunchaku","Bag of Preparation","Whetstone"],"acts_visited":["Exordium","TheCity"],"potions_floor_usage":[5,11,13,16,16,19],"damage_taken":[{"damage":0,"enemies":"Small Slimes","floor":1,"turns":1},{"damage":0,"enemies":"2 Louse","floor":2,"turns":1},{"damage":0,"enemies":"Jaw Worm","floor":4,"turns":1},{"damage":0,"enemies":"conspire:MimicChest","floor":5,"turns":4},{"damage":38,"enemies":"3 Sentries","floor":6,"turns":11},{"damage":10,"enemies":"Exordium Wildlife","floor":10,"turns":6},{"damage":0,"enemies":"Large Slime","floor":11,"turns":4},{"damage":5,"enemies":"Looter","floor":12,"turns":2},{"damage":6,"enemies":"2 Fungi Beasts","floor":13,"turns":3},{"damage":6,"enemies":"Red Slaver","floor":14,"turns":3},{"damage":35,"enemies":"Slime Boss","floor":16,"turns":6},{"damage":26,"enemies":"Spheric Guardian","floor":18,"turns":5},{"damage":15,"enemies":"Chosen","floor":19,"turns":5},{"damage":43,"enemies":"Shelled Parasite and Fungi","floor":20,"turns":6},{"damage":0,"enemies":"Sentry and Sphere","floor":22,"turns":2}],"seed_played":"4173562645541370426","potions_obtained":[{"floor":4,"key":"SneckoOil"},{"floor":5,"key":"Energy Potion"},{"floor":6,"key":"Fire Potion"},{"floor":10,"key":"FearPotion"},{"floor":11,"key":"BloodPotion"},{"floor":14,"key":"Weak Potion"}],"is_trial":false,"path_per_floor":["M","M","$","M","?","E","?","R","T","M","M","M","M","M","R","B",null,"M","M","M","$","M"],"character_chosen":"IRONCLAD","items_purchased":["Reaper","Whetstone"],"campfire_rested":0,"item_purchase_floors":[21,21],"current_hp_per_floor":[80,80,80,80,80,48,48,48,48,46,54,57,59,61,61,50,80,66,65,36,36,38,38],"gold":19,"neow_bonus":"THREE_ENEMY_KILL","is_daily":false,"chose_seed":false,"campfire_upgraded":2,"win_rate":0.0,"timestamp":1609097650,"path_taken":["M","M","$","M","?","E","?","R","T","M","M","M","M","M","R","BOSS","M","M","M","$","M"],"items_purchased_type":["Card","Relic"],"build_version":"2020-12-22","purchased_purges":2,"victory":false,"max_hp_per_floor":[80,80,80,80,80,80,80,80,80,80,80,80,80,80,80,80,80,80,80,80,80,80,80],"card_choices":[{"not_picked":["Pommel Strike","Clothesline"],"picked":"Inflame","floor":1},{"not_picked":["Corruption","Body Slam"],"picked":"Heavy Blade","floor":2},{"not_picked":["Disarm","Power Through","Searing Blow"],"picked":"SKIP","floor":4},{"not_picked":["Bloodletting","Dropkick"],"picked":"Pommel Strike","floor":6},{"not_picked":["Anger","Flex"],"picked":"Pommel Strike","floor":10},{"not_picked":["Rupture","Hemokinesis"],"picked":"Spot Weakness","floor":11},{"not_picked":["Sentinel","Barricade"],"picked":"Heavy Blade","floor":12},{"not_picked":["Heavy Blade","Twin Strike","Warcry"],"picked":"SKIP","floor":13},{"not_picked":["Headbutt","Flame Barrier","Shockwave"],"picked":"SKIP","floor":14},{"not_picked":["Brutality","Double Tap"],"picked":"conspire:Purge","floor":16},{"not_picked":["Havoc","Warcry"],"picked":"Pommel Strike","floor":18},{"not_picked":["Headbutt","Disarm"],"picked":"Whirlwind","floor":19},{"not_picked":["Body Slam","Heavy Blade","Berserk"],"picked":"SKIP","floor":20}],"player_experience":267643,"relics_obtained":[{"floor":5,"key":"Blood Vial"},{"floor":6,"key":"Nunchaku"},{"floor":9,"key":"Bag of Preparation"}],"event_choices":[{"damage_healed":0,"gold_gain":0,"player_choice":"Invest 1","damage_taken":0,"max_hp_gain":0,"max_hp_loss":0,"event_name":"conspire:Investor","floor":7,"gold_loss":0}],"is_beta":false,"boss_relics":[{"not_picked":["Runic Cube","Astrolabe"],"picked":"Black Blood"}],"items_purged_floors":[3,21],"is_endless":false,"potions_floor_spawned":[4,5,6,10,11,12,14],"killed_by":"Sentry and Sphere","ascension_level":0}}