{"host":"w3q5ijqu8eoknil3","time":1609097277,"event":{"mods":["AchievementEnabler","BaseMod","Block Reminder","Colored Powertips","Minty Spire (QoL Compilation)","Quick Restart","Relic Stats","ojb\u0027s Better Paths Mod","ojb\u0027s Info Mod","slay the spire mod where everything is the same but ironclad has a cowboy hat"],"gold_per_floor":[112,112,122,272,41,66,66,82,82,112,112,122,183,458,458,532,532,543,561,561,572,572,572,572],"floor_reached":23,"playtime":773,"items_purged":["Doubt"],"score":448,"play_id":"399c1a21-836e-4f58-a2b7-db9ac54fa2fc","local_time":"20201227192757","is_ascension_mode":true,"campfire_choices":[{"data":"Immolate","floor":7,"key":"SMITH"},{"data":"Second Wind","floor":11,"key":"SMITH"},{"data":"Disarm","floor":15,"key":"SMITH"}],"circlet_count":0,"master_deck":["AscendersBane","Strike_R","Strike_R","Strike_R","Strike_R","Defend_R","Defend_R","Defend_R","Defend_R","Bash","Battle Trance","Second Wind+1","Feed","Immolate+1","Thunderclap","Double Tap","Disarm+1","Uppercut","Regret","Double Tap","Dropkick","Sever Soul","Armaments","Ghostly Armor+1"],"relics":["Burning Blood","NeowsBlessing","Ginger","Bottled Flame","Kunai","Juzu Bracelet","Runic Pyramid"],"acts_visited":["Exordium","TheCity"],"potions_floor_usage":[12,16,23,23],"damage_taken":[{"damage":0,"enemies":"Jaw Worm","floor":1,"turns":1},{"damage":0,"enemies":"2 Louse","floor":3,"turns":1},{"damage":0,"enemies":"Gremlin Nob","floor":6,"turns":2},{"damage":6,"enemies":"Cultist","floor":8,"turns":3},{"damage":30,"enemies":"Lagavulin","floor":10,"turns":6},{"damage":0,"enemies":"2 Fungi Beasts","floor":12,"turns":1},{"damage":14,"enemies":"3 Sentries","floor":13,"turns":5},{"damage":59,"enemies":"Hexaghost","floor":16,"turns":11},{"damage":40,"enemies":"Shell Parasite","floor":18,"turns":6},{"damage":9,"enemies":"Chosen","floor":19,"turns":4},{"damage":26,"enemies":"Snecko","floor":21,"turns":5},{"damage":16,"enemies":"Slavers","floor":23,"turns":1}],"seed_played":"3146836205088655353","potions_obtained":[{"floor":1,"key":"BloodPotion"},{"floor":6,"key":"Regen Potion"},{"floor":12,"key":"Ancient Potion"},{"floor":13,"key":"Strength Potion"},{"floor":19,"key":"ColorlessPotion"}],"is_trial":false,"path_per_floor":["M","?","M","?","$","E","R","M","T","E","R","M","?","?","R","B",null,"M","M","?","M","?","E"],"character_chosen":"IRONCLAD","items_purchased":["Feed"],"campfire_rested":0,"item_purchase_floors":[5],"current_hp_per_floor":[74,67,73,73,73,78,78,78,78,57,57,79,74,74,74,21,68,37,37,37,20,14,0,0],"gold":572,"neow_bonus":"THREE_ENEMY_KILL","is_daily":false,"chose_seed":false,"campfire_upgraded":3,"win_rate":0.0,"timestamp":1609097277,"path_taken":["M","?","M","?","$","E","R","M","T","E","R","M","?","?","R","BOSS","M","M","?","M","?","E"],"items_purchased_type":["Card"],"build_version":"2020-12-22","purchased_purges":1,"victory":false,"max_hp_per_floor":[75,75,75,75,75,78,78,78,78,81,81,81,84,84,84,84,84,87,90,90,93,93,93,93],"relic_stats":{"counters":[12,46],"Juzu Bracelet":2,"Ginger":[6],"Kunai":[4],"obtain_stats":[{"Bottled Flame":9,"NeowsBlessing":0,"Juzu Bracelet":13,"Ginger":6,"Kunai":10,"Burning Blood":0,"Runic Pyramid":17},{"Bottled Flame":4,"NeowsBlessing":0,"Juzu Bracelet":7,"Ginger":3,"Kunai":5,"Burning Blood":0,"Runic Pyramid":8},{"Bottled Flame":7,"NeowsBlessing":0,"Juzu Bracelet":19,"Ginger":4,"Kunai":13,"Burning Blood":0,"Runic Pyramid":30}],"Burning Blood":62},"card_choices":[{"not_picked":["Seeing Red","Clash"],"picked":"Battle Trance","floor":1},{"not_picked":["Body Slam","Dark Embrace"],"picked":"Second Wind","floor":3},{"not_picked":["Flame Barrier","Perfected Strike"],"picked":"Immolate","floor":6},{"not_picked":["Body Slam","Anger"],"picked":"Thunderclap","floor":8},{"not_picked":["Anger","Hemokinesis"],"picked":"Double Tap","floor":10},{"not_picked":["Evolve","Clash"],"picked":"Disarm","floor":12},{"not_picked":["Clothesline","Perfected Strike"],"picked":"Uppercut","floor":13},{"not_picked":["Demon Form","Juggernaut"],"picked":"Double Tap","floor":16},{"not_picked":["Headbutt","Pommel Strike"],"picked":"Dropkick","floor":18},{"not_picked":["Flex","Clash+1"],"picked":"Sever Soul","floor":19},{"not_picked":["Shrug It Off","Cleave"],"picked":"Ghostly Armor+1","floor":21}],"player_experience":945817,"relics_obtained":[{"floor":6,"key":"Ginger"},{"floor":9,"key":"Bottled Flame"},{"floor":10,"key":"Kunai"},{"floor":13,"key":"Juzu Bracelet"}],"event_choices":[{"cards_removed":["Strike_R"],"damage_healed":0,"gold_gain":0,"player_choice":"Card Removal","damage_taken":7,"max_hp_gain":0,"max_hp_loss":0,"event_name":"Golden Wing","floor":2,"gold_loss":0},{"damage_healed":0,"gold_gain":150,"player_choice":"AGREE","damage_taken":0,"max_hp_gain":0,"max_hp_loss":0,"event_name":"Liars Game","floor":4,"gold_loss":0,"cards_obtained":["Doubt"]},{"damage_healed":0,"gold_gain":30,"player_choice":"Searched \u00273\u0027 times","damage_taken":0,"max_hp_gain":0,"max_hp_loss":0,"event_name":"Dead Adventurer","floor":13,"gold_loss":0},{"damage_healed":0,"gold_gain":275,"player_choice":"Desecrate","damage_taken":0,"max_hp_gain":0,"max_hp_loss":0,"event_name":"Golden Shrine","floor":14,"gold_loss":0,"cards_obtained":["Regret"]},{"damage_healed":0,"gold_gain":0,"player_choice":"Read","damage_taken":0,"max_hp_gain":0,"max_hp_loss":0,"event_name":"The Library","floor":20,"gold_loss":0,"cards_obtained":["Armaments"]},{"damage_healed":0,"gold_gain":0,"player_choice":"","damage_taken":6,"max_hp_gain":0,"max_hp_loss":0,"event_name":"Knowing Skull","floor":22,"potions_obtained":[],"gold_loss":0,"cards_obtained":[]}],"is_beta":false,"boss_relics":[{"not_picked":["Fusion Hammer","Runic Dome"],"picked":"Runic Pyramid"}],"items_purged_floors":[5],"is_endless":false,"potions_floor_spawned":[1,6,12,13,19],"killed_by":"Slavers","ascension_level":20}}