{"host":"7nu0fnckee4tlfez","time":1609098838,"event":{"mods":["2.2 Compatiblity","AchievementEnabler","Astrologer","BaseMod","CapriCore","Colored Map","Downfall","Lobotomy","Marisa£¨Ùöéë¡¡Øª×âÞÞ£©","Minty Spire (QoL Compilation)","StSLib","SuperFastMode","The Immortal"],"gold_per_floor":[20,32,32,32,32,67,67,85,165,180,180,207,227,242,242,341,341,356,455,15,35,35,35,35,52,101,113,125,157,184,210,222,339,351,378,390,417,453,111,111,161,176,176,22,39,56,56,76,76,76],"floor_reached":51,"playtime":2395,"items_purged":["Defend_P","Defend_P"],"score":786,"play_id":"0505845e-9d1d-46d2-85a6-9dbf8543d174","local_time":"20201228045358","is_ascension_mode":false,"campfire_choices":[{"floor":7.0,"key":"REST"},{"data":"Eruption","floor":11.0,"key":"SMITH"},{"data":"Adaptation","floor":15.0,"key":"SMITH"},{"data":"MasterReality","floor":23.0,"key":"SMITH"},{"data":"Study","floor":27.0,"key":"SMITH"},{"data":"BattleHymn","floor":32.0,"key":"SMITH"},{"data":"DeusExMachina","floor":40,"key":"SMITH"},{"data":"EmptyMind","floor":47,"key":"SMITH"},{"data":"ClearTheMind","floor":49,"key":"SMITH"}],"circlet_count":0,"master_deck":["Strike_P+1","Strike_P+1","Eruption+1","Vigilance","InnerPeace","EmptyMind+1","DeceiveReality","EmptyFist","ClearTheMind+1","Adaptation+1","MasterReality+1","CurseOfTheBell","BattleHymn+1","Study+1","Evaluate","InnerPeace","DeusExMachina+1","Crescendo+1","Crescendo+1","MentalFortress+1","Tantrum+1","TalkToTheHand+1"],"relics":["PureWater","Ancient Tea Set","Eternal Feather","Blood Vial","Calling Bell","Bag of Preparation","Shuriken","FossilizedHelix","Anchor","ClockworkSouvenir","MutagenicStrength","Centennial Puzzle","MawBank","Philosopher\u0027s Stone","Orichalcum","Pantograph","Dead Branch","Question Card","Happy Flower"],"acts_visited":["Exordium","TheCity","TheBeyond"],"potions_floor_usage":[50],"damage_taken":[{"damage":3.0,"enemies":"Jaw Worm","floor":1.0,"turns":3.0},{"damage":0.0,"enemies":"Small Slimes","floor":2.0,"turns":2.0},{"damage":20.0,"enemies":"3 Sentries","floor":6.0,"turns":10.0},{"damage":0.0,"enemies":"Cultist","floor":8.0,"turns":2.0},{"damage":0.0,"enemies":"2 Fungi Beasts","floor":10.0,"turns":2.0},{"damage":8.0,"enemies":"Gremlin Nob","floor":12.0,"turns":3.0},{"damage":0.0,"enemies":"3 Louse","floor":13.0,"turns":3.0},{"damage":0.0,"enemies":"Blue Slaver","floor":14.0,"turns":4.0},{"damage":44.0,"enemies":"The Guardian","floor":16.0,"turns":15.0},{"damage":9.0,"enemies":"Spheric Guardian","floor":18.0,"turns":5.0},{"damage":0.0,"enemies":"Shell Parasite","floor":21.0,"turns":3.0},{"damage":7.0,"enemies":"Snake Plant","floor":25.0,"turns":3.0},{"damage":0.0,"enemies":"Cultist and Chosen","floor":29.0,"turns":4.0},{"damage":0.0,"enemies":"Centurion and Healer","floor":30.0,"turns":4.0},{"damage":32.0,"enemies":"Snecko","floor":31.0,"turns":5.0},{"damage":0.0,"enemies":"Champ","floor":33.0,"turns":7.0},{"damage":0.0,"enemies":"Orb Walker","floor":35.0,"turns":2.0},{"damage":0,"enemies":"3 Shapes","floor":37,"turns":3},{"damage":24,"enemies":"Mind Bloom Boss Battle","floor":41,"turns":4},{"damage":0,"enemies":"Spire Growth","floor":42,"turns":3},{"damage":0,"enemies":"Sphere and 2 Shapes","floor":45,"turns":2},{"damage":0,"enemies":"4 Shapes","floor":46,"turns":3},{"damage":0,"enemies":"Spire Growth","floor":48,"turns":1},{"damage":0,"enemies":"Time Eater","floor":50,"turns":3}],"seed_played":"-217981216891788332","potions_obtained":[{"floor":6.0,"key":"LiquidMemories"},{"floor":8.0,"key":"Strength Potion"},{"floor":12.0,"key":"FearPotion"},{"floor":13.0,"key":"SpeedPotion"},{"floor":25.0,"key":"ColorlessPotion"},{"floor":30.0,"key":"BottledMiracle"},{"floor":37,"key":"EntropicBrew"}],"is_trial":false,"path_per_floor":["M","M","?","?","?","E","R","M","T","M","R","E","M","M","R","B",null,"M","?","$","M","?","R","?","M","T","R","$","M","M","M","R","B",null,"M","?","M","T","$","R","?","M","T","$","M","M","R","M","R","B",null],"character_chosen":"WATCHER","items_purchased":["Study","Anchor","ClockworkSouvenir","Pantograph","Happy Flower"],"campfire_rested":1,"item_purchase_floors":[20,20,20,39,44],"current_hp_per_floor":[69,69,69,55,48,28,49,49,49,49,55,47,49,51,57,15,72,63,63,63,65,65,72,72,65,65,72,72,72,72,40,49,51,72,72,72,72,72,72,72,48,50,50,50,52,54,66,68,72,72],"gold":76,"neow_bonus":"REMOVE_TWO","is_daily":false,"chose_seed":false,"campfire_upgraded":8,"win_rate":0.0,"timestamp":1609098838,"path_taken":["M","M","?","?","?","E","R","M","T","M","R","E","?","M","R","BOSS","M","?","$","M","?","R","?","M","T","R","?","M","M","M","R","BOSS","M","?","M","?","$","R","?","M","T","$","M","M","R","M","R","BOSS"],"items_purchased_type":["Card","Relic","Relic","Relic","Relic"],"build_version":"2020-12-22","purchased_purges":2,"victory":true,"max_hp_per_floor":[72,72,72,72,72,72,72,72,72,72,72,72,72,72,72,72,72,72,72,72,72,72,72,72,72,72,72,72,72,72,72,72,72,72,72,72,72,72,72,72,72,72,72,72,72,72,72,72,72,72],"card_choices":[{"not_picked":["Protect","ClearTheMind"],"picked":"InnerPeace","floor":1.0},{"not_picked":["Prostrate","Pray"],"picked":"EmptyMind","floor":2.0},{"not_picked":["SignatureMove","InnerPeace"],"picked":"DeceiveReality","floor":6.0},{"not_picked":["PathToVictory","Prostrate","Halt"],"picked":"SKIP","floor":8.0},{"not_picked":["ThirdEye","Protect"],"picked":"EmptyFist","floor":10.0},{"not_picked":["JustLucky","CrushJoints"],"picked":"ClearTheMind","floor":12.0},{"not_picked":["Worship","Crescendo"],"picked":"Adaptation","floor":13.0},{"not_picked":["Indignation","FlurryOfBlows","WreathOfFlame"],"picked":"SKIP","floor":14.0},{"not_picked":["Brilliance","Alpha"],"picked":"MasterReality","floor":16.0},{"not_picked":["PathToVictory","CarveReality"],"picked":"BattleHymn","floor":18.0},{"not_picked":["CrushJoints","Prostrate+1"],"picked":"Evaluate","floor":21.0},{"not_picked":["EmptyFist+1","ClearTheMind","FlurryOfBlows"],"picked":"SKIP","floor":25.0},{"not_picked":["JustLucky+1","Consecrate"],"picked":"InnerPeace","floor":29.0},{"not_picked":["Prostrate","EmptyBody","CrushJoints"],"picked":"SKIP","floor":30.0},{"not_picked":["Weave","EmptyBody","Devotion"],"picked":"SKIP","floor":31.0},{"not_picked":["Blasphemy","Vault"],"picked":"DeusExMachina","floor":33.0},{"not_picked":["Wallop+1","DeceiveReality+1"],"picked":"Crescendo+1","floor":35.0},{"not_picked":["Worship","EmptyBody+1"],"picked":"Crescendo+1","floor":37},{"not_picked":["JustLucky+1","CrushJoints"],"picked":"MentalFortress+1","floor":41},{"not_picked":["Pray+1","EmptyBody"],"picked":"Tantrum+1","floor":42},{"not_picked":["SignatureMove+1","FlyingSleeves+1","JustLucky+1"],"picked":"TalkToTheHand+1","floor":45},{"not_picked":["InnerPeace+1","ThirdEye+1","SignatureMove","FlurryOfBlows+1"],"picked":"SKIP","floor":46},{"not_picked":["EmptyFist+1","DevaForm","Wallop","Crescendo"],"picked":"SKIP","floor":48}],"player_experience":65434,"relics_obtained":[{"floor":6.0,"key":"Ancient Tea Set"},{"floor":9.0,"key":"Eternal Feather"},{"floor":12.0,"key":"Blood Vial"},{"floor":17.0,"key":"Bag of Preparation"},{"floor":17.0,"key":"Shuriken"},{"floor":17.0,"key":"FossilizedHelix"},{"floor":26.0,"key":"MawBank"},{"floor":38,"key":"Orichalcum"},{"floor":41,"key":"Dead Branch"},{"floor":43,"key":"Question Card"}],"event_choices":[{"cards_removed":["Strike_P"],"damage_healed":0.0,"max_hp_gain":0.0,"max_hp_loss":0.0,"gold_gain":0.0,"event_name":"Living Wall","player_choice":"Forget","floor":3.0,"gold_loss":0.0,"damage_taken":0.0},{"damage_healed":0.0,"max_hp_gain":0.0,"max_hp_loss":0.0,"gold_gain":0.0,"event_name":"Shining Light","player_choice":"Entered Light","floor":4.0,"gold_loss":0.0,"damage_taken":14.0,"cards_upgraded":["Strike_P","Strike_P"]},{"cards_removed":["Strike_P"],"damage_healed":0.0,"max_hp_gain":0.0,"max_hp_loss":0.0,"gold_gain":0.0,"event_name":"Golden Wing","player_choice":"Card Removal","floor":5.0,"gold_loss":0.0,"damage_taken":7.0},{"damage_healed":0.0,"max_hp_gain":0.0,"max_hp_loss":0.0,"gold_gain":99.0,"event_name":"Nest","player_choice":"Stole From Cult","floor":19.0,"gold_loss":0.0,"damage_taken":0.0},{"damage_healed":0.0,"max_hp_gain":0.0,"max_hp_loss":0.0,"gold_gain":0.0,"event_name":"Drug Dealer","player_choice":"Inject Mutagens","floor":22.0,"gold_loss":0.0,"damage_taken":0.0,"relics_obtained":["MutagenicStrength"]},{"damage_healed":0.0,"max_hp_gain":0.0,"max_hp_loss":0.0,"gold_gain":0.0,"event_name":"The Mausoleum","player_choice":"Opened","floor":24.0,"gold_loss":0.0,"damage_taken":0.0,"relics_obtained":["Centennial Puzzle"]},{"damage_healed":0,"gold_gain":0,"player_choice":"Ignored","damage_taken":0,"max_hp_gain":0,"max_hp_loss":0,"event_name":"Mysterious Sphere","floor":36,"gold_loss":0},{"damage_healed":0,"gold_gain":0,"player_choice":"Fight","damage_taken":0,"max_hp_gain":0,"max_hp_loss":0,"event_name":"MindBloom","floor":41,"gold_loss":0}],"is_beta":false,"boss_relics":[{"not_picked":["Coffee Dripper","Pandora\u0027s Box"],"picked":"Calling Bell"},{"not_picked":["Cursed Key","Tiny House"],"picked":"Philosopher\u0027s Stone"}],"items_purged_floors":[20,39],"is_endless":false,"potions_floor_spawned":[6,8,12,13,25,29,30,37,45,46],"ascension_level":0}}