{"host":"ds1yr10zonoc6w4a","time":1609087099,"event":{"mods":["2.2 Compatiblity","AchievementEnabler","Act Like it!","BaseMod","Downfall","Elementarium","Gensokyo","Infinite Spire","Jorbs\u0027s Wanderer Trilogy","Koishi","Menagerie","Minty Spire (QoL Compilation)","Pale of the Ancients","StSLib","The Animator","Wandering Minibosses","vexMod","??????REMEMod"],"gold_per_floor":[114,114,139,139,164,164,164,179,179,179,198,128,172,172,172,268,268,280,280,280],"floor_reached":19,"playtime":2818,"items_purged":[],"score":250,"play_id":"d3c4727c-fda3-47ce-b6a6-ccfe01c71c75","local_time":"20201227093819","is_ascension_mode":true,"campfire_choices":[{"data":"infinitespire:Starlight","floor":6.0,"key":"SMITH"},{"floor":15.0,"key":"REST"}],"circlet_count":0,"master_deck":["AscendersBane","animator:Strike_Fate","animator:Defend_Fate+1","animator:Strike+1","animator:Strike","animator:Strike","animator:Defend","animator:Defend","animator:Defend","animator:Alexander","animator:Rider","stsjorbsmod:Pathos","animator:Azekura+1","Clumsy","infinitespire:Starlight+1","animator:Assassin","animator:Pride","animator:Archer","Injury","animator:RoyMustang","animator:Geryuganshoop","animator:Shiro","animator:YaoHaDucy+1"],"relics":["animator:VividPicture","animator:TheMissingPiece","REME_ComplimentaryCards","NeowsBlessing","Gensokyo:NagashiBinaDoll","Tiny House","Potion Belt","Dream Catcher","Gensokyo:YoukaiFlower"],"acts_visited":["Gensokyo:Gensokyo","Gensokyo:Gensokyoer"],"potions_floor_usage":[16,18,19],"damage_taken":[{"damage":0.0,"enemies":"Gensokyo:Python","floor":1.0,"turns":1.0},{"damage":0.0,"enemies":"Gensokyo:2_Kodama","floor":5.0,"turns":2.0},{"damage":0.0,"enemies":"Gensokyo:3_Fairies","floor":7.0,"turns":5.0},{"damage":4.0,"enemies":"Gensokyo:2_Rabbits","floor":8.0,"turns":6.0},{"damage":5.0,"enemies":"Gensokyo:VengefulSpirit","floor":11.0,"turns":9.0},{"damage":16.0,"enemies":"Gensokyo:Aya","floor":13.0,"turns":6.0},{"damage":27,"enemies":"Gensokyo:Yukari","floor":16,"turns":9},{"damage":47,"enemies":"Gensokyo:AngelMirror","floor":18,"turns":6},{"damage":49,"enemies":"Gensokyo:AngelMirror","floor":19,"turns":6}],"seed_played":"9060519871498909307","potions_obtained":[{"floor":3.0,"key":"champ:CounterPotion"},{"floor":5.0,"key":"Fire Potion"},{"floor":8.0,"key":"Swift Potion"},{"floor":11.0,"key":"SneckoOil"},{"floor":16,"key":"SteroidPotion"},{"floor":18,"key":"AttackPotion"}],"is_trial":false,"path_per_floor":["M","?","?","?","M","R","M","M","T","?","M","?","E","?","R","B",null,"M","?"],"character_chosen":"THE_ANIMATOR","items_purchased":[],"campfire_rested":1,"item_purchase_floors":[],"current_hp_per_floor":[59,59,64,47,57,57,71,68,68,68,67,67,66,66,72,46,66,34,0,0],"gold":280,"neow_bonus":"THREE_ENEMY_KILL","is_daily":false,"chose_seed":false,"campfire_upgraded":1,"win_rate":0.0,"timestamp":1609087099,"path_taken":["M","?","?","?","M","R","?","M","T","?","M","?","E","?","R","BOSS","M","?"],"items_purchased_type":[],"build_version":"2020-12-22","purchased_purges":0,"victory":false,"max_hp_per_floor":[66,66,71,71,71,71,71,72,72,72,72,72,72,72,72,73,73,73,73,73],"card_choices":[{"not_picked":["animator:MumenRider","animator:Illya"],"picked":"animator:Azekura","floor":1.0},{"not_picked":["infinitespire:Punishment","infinitespire:UltimateForm"],"picked":"infinitespire:Starlight","floor":4.0},{"not_picked":["animator:ElricAlphonse","animator:Genos"],"picked":"animator:Assassin","floor":5.0},{"not_picked":["animator:Gluttony","animator:ElricAlphonse"],"picked":"animator:Pride","floor":7.0},{"not_picked":["animator:SakuraMatou","animator:ShinjiMatou"],"picked":"animator:Archer","floor":8.0},{"not_picked":["animator:Togame","animator:Alexander"],"picked":"animator:RoyMustang","floor":11.0},{"not_picked":["animator:Genos","animator:ElricAlphonse"],"picked":"animator:DolaSchwi","floor":13.0},{"not_picked":["animator:Tet","animator:MetalKnight"],"picked":"animator:Geryuganshoop","floor":15.0},{"not_picked":["animator:Sora","animator:Saber"],"picked":"animator:Shiro","floor":16},{"not_picked":["animator:Illya","animator:Rider"],"picked":"animator:YaoHaDucy+1","floor":18}],"player_experience":561369,"relics_obtained":[{"floor":13.0,"key":"Dream Catcher"}],"event_choices":[],"is_beta":false,"boss_relics":[{"not_picked":["Pandora\u0027s Box","Ectoplasm"],"picked":"animator:VividPicture"}],"items_purged_floors":[],"is_endless":false,"potions_floor_spawned":[5,8,11,16,18],"killed_by":"Gensokyo:AngelMirror","ascension_level":11}}