{"host":"ipcfr4ajj2jkxvg7","time":1609032333,"event":{"mods":["BaseMod","Colored Powertips","GifTheSpireLib","Marisa（F雨　魔理沙）","Minty Spire (QoL Compilation)","Quick Restart","Remilia（蕾米莉亚）","Replay The Spire","RumiaBox-露米娅的神秘盒子","StSLib"],"gold_per_floor":[111,60,73,91,110,140,140,168,168,168,179,179,207,92,92,166,166,183,203,220,120,165,165,165],"floor_reached":23,"playtime":623,"items_purged":["Defend_MRS","Defend_MRS"],"score":390,"play_id":"54faf922-1693-46e4-bcdc-e25b82ab66a2","local_time":"20201227092533","is_ascension_mode":true,"campfire_choices":[{"floor":7.0,"key":"REST"},{"floor":10.0,"key":"REST"},{"floor":12.0,"key":"REST"},{"floor":15,"key":"REST"}],"circlet_count":0,"master_deck":["AscendersBane","Strike_MRS","Strike_MRS","Strike_MRS","Strike_MRS","Defend_MRS","Defend_MRS","MasterSpark","UpSweep","FairyDestructionRay","PowerUp","ManaConvection","EarthLightRay","MilkyWay","MilkyWay"],"relics":["MiniHakkero","ReplayTheSpireMod:Lightbulb","AddBug","SecretRecord","SecretRecord","SecretRecord"],"acts_visited":["Exordium","TheCity"],"potions_floor_usage":[20],"damage_taken":[{"damage":1.0,"enemies":"Cultist","floor":1.0,"turns":3.0},{"damage":7.0,"enemies":"Jaw Worm","floor":3.0,"turns":3.0},{"damage":0.0,"enemies":"Small Slimes","floor":4.0,"turns":2.0},{"damage":16.0,"enemies":"Blue Slaver","floor":5.0,"turns":3.0},{"damage":20.0,"enemies":"3 Sentries","floor":6.0,"turns":5.0},{"damage":32.0,"enemies":"Gremlin Nob","floor":8.0,"turns":4.0},{"damage":28.0,"enemies":"Exordium Thugs","floor":11.0,"turns":4.0},{"damage":20,"enemies":"3 Sentries","floor":13,"turns":4},{"damage":12,"enemies":"The Guardian","floor":16,"turns":7},{"damage":1,"enemies":"Spheric Guardian","floor":18,"turns":3},{"damage":17,"enemies":"2 Thieves","floor":19,"turns":2},{"damage":21,"enemies":"Snecko","floor":20,"turns":4},{"damage":34,"enemies":"Slavers","floor":23,"turns":2}],"seed_played":"4219027405013137355","potions_obtained":[{"floor":1.0,"key":"Elixir"},{"floor":3.0,"key":"BottledSpark"},{"floor":5.0,"key":"Reflective Coating"},{"floor":6.0,"key":"Swift Potion"},{"floor":8.0,"key":"Weak Potion"},{"floor":18,"key":"Explosive Potion"}],"is_trial":false,"path_per_floor":["M","$","M","M","M","E","R","E","T","R","M","R","E","$","R","B",null,"M","M","M","$","T","E"],"character_chosen":"MARISA","items_purchased":["PowerUp","MilkyWay"],"campfire_rested":4,"item_purchase_floors":[2,14],"current_hp_per_floor":[62,62,55,55,39,19,40,8,8,29,1,22,2,2,23,17,57,63,46,32,32,32,5,5],"gold":165,"neow_bonus":"RANDOM_COMMON_RELIC","is_daily":false,"chose_seed":false,"campfire_upgraded":0,"win_rate":0.0,"timestamp":1609032333,"path_taken":["M","$","M","M","M","E","R","E","T","R","M","R","E","$","R","BOSS","M","M","M","?","?","E"],"items_purchased_type":["Card","Card"],"build_version":"2020-12-22","purchased_purges":2,"victory":false,"max_hp_per_floor":[70,70,70,70,70,70,70,70,70,70,70,70,70,70,70,70,70,70,70,70,70,70,70,70],"card_choices":[{"not_picked":["UnstableBomb","DC"],"picked":"FairyDestructionRay","floor":1.0},{"not_picked":["DoubleSpark","WitchLeyline","Robbery"],"picked":"SKIP","floor":3.0},{"not_picked":["NonDirectionalLaser","SporeBomb","GalacticHalo"],"picked":"SKIP","floor":4.0},{"not_picked":["Occultation","LuminesStrike","FinalSpark"],"picked":"SKIP","floor":5.0},{"not_picked":["6A","GrandCross","SporeBomb"],"picked":"SKIP","floor":6.0},{"not_picked":["UnstableBomb","WitchOfGreed","DoubleSpark"],"picked":"SKIP","floor":8.0},{"not_picked":["WitchOfGreed","CollectingQuirk"],"picked":"ManaConvection","floor":11.0},{"not_picked":["IllusionStar","WitchOfGreed"],"picked":"EarthLightRay","floor":13},{"not_picked":["SporeBomb","6A","UnstableBomb"],"picked":"SKIP","floor":18},{"not_picked":["StarlightTyphoon","AsteroidBelt","GalacticHalo"],"picked":"SKIP","floor":19},{"not_picked":["GalacticHalo","GrandCross","ShootingEcho"],"picked":"SKIP","floor":20}],"player_experience":416386,"relics_obtained":[{"floor":1.0,"key":"AddBug"},{"floor":6.0,"key":"Whetstone"},{"floor":8.0,"key":"Bird Faced Urn"},{"floor":9.0,"key":"MagicDraw2"},{"floor":11.0,"key":"SecretRecord"},{"floor":13,"key":"Pantograph"},{"floor":16,"key":"SecretRecord"}],"event_choices":[],"is_beta":false,"boss_relics":[{"not_picked":["Snecko Eye","Empty Cage"],"picked":"ChewingGum"}],"items_purged_floors":[14,21],"is_endless":false,"potions_floor_spawned":[1,3,5,6,8,18],"killed_by":"Slavers","ascension_level":17}}