{"host":"vydapxfau6612551","time":1609034908,"event":{"mods":["AchievementEnabler","BaseMod","Minty Spire (QoL Compilation)","StSLib","SuperFastMode"],"gold_per_floor":[118,133,145,161,171,171,197,258,258,258,286,286,286,286],"floor_reached":13,"playtime":395,"items_purged":[],"score":133,"play_id":"e7acb8e7-e164-4354-902a-65bd1194e9ec","local_time":"20201227110828","is_ascension_mode":true,"campfire_choices":[{"floor":6.0,"key":"RECALL"},{"data":"Rupture","floor":10.0,"key":"SMITH"}],"circlet_count":0,"master_deck":["Strike_R","Strike_R","Strike_R","Strike_R","Strike_R","Defend_R","Defend_R","Defend_R","Defend_R","Bash","Evolve","Heavy Blade","Headbutt","Flex","Rupture+1","Immolate","Combust","Feed","Injury"],"relics":["Burning Blood","Pen Nib","Sundial","Akabeko","White Beast Statue","Golden Idol"],"acts_visited":["Exordium"],"potions_floor_usage":[13],"damage_taken":[{"damage":10.0,"enemies":"2 Louse","floor":1.0,"turns":3.0},{"damage":8.0,"enemies":"Jaw Worm","floor":2.0,"turns":5.0},{"damage":1.0,"enemies":"Cultist","floor":3.0,"turns":4.0},{"damage":7.0,"enemies":"Looter","floor":4.0,"turns":4.0},{"damage":11.0,"enemies":"Blue Slaver","floor":5.0,"turns":3.0},{"damage":16.0,"enemies":"Gremlin Nob","floor":7.0,"turns":3.0},{"damage":16.0,"enemies":"Gremlin Nob","floor":8.0,"turns":3.0},{"damage":38.0,"enemies":"Lagavulin","floor":11.0,"turns":6.0},{"damage":0,"enemies":"Gremlin Nob","floor":13,"turns":1}],"seed_played":"8028079039598756968","potions_obtained":[{"floor":1.0,"key":"GamblersBrew"},{"floor":3.0,"key":"PowerPotion"},{"floor":4.0,"key":"LiquidBronze"},{"floor":7.0,"key":"BlessingOfTheForge"},{"floor":11.0,"key":"ElixirPotion"}],"is_trial":false,"path_per_floor":["M","M","M","M","M","R","E","?","T","R","E","?","E"],"character_chosen":"IRONCLAD","items_purchased":[],"campfire_rested":0,"item_purchase_floors":[],"current_hp_per_floor":[68,66,71,70,65,65,55,45,45,45,13,13,13,13],"gold":286,"neow_bonus":"RANDOM_COMMON_RELIC","is_daily":false,"chose_seed":false,"campfire_upgraded":1,"win_rate":0.0,"timestamp":1609034908,"path_taken":["M","M","M","M","M","R","E","?","T","R","E","?","E"],"items_purchased_type":[],"build_version":"2020-12-22","purchased_purges":0,"victory":false,"max_hp_per_floor":[80,80,80,80,80,80,80,80,80,80,80,80,80,80],"card_choices":[{"not_picked":["Warcry","Heavy Blade"],"picked":"Evolve","floor":1.0},{"not_picked":["Thunderclap","Ghostly Armor"],"picked":"Heavy Blade","floor":2.0},{"not_picked":["Pummel","Body Slam"],"picked":"Headbutt","floor":3.0},{"not_picked":["Spot Weakness","Armaments"],"picked":"Flex","floor":4.0},{"not_picked":["Fire Breathing","Metallicize"],"picked":"Rupture","floor":5.0},{"not_picked":["True Grit","Infernal Blade"],"picked":"Immolate","floor":7.0},{"not_picked":["Uppercut","Sentinel"],"picked":"Combust","floor":8.0},{"not_picked":["Fire Breathing","Flex"],"picked":"Feed","floor":11.0}],"player_experience":383761,"relics_obtained":[{"floor":7.0,"key":"Sundial"},{"floor":11.0,"key":"White Beast Statue"}],"event_choices":[{"damage_healed":0.0,"max_hp_gain":0.0,"max_hp_loss":0.0,"gold_gain":30.0,"event_name":"Dead Adventurer","player_choice":"Searched \u00273\u0027 times","floor":8.0,"gold_loss":0.0,"damage_taken":0.0,"relics_obtained":["Akabeko"]},{"damage_healed":0.0,"max_hp_gain":0.0,"max_hp_loss":0.0,"gold_gain":0.0,"event_name":"Golden Idol","player_choice":"Take Wound","floor":12.0,"gold_loss":0.0,"damage_taken":0.0,"relics_obtained":["Golden Idol"],"cards_obtained":["Injury"]}],"is_beta":false,"boss_relics":[],"items_purged_floors":[],"is_endless":false,"potions_floor_spawned":[1,3,4,7,11],"killed_by":"Gremlin Nob","ascension_level":8}}