{"host":"851hhqouejqwzba1","time":1609062104,"event":{"mods":["BaseMod","Minty Spire (QoL Compilation)","Permanent Neow","Shop Mod","StSLib","óô»ðÖ¸ÄÏ"],"gold_per_floor":[112,112,132,143,153,153,185,185,185,8,22,22,56,56,29,131,131,148,34,52,71,81,6,17,45,45,45,61,90,90,117,39,138,138,151,163,174,174,184,219,219,245,290,310,310,339,339,339,9,9],"floor_reached":51,"playtime":5018,"items_purged":["Strike_G","Parasite"],"score":1200,"play_id":"46df3a4b-9b8a-46e3-aceb-259f5f292e9c","local_time":"20201227174144","is_ascension_mode":true,"campfire_choices":[{"data":"Cloak And Dagger","floor":6.0,"key":"SMITH"},{"floor":8.0,"key":"REST"},{"data":"Blur","floor":12.0,"key":"SMITH"},{"data":"Phantasmal Killer","floor":27.0,"key":"SMITH"},{"data":"Accuracy","floor":30.0,"key":"SMITH"},{"data":"Calculated Gamble","floor":41.0,"key":"SMITH"},{"data":"Venomology","floor":45.0,"key":"SMITH"}],"circlet_count":0,"master_deck":["Strike_G+1","Strike_G+1","Strike_G+1","Defend_G+1","Defend_G+1","Defend_G+1","Defend_G+1","Defend_G+1","Survivor+1","Neutralize+1","Accuracy+1","Cloak And Dagger+1","Dagger Spray+1","Blur+1","Acrobatics+1","Expertise+1","Heel Hook+1","Blade Dance+1","Venomology+1","Backstab+1","Blade Dance+1","Reflex+1","Phantasmal Killer+1","After Image+1","Distraction+1","Outmaneuver+1","Calculated Gamble+1","Well Laid Plans+1","Storm of Steel+1","Footwork+1","Distraction+1","Adrenaline+1","Accuracy"],"relics":["WristBlade","Art of War","StrikeDummy","War Paint","Membership Card","Tough Bandages","HoveringKite","Nunchaku","Potion Belt","Whetstone","Letter Opener","CaptainsWheel","Omamori","Meat on the Bone","Toy Ornithopter","Bottled Lightning","Pantograph","Mark of the Bloom","Turnip","Frozen Eye"],"acts_visited":["Exordium","TheCity","TheBeyond"],"potions_floor_usage":[50,50],"damage_taken":[{"damage":9.0,"enemies":"Jaw Worm","floor":1.0,"turns":6.0},{"damage":0.0,"enemies":"Cultist","floor":3.0,"turns":5.0},{"damage":4.0,"enemies":"2 Louse","floor":4.0,"turns":3.0},{"damage":32.0,"enemies":"Gremlin Gang","floor":5.0,"turns":6.0},{"damage":9.0,"enemies":"Gremlin Nob","floor":7.0,"turns":3.0},{"damage":0.0,"enemies":"Looter","floor":11.0,"turns":3.0},{"damage":0.0,"enemies":"Lagavulin","floor":13.0,"turns":6.0},{"damage":16.0,"enemies":"The Guardian","floor":16.0,"turns":12.0},{"damage":0.0,"enemies":"Spheric Guardian","floor":18.0,"turns":5.0},{"damage":2.0,"enemies":"Shell Parasite","floor":20.0,"turns":5.0},{"damage":7.0,"enemies":"Chosen and Byrds","floor":21.0,"turns":4.0},{"damage":0.0,"enemies":"Snecko","floor":22.0,"turns":3.0},{"damage":7.0,"enemies":"Centurion and Healer","floor":24.0,"turns":4.0},{"damage":0.0,"enemies":"Slavers","floor":25.0,"turns":4.0},{"damage":0.0,"enemies":"3 Cultists","floor":28.0,"turns":5.0},{"damage":5.0,"enemies":"Book of Stabbing","floor":29.0,"turns":5.0},{"damage":8.0,"enemies":"Slavers","floor":31.0,"turns":3.0},{"damage":15.0,"enemies":"Automaton","floor":33.0,"turns":6.0},{"damage":0.0,"enemies":"Orb Walker","floor":35.0,"turns":2.0},{"damage":0.0,"enemies":"3 Shapes","floor":36.0,"turns":2.0},{"damage":5.0,"enemies":"Maw","floor":37.0,"turns":4.0},{"damage":4.0,"enemies":"Writhing Mass","floor":39.0,"turns":8.0},{"damage":5.0,"enemies":"Giant Head","floor":40.0,"turns":6.0},{"damage":43.0,"enemies":"Nemesis","floor":42.0,"turns":5.0},{"damage":0.0,"enemies":"3 Darklings","floor":44.0,"turns":3.0},{"damage":12.0,"enemies":"Giant Head","floor":46.0,"turns":8.0},{"damage":0,"enemies":"Donu and Deca","floor":50,"turns":4}],"seed_played":"7031933343969788649","potions_obtained":[{"floor":3.0,"key":"GamblersBrew"},{"floor":5.0,"key":"FearPotion"},{"floor":16.0,"key":"Swift Potion"},{"floor":20.0,"key":"Poison Potion"},{"floor":22.0,"key":"Strength Potion"},{"floor":29.0,"key":"ColorlessPotion"},{"floor":31.0,"key":"Regen Potion"},{"floor":35.0,"key":"Strength Potion"},{"floor":36.0,"key":"SteroidPotion"},{"floor":42.0,"key":"SpeedPotion"}],"is_trial":false,"path_per_floor":["M","?","M","M","M","R","E","R","T","R","M","R","E","?","R","B",null,"M","$","M","M","M","R","M","E","T","R","M","E","R","E","R","B",null,"M","M","M","?","M","E","R","E","T","M","R","E","T","?","R","B",null],"character_chosen":"THE_SILENT","items_purchased":["Membership Card","Acrobatics","Blade Dance","Nunchaku","Phantasmal Killer","Calculated Gamble","Well Laid Plans","Turnip","Accuracy","Frozen Eye","Block Potion"],"campfire_rested":1,"item_purchase_floors":[10,10,15,19,23,32,32,49,49,49,49],"current_hp_per_floor":[54,54,54,50,18,18,9,30,30,30,30,30,30,30,30,14,56,56,56,54,47,47,47,40,40,40,40,40,35,35,27,27,27,59,59,59,54,54,50,45,45,2,2,24,24,29,29,29,29,29],"gold":9,"neow_bonus":"BOSS_RELIC","is_daily":false,"chose_seed":false,"campfire_upgraded":6,"win_rate":0.0,"timestamp":1609062104,"path_taken":["M","?","M","?","M","R","E","R","T","R","M","R","E","?","R","BOSS","M","$","?","M","M","R","M","E","T","R","M","E","R","E","R","BOSS","M","M","M","?","M","E","R","E","T","M","R","E","?","?","R","BOSS"],"items_purchased_type":["Relic","Card","Card","Relic","Card","Card","Card","Relic","Card","Relic","Potion"],"build_version":"2020-12-22","purchased_purges":2,"victory":true,"max_hp_per_floor":[70,70,70,70,70,70,70,70,70,70,70,70,70,70,70,70,70,70,70,70,70,70,70,70,70,70,70,70,70,70,70,70,70,70,70,70,70,70,70,70,70,70,70,70,70,70,70,70,67,67],"card_choices":[{"not_picked":["Slice","Backflip"],"picked":"Accuracy","floor":1.0},{"not_picked":["Skewer","Prepared"],"picked":"Cloak And Dagger","floor":3.0},{"not_picked":["Bouncing Flask","Outmaneuver"],"picked":"Dagger Spray","floor":4.0},{"not_picked":["Choke","Prepared","Concentrate"],"picked":"SKIP","floor":5.0},{"not_picked":["Setup","Glass Knife"],"picked":"Blur","floor":7.0},{"not_picked":["Endless Agony","Deadly Poison"],"picked":"Expertise","floor":11.0},{"not_picked":["Dagger Spray","Bouncing Flask","Dagger Throw"],"picked":"SKIP","floor":13.0},{"not_picked":["Glass Knife","Storm of Steel"],"picked":"Venomology","floor":16.0},{"not_picked":["PiercingWail","Expertise+1","Acrobatics"],"picked":"SKIP","floor":18.0},{"not_picked":["Prepared","Underhanded Strike"],"picked":"Backstab+1","floor":20.0},{"not_picked":["Poisoned Stab","Underhanded Strike+1"],"picked":"Blade Dance+1","floor":21.0},{"not_picked":["Dagger Throw","Dagger Spray"],"picked":"Reflex","floor":22.0},{"not_picked":["Cloak And Dagger+1","Dodge and Roll","Poisoned Stab"],"picked":"SKIP","floor":24.0},{"not_picked":["All Out Attack","Quick Slash+1"],"picked":"After Image","floor":25.0},{"not_picked":["Caltrops+1","Dagger Spray+1","Bane"],"picked":"SKIP","floor":28.0},{"not_picked":["Outmaneuver","Sucker Punch"],"picked":"Distraction+1","floor":29.0},{"not_picked":["Doppelganger","Deadly Poison"],"picked":"Outmaneuver","floor":31.0},{"not_picked":["Phantasmal Killer","Die Die Die"],"picked":"Storm of Steel","floor":33.0},{"not_picked":["Flying Knee+1","Sucker Punch+1","Dash+1"],"picked":"SKIP","floor":35.0},{"not_picked":["Blur","Cloak And Dagger","Skewer"],"picked":"SKIP","floor":36.0},{"not_picked":["Deflect+1","Acrobatics"],"picked":"Footwork","floor":37.0},{"not_picked":["Sucker Punch+1","Bane+1"],"picked":"Distraction+1","floor":39.0},{"not_picked":["Flechettes","Escape Plan+1","Cloak And Dagger"],"picked":"SKIP","floor":40.0},{"not_picked":["Quick Slash","Cloak And Dagger","Poisoned Stab"],"picked":"SKIP","floor":42.0},{"not_picked":["Outmaneuver+1","Deflect"],"picked":"Adrenaline","floor":44.0},{"not_picked":["Flechettes+1","PiercingWail+1","Acrobatics+1"],"picked":"SKIP","floor":46.0}],"player_experience":359549,"relics_obtained":[{"floor":2.0,"key":"Art of War"},{"floor":7.0,"key":"StrikeDummy"},{"floor":9.0,"key":"War Paint"},{"floor":13.0,"key":"Tough Bandages"},{"floor":25.0,"key":"Potion Belt"},{"floor":26.0,"key":"Whetstone"},{"floor":29.0,"key":"Letter Opener"},{"floor":31.0,"key":"CaptainsWheel"},{"floor":40.0,"key":"Omamori"},{"floor":42.0,"key":"Meat on the Bone"},{"floor":43.0,"key":"Toy Ornithopter"},{"floor":46.0,"key":"Bottled Lightning"},{"floor":47.0,"key":"Pantograph"}],"event_choices":[{"damage_healed":0.0,"max_hp_gain":0.0,"max_hp_loss":0.0,"gold_gain":0.0,"event_name":"Wheel of Change","player_choice":"Relic","floor":2.0,"gold_loss":0.0,"damage_taken":0.0},{"damage_healed":0.0,"max_hp_gain":0.0,"max_hp_loss":0.0,"gold_gain":0.0,"cards_transformed":["Strike_G"],"event_name":"Transmorgrifier","player_choice":"Transformed","floor":14.0,"gold_loss":0.0,"damage_taken":0.0,"cards_obtained":["Heel Hook"]},{"damage_healed":0.0,"max_hp_gain":0.0,"max_hp_loss":0.0,"gold_gain":0.0,"event_name":"Tomb of Lord Red Mask","player_choice":"Ignored","floor":38.0,"gold_loss":0.0,"damage_taken":0.0},{"damage_healed":0.0,"max_hp_gain":0.0,"max_hp_loss":0.0,"gold_gain":0.0,"event_name":"MindBloom","player_choice":"Upgrade","floor":48.0,"gold_loss":0.0,"damage_taken":0.0,"cards_upgraded":["Strike_G","Strike_G","Strike_G","Defend_G","Defend_G","Defend_G","Survivor","Dagger Spray","Acrobatics","Expertise","Blade Dance","Reflex","After Image","Outmaneuver","Well Laid Plans","Storm of Steel","Footwork","Adrenaline"],"relics_obtained":["Mark of the Bloom"]}],"is_beta":false,"boss_relics":[{"not_picked":["Runic Pyramid","Calling Bell"],"picked":"HoveringKite"},{"not_picked":["Cursed Key","Velvet Choker","Fusion Hammer"]}],"items_purged_floors":[19,49],"is_endless":false,"potions_floor_spawned":[3,5,16,20,22,29,31,35,36,42],"ascension_level":8}}