{"host":"wha9hktbkslqvblg","time":1609038755,"event":{"mods":["BaseMod","Colored Map","Minty Spire (QoL Compilation)","Relic Stats","SuperFastMode","everything is the same but u backflip on backflip"],"gold_per_floor":[110,124,199,49,49,49,84,97,97,114,114,132,6,6,6],"floor_reached":14,"playtime":210,"items_purged":["Strike_R","Strike_R"],"score":230,"play_id":"2ca5269a-b20d-4385-ad89-32a537ca9237","local_time":"20201227121235","is_ascension_mode":true,"campfire_choices":[{"data":"Body Slam","floor":6,"key":"SMITH"}],"circlet_count":0,"master_deck":["AscendersBane","Strike_R","Strike_R","Defend_R","Defend_R","Defend_R","Defend_R","Bash","Body Slam+1","Evolve","Bloodletting","Armaments+1","Fire Breathing","Wild Strike"],"relics":["Burning Blood","NeowsBlessing","Champion Belt","Toxic Egg 2"],"acts_visited":["Exordium"],"potions_floor_usage":[12,14],"damage_taken":[{"damage":0,"enemies":"2 Louse","floor":1,"turns":1},{"damage":0,"enemies":"Jaw Worm","floor":2,"turns":1},{"damage":0,"enemies":"Lagavulin","floor":7,"turns":2},{"damage":15,"enemies":"Cultist","floor":8,"turns":4},{"damage":18,"enemies":"3 Louse","floor":10,"turns":5},{"damage":9,"enemies":"Lots of Slimes","floor":12,"turns":5},{"damage":34,"enemies":"Gremlin Nob","floor":14,"turns":4}],"seed_played":"-7508713426432825069","potions_obtained":[{"floor":8,"key":"HeartOfIron"},{"floor":12,"key":"SteroidPotion"}],"is_trial":false,"path_per_floor":["M","M","?","$","?","R","E","M","T","M","?","M","$","E"],"character_chosen":"IRONCLAD","items_purchased":["Evolve","Wild Strike"],"campfire_rested":0,"item_purchase_floors":[4,13],"current_hp_per_floor":[74,75,64,64,64,64,70,61,61,49,38,35,35,1,1],"gold":6,"neow_bonus":"THREE_ENEMY_KILL","is_daily":false,"chose_seed":false,"campfire_upgraded":1,"win_rate":0.0,"timestamp":1609038755,"path_taken":["M","M","?","$","?","R","E","M","T","?","?","M","$","E"],"items_purchased_type":["Card","Card"],"build_version":"2020-12-22","purchased_purges":2,"victory":false,"max_hp_per_floor":[75,75,75,75,75,75,75,75,75,75,75,75,75,75,75],"relic_stats":{"counters":[7,22],"Champion Belt":[8],"obtain_stats":[{"NeowsBlessing":0,"Champion Belt":7,"Toxic Egg 2":9,"Burning Blood":0},{"NeowsBlessing":0,"Champion Belt":3,"Toxic Egg 2":4,"Burning Blood":0},{"NeowsBlessing":0,"Champion Belt":4,"Toxic Egg 2":8,"Burning Blood":0}],"Burning Blood":31},"card_choices":[{"not_picked":["Perfected Strike","Bloodletting"],"picked":"Body Slam","floor":1},{"not_picked":["Armaments","Carnage","Spot Weakness"],"picked":"SKIP","floor":2},{"not_picked":["Shockwave","Heavy Blade"],"picked":"Bloodletting","floor":7},{"not_picked":["Ghostly Armor","Clash","Flex"],"picked":"SKIP","floor":8},{"not_picked":["Hemokinesis","Infernal Blade+1"],"picked":"Armaments+1","floor":10},{"not_picked":["Flex+1","Perfected Strike"],"picked":"Fire Breathing","floor":12}],"player_experience":900608,"relics_obtained":[{"floor":7,"key":"Champion Belt"},{"floor":9,"key":"Toxic Egg 2"}],"event_choices":[{"damage_healed":0,"gold_gain":75,"player_choice":"Gather Gold","damage_taken":11,"max_hp_gain":0,"max_hp_loss":0,"event_name":"World of Goop","floor":3,"gold_loss":0},{"cards_removed":["Strike_R"],"damage_healed":0,"gold_gain":0,"player_choice":"Purged","damage_taken":0,"max_hp_gain":0,"max_hp_loss":0,"event_name":"Purifier","floor":5,"gold_loss":0},{"damage_healed":0,"gold_gain":0,"player_choice":"Damaged","damage_taken":11,"max_hp_gain":0,"max_hp_loss":0,"event_name":"Wheel of Change","floor":11,"gold_loss":0}],"is_beta":false,"boss_relics":[],"items_purged_floors":[4,13],"is_endless":false,"potions_floor_spawned":[8,12],"killed_by":"Gremlin Nob","ascension_level":20}}