{"host":"27tk4xseidcli2mr","time":1609079910,"event":{"mods":["2.2 Compatiblity","AchievementEnabler","Aspiration","BaseMod","Better Third Choice","Conspire","Custom Start","Hubris","Jorbs\u0027s Wanderer Trilogy","Minty Spire (QoL Compilation)","Replay The Spire","StSLib","SuperFastMode","[IsaacMod]????"],"gold_per_floor":[111,129,139,139,151,151,180,193,193,218,238,252,271,271,271,271,271],"floor_reached":16,"playtime":638,"items_purged":[],"score":232,"play_id":"409ffbbb-6319-40f6-9ab6-a792919fe3e9","local_time":"20201227153830","is_ascension_mode":true,"campfire_choices":[{"data":"Core Surge","floor":6,"key":"SMITH"},{"data":"Self Repair","floor":15,"key":"SMITH"}],"circlet_count":0,"master_deck":["AscendersBane","Strike_B","Strike_B","Strike_B","Strike_B","Defend_B","Defend_B","Defend_B","Defend_B","Zap","Dualcast","Gash","Conserve Battery","Coolheaded","Core Surge+1","Self Repair+1","Glacier+1","Sweeping Beam","ReplayTheSpireMod:Reroute Power+1","Time Bomb+1","Injury"],"relics":["Cracked Core","HushsDoor","Blue Doll","DoctorsRemote","conspire:Flyswatter","Toxic Egg 2","Anchor","Frozen Egg 2"],"acts_visited":["Exordium"],"potions_floor_usage":[7,8,16],"damage_taken":[{"damage":2,"enemies":"Jaw Worm","floor":1,"turns":4},{"damage":0,"enemies":"Cultist","floor":2,"turns":3},{"damage":4,"enemies":"Small Slimes","floor":3,"turns":3},{"damage":0,"enemies":"Gremlin Gang","floor":5,"turns":1},{"damage":20,"enemies":"Lagavulin","floor":7,"turns":8},{"damage":0,"enemies":"Exordium Wildlife","floor":8,"turns":1},{"damage":14,"enemies":"Replay:BlueRogue","floor":10,"turns":8},{"damage":1,"enemies":"Large Slime","floor":11,"turns":6},{"damage":17,"enemies":"Exordium Thugs","floor":12,"turns":7},{"damage":0,"enemies":"Exordium Wildlife","floor":13,"turns":3},{"damage":36,"enemies":"Hexaghost","floor":16,"turns":9}],"seed_played":"6697425130671493408","potions_obtained":[{"floor":1,"key":"Flashbang"},{"floor":5,"key":"Explosive Potion"},{"floor":7,"key":"Weak Potion"},{"floor":8,"key":"ColorlessPotion"},{"floor":10,"key":"Dexterity Potion"}],"is_trial":false,"path_per_floor":["M","M","M","?","M","R","E","M","T","E","M","M","M","?","R","B"],"character_chosen":"DEFECT","items_purchased":[],"campfire_rested":0,"item_purchase_floors":[],"current_hp_per_floor":[62,62,58,58,58,58,38,38,38,31,37,27,34,34,34,0,0],"gold":271,"neow_bonus":"RANDOM_COMMON_RELIC","is_daily":false,"chose_seed":false,"campfire_upgraded":2,"win_rate":0.0,"timestamp":1609079910,"path_taken":["M","M","M","?","M","R","E","M","T","E","M","M","?","?","R","BOSS"],"items_purchased_type":[],"build_version":"2020-12-22","purchased_purges":0,"victory":false,"max_hp_per_floor":[71,71,71,71,71,71,71,71,71,71,71,71,71,71,71,71,71],"card_choices":[{"not_picked":["Sweeping Beam","Beam Cell"],"picked":"Gash","floor":1},{"not_picked":["Chill","Blizzard"],"picked":"Conserve Battery","floor":2},{"not_picked":["Steam","Panic Button"],"picked":"Coolheaded","floor":3},{"not_picked":["Ball Lightning","Static Discharge"],"picked":"Core Surge","floor":5},{"not_picked":["BasicCrystalCard","FTL"],"picked":"Self Repair","floor":7},{"not_picked":["Redo","Barrage","Compile Driver"],"picked":"SKIP","floor":8},{"not_picked":["hubris:SpecializedCircuitry","Gash"],"picked":"Glacier+1","floor":10},{"not_picked":["Bomb","Go for the Eyes"],"picked":"Sweeping Beam","floor":11},{"not_picked":["Gash","Streamline"],"picked":"ReplayTheSpireMod:Reroute Power+1","floor":12},{"not_picked":["ReplayTheSpireMod:Omega Cannon","Turbo+1"],"picked":"Time Bomb+1","floor":13}],"player_experience":1239200,"relics_obtained":[{"floor":7,"key":"conspire:Flyswatter"},{"floor":9,"key":"Toxic Egg 2"},{"floor":10,"key":"Anchor"}],"event_choices":[],"is_beta":false,"boss_relics":[],"items_purged_floors":[],"is_endless":false,"potions_floor_spawned":[1,5,7,8,10,13],"killed_by":"Hexaghost","ascension_level":20}}