{"host":"t7pj92rmddqyxjfj","time":1609048858,"event":{"mods":["AchievementEnabler","Bard","BaseMod","Colored Map","Colored Powertips","Duelist Mod","Hermit","Minty Spire (QoL Compilation)","StSLib","SuperFastMode"],"gold_per_floor":[118,43,43,43,56,56,21,31,105,105,116,128,128,190,190,291,341,357,370,370,285,384,384,129,129,129,129,129,129,149,183,183,283,283,299,61,75,75,75,75,94,94,118,118,118,129,129,148,148,148,148,148,148,180,180,180],"floor_reached":55,"playtime":1400,"items_purged":["Strike_B","Strike_B"],"score":621,"play_id":"9125a7ab-4687-40ee-ab98-402f1b79e59e","local_time":"20201226230058","is_ascension_mode":false,"campfire_choices":[{"data":"Zap","floor":6,"key":"SMITH"},{"data":"Glacier","floor":10,"key":"SMITH"},{"data":"Dualcast","floor":13,"key":"SMITH"},{"floor":15,"key":"RECALL"},{"floor":23,"key":"REST"},{"data":"Gash","floor":25,"key":"SMITH"},{"data":"Gash","floor":27,"key":"SMITH"},{"data":"Chill","floor":29,"key":"SMITH"},{"floor":32,"key":"REST"},{"data":"Gash","floor":40,"key":"SMITH"},{"floor":42,"key":"REST"},{"floor":47,"key":"REST"},{"floor":49,"key":"REST"},{"data":"All For One","floor":52,"key":"SMITH"}],"circlet_count":0,"master_deck":["Defend_B","Defend_B","Defend_B","Defend_B","Zap+1","Dualcast+1","Beam Cell+1","Gash+1","Glacier+1","All For One+1","Hologram+1","Gash+1","Rainbow","Chill+1","Gash+1","All For One+1","Purity","Go for the Eyes+1"],"relics":["Cracked Core","NeowsBlessing","Vajra","Cables","Prayer Wheel","Tiny House","Bag of Preparation","Lee\u0027s Waffle","Art of War","SacredBark","Runic Capacitor","MealTicket","Kunai"],"acts_visited":["Exordium","TheCity","TheBeyond","TheEnding"],"potions_floor_usage":[16,31,46,50,50,54,55],"damage_taken":[{"damage":0,"enemies":"2 Louse","floor":1,"turns":1},{"damage":0,"enemies":"Cultist","floor":5,"turns":1},{"damage":0,"enemies":"Jaw Worm","floor":8,"turns":1},{"damage":0,"enemies":"Looter","floor":11,"turns":3},{"damage":0,"enemies":"3 Louse","floor":12,"turns":3},{"damage":0,"enemies":"Gremlin Nob","floor":14,"turns":4},{"damage":26,"enemies":"Hexaghost","floor":16,"turns":9},{"damage":13,"enemies":"3 Byrds","floor":18,"turns":3},{"damage":15,"enemies":"2 Thieves","floor":19,"turns":3},{"damage":6,"enemies":"Chosen and Byrds","floor":30,"turns":4},{"damage":13,"enemies":"Gremlin Leader","floor":31,"turns":4},{"damage":51,"enemies":"Automaton","floor":33,"turns":8},{"damage":0,"enemies":"3 Shapes","floor":35,"turns":2},{"damage":0,"enemies":"Orb Walker","floor":37,"turns":3},{"damage":16,"enemies":"Spire Growth","floor":41,"turns":3},{"damage":6,"enemies":"Writhing Mass","floor":46,"turns":3},{"damage":8,"enemies":"3 Darklings","floor":48,"turns":5},{"damage":31,"enemies":"Awakened One","floor":50,"turns":9},{"damage":56,"enemies":"Shield and Spear","floor":54,"turns":8},{"damage":66,"enemies":"The Heart","floor":55,"turns":3}],"seed_played":"1855135571412001026","potions_obtained":[{"floor":5,"key":"LiquidBronze"},{"floor":11,"key":"SpeedPotion"},{"floor":16,"key":"EssenceOfDarkness"},{"floor":17,"key":"Ancient Potion"},{"floor":19,"key":"Energy Potion"},{"floor":37,"key":"CultistPotion"},{"floor":46,"key":"Block Potion"},{"floor":54,"key":"Fire Potion"}],"is_trial":false,"path_per_floor":["M","$","?","?","M","R","$","M","T","R","M","M","R","?","R","B",null,"M","M","?","?","?","R","$","R","T","R","?","R","M","E","R","B",null,"M","$","M","?","?","R","M","R","T","$","?","M","R","M","R","B",null,"R","$","E","B"],"character_chosen":"DEFECT","items_purchased":["Glacier","Lee\u0027s Waffle","Purity","Runic Capacitor"],"campfire_rested":5,"item_purchase_floors":[7,24,36,36],"current_hp_per_floor":[75,75,68,68,68,68,68,68,68,68,68,68,68,68,68,42,80,67,52,52,52,52,76,87,87,87,87,87,87,81,68,87,36,87,87,87,87,83,83,83,67,83,83,83,83,77,83,75,83,52,83,83,83,27,0,0],"gold":180,"neow_bonus":"THREE_ENEMY_KILL","is_daily":false,"chose_seed":false,"campfire_upgraded":8,"win_rate":0.0,"timestamp":1609048858,"path_taken":["M","$","?","?","M","R","$","?","T","R","M","M","R","?","R","BOSS","M","M","?","?","?","R","$","R","T","R","?","R","M","E","R","BOSS","M","$","M","?","?","R","M","R","T","?","?","M","R","M","R","BOSS","R","$","E","BOSS"],"items_purchased_type":["Card","Relic","Card","Relic"],"build_version":"2020-12-22","purchased_purges":2,"victory":false,"max_hp_per_floor":[75,75,75,75,75,75,75,75,75,75,75,75,75,75,75,75,80,80,80,80,80,80,80,87,87,87,87,87,87,87,87,87,87,87,87,87,87,83,83,83,83,83,83,83,83,83,83,83,83,83,83,83,83,83,83,83],"card_choices":[{"not_picked":["Sweeping Beam","Capacitor"],"picked":"Beam Cell","floor":1},{"not_picked":["Stack","Streamline"],"picked":"Gash","floor":5},{"not_picked":["Storm","Lockon","Self Repair"],"picked":"SKIP","floor":8},{"not_picked":["Compile Driver","Loop","Lockon"],"picked":"SKIP","floor":11},{"not_picked":["Ball Lightning","Hologram","Conserve Battery"],"picked":"SKIP","floor":12},{"not_picked":["Creative AI","Meteor Strike"],"picked":"All For One","floor":16},{"not_picked":["Storm+1","Compile Driver"],"picked":"Loop+1","floor":18},{"not_picked":["Coolheaded+1","BootSequence"],"picked":"Hologram+1","floor":18},{"not_picked":["Doom and Gloom","Go for the Eyes"],"picked":"Gash","floor":19},{"not_picked":["Glacier","Hello World","Leap"],"picked":"SKIP","floor":19},{"not_picked":["Hologram+1","Aggregate","Sweeping Beam+1"],"picked":"SKIP","floor":30},{"not_picked":["Barrage+1","Consume+1","Conserve Battery"],"picked":"SKIP","floor":30},{"not_picked":["Fusion","Reboot"],"picked":"Gash","floor":31},{"not_picked":["Creative AI","Buffer"],"picked":"All For One","floor":33},{"not_picked":["Rip and Tear","Leap","Lockon"],"picked":"SKIP","floor":35},{"not_picked":["Double Energy+1","Rip and Tear+1","Coolheaded"],"picked":"SKIP","floor":35},{"not_picked":["Scrape","Barrage+1","FTL"],"picked":"SKIP","floor":37},{"not_picked":["Redo","Conserve Battery+1","Stack+1"],"picked":"SKIP","floor":37},{"not_picked":["Cold Snap+1","Core Surge"],"picked":"Go for the Eyes+1","floor":41},{"not_picked":["Leap","Redo+1","Hello World"],"picked":"SKIP","floor":41},{"not_picked":["White Noise","Recycle+1","Coolheaded+1"],"picked":"SKIP","floor":46},{"not_picked":["Redo","Glacier","Recycle"],"picked":"SKIP","floor":46},{"not_picked":["Turbo+1","Leap","Reinforced Body"],"picked":"SKIP","floor":48},{"not_picked":["Genetic Algorithm+1","White Noise+1","Ball Lightning+1"],"picked":"SKIP","floor":48},{"not_picked":["Buffer","Stack+1","Barrage"],"picked":"SKIP","floor":54}],"player_experience":508046,"relics_obtained":[{"floor":9,"key":"Cables"},{"floor":14,"key":"Prayer Wheel"},{"floor":31,"key":"Art of War"},{"floor":43,"key":"MealTicket"},{"floor":54,"key":"Kunai"}],"event_choices":[{"damage_healed":0,"gold_gain":0,"player_choice":"Success","damage_taken":7,"relics_obtained":["Vajra"],"max_hp_gain":0,"max_hp_loss":0,"event_name":"Scrap Ooze","floor":3,"gold_loss":0},{"damage_healed":0,"gold_gain":0,"player_choice":"Upgraded","damage_taken":0,"max_hp_gain":0,"max_hp_loss":0,"event_name":"Upgrade Shrine","floor":4,"gold_loss":0,"cards_upgraded":["Beam Cell"]},{"damage_healed":0,"gold_gain":0,"player_choice":"Searched \u00271\u0027 times","damage_taken":0,"max_hp_gain":0,"max_hp_loss":0,"event_name":"Dead Adventurer","floor":14,"gold_loss":0},{"damage_healed":0,"gold_gain":0,"player_choice":"Ignored","damage_taken":0,"max_hp_gain":0,"max_hp_loss":0,"event_name":"Cursed Tome","floor":20,"gold_loss":0},{"damage_healed":0,"gold_gain":0,"player_choice":"Obtained Relic","damage_taken":0,"relics_obtained":["Bag of Preparation"],"max_hp_gain":0,"max_hp_loss":0,"event_name":"Addict","floor":21,"gold_loss":85},{"damage_healed":0,"gold_gain":99,"player_choice":"Stole From Cult","damage_taken":0,"max_hp_gain":0,"max_hp_loss":0,"event_name":"Nest","floor":22,"gold_loss":0},{"damage_healed":0,"gold_gain":0,"cards_transformed":["Strike_B","Strike_B"],"player_choice":"Became Test Subject","damage_taken":0,"max_hp_gain":0,"max_hp_loss":0,"event_name":"Drug Dealer","floor":28,"gold_loss":0,"cards_obtained":["Rainbow","Chill"]},{"damage_healed":0,"gold_gain":0,"player_choice":"Max HP","damage_taken":0,"max_hp_gain":0,"max_hp_loss":4,"event_name":"Winding Halls","floor":38,"gold_loss":0},{"cards_removed":["Loop"],"damage_healed":0,"gold_gain":0,"player_choice":"Removed Power","damage_taken":0,"max_hp_gain":0,"max_hp_loss":0,"event_name":"Falling","floor":39,"gold_loss":0},{"damage_healed":0,"gold_gain":0,"player_choice":"Ignored","damage_taken":0,"max_hp_gain":0,"max_hp_loss":0,"event_name":"Tomb of Lord Red Mask","floor":45,"gold_loss":0}],"is_beta":false,"boss_relics":[{"not_picked":["FrozenCore","Snecko Eye"],"picked":"Tiny House"},{"not_picked":["Coffee Dripper","Astrolabe"],"picked":"SacredBark"}],"items_purged_floors":[2,24],"is_endless":false,"potions_floor_spawned":[5,11,16,19,37,41,46,54],"killed_by":"The Heart","ascension_level":0}}