{"host":"bbld1ic1uj90ldt9","time":1609104800,"event":{"mods":["2.2 Compatiblity","AchievementEnabler","Act Like it!","BaseMod","Better Third Choice","Conspire","Downfall","Emptier Cage","Gensokyo","Hallownest","Hermit","Highlight Path","Hubris","Marisa????????","Minty Spire (QoL Compilation)","Random Character Button","Replay The Spire","StSLib","The Animator","The Bug Knight","The Cursed","The Disciple","The Hierophant","The Jungle","The Runesmith","The Servant 0.9.4"],"gold_per_floor":[99,113,127,145,164,164,164,164,10,39,111,111,111],"floor_reached":12,"playtime":1199,"items_purged":[],"score":106,"play_id":"2b50e711-76e3-46db-b5fd-ae2715c839da","local_time":"20201227223320","is_ascension_mode":true,"campfire_choices":[{"floor":1,"key":"RECALL"}],"circlet_count":0,"master_deck":["Strike_Br","Strike_Br","Strike_Br","Strike_Br","Defend_Br+1","Defend_Br+1","Defend_Br+1","Defend_Br+1","SecondHand","PatternShift","LockedScales","ReapSow","TiringSlam","LockedMawBank","AlternateTimeline","PrimeTime"],"relics":["Chronometer","Gensokyo:CelestialsFlawlessClothing","Pear","Lee\u0027s Waffle","Replay:Bottled Eggs","Meat on the Bone"],"acts_visited":["Gensokyo:Gensokyo"],"potions_floor_usage":[10],"damage_taken":[{"damage":4,"enemies":"Gensokyo:Python","floor":2,"turns":5},{"damage":2,"enemies":"Gensokyo:2_Kodama","floor":3,"turns":4},{"damage":0,"enemies":"Gensokyo:3_Fairies","floor":4,"turns":4},{"damage":10,"enemies":"Gensokyo:Python_and_Kodama","floor":5,"turns":5},{"damage":0,"enemies":"downfall:FleeingMerchant","floor":9,"turns":4},{"damage":41,"enemies":"Gensokyo:Mamizou","floor":10,"turns":11},{"damage":111,"enemies":"Gensokyo:Aya","floor":12,"turns":15}],"seed_played":"4315216311845746061","potions_obtained":[{"floor":4,"key":"PowerPotion"}],"is_trial":false,"path_per_floor":["R","M","M","M","M","?","T","?","$","E","T","E"],"character_chosen":"CHRONO_CLASS","items_purchased":["Lee\u0027s Waffle"],"campfire_rested":0,"item_purchase_floors":[9],"current_hp_per_floor":[71,67,65,65,55,38,38,33,88,47,47,0,0],"gold":111,"neow_bonus":"TEN_PERCENT_HP_BONUS","is_daily":false,"chose_seed":false,"campfire_upgraded":0,"win_rate":0.0,"timestamp":1609104800,"path_taken":["R","M","M","M","?","?","T","?","?","E","?","E"],"items_purchased_type":["Relic"],"build_version":"2020-12-22","purchased_purges":0,"victory":false,"max_hp_per_floor":[71,71,71,71,71,71,71,81,88,88,88,88,88],"card_choices":[{"not_picked":["LockedTornado","Echoward"],"picked":"LockedScales","floor":2},{"not_picked":["Engulf","ShortSighted"],"picked":"ReapSow","floor":3},{"not_picked":["BlueShift","LockedBlood"],"picked":"TiringSlam","floor":4},{"not_picked":["Parity","CrunchTime"],"picked":"LockedMawBank","floor":5},{"not_picked":["BiteCommand","Backlash"],"picked":"AlternateTimeline","floor":9},{"not_picked":["AlternateTimeline","BeatsPerMinute"],"picked":"PrimeTime","floor":10}],"player_experience":2181619,"relics_obtained":[{"floor":10,"key":"Replay:Bottled Eggs"},{"floor":11,"key":"Meat on the Bone"}],"event_choices":[],"is_beta":false,"boss_relics":[],"items_purged_floors":[],"is_endless":false,"potions_floor_spawned":[4],"killed_by":"Gensokyo:Aya","ascension_level":1}}