{"host":"gs54vsfgw7iatksr","time":1609045879,"event":{"mods":["AchievementEnabler","BaseMod","Colored Map","Downfall","Friendly Minions","Hermit","Infinite Spire","Minty Spire (QoL Compilation)","Permanent Neow","Replay The Spire","StSLib","SuperFastMode","The Cursed","The Disciple","The Necromancer","The Servant 0.9.4"],"gold_per_floor":[118,134,149,40,57,57,85,85,85,85,85,15,15,15,15,114,214,225,242,242,242],"floor_reached":20,"playtime":1631,"items_purged":[],"score":172,"play_id":"7b5ec3b1-49a4-4c9f-b4b1-f913c283129a","local_time":"20201226231119","is_ascension_mode":false,"campfire_choices":[{"data":"hermit:Vantage","floor":6,"key":"SMITH"},{"floor":8,"key":"REST"},{"data":"hermit:Defend_Hermit","floor":11,"key":"PURGE"},{"data":"hermit:GhostlyPresence","floor":15,"key":"SMITH"}],"circlet_count":0,"master_deck":["hermit:Strike_Hermit","hermit:Strike_Hermit","hermit:Strike_Hermit","hermit:Strike_Hermit","hermit:Defend_Hermit","hermit:Defend_Hermit","hermit:Snapshot","hermit:Covet+1","hermit:CalledShot","hermit:Vantage+1","hermit:GoldenBullet","hermit:BigShot","hermit:GhostlyPresence+1","hermit:ShadowCloak","hermit:Gambit","hermit:GhostlyPresence","hermit:PistolWhip+1"],"relics":["hermit:Momento","Ornamental Fan","Peace Pipe","Replay:Wanted Poster"],"acts_visited":["Exordium","TheCity"],"potions_floor_usage":[7,10,16,16],"damage_taken":[{"damage":5,"enemies":"Small Slimes","floor":1,"turns":3},{"damage":1,"enemies":"Cultist","floor":2,"turns":3},{"damage":8,"enemies":"Jaw Worm","floor":3,"turns":4},{"damage":21,"enemies":"Lots of Slimes","floor":5,"turns":5},{"damage":27,"enemies":"Gremlin Nob","floor":7,"turns":4},{"damage":28,"enemies":"Slime Boss","floor":16,"turns":10},{"damage":26,"enemies":"Chosen","floor":18,"turns":8},{"damage":31,"enemies":"Shell Parasite","floor":19,"turns":7},{"damage":28,"enemies":"Snecko","floor":20,"turns":6}],"seed_played":"4559843637353897568","potions_obtained":[{"floor":1,"key":"SpeedPotion"},{"floor":2,"key":"LiquidMemories"},{"floor":10,"key":"Fruit Juice"},{"floor":10,"key":"hexamod:EctoCoolerPotion"},{"floor":10,"key":"ColorlessPotion"},{"floor":16,"key":"SmokeBomb"},{"floor":19,"key":"Elixir"}],"is_trial":false,"path_per_floor":["M","M","M","$","M","R","E","R","T","?","R","$","T","?","R","B",null,"M","M","M"],"character_chosen":"HERMIT","items_purchased":["hermit:GoldenBullet","hermit:BigShot","hermit:ShadowCloak"],"campfire_rested":1,"item_purchase_floors":[4,4,12],"current_hp_per_floor":[70,69,61,61,40,40,13,35,35,40,40,40,40,40,40,12,80,54,23,0,0],"gold":242,"neow_bonus":"RANDOM_EVENT","is_daily":false,"chose_seed":false,"campfire_upgraded":2,"win_rate":0.0,"timestamp":1609045879,"path_taken":["M","M","M","$","M","R","E","R","T","?","R","$","?","?","R","BOSS","M","M","?"],"items_purchased_type":["Card","Card","Card"],"build_version":"2020-12-22","purchased_purges":0,"victory":false,"max_hp_per_floor":[75,75,75,75,75,75,75,75,75,80,80,80,80,80,80,80,80,80,80,80,80],"card_choices":[{"not_picked":["hermit:Coalescence","hermit:Misfire"],"picked":"hermit:CalledShot","floor":1},{"not_picked":["hermit:LowProfile","hermit:LuckOfTheDraw"],"picked":"hermit:Vantage","floor":2},{"not_picked":["hermit:Headshot","hermit:Ricochet","hermit:Showdown"],"picked":"SKIP","floor":3},{"not_picked":["hermit:Combo","hermit:Adapt","hermit:HoleUp"],"picked":"SKIP","floor":5},{"not_picked":["hermit:FullyLoaded","hermit:ItchyTrigger"],"picked":"hermit:GhostlyPresence","floor":7},{"not_picked":["hermit:Purgatory","hermit:HeroicBravado"],"picked":"hermit:Gambit","floor":16},{"not_picked":["hermit:TrackingShot","hermit:ShadowCloak+1"],"picked":"hermit:GhostlyPresence","floor":18},{"not_picked":["hermit:Midnight","hermit:Scavenge"],"picked":"hermit:PistolWhip+1","floor":19}],"player_experience":116554,"relics_obtained":[{"floor":7,"key":"Ornamental Fan"},{"floor":9,"key":"Peace Pipe"}],"event_choices":[{"damage_healed":0,"gold_gain":0,"player_choice":"Grow","damage_taken":0,"max_hp_gain":0,"max_hp_loss":0,"event_name":"Living Wall","floor":0,"gold_loss":0,"cards_upgraded":["hermit:Covet"]},{"damage_healed":0,"gold_gain":0,"player_choice":"Got Potions","damage_taken":0,"max_hp_gain":0,"max_hp_loss":0,"event_name":"Lab","floor":10,"gold_loss":0},{"cards_removed":["hermit:Defend_Hermit"],"damage_healed":0,"gold_gain":0,"player_choice":"Purged","damage_taken":0,"max_hp_gain":0,"max_hp_loss":0,"event_name":"Purifier","floor":14,"gold_loss":0}],"is_beta":false,"boss_relics":[{"not_picked":["infinitespire:Cupcake","Kintsugi"],"picked":"Replay:Wanted Poster"}],"items_purged_floors":[],"is_endless":false,"potions_floor_spawned":[1,2,16,19],"killed_by":"Snecko","ascension_level":0}}