{"host":"q79spna8ofw6hj3r","time":1609089326,"event":{"mods":["Aspiration","Bard","BaseMod","Beaked The Cultist","Bestiary","Better Altar","Better Match","Better Note","Better Sensory Stone","Better Skull","Better Third Choice","Better Vampires","BetterRewards","Block Reminder","Challenge The Spire","Colored Map","Colored Powertips","Conspire","Custom Start","Energized Spire","Friendly Minions","Halation","Hubris","Infinite Spire","Jedi Mod","Mimic Mod","Minty Spire (QoL Compilation)","Permanent Neow","Quick Restart","Relic Filter","Relic Sorter","Replay The Spire","Shop Mod","StSLib","SuperFastMode","Synergy Search","The Cursed","The Hierophant","The Runesmith","slay the spire mod where everything is the same but ironclad has a cowboy hat","vexMod"],"gold_per_floor":[115,40,250,269,444,444,444,444],"floor_reached":7,"playtime":233,"items_purged":["Strike_G"],"score":43,"play_id":"a497aec3-340a-491c-af29-01e017dfa18a","local_time":"20201227191526","is_ascension_mode":true,"campfire_choices":[{"data":"Blade Dance","floor":6,"key":"SMITH"}],"circlet_count":0,"master_deck":["Strike_G","Strike_G","Strike_G","Strike_G","Defend_G","Defend_G","Defend_G","Defend_G","Defend_G","Survivor","Neutralize","Venomology","Blade Dance+1","Infinite Blades","Doubt"],"relics":["Ring of the Snake"],"acts_visited":["Exordium"],"potions_floor_usage":[4,7,7],"damage_taken":[{"damage":1,"enemies":"Cultist","floor":1,"turns":6},{"damage":6,"enemies":"conspire:RoseBush","floor":4,"turns":6},{"damage":50,"enemies":"Gremlin Nob","floor":7,"turns":5}],"seed_played":"4193420714454499395","potions_obtained":[{"floor":1,"key":"Regen Potion"},{"floor":4,"key":"Reflective Coating"}],"is_trial":false,"path_per_floor":["M","$","?","M","?","R","E"],"character_chosen":"THE_SILENT","items_purchased":[],"campfire_rested":0,"item_purchase_floors":[],"current_hp_per_floor":[69,69,41,50,50,50,0,0],"gold":444,"neow_bonus":"ONE_RANDOM_RARE_CARD","is_daily":false,"chose_seed":false,"campfire_upgraded":1,"win_rate":0.0,"timestamp":1609089326,"path_taken":["M","$","?","M","?","R","E"],"items_purchased_type":[],"build_version":"2020-12-22","purchased_purges":1,"victory":false,"max_hp_per_floor":[70,70,70,70,70,70,70,70],"card_choices":[{"not_picked":["Dash","Acrobatics"],"picked":"Blade Dance","floor":1},{"not_picked":["PiercingWail","Poisoned Stab"],"picked":"Infinite Blades","floor":4}],"player_experience":197317,"relics_obtained":[],"event_choices":[{"damage_healed":0,"gold_gain":175,"player_choice":"AGREE","damage_taken":269,"max_hp_gain":0,"max_hp_loss":0,"event_name":"betterThird:BetterSerpent","floor":5,"gold_loss":0}],"is_beta":false,"boss_relics":[],"items_purged_floors":[2],"is_endless":false,"potions_floor_spawned":[1,4],"killed_by":"Gremlin Nob","ascension_level":2}}