{"host":"wvaiab5ya9pyia0u","time":1609066850,"event":{"mods":["2.2 Compatiblity","Aspiration","Bard","BaseMod","Bestiary","BetterRewards","Challenge The Spire","Colored Powertips","Conspire","Custom Start","DeckTracker","Hermit","Highlight Path","Hubris","Humility","Infinite Spire","Mimic Mod","Minty Spire (QoL Compilation)","Practice Mode","Quick Restart","Rare Cards Sparkle","Replay The Spire","Reworked Bosses","SacredBarkPlus","Shop Mod","Spicy Shops","StSLib","The Blue Laboratory","The Construct","The Cursed","The Disciple","The Factory","The Hierophant","The Jungle","The Mystic","The Runesmith","The Servant 0.9.4","TheBandit","Thieving Mod","Wandering Minibosses","everything is the same but u backflip on backflip","slay the spire mod where everything is the same but ironclad has a cowboy hat"],"gold_per_floor":[112,125,140,140,140,140,152,167,190,207,195,195,195,195,195,298,298,311,236,36,36,15,15,15,15,40,60,27,46,46,65,65,169,169,184,318,329,329,339,339,356,356,408,408,408,425,456,456,456,456],"floor_reached":51,"playtime":3209,"items_purged":["hermit:Defend_Hermit"],"score":618,"play_id":"104f37b0-2fdc-4ccf-bfa3-746552a038cf","local_time":"20201227120050","is_ascension_mode":false,"campfire_choices":[{"data":"Backstab","floor":6.0,"key":"SMITH"},{"data":"hermit:Headshot","floor":12.0,"key":"SMITH"},{"data":"hermit:Dive","floor":15.0,"key":"SMITH"},{"floor":23.0,"key":"REST"},{"data":"hermit:OverwhelmingPower","floor":25.0,"key":"SMITH"},{"floor":32.0,"key":"REST"},{"floor":40,"key":"REST"},{"floor":42,"key":"REST"},{"data":"infinitespire:Fortify","floor":45,"key":"SMITH"},{"data":"hermit:Gestalt","floor":49,"key":"SMITH"}],"circlet_count":0,"master_deck":["hermit:Defend_Hermit","hermit:Defend_Hermit","hermit:Snapshot+1","hermit:Covet","hermit:Deadeye","hermit:Desperado","hermit:Dive+1","Dagger Spray","Backstab+1","Slice","hermit:Headshot+1","hermit:LowProfile","hermit:Glare","hermit:Cheat","hermit:OverwhelmingPower+1","hermit:HoleUp+1","hermit:Deadeye","infinitespire:Starlight","hermit:Horror+1","hermit:Vantage+1","hermit:LowProfile","hermit:GhostlyPresence+1","CurseOfTheBell","hermit:Gestalt+1","hermit:PistolWhip+1","hermit:NoHoldsBarred+1","infinitespire:Fortify+1","hubris:Fate+1","hermit:Brawl+1","hermit:Quickdraw"],"relics":["infinitespire:Cubic Diamond","Runic Pyramid","Happy Flower","Calling Bell","Nunchaku","infinitespire:ShieldingShard","hubris:CuriousFeather","wanderingMiniBosses:ThiefScarf","hermit:Momento","Toy Ornithopter","hermit:PetGhost","Orichalcum","hubris:Towel","infinitespire:Beetle Shell"],"acts_visited":["Exordium","TheCity","TheBeyond"],"potions_floor_usage":[46,50],"damage_taken":[{"damage":0.0,"enemies":"2 Louse","floor":1.0,"turns":2.0},{"damage":1.0,"enemies":"conspire:RoseBush","floor":2.0,"turns":3.0},{"damage":0.0,"enemies":"Cultist","floor":3.0,"turns":2.0},{"damage":2.0,"enemies":"Blue Slaver","floor":7.0,"turns":2.0},{"damage":10.0,"enemies":"Large Slime","floor":8.0,"turns":4.0},{"damage":4.0,"enemies":"2 Fungi Beasts","floor":10.0,"turns":2.0},{"damage":11.0,"enemies":"Gremlin Gang","floor":11.0,"turns":6.0},{"damage":47.0,"enemies":"The Guardian","floor":16.0,"turns":11.0},{"damage":10.0,"enemies":"Spheric Guardian","floor":18.0,"turns":5.0},{"damage":22.0,"enemies":"Shell Parasite","floor":22.0,"turns":6.0},{"damage":31.0,"enemies":"Shelled Parasite and Fungi","floor":27.0,"turns":9.0},{"damage":39.0,"enemies":"Snecko","floor":28.0,"turns":6.0},{"damage":13.0,"enemies":"Sentry and Sphere","floor":29.0,"turns":8.0},{"damage":9.0,"enemies":"Snake Plant","floor":31.0,"turns":5.0},{"damage":62.0,"enemies":"bossMod:newCollector","floor":33.0,"turns":17.0},{"damage":8.0,"enemies":"Orb Walker","floor":35.0,"turns":3.0},{"damage":6,"enemies":"3 Shapes","floor":36,"turns":5},{"damage":54,"enemies":"3 Darklings","floor":37,"turns":8},{"damage":28,"enemies":"Transient","floor":39,"turns":6},{"damage":21,"enemies":"Jaw Worm Horde","floor":41,"turns":3},{"damage":4,"enemies":"Maw","floor":46,"turns":8},{"damage":3,"enemies":"conspire:MimicChest","floor":47,"turns":5},{"damage":66,"enemies":"bossMod:newAwakened","floor":50,"turns":21}],"seed_played":"4370424562206893095","potions_obtained":[{"floor":1.0,"key":"Fruit Juice"},{"floor":7.0,"key":"SpeedPotion"},{"floor":8.0,"key":"BlessingOfTheForge"},{"floor":11.0,"key":"Block Potion"},{"floor":18.0,"key":"FairyPotion"},{"floor":28.0,"key":"blueLaboratory:FrostheartPotion"},{"floor":39,"key":"blueLaboratory:BottleOfVodka"},{"floor":41,"key":"AttackPotion"},{"floor":46,"key":"blueLaboratory:AbyssPotion"}],"is_trial":false,"path_per_floor":["M","M","M","?","?","R","M","M","T","M","M","R","?","?","R","B",null,"M","?","$","?","M","R","AVR","R","T","M","M","M","?","M","R","B",null,"M","M","M","AVR","M","R","M","R","T","?","R","M","?","?","R","B",null],"character_chosen":"HERMIT","items_purchased":["hermit:PetGhost","blueLaboratory:FruitPunch"],"campfire_rested":4,"item_purchase_floors":[20,20],"current_hp_per_floor":[75,74,74,74,74,74,72,62,62,58,57,57,57,57,57,10,80,70,70,70,70,48,72,72,72,72,56,29,26,26,27,51,24,82,74,78,39,39,21,45,39,63,63,63,63,74,71,71,71,20],"gold":456,"neow_bonus":"RANDOM_EVENT","is_daily":false,"chose_seed":false,"campfire_upgraded":6,"win_rate":0.0,"timestamp":1609066850,"path_taken":["M","M","M","?","?","R","?","M","T","M","M","R","?","?","R","BOSS","M","?","$","?","M","R","AVR","R","T","M","?","M","?","?","R","BOSS","M","M","?","AVR","M","R","M","R","T","?","R","M","?","?","R","BOSS"],"items_purchased_type":["Relic","Potion"],"build_version":"2020-12-22","purchased_purges":1,"victory":true,"max_hp_per_floor":[75,75,75,75,75,75,75,75,75,75,80,80,80,80,80,80,80,80,80,80,80,80,80,80,80,80,80,82,82,82,82,82,82,82,82,82,82,82,82,82,82,82,82,82,82,82,82,82,82,82],"card_choices":[{"not_picked":["hermit:Dive","hermit:BodyArmor"],"picked":"hermit:Deadeye","floor":1.0},{"not_picked":["hermit:CalledShot","hermit:BodyArmor"],"picked":"hermit:Desperado","floor":2.0},{"not_picked":["hermit:TrackingShot","hermit:SprayPray"],"picked":"hermit:Dive","floor":3.0},{"not_picked":["hermit:GoldenBullet","hermit:Headshot"],"picked":"hermit:LowProfile","floor":7.0},{"not_picked":["hermit:ItchyTrigger","hermit:Reprieve"],"picked":"hermit:Glare","floor":8.0},{"not_picked":["hermit:CalledShot","hermit:Coalescence"],"picked":"hermit:Cheat","floor":10.0},{"not_picked":["hermit:ItchyTrigger","hermit:Headshot","hermit:HighCaliber"],"picked":"SKIP","floor":11.0},{"not_picked":["hermit:Magnum","hermit:FinalCanter"],"picked":"hermit:OverwhelmingPower","floor":16.0},{"not_picked":["hermit:Brawl","hermit:ItchyTrigger"],"picked":"hermit:HoleUp+1","floor":18.0},{"not_picked":["hermit:Misfire","hermit:Roulette"],"picked":"hermit:Deadeye","floor":22.0},{"not_picked":["hermit:Coalescence","hermit:Roughhouse"],"picked":"hermit:Horror+1","floor":27.0},{"not_picked":["hermit:LowProfile","hermit:Snipe"],"picked":"hermit:Vantage","floor":28.0},{"not_picked":["hermit:Desperado+1","hermit:Cheat+1"],"picked":"hermit:LowProfile","floor":29.0},{"not_picked":["hermit:HighNoon","hermit:Grudge"],"picked":"hermit:GhostlyPresence+1","floor":31.0},{"not_picked":["hermit:EyeOfTheStorm+1","hermit:ShadowCloak"],"picked":"hermit:Gestalt","floor":35.0},{"not_picked":["hermit:Quickdraw+1","hermit:Manifest+1"],"picked":"hermit:PistolWhip+1","floor":36},{"not_picked":["hermit:Desperado","hermit:WideOpen+1"],"picked":"hermit:NoHoldsBarred+1","floor":37},{"not_picked":["hermit:WideOpen","hermit:BodyArmor"],"picked":"hermit:Brawl+1","floor":39},{"not_picked":["hermit:PistolWhip+1","hermit:Gestalt","hermit:HighCaliber+1"],"picked":"SKIP","floor":41},{"not_picked":["hermit:HighNoon","hermit:HighCaliber"],"picked":"hermit:Quickdraw","floor":46}],"player_experience":212921,"relics_obtained":[{"floor":9.0,"key":"Toy Ornithopter"},{"floor":34.0,"key":"Nunchaku"},{"floor":34.0,"key":"infinitespire:ShieldingShard"},{"floor":34.0,"key":"hubris:CuriousFeather"},{"floor":36,"key":"wanderingMiniBosses:ThiefScarf"},{"floor":36,"key":"hermit:Momento"},{"floor":36,"key":"Toy Ornithopter"},{"floor":36,"key":"hermit:PetGhost"},{"floor":43,"key":"Orichalcum"},{"floor":47,"key":"infinitespire:Beetle Shell"}],"event_choices":[{"damage_healed":0.0,"max_hp_gain":0.0,"max_hp_loss":0.0,"gold_gain":0.0,"event_name":"Match and Keep!","player_choice":"1 cards matched","floor":5.0,"gold_loss":0.0,"damage_taken":0.0,"cards_obtained":["hermit:Headshot"]},{"damage_healed":0.0,"max_hp_gain":0.0,"max_hp_loss":0.0,"gold_gain":0.0,"event_name":"Liars Game","player_choice":"Ignored","floor":13.0,"gold_loss":0.0,"damage_taken":0.0},{"cards_removed":["hermit:Strike_Hermit"],"damage_healed":0.0,"max_hp_gain":0.0,"max_hp_loss":0.0,"gold_gain":0.0,"event_name":"Beggar","player_choice":"Gave Gold","floor":19.0,"gold_loss":75.0,"damage_taken":0.0},{"cards_removed":["hermit:Defend_Hermit"],"damage_healed":0.0,"max_hp_gain":0.0,"max_hp_loss":0.0,"gold_gain":0.0,"event_name":"Purifier","player_choice":"Purged","floor":21.0,"gold_loss":0.0,"damage_taken":0.0},{"damage_healed":0.0,"max_hp_gain":0.0,"max_hp_loss":0.0,"gold_gain":0.0,"event_name":"Upgrade Shrine","player_choice":"Upgraded","floor":30.0,"gold_loss":0.0,"damage_taken":0.0,"cards_upgraded":["hermit:Vantage"]}],"is_beta":false,"boss_relics":[{"not_picked":["Replay:Bronze Core","Coffee Dripper"],"picked":"Runic Pyramid"},{"not_picked":["SacredBark","Honey Jar"],"picked":"Calling Bell"}],"items_purged_floors":[20],"is_endless":false,"potions_floor_spawned":[1,7,8,11,18,28,39,41,46],"ascension_level":0}}