{"host":"8fjsnt81u6xsmhji","time":1609043713,"event":{"mods":["BaseMod","Colored Powertips","Downfall","Glutton Mod","Hermit","Minty Spire (QoL Compilation)","Quick Restart","StSLib","The Bladedancer","The Bug Knight","The Forsaken","The Hierophant"],"gold_per_floor":[99,110,129,129,146,160,160,160,171,96,161,161,180,210,229,326,326,176,191,208,218,230,230,230,230],"floor_reached":23,"playtime":1777,"items_purged":[],"score":227,"play_id":"a61a9a8f-3cca-4d7f-87b1-b625ee592769","local_time":"20201226223513","is_ascension_mode":true,"campfire_choices":[{"floor":1.0,"key":"REST"},{"data":"hexamod:Float","floor":10,"key":"SMITH"},{"floor":12,"key":"RECALL"},{"data":"hexamod:SearingWound","floor":18,"key":"SMITH"}],"circlet_count":0,"master_deck":["hexamod:Strike","hexamod:Strike","hexamod:Strike","hexamod:Strike","hexamod:Defend","hexamod:Defend","hexamod:Defend","hexamod:Sear","hexamod:Float+1","expansioncontent:QuickStudy","hexamod:EtherealExpedition","hexamod:FirstSeal","hexamod:RainOfEmbers","hexamod:NightmareGuise","hexamod:WildfireWeapon","hexamod:WildfireWeapon","hexamod:ThermalTransfer","hexamod:SearingWound+1","hexamod:HeatCrush","hexamod:EmpoweredFlame","hexamod:StepThrough","hexamod:Hexaguard"],"relics":["hexamod:SpiritBrand","downfall:HeartBlessingBlue","Oddly Smooth Stone","Bottled Lightning","Velvet Choker","downfall:HeartBlessingGreen","downfall:HeartBlessingRed"],"acts_visited":["Exordium","TheCity"],"potions_floor_usage":[22,22],"damage_taken":[{"damage":0.0,"enemies":"Small Slimes","floor":2.0,"turns":3.0},{"damage":0.0,"enemies":"Cultist","floor":3.0,"turns":3.0},{"damage":0.0,"enemies":"2 Louse","floor":5.0,"turns":2.0},{"damage":2.0,"enemies":"Blue Slaver","floor":6.0,"turns":3.0},{"damage":0,"enemies":"3 Louse","floor":9,"turns":1},{"damage":4,"enemies":"Lagavulin Event","floor":11,"turns":4},{"damage":0,"enemies":"2 Fungi Beasts","floor":13,"turns":3},{"damage":11,"enemies":"HollowMod:MossKnight","floor":14,"turns":9},{"damage":6,"enemies":"Lots of Slimes","floor":15,"turns":2},{"damage":49,"enemies":"downfall:Ironclad","floor":16,"turns":8},{"damage":22,"enemies":"3 Byrds","floor":19,"turns":6},{"damage":35,"enemies":"Sentry and Sphere","floor":20,"turns":7},{"damage":19,"enemies":"3 Cultists","floor":21,"turns":6},{"damage":1,"enemies":"Cultist and Chosen","floor":22,"turns":6},{"damage":40,"enemies":"Chosen and Byrds","floor":23,"turns":4}],"seed_played":"8102819434510744569","potions_obtained":[{"floor":2.0,"key":"Energy Potion"},{"floor":5.0,"key":"FearPotion"},{"floor":6.0,"key":"hexamod:DoubleChargePotion"}],"is_trial":false,"path_per_floor":["R","M","M","?","M","M","T","?","M","R","?","R","M","E","M","B",null,"R","M","M","M","M","M"],"character_chosen":"THE_SPIRIT","items_purchased":[],"campfire_rested":1,"item_purchase_floors":[],"current_hp_per_floor":[70,70,70,70,70,70,70,63,70,80,80,80,80,76,77,35,80,80,65,37,25,31,0,0,0],"gold":230,"neow_bonus":"RANDOM_COLORLESS_2","is_daily":false,"chose_seed":false,"campfire_upgraded":2,"win_rate":0.0,"timestamp":1609043713,"path_taken":["R","M","M","?","M","?","T","?","M","R","?","R","M","E","M","BOSS","R","M","M","M","M","M"],"items_purchased_type":[],"build_version":"2020-12-22","purchased_purges":0,"victory":false,"max_hp_per_floor":[70,70,70,70,70,70,70,70,70,80,80,80,80,80,80,80,80,80,80,80,80,80,80,80,80],"card_choices":[{"not_picked":["The Bomb","Secret Technique"],"picked":"expansioncontent:QuickStudy","floor":0.0},{"not_picked":["hexamod:InspiringFlames","hexamod:ShieldOfDarkness"],"picked":"hexamod:EtherealExpedition","floor":2.0},{"not_picked":["hexamod:NightmareStrike","hexamod:RainOfEmbers"],"picked":"hexamod:FirstSeal","floor":3.0},{"not_picked":["hexamod:AdvancingGuard","hexamod:InspiringFlames"],"picked":"hexamod:RainOfEmbers","floor":5.0},{"not_picked":["hexamod:CatchUp","hexamod:GhostOfSpirePast"],"picked":"hexamod:NightmareGuise","floor":6.0},{"not_picked":["hexamod:BurningTouch","hexamod:SpectersWail"],"picked":"hexamod:WildfireWeapon","floor":9},{"not_picked":["hexamod:ShieldOfDarkness","hexamod:SoulSteal"],"picked":"hexamod:WildfireWeapon","floor":13},{"not_picked":["hexamod:AdvancingGuard","hexamod:Firestarter","hexamod:PhantomFireball"],"picked":"SKIP","floor":14},{"not_picked":["hexamod:NightmareGuise","hexamod:NightmareStrike"],"picked":"hexamod:ThermalTransfer","floor":15},{"not_picked":["hexamod:FifthSeal","hexamod:ApocalypseNow"],"picked":"hexamod:SearingWound","floor":16},{"not_picked":["hexamod:BacktrackSmack","hexamod:HeatShield+1"],"picked":"hexamod:HeatCrush","floor":19},{"not_picked":["hexamod:GhostShield","hexamod:GhostOfSpirePast"],"picked":"hexamod:EmpoweredFlame","floor":20},{"not_picked":["hexamod:HauntingEcho","hexamod:GhostShield"],"picked":"hexamod:StepThrough","floor":21},{"not_picked":["hexamod:DynamicBlow","hexamod:SoulSteal"],"picked":"hexamod:Hexaguard","floor":22}],"player_experience":607257,"relics_obtained":[{"floor":11,"key":"Oddly Smooth Stone"},{"floor":14,"key":"Bottled Lightning"}],"event_choices":[{"cards_removed":["hexamod:Defend"],"damage_healed":0.0,"max_hp_gain":0.0,"max_hp_loss":0.0,"gold_gain":0.0,"event_name":"Purifier","player_choice":"Purged","floor":4.0,"gold_loss":0.0,"damage_taken":0.0},{"damage_healed":0,"gold_gain":0,"player_choice":"Fled","damage_taken":7,"max_hp_gain":0,"max_hp_loss":0,"event_name":"Scrap Ooze","floor":8,"gold_loss":0}],"is_beta":false,"boss_relics":[{"not_picked":["theForsaken:PaleLantern","Astrolabe"],"picked":"Velvet Choker"}],"items_purged_floors":[],"is_endless":false,"potions_floor_spawned":[2,5,6,9,19,20],"killed_by":"Chosen and Byrds","ascension_level":3}}