{"host":"wbdly04l9mkn9nrc","time":1609043224,"event":{"mods":["AchievementEnabler","BaseMod","BetterRewards","Minty Spire (QoL Compilation)","StSLib","[IsaacMod]ÒÔÈö¼âËþ"],"gold_per_floor":[117,131,150,185,245,301,223,223,304,319,352,352,352,379,379,453,453,468,468,468,468,468,518,433,433,433,471,471,471,509,536,536,615,615,634,657,666,690,732,732,732,732,732,732,732,759,759,796,796,824,840,873,873,882,891,916,933,933,958,1029,1029,1029,1054,1054,1054,1054,1063,1081,1124,1180],"floor_reached":56,"playtime":4376,"items_purged":["Strike_R","Defend_R","Defend_R","Strike_R","Strike_R","Defend_R+1","Reaper+1","BettingIsNotGood+1"],"score":2430,"play_id":"1a584598-18e7-49ce-a669-d85deddef476","local_time":"20201227122704","is_ascension_mode":true,"campfire_choices":[{"data":"Pommel Strike","floor":13.0,"key":"SMITH"},{"data":"Bash","floor":15.0,"key":"SMITH"},{"data":"Hemokinesis","floor":29.0,"key":"SMITH"},{"data":"Reaper","floor":32.0,"key":"SMITH"},{"data":"1","floor":40,"key":"LIFT"},{"data":"Headbutt","floor":41,"key":"SMITH"},{"data":"2","floor":42,"key":"LIFT"},{"data":"3","floor":44,"key":"LIFT"},{"floor":49,"key":"RECALL"},{"floor":46,"key":"REST"},{"floor":49,"key":"REST"},{"floor":52,"key":"REST"}],"circlet_count":16,"master_deck":["AscendersBane","Bash+1","Apotheosis+1","Infernal Blade+1","Ghostly Armor+1","Pommel Strike+1","Power Through+1","Spot Weakness+1","Metallicize+1","Headbutt+1","Pommel Strike+1","Battle Trance+1","Second Wind+1","Hemokinesis+1","Fire Breathing+1","Shrug It Off+1","Flex+1","Hologram+1","Conserve Battery+1","Perseverance+1","Spot Weakness+1","SashWhip+1","Twin Strike+1","Sunder+1","Infinite Blades+1","Second Wind+1","True Grit+1","Wild Strike+1","Exhume+1","Corruption+1","Adrenaline+1"],"relics":["Burning Blood","HushsDoor","SteamSale","Toxic Egg 2","Tiny Chest","YumHeart","Frozen Egg 2","PreservedInsect","Habit","Shuriken","Red Skull","Membership Card","Oddly Smooth Stone","Centennial Puzzle","Happy Flower","Kunai","Smiling Mask","Ancient Tea Set","Black Star","Prayer Wheel","TheBible","DollysMirror","Anchor","BookofShadows","PrismaticShard","CeramicFish","BookOfRevelations","Unceasing Top","HornCleat","The Courier","DoctorsRemote","Pear","Pocketwatch","Mark of Pain","Strawberry","Orichalcum","D6","MealTicket","HowToJump","SalivaCoin","ClockworkSouvenir","Pantograph","Regal Pillow","Mummified Hand","Pen Nib","Leech","Dream Catcher","Bottled Tornado","Potion Belt","Paper Frog","Bottled Lightning","Gremlin Horn","War Paint","Darkstone Periapt","Omamori","InkBottle","Bag of Preparation","Shovel","BelialBook","Bag of Marbles","UnicornStump","Blood Vial","TheBean","DeadEye","GnawedLeaf","Thread and Needle","Torii","Blue Candle","Incense Burner","Vajra","Art of War","Boot","Molten Egg 2","Lizard Tail","Bottled Flame","Mercury Hourglass","Letter Opener","Toy Ornithopter","Bronze Scales","TungstenRod","Nunchaku","White Beast Statue","Akabeko","PillsDrop","Matryoshka","AnarchistCookbook","Juzu Bracelet","Meat on the Bone","Lantern","StrikeDummy","Ornamental Fan","Singing Bowl","SharpPlug","Champion Belt","Sundial","SatanicBible","Eternal Feather","Question Card","TuHaoJin","Self Forming Clay","DeathBook","Gambling Chip","EdensBlessing","Turnip","Du-Vu Doll","BlankCard","PunchingBag","Ice Cream","Ginger","FossilizedHelix","Mango","Calipers","Bird Faced Urn","Girya","StoneCalendar","Void","WingedGreaves","GuppysTail","Dead Branch","PokeGo","MoneyPower","D4","Magic Flower","CaptainsWheel","Charon\u0027s Ashes","GuppysHead","GuppysPaw","Diplopia","BloodDonationMachine","Circlet","Strange Spoon","Sling","BFFS","Toolbox"],"acts_visited":["Exordium","TheCity","TheBeyond","TheEnding"],"potions_floor_usage":[],"damage_taken":[{"damage":0.0,"enemies":"Cultist","floor":1.0,"turns":2.0},{"damage":0.0,"enemies":"Small Slimes","floor":2.0,"turns":1.0},{"damage":1.0,"enemies":"Jaw Worm","floor":3.0,"turns":2.0},{"damage":24.0,"enemies":"Large Slime","floor":4.0,"turns":8.0},{"damage":18.0,"enemies":"Blue Slaver","floor":5.0,"turns":5.0},{"damage":13.0,"enemies":"Lagavulin","floor":6.0,"turns":6.0},{"damage":0.0,"enemies":"Exordium Wildlife","floor":10.0,"turns":3.0},{"damage":4.0,"enemies":"Gremlin Nob","floor":11.0,"turns":3.0},{"damage":16.0,"enemies":"Hexaghost","floor":16.0,"turns":9.0},{"damage":11.0,"enemies":"Spheric Guardian","floor":18.0,"turns":3.0},{"damage":28.0,"enemies":"Slavers","floor":23.0,"turns":7.0},{"damage":39.0,"enemies":"Gremlin Leader","floor":27.0,"turns":5.0},{"damage":0.0,"enemies":"Chosen","floor":30.0,"turns":2.0},{"damage":8.0,"enemies":"Slavers","floor":31.0,"turns":4.0},{"damage":33.0,"enemies":"Automaton","floor":33.0,"turns":7.0},{"damage":16.0,"enemies":"Orb Walker","floor":35.0,"turns":2.0},{"damage":10.0,"enemies":"3 Darklings","floor":36.0,"turns":4.0},{"damage":0,"enemies":"4 Shapes","floor":38,"turns":1},{"damage":4,"enemies":"Transient","floor":39,"turns":4},{"damage":0,"enemies":"Writhing Mass","floor":46,"turns":1},{"damage":1,"enemies":"Reptomancer","floor":48,"turns":1},{"damage":0,"enemies":"3 Shapes","floor":35,"turns":1},{"damage":0,"enemies":"3 Darklings","floor":36,"turns":1},{"damage":1,"enemies":"Transient","floor":37,"turns":4},{"damage":0,"enemies":"Giant Head","floor":41,"turns":1},{"damage":0,"enemies":"Jaw Worm Horde","floor":42,"turns":1},{"damage":0,"enemies":"Nemesis","floor":44,"turns":1},{"damage":0,"enemies":"Mind Bloom Boss Battle","floor":48,"turns":1},{"damage":0,"enemies":"Time Eater","floor":50,"turns":1},{"damage":0,"enemies":"Shield and Spear","floor":54,"turns":1},{"damage":0,"enemies":"Delirium","floor":55,"turns":6}],"seed_played":"-5885153651437153092","potions_obtained":[{"floor":1.0,"key":"EssenceOfSteel"},{"floor":3.0,"key":"Regen Potion"},{"floor":4.0,"key":"BloodPotion"},{"floor":46,"key":"ElixirPotion"},{"floor":36,"key":"BlessingOfTheForge"},{"floor":42,"key":"Strength Potion"}],"is_trial":false,"path_per_floor":["M","M","M","M","M","E","$","?","T","M","E","?","R","T","R","B",null,"M","$","?","?","$","E","?","T","T","E","?","R","M","E","R","B",null,"M","M","$","M","M","R","R","R","T","R","?","M","$","E","R","M","M","M","?","$","$","E","M","T","E","T","R","$","?","R","B",null,"R","$","E","B",null],"character_chosen":"IRONCLAD","items_purchased":["SteamSale","Toxic Egg 2","Tiny Chest","BloodPotion","Shrug It Off+1","BettingIsNotGood+1","Apotheosis+1","Frozen Egg 2","PreservedInsect","Habit","Shuriken","Membership Card","Spot Weakness+1","Oddly Smooth Stone","Centennial Puzzle","Metallicize+1","ChaosCard","Prayer Wheel","TheBible","DollysMirror","Battle Trance+1","Anchor","BookofShadows","Shrug It Off+1","PrismaticShard","Strawberry","Orichalcum","D6","MealTicket","HowToJump","SalivaCoin","ClockworkSouvenir","Pantograph","Regal Pillow","Mummified Hand","Pen Nib","Leech","Dream Catcher","Bottled Tornado","Potion Belt","Paper Frog","DistilledChaos","Block Potion","Bottled Lightning","Gremlin Horn","War Paint","Darkstone Periapt","Omamori","InkBottle","Bag of Preparation","Shovel","BelialBook","Bag of Marbles","UnicornStump","Blood Vial","TheBean","DeadEye","GnawedLeaf","Thread and Needle","Torii","Blue Candle","Incense Burner","Vajra","Art of War","Boot","Molten Egg 2","Lizard Tail","Bottled Flame","Mercury Hourglass","Letter Opener","Toy Ornithopter","Bronze Scales","TungstenRod","Nunchaku","White Beast Statue","Akabeko","PillsDrop","Matryoshka","AnarchistCookbook","Juzu Bracelet","Meat on the Bone","Lantern","StrikeDummy","Ornamental Fan","Singing Bowl","SharpPlug","Champion Belt","Sundial","SatanicBible","Eternal Feather","Question Card","TuHaoJin","Self Forming Clay","DeathBook","Gambling Chip","EdensBlessing","Turnip","Du-Vu Doll","BlankCard","PunchingBag","Ice Cream","Ginger","FossilizedHelix","Mango","Calipers","Bird Faced Urn","Girya","StoneCalendar","Void","WingedGreaves","GuppysTail","Dead Branch","PokeGo","ForgetMeNow","MoneyPower","D4","Magic Flower","CaptainsWheel","Charon\u0027s Ashes","GuppysHead","GuppysPaw","Diplopia","BloodDonationMachine","Spot Weakness+1","Circlet","Strange Spoon","Circlet","Sling","Second Wind+1","True Grit+1","BFFS","Toolbox","Circlet","Circlet","Exhume+1","Corruption+1"],"campfire_rested":3,"item_purchase_floors":[0,0,0,0,0,0,0,0,0,0,0,7,7,7,7,7,7,19,19,19,19,22,22,22,22,37,37,37,37,37,37,37,37,37,37,37,37,37,37,37,37,37,37,37,37,37,37,37,37,37,37,37,37,37,37,37,37,37,37,37,37,37,37,37,37,37,37,37,37,37,37,37,37,37,37,37,37,37,37,37,37,37,37,37,37,37,37,37,37,37,37,37,37,37,37,37,37,37,37,37,37,37,37,37,37,37,37,37,37,37,37,37,37,37,37,37,37,37,37,37,37,37,37,37,47,47,47,39,39,40,47,53,53,53,53,53],"current_hp_per_floor":[66,72,75,69,73,75,75,72,72,75,75,68,68,68,68,58,71,70,70,70,70,70,75,75,75,75,66,77,77,80,90,90,76,87,90,90,111,113,117,117,117,117,127,127,127,129,129,141,141,143,147,149,142,142,142,154,158,158,170,175,177,177,184,186,186,186,186,186,196,196],"gold":1180,"neow_bonus":"","is_daily":false,"chose_seed":false,"campfire_upgraded":5,"win_rate":0.0,"timestamp":1609043224,"path_taken":["M","M","M","M","M","E","$","?","T","?","E","?","R","?","R","BOSS","M","$","?","?","$","E","?","?","T","E","?","R","M","E","R","BOSS","M","M","$","M","M","R","R","R","T","R","?","M","$","E","R","M","M","M","?","$","$","E","M","T","E","?","R","$","?","R","BOSS","R","$","E","BOSS"],"items_purchased_type":["Relic","Relic","Relic","Potion","Card","Card","Card","Relic","Relic","Relic","Relic","Relic","Card","Relic","Relic","Card","Card","Relic","Relic","Relic","Card","Relic","Relic","Card","Relic","Relic","Relic","Relic","Relic","Relic","Relic","Relic","Relic","Relic","Relic","Relic","Relic","Relic","Relic","Relic","Relic","Potion","Potion","Relic","Relic","Relic","Relic","Relic","Relic","Relic","Relic","Relic","Relic","Relic","Relic","Relic","Relic","Relic","Relic","Relic","Relic","Relic","Relic","Relic","Relic","Relic","Relic","Relic","Relic","Relic","Relic","Relic","Relic","Relic","Relic","Relic","Relic","Relic","Relic","Relic","Relic","Relic","Relic","Relic","Relic","Relic","Relic","Relic","Relic","Relic","Relic","Relic","Relic","Relic","Relic","Relic","Relic","Relic","Relic","Relic","Relic","Relic","Relic","Relic","Relic","Relic","Relic","Relic","Card","Relic","Relic","Relic","Relic","Relic","Relic","Relic","Relic","Relic","Relic","Relic","Relic","Relic","Relic","Card","Undefined","Relic","Undefined","Relic","Card","Card","Relic","Relic","Undefined","Undefined","Card","Card"],"build_version":"2020-12-22","purchased_purges":8,"victory":true,"max_hp_per_floor":[75,75,75,75,75,75,75,75,75,75,75,75,75,75,75,75,75,75,75,75,75,75,75,75,75,75,75,80,80,80,90,90,90,90,90,90,111,113,117,117,117,117,127,127,127,129,129,141,141,143,147,149,142,142,142,154,158,158,170,175,177,177,184,186,186,186,186,186,196,196],"card_choices":[{"not_picked":[],"picked":"ChaosCard","floor":0.0},{"not_picked":["Perfected Strike","Clothesline","Havoc+1"],"picked":"SKIP","floor":1.0},{"not_picked":["Heavy Blade","Evolve+1"],"picked":"Infernal Blade+1","floor":2.0},{"not_picked":["Cleave","Shrug It Off+1"],"picked":"Bomb","floor":3.0},{"not_picked":["Evolve+1","Pummel"],"picked":"Ghostly Armor+1","floor":4.0},{"not_picked":["Havoc+1","Second Wind+1"],"picked":"Pommel Strike","floor":5.0},{"not_picked":["Twin Strike","Heavy Blade"],"picked":"Power Through+1","floor":6.0},{"not_picked":["Pummel","Combust+1","Cleave"],"picked":"SKIP","floor":10.0},{"not_picked":["Clothesline","Blood for Blood"],"picked":"Bomb","floor":11.0},{"not_picked":["Berserk+1","Corruption+1"],"picked":"Reaper","floor":16.0},{"not_picked":["Blood for Blood","Twin Strike"],"picked":"Headbutt","floor":18.0},{"not_picked":["Storm+1","Uppercut","Dagger Spray"],"picked":"SKIP","floor":23.0},{"not_picked":["Undo+1","Darkness+1"],"picked":"Flex+1","floor":27.0},{"not_picked":["Heatsinks+1","EmptyMind+1"],"picked":"Hologram+1","floor":30.0},{"not_picked":["Storm+1","Expertise+1"],"picked":"Conserve Battery+1","floor":30.0},{"not_picked":["Halt+1","Coolheaded+1","Disarm+1"],"picked":"SKIP","floor":31.0},{"not_picked":["FearNoEvil","Flying Knee","Thunderclap"],"picked":"SKIP","floor":35.0},{"not_picked":["Chaos+1","Consecrate","Meditate+1"],"picked":"SKIP","floor":35.0},{"not_picked":["Leap+1","EmptyBody+1"],"picked":"Perseverance+1","floor":36.0},{"not_picked":["Cold Snap","Dodge and Roll+1","Body Slam"],"picked":"SKIP","floor":36.0},{"not_picked":["Perseverance+1","Rebound+1","Cleave+1"],"picked":"SashWhip+1","floor":38},{"not_picked":["Rebound+1","Bane+1","Noxious Fumes+1","Skewer+1"],"picked":"Singing Bowl","floor":38},{"not_picked":["Power Through+1","Lockon+1","Leap+1","Tempest+1"],"picked":"Singing Bowl","floor":39},{"not_picked":["Accuracy+1","Purity+1","Rebound+1","Consecrate+1"],"picked":"Singing Bowl","floor":39},{"not_picked":["Blizzard+1","Perseverance+1","Enlightenment+1","WindmillStrike+1"],"picked":"Singing Bowl","floor":46},{"not_picked":["Beam Cell+1","Leg Sweep+1","Steam+1"],"picked":"Twin Strike+1","floor":46},{"not_picked":["FlyingSleeves+1","Consume+1","Bandage Up+1","PiercingWail+1"],"picked":"Singing Bowl","floor":48},{"not_picked":["Go for the Eyes+1","Endless Agony+1","ThirdEye+1"],"picked":"Sunder+1","floor":35},{"not_picked":["Redo+1","Loop+1","Coolheaded+1","Apotheosis+1"],"picked":"Singing Bowl","floor":35},{"not_picked":["Deflect+1","Escape Plan+1","Self Repair+1","CutThroughFate+1"],"picked":"Singing Bowl","floor":36},{"not_picked":["Shockwave+1","Redo+1","Disarm+1","Anger+1"],"picked":"Singing Bowl","floor":36},{"not_picked":["Coolheaded+1","Finesse+1","Blind+1"],"picked":"Infinite Blades+1","floor":37},{"not_picked":["EmptyBody+1","Dual Wield+1","Gash+1","Grand Finale+1"],"picked":"Singing Bowl","floor":37},{"not_picked":["FollowUp+1","Halt+1","Redo+1","FlurryOfBlows+1"],"picked":"Singing Bowl","floor":41},{"not_picked":["Predator+1","Concentrate+1","Conclude+1","Acrobatics+1"],"picked":"Singing Bowl","floor":42},{"not_picked":["Armaments+1","Body Slam+1","Wallop+1","Crescendo+1"],"picked":"Singing Bowl","floor":42},{"not_picked":["Cold Snap+1","SandsOfTime+1","Underhanded Strike+1","Juggernaut+1"],"picked":"Singing Bowl","floor":44},{"not_picked":["Flex+1","Rip and Tear+1","Headbutt+1","True Grit+1"],"picked":"Singing Bowl","floor":46},{"not_picked":["FlurryOfBlows+1","Rupture+1","Impatience+1","Poisoned Stab+1"],"picked":"Singing Bowl","floor":48},{"not_picked":["Choke+1","Mind Blast+1","Anger+1","Clothesline+1"],"picked":"Singing Bowl","floor":49},{"not_picked":["Catalyst+1","Deflect+1","Clothesline+1"],"picked":"Wild Strike+1","floor":52},{"not_picked":["Capacitor+1","Dropkick+1","Whirlwind+1"],"picked":"Adrenaline+1","floor":54}],"player_experience":119206,"relics_obtained":[{"floor":6.0,"key":"Red Skull"},{"floor":9.0,"key":"Kunai"},{"floor":11.0,"key":"Smiling Mask"},{"floor":14.0,"key":"Ancient Tea Set"},{"floor":23.0,"key":"CeramicFish"},{"floor":23.0,"key":"BookOfRevelations"},{"floor":25.0,"key":"HornCleat"},{"floor":26.0,"key":"The Courier"},{"floor":27.0,"key":"DoctorsRemote"},{"floor":31.0,"key":"Pear"},{"floor":31.0,"key":"Pocketwatch"},{"floor":43,"key":"Circlet"},{"floor":43,"key":"Circlet"},{"floor":48,"key":"Circlet"},{"floor":48,"key":"Circlet"},{"floor":41,"key":"Circlet"},{"floor":41,"key":"Circlet"},{"floor":44,"key":"Circlet"},{"floor":44,"key":"Circlet"},{"floor":45,"key":"Circlet"},{"floor":48,"key":"Circlet"},{"floor":54,"key":"Circlet"},{"floor":54,"key":"Circlet"}],"event_choices":[{"damage_healed":0.0,"max_hp_gain":0.0,"max_hp_loss":0.0,"gold_gain":0.0,"event_name":"Scrap Ooze","player_choice":"Success","floor":8.0,"gold_loss":0.0,"damage_taken":3.0,"relics_obtained":["Happy Flower"]},{"cards_removed":["Strike_R"],"damage_healed":0.0,"max_hp_gain":0.0,"max_hp_loss":0.0,"gold_gain":0.0,"event_name":"Golden Wing","player_choice":"Card Removal","floor":12.0,"gold_loss":0.0,"damage_taken":7.0},{"damage_healed":0.0,"max_hp_gain":0.0,"max_hp_loss":0.0,"gold_gain":0.0,"cards_transformed":["Strike_R","Defend_R"],"event_name":"Drug Dealer","player_choice":"Became Test Subject","floor":20.0,"gold_loss":0.0,"damage_taken":0.0,"cards_obtained":["Second Wind","Hemokinesis"]},{"damage_healed":0.0,"max_hp_gain":0.0,"max_hp_loss":0.0,"gold_gain":0.0,"event_name":"The Library","player_choice":"Read","floor":21.0,"gold_loss":0.0,"damage_taken":0.0,"cards_obtained":["Fire Breathing"]},{"damage_healed":0.0,"max_hp_gain":0.0,"max_hp_loss":0.0,"gold_gain":0.0,"event_name":"Addict","player_choice":"Obtained Relic","floor":24.0,"gold_loss":85.0,"damage_taken":0.0,"relics_obtained":["Unceasing Top"]},{"damage_healed":0.0,"max_hp_gain":5.0,"max_hp_loss":0.0,"gold_gain":0.0,"event_name":"Forgotten Altar","player_choice":"Shed Blood","floor":28.0,"gold_loss":0.0,"damage_taken":19.0},{"cards_removed":["Shrug It Off"],"damage_healed":0,"gold_gain":0,"player_choice":"Removed Skill","damage_taken":0,"max_hp_gain":0,"max_hp_loss":0,"event_name":"Falling","floor":45,"gold_loss":0},{"damage_healed":0,"gold_gain":0,"player_choice":"Max HP","damage_taken":0,"max_hp_gain":0,"max_hp_loss":7,"event_name":"Winding Halls","floor":38,"gold_loss":0},{"damage_healed":0,"gold_gain":0,"player_choice":"Fight","damage_taken":0,"max_hp_gain":0,"max_hp_loss":0,"event_name":"MindBloom","floor":48,"gold_loss":0}],"is_beta":false,"boss_relics":[{"not_picked":["Ectoplasm","Black Blood"],"picked":"Black Star"},{"not_picked":[]},{"not_picked":["Pandora\u0027s Box","SlaversCollar"],"picked":"Mark of Pain"},{"not_picked":[]}],"items_purged_floors":[0,7,22,37,47,39,40,47],"is_endless":false,"potions_floor_spawned":[1,3,4,5,10,27,30,36,38,39,46,48,35,36,37,42,44,48],"ascension_level":14}}