{"host":"cjhtzh7tp54jdfyv","time":1609076536,"event":{"mods":["AchievementEnabler","BaseMod","Colored Map","Colored Powertips","Curses Come First","DeckTracker","Filter the Spire","Minty Spire (QoL Compilation)","RNG Fix","Relic Sorter","Relic Stats","StSLib","The Cursed","The Disciple","The Marked","UnlockEverythingMod","ojb\u0027s Better Paths Mod","ojb\u0027s Info Mod"],"gold_per_floor":[361,361,372,391,25,50,67,67,94,94,108,108,134,114,114,193,193,213,413,424,435,1,1,26,26,26,26,26,26,36,86,86,158,158,171,183,1182,1182,1192,1227,849,874,897,915,949,949,964,999,999,999,999,999,999,0,34,34],"floor_reached":57,"playtime":7008,"items_purged":["TheCursedMod:Strike_TheCursed","Normality","Normality"],"score":2746,"play_id":"b0c58825-7b00-4070-a046-f55ae862d9d4","local_time":"20201227084216","is_ascension_mode":true,"campfire_choices":[{"data":"TheCursedMod:DarkBarrier","floor":8.0,"key":"SMITH"},{"floor":12.0,"key":"REST"},{"data":"TheCursedMod:CursedStaff","floor":15.0,"key":"SMITH"},{"data":"TheCursedMod:SpitefulPlan","floor":23.0,"key":"SMITH"},{"floor":29,"key":"REST"},{"floor":32,"key":"REST"},{"data":"TheCursedMod:CollectTribute","floor":46,"key":"SMITH"},{"floor":49,"key":"RECALL"},{"data":"TheCursedMod:ManaBullet","floor":53,"key":"SMITH"}],"circlet_count":0,"master_deck":["AscendersBane","TheCursedMod:Defend_TheCursed","TheCursedMod:Defend_TheCursed","TheCursedMod:Defend_TheCursed","TheCursedMod:Defend_TheCursed","TheCursedMod:CursedWand","TheCursedMod:CleanUpWorkshop","TheCursedMod:Dregs","TheCursedMod:SpitefulPlan+1","TheCursedMod:CursedShiv","TheCursedMod:CursedStaff+1","TheCursedMod:ReleasedStrength","TheCursedMod:SurpriseAttack","TheCursedMod:HellfireBreathing","TheCursedMod:DarkBarrier+1","TheCursedMod:CursedShiv","TheCursedMod:CursedShiv","TheCursedMod:DemonSword","Decay","TheCursedMod:DarkBarrier+1","TheCursedMod:Torture+1","TheCursedMod:CircleOfFocus+1","TheCursedMod:DarkBarrier+1","TheCursedMod:CursedSpellbook","TheCursedMod:Stretching+1","TheCursedMod:DemonSword","TheCursedMod:SpitefulStrike+1","TheCursedMod:ManaBullet+1","TheCursedMod:CollectTribute+1","Deep Breath"],"relics":["TheCursedMod:BlackMagic101","Bag of Marbles","WarpedTongs","Anchor","Astrolabe","Ornamental Fan","DollysMirror","Nunchaku","MutagenicStrength","Bag of Preparation","Nilry\u0027s Codex","Runic Pyramid","Lantern","Sundial","Meat on the Bone","Toy Ornithopter","Pantograph","The Courier","Mummified Hand","Happy Flower","Lizard Tail","Bottled Tornado","Incense Burner"],"acts_visited":["Exordium","TheCity","TheBeyond","TheEnding"],"potions_floor_usage":[33,33,48,48,48,54,56],"damage_taken":[{"damage":0.0,"enemies":"Jaw Worm","floor":1.0,"turns":4.0},{"damage":0.0,"enemies":"2 Louse","floor":3.0,"turns":3.0},{"damage":2.0,"enemies":"Small Slimes","floor":4.0,"turns":5.0},{"damage":38.0,"enemies":"Gremlin Nob","floor":6.0,"turns":4.0},{"damage":10.0,"enemies":"Gremlin Gang","floor":7.0,"turns":3.0},{"damage":2.0,"enemies":"2 Fungi Beasts","floor":11.0,"turns":3.0},{"damage":2.0,"enemies":"Lagavulin","floor":13.0,"turns":5.0},{"damage":21.0,"enemies":"Slime Boss","floor":16.0,"turns":5.0},{"damage":12.0,"enemies":"3 Byrds","floor":18.0,"turns":3.0},{"damage":7.0,"enemies":"Chosen","floor":20.0,"turns":3.0},{"damage":1.0,"enemies":"Centurion and Healer","floor":21.0,"turns":5.0},{"damage":27,"enemies":"Book of Stabbing","floor":24,"turns":5},{"damage":0,"enemies":"Snake Plant","floor":30,"turns":3},{"damage":30,"enemies":"Champ","floor":33,"turns":10},{"damage":0,"enemies":"Orb Walker","floor":35,"turns":1},{"damage":3,"enemies":"3 Shapes","floor":36,"turns":5},{"damage":7,"enemies":"Maw","floor":39,"turns":7},{"damage":4,"enemies":"Nemesis","floor":40,"turns":7},{"damage":9,"enemies":"Reptomancer","floor":42,"turns":8},{"damage":6,"enemies":"Jaw Worm Horde","floor":44,"turns":6},{"damage":3,"enemies":"Nemesis","floor":45,"turns":4},{"damage":1,"enemies":"4 Shapes","floor":47,"turns":7},{"damage":3,"enemies":"Giant Head","floor":48,"turns":9},{"damage":49,"enemies":"Donu and Deca","floor":50,"turns":9},{"damage":40,"enemies":"Awakened One","floor":51,"turns":11},{"damage":38,"enemies":"Shield and Spear","floor":55,"turns":8},{"damage":57,"enemies":"The Heart","floor":56,"turns":11}],"seed_played":"-561424715630766891","potions_obtained":[{"floor":4.0,"key":"DuplicationPotion"},{"floor":13.0,"key":"SteroidPotion"},{"floor":20.0,"key":"FairyPotion"},{"floor":21.0,"key":"EntropicBrew"},{"floor":33,"key":"Block Potion"},{"floor":35,"key":"Swift Potion"},{"floor":48,"key":"Fruit Juice"}],"is_trial":false,"path_per_floor":["M","?","M","M","$","E","M","R","T","?","M","R","E","?","R","B",null,"M","?","M","M","$","R","E","?","T","$","?","R","M","?","R","B",null,"M","M","?","?","M","E","$","E","T","M","E","R","M","E","R","B","B",null,"R","$","E","B",null],"character_chosen":"THE_CURSED","items_purchased":["TheCursedMod:CursedStaff","TheCursedMod:ReleasedStrength","LiquidMemories","TheCursedMod:SurpriseAttack","Ornamental Fan","DollysMirror","Sundial","Mummified Hand","Happy Flower","Lizard Tail","Deep Breath","Swift Potion","Bottled Tornado"],"campfire_rested":3,"item_purchase_floors":[5,5,5,5,22,22,41,54,54,54,54,54,54],"current_hp_per_floor":[64,64,64,62,62,24,14,14,14,14,12,31,29,29,29,8,50,38,38,31,30,30,30,3,3,3,3,1,20,20,20,39,11,52,52,51,51,78,71,67,67,58,58,52,49,49,48,60,60,41,38,68,68,78,52,37],"gold":34,"neow_bonus":"TWO_FIFTY_GOLD","is_daily":false,"chose_seed":false,"campfire_upgraded":5,"win_rate":0.0,"timestamp":1609076536,"path_taken":["M","?","M","M","$","E","?","R","T","?","M","R","E","?","R","BOSS","M","?","M","?","$","R","E","?","T","$","?","R","M","?","R","BOSS","M","M","?","?","M","E","$","E","T","?","E","R","M","E","R","BOSS","BOSS","R","$","E","BOSS"],"items_purchased_type":["Card","Card","Potion","Card","Relic","Relic","Relic","Relic","Relic","Relic","Card","Potion","Relic"],"build_version":"2020-12-22","purchased_purges":3,"victory":true,"max_hp_per_floor":[64,64,64,64,64,64,64,64,64,64,64,64,64,64,64,64,64,64,64,64,64,64,64,64,64,64,64,64,64,64,64,64,66,66,66,68,68,78,78,78,78,78,78,78,78,78,78,78,78,78,78,78,78,83,83,83],"relic_stats":{"Happy Flower":[6],"counters":[27,154],"Astrolabe":["Decay","TheCursedMod:DarkBarrier","TheCursedMod:Torture"],"Bag of Preparation":[30],"WarpedTongs":[134],"Nunchaku":[22],"Lizard Tail":0,"Ornamental Fan":[152],"Sundial":[10],"Mummified Hand":[14],"Pantograph":68,"obtain_stats":[{"TheCursedMod:BlackMagic101":0,"Lantern":40,"Happy Flower":54,"Nilry\u0027s Codex":28,"Astrolabe":17,"The Courier":48,"Bag of Preparation":26,"Incense Burner":55,"Bottled Tornado":54,"WarpedTongs":10,"Anchor":13,"Nunchaku":24,"Lizard Tail":54,"Ornamental Fan":22,"DollysMirror":22,"Sundial":41,"Mummified Hand":54,"MutagenicStrength":25,"Pantograph":45,"Bag of Marbles":6,"Toy Ornithopter":43,"Runic Pyramid":34,"Meat on the Bone":42},{"TheCursedMod:BlackMagic101":0,"Lantern":18,"Happy Flower":25,"Nilry\u0027s Codex":12,"Astrolabe":8,"The Courier":23,"Bag of Preparation":12,"Incense Burner":26,"Bottled Tornado":25,"WarpedTongs":5,"Anchor":7,"Nunchaku":12,"Lizard Tail":25,"Ornamental Fan":11,"DollysMirror":11,"Sundial":18,"Mummified Hand":25,"MutagenicStrength":12,"Pantograph":21,"Bag of Marbles":4,"Toy Ornithopter":19,"Runic Pyramid":14,"Meat on the Bone":19},{"TheCursedMod:BlackMagic101":0,"Lantern":81,"Happy Flower":135,"Nilry\u0027s Codex":48,"Astrolabe":32,"The Courier":115,"Bag of Preparation":48,"Incense Burner":143,"Bottled Tornado":135,"WarpedTongs":19,"Anchor":27,"Nunchaku":48,"Lizard Tail":135,"Ornamental Fan":43,"DollysMirror":43,"Sundial":81,"Mummified Hand":135,"MutagenicStrength":48,"Pantograph":99,"Bag of Marbles":16,"Toy Ornithopter":89,"Runic Pyramid":61,"Meat on the Bone":89}],"Toy Ornithopter":25,"Meat on the Bone":48},"card_choices":[{"not_picked":["TheCursedMod:CircleOfFlame","TheCursedMod:CursedMace"],"picked":"TheCursedMod:SpitefulPlan","floor":1.0},{"not_picked":["TheCursedMod:CircleOfCorruption","TheCursedMod:Evocation","TheCursedMod:Stretching"],"picked":"SKIP","floor":3.0},{"not_picked":["TheCursedMod:RapidMovement","TheCursedMod:SaltUponWound"],"picked":"TheCursedMod:CursedShiv","floor":4.0},{"not_picked":["TheCursedMod:StingEye","TheCursedMod:FleshFromBone"],"picked":"TheCursedMod:HellfireBreathing","floor":6.0},{"not_picked":["TheCursedMod:Obscuration","TheCursedMod:CursedArmor"],"picked":"TheCursedMod:DarkBarrier","floor":7.0},{"not_picked":["TheCursedMod:CircleOfWindfury","TheCursedMod:Obscuration"],"picked":"TheCursedMod:CursedShiv","floor":11.0},{"not_picked":["TheCursedMod:Stretching","TheCursedMod:AshesToAshes"],"picked":"TheCursedMod:CursedShiv","floor":13.0},{"not_picked":["TheCursedMod:DarkBarrier","TheCursedMod:StunningStrike"],"picked":"TheCursedMod:DemonSword","floor":16.0},{"not_picked":["TheCursedMod:Torture","TheCursedMod:TacticalStrike","TheCursedMod:EmpowerCircles"],"picked":"SKIP","floor":18.0},{"not_picked":["TheCursedMod:Stretching","TheCursedMod:CursedBlade"],"picked":"TheCursedMod:CircleOfFocus+1","floor":20.0},{"not_picked":["TheCursedMod:DoubleShield","TheCursedMod:SpitefulStrike"],"picked":"TheCursedMod:AntiAging","floor":21.0},{"not_picked":["TheCursedMod:WearCloak","TheCursedMod:CircleOfFocus"],"picked":"TheCursedMod:CursedSpellbook","floor":24},{"not_picked":["TheCursedMod:SpreadPlague+1","TheCursedMod:SmokeScreen"],"picked":"TheCursedMod:Stretching+1","floor":30},{"not_picked":["TheCursedMod:ShockAndAwe","TheCursedMod:UltimatePain"],"picked":"TheCursedMod:DemonSword","floor":33},{"not_picked":["TheCursedMod:CircleOfFocus","TheCursedMod:CircleOfFlame"],"picked":"TheCursedMod:SpitefulStrike+1","floor":35},{"not_picked":["TheCursedMod:SmokeScreen","TheCursedMod:Hemoplague","TheCursedMod:CircleOfCorruption"],"picked":"SKIP","floor":36},{"not_picked":["TheCursedMod:CircleOfCorruption+1","TheCursedMod:RapidMovement","TheCursedMod:Torture+1"],"picked":"SKIP","floor":39},{"not_picked":["TheCursedMod:DoubleShield","TheCursedMod:StingEye"],"picked":"TheCursedMod:ManaBullet","floor":40},{"not_picked":["TheCursedMod:Grudge+1","TheCursedMod:DemonSword"],"picked":"TheCursedMod:CollectTribute","floor":42},{"not_picked":["TheCursedMod:CursedAmulet+1","TheCursedMod:SaltUponWound","TheCursedMod:Stigma+1"],"picked":"SKIP","floor":44},{"not_picked":["TheCursedMod:EmpowerCircles","TheCursedMod:CursedBlade","TheCursedMod:Wield"],"picked":"SKIP","floor":45},{"not_picked":["TheCursedMod:EmpowerCircles","TheCursedMod:CursedBlade","TheCursedMod:Wield"],"picked":"SKIP","floor":45},{"not_picked":["TheCursedMod:CircleOfCorruption","TheCursedMod:CircleOfFlame","TheCursedMod:CursedBoomerang"],"picked":"SKIP","floor":47},{"not_picked":["TheCursedMod:Obscuration","TheCursedMod:CircleOfCorruption+1","TheCursedMod:SpreadPlague"],"picked":"SKIP","floor":48},{"not_picked":["TheCursedMod:VoidForm","TheCursedMod:SoulReap","TheCursedMod:CircleOfCorruption"],"picked":"SKIP","floor":55}],"player_experience":4427721,"relics_obtained":[{"floor":6.0,"key":"Bag of Marbles"},{"floor":13.0,"key":"Anchor"},{"floor":24,"key":"Nunchaku"},{"floor":26,"key":"Bag of Preparation"},{"floor":28,"key":"Nilry\u0027s Codex"},{"floor":40,"key":"Lantern"},{"floor":42,"key":"Meat on the Bone"},{"floor":43,"key":"Toy Ornithopter"},{"floor":45,"key":"Pantograph"},{"floor":48,"key":"The Courier"},{"floor":55,"key":"Incense Burner"}],"event_choices":[{"cards_removed":["TheCursedMod:Strike_TheCursed"],"damage_healed":0.0,"max_hp_gain":0.0,"max_hp_loss":0.0,"gold_gain":0.0,"event_name":"Purifier","player_choice":"Purged","floor":2.0,"gold_loss":0.0,"damage_taken":0.0},{"damage_healed":0.0,"max_hp_gain":0.0,"max_hp_loss":0.0,"gold_gain":0.0,"event_name":"Accursed Blacksmith","player_choice":"Rummage","floor":10.0,"gold_loss":0.0,"damage_taken":0.0,"relics_obtained":["WarpedTongs"],"cards_obtained":["Pain"]},{"damage_healed":0.0,"max_hp_gain":0.0,"max_hp_loss":0.0,"gold_gain":0.0,"event_name":"The Woman in Blue","player_choice":"Bought 1 Potion","floor":14.0,"gold_loss":0.0,"damage_taken":0.0},{"damage_healed":0.0,"max_hp_gain":0.0,"max_hp_loss":0.0,"gold_gain":250.0,"event_name":"The Joust","player_choice":"Bet on Owner","floor":19.0,"gold_loss":50.0,"damage_taken":0.0},{"damage_healed":0,"gold_gain":0,"player_choice":"Inject Mutagens","damage_taken":0,"relics_obtained":["MutagenicStrength"],"max_hp_gain":0,"max_hp_loss":0,"event_name":"Drug Dealer","floor":25,"gold_loss":0},{"damage_healed":0,"gold_gain":0,"player_choice":"Obtained Book","damage_taken":21,"max_hp_gain":0,"max_hp_loss":0,"event_name":"Cursed Tome","floor":28,"gold_loss":0},{"damage_healed":0,"gold_gain":50,"player_choice":"Stole From Cult","damage_taken":0,"max_hp_gain":0,"max_hp_loss":0,"event_name":"Nest","floor":31,"gold_loss":0},{"damage_healed":0,"gold_gain":999,"player_choice":"Gold","damage_taken":0,"max_hp_gain":0,"max_hp_loss":0,"event_name":"MindBloom","floor":37,"gold_loss":0,"cards_obtained":["Normality","Normality"]},{"cards_removed":["TheCursedMod:AntiAging"],"damage_healed":17,"gold_gain":0,"player_choice":"Offered Rare","damage_taken":0,"max_hp_gain":10,"max_hp_loss":0,"event_name":"Bonfire Elementals","floor":38,"gold_loss":0}],"is_beta":false,"boss_relics":[{"not_picked":["Black Star","Velvet Choker"],"picked":"Astrolabe"},{"not_picked":["Calling Bell","Philosopher\u0027s Stone"],"picked":"Runic Pyramid"}],"items_purged_floors":[5,41,54],"is_endless":false,"potions_floor_spawned":[4,6,13,20,21,33,35,39,42,45,48],"ascension_level":20}}