{"host":"baymyijz6sxaqj5s","time":1609057228,"event":{"mods":["AchievementEnabler","BaseMod","Colored Map","Colored Powertips","DeckTracker","KOR Keyword Fix","Keyboard Shortcuts","Minty Spire (QoL Compilation)","Quick Restart","StSLib","SuperFastMode"],"gold_per_floor":[117,135,135,210,210,210,275,287,312,347,259,278,295,315,315,419,469,481,494,494,494],"floor_reached":20,"playtime":460,"items_purged":[],"score":219,"play_id":"9e7ff720-021c-46c6-b063-674f0dc4db9e","local_time":"20201227172028","is_ascension_mode":true,"campfire_choices":[{"data":"Sword Boomerang","floor":6,"key":"SMITH"},{"floor":15,"key":"REST"}],"circlet_count":0,"master_deck":["Strike_R","Strike_R","Strike_R","Strike_R","Strike_R","Defend_R","Defend_R","Defend_R+1","Defend_R","Bash","Sword Boomerang+1","Cleave","Thunderclap","Enlightenment","Shrug It Off","Whirlwind","Barricade","Shrug It Off","Twin Strike+1"],"relics":["Burning Blood","Shuriken","Red Skull","Paper Frog","Tiny House"],"acts_visited":["Exordium","TheCity"],"potions_floor_usage":[7,14,16,18,20,20],"damage_taken":[{"damage":1,"enemies":"2 Louse","floor":1,"turns":4},{"damage":7,"enemies":"Jaw Worm","floor":2,"turns":3},{"damage":27,"enemies":"Gremlin Nob","floor":7,"turns":4},{"damage":7,"enemies":"Small Slimes","floor":8,"turns":3},{"damage":6,"enemies":"Gremlin Nob","floor":10,"turns":3},{"damage":16,"enemies":"Looter","floor":12,"turns":4},{"damage":8,"enemies":"Blue Slaver","floor":13,"turns":3},{"damage":25,"enemies":"Exordium Thugs","floor":14,"turns":5},{"damage":49,"enemies":"The Guardian","floor":16,"turns":10},{"damage":75,"enemies":"Spheric Guardian","floor":18,"turns":10},{"damage":29,"enemies":"Shell Parasite","floor":19,"turns":5},{"damage":16,"enemies":"Sentry and Sphere","floor":20,"turns":5}],"seed_played":"-6949276275828406240","potions_obtained":[{"floor":2,"key":"Regen Potion"},{"floor":7,"key":"LiquidBronze"},{"floor":10,"key":"LiquidBronze"},{"floor":16,"key":"Dexterity Potion"},{"floor":17,"key":"Regen Potion"},{"floor":19,"key":"EssenceOfSteel"}],"is_trial":false,"path_per_floor":["M","M","?","?","?","R","?","M","T","E","$","M","M","M","R","B",null,"M","M","M"],"character_chosen":"IRONCLAD","items_purchased":["Enlightenment"],"campfire_rested":1,"item_purchase_floors":[11],"current_hp_per_floor":[88,87,87,76,81,81,72,71,71,71,71,61,59,40,67,24,98,39,16,0,0],"gold":494,"neow_bonus":"TEN_PERCENT_HP_BONUS","is_daily":false,"chose_seed":false,"campfire_upgraded":1,"win_rate":0.0,"timestamp":1609057228,"path_taken":["M","M","?","?","?","R","?","M","T","E","?","M","M","M","R","BOSS","M","M","M"],"items_purchased_type":["Card"],"build_version":"2020-12-22","purchased_purges":0,"victory":false,"max_hp_per_floor":[88,88,88,88,93,93,93,93,93,93,93,93,93,93,93,93,98,98,98,98,98],"card_choices":[{"not_picked":["Iron Wave","Cleave"],"picked":"Sword Boomerang","floor":1},{"not_picked":["Pommel Strike","Immolate","Clothesline"],"picked":"SKIP","floor":2},{"not_picked":["Dark Embrace","Dual Wield"],"picked":"Cleave","floor":7},{"not_picked":["Sentinel","Anger","Iron Wave"],"picked":"SKIP","floor":8},{"not_picked":["Pommel Strike","Warcry"],"picked":"Thunderclap","floor":10},{"not_picked":["Clothesline","Perfected Strike"],"picked":"Shrug It Off","floor":12},{"not_picked":["Rage","Burning Pact"],"picked":"Whirlwind","floor":13},{"not_picked":["Thunderclap","Fiend Fire","Iron Wave"],"picked":"SKIP","floor":14},{"not_picked":["Brutality","Berserk"],"picked":"Barricade","floor":16},{"not_picked":["Dropkick","Perfected Strike"],"picked":"Shrug It Off","floor":17},{"not_picked":["Anger","Cleave","Perfected Strike"],"picked":"SKIP","floor":18},{"not_picked":["Warcry","Havoc"],"picked":"Twin Strike+1","floor":19}],"player_experience":256165,"relics_obtained":[{"floor":9,"key":"Red Skull"},{"floor":10,"key":"Paper Frog"}],"event_choices":[{"damage_healed":0,"gold_gain":0,"player_choice":"Ignored","damage_taken":0,"max_hp_gain":0,"max_hp_loss":0,"event_name":"Liars Game","floor":3,"gold_loss":0},{"damage_healed":0,"gold_gain":75,"player_choice":"Gather Gold","damage_taken":11,"max_hp_gain":0,"max_hp_loss":0,"event_name":"World of Goop","floor":4,"gold_loss":0},{"damage_healed":0,"gold_gain":0,"player_choice":"Donut","damage_taken":0,"max_hp_gain":5,"max_hp_loss":0,"event_name":"Big Fish","floor":5,"gold_loss":0},{"damage_healed":0,"gold_gain":0,"player_choice":"Searched \u00272\u0027 times","damage_taken":0,"relics_obtained":["Shuriken"],"max_hp_gain":0,"max_hp_loss":0,"event_name":"Dead Adventurer","floor":7,"gold_loss":0}],"is_beta":false,"boss_relics":[{"not_picked":["Pandora\u0027s Box","Calling Bell"],"picked":"Tiny House"}],"items_purged_floors":[],"is_endless":false,"potions_floor_spawned":[2,7,10,16,19],"killed_by":"Sentry and Sphere","ascension_level":2}}