{"host":"w5ovz9boloi14a0g","time":1609032133,"event":{"mods":["BaseMod","Googly Eyes","Minty Spire (QoL Compilation)","StSLib","SuperFastMode"],"gold_per_floor":[110,128,128,78,99,142,142,167,193,229,229,244,244,265,265,389,452,476,491,91,114,127,127,127],"floor_reached":23,"playtime":657,"items_purged":[],"score":205,"play_id":"8acb4524-3b0b-469c-b6d0-39c7235457fe","local_time":"20201226192213","is_ascension_mode":false,"campfire_choices":[{"data":"Bash","floor":7,"key":"SMITH"},{"data":"Armaments","floor":15,"key":"SMITH"}],"circlet_count":0,"master_deck":["Strike_R","Strike_R","Strike_R","Strike_R","Defend_R","Defend_R","Defend_R","Defend_R","Bash+1","Armaments+1","Twin Strike","Sword Boomerang+1","Pummel","Thunderclap","Spot Weakness","Disarm","Cleave"],"relics":["Burning Blood","Golden Idol","MealTicket","Orichalcum","Tiny Chest","Tiny House","StrikeDummy","Nunchaku"],"acts_visited":["Exordium","TheCity"],"potions_floor_usage":[],"damage_taken":[{"damage":17.0,"enemies":"Small Slimes","floor":1.0,"turns":4.0},{"damage":3.0,"enemies":"Jaw Worm","floor":2.0,"turns":4.0},{"damage":1,"enemies":"Cultist","floor":5,"turns":3},{"damage":27,"enemies":"Gremlin Nob","floor":6,"turns":5},{"damage":16,"enemies":"Lots of Slimes","floor":8,"turns":6},{"damage":32,"enemies":"3 Sentries","floor":10,"turns":9},{"damage":24,"enemies":"Exordium Thugs","floor":12,"turns":5},{"damage":0,"enemies":"Large Slime","floor":14,"turns":5},{"damage":27,"enemies":"The Guardian","floor":16,"turns":14},{"damage":14,"enemies":"Spheric Guardian","floor":18,"turns":4},{"damage":16,"enemies":"Chosen","floor":19,"turns":6},{"damage":23,"enemies":"3 Cultists","floor":21,"turns":5},{"damage":29,"enemies":"Snake Plant","floor":22,"turns":5},{"damage":52,"enemies":"Gremlin Leader","floor":23,"turns":7}],"seed_played":"-2081593243161564007","potions_obtained":[{"floor":1.0,"key":"SneckoOil"},{"floor":6,"key":"SkillPotion"},{"floor":16,"key":"Dexterity Potion"}],"is_trial":false,"path_per_floor":["M","M","?","?","M","E","R","M","T","E","?","M","$","M","R","B",null,"M","M","$","M","M","E"],"character_chosen":"IRONCLAD","items_purchased":["StrikeDummy","Nunchaku"],"campfire_rested":0,"item_purchase_floors":[20,20],"current_hp_per_floor":[77,80,80,80,85,64,64,54,54,28,28,10,25,31,31,10,93,85,75,90,73,50,0,0],"gold":127,"neow_bonus":"TEN_PERCENT_HP_BONUS","is_daily":false,"chose_seed":false,"campfire_upgraded":2,"win_rate":0.0,"timestamp":1609032133,"path_taken":["M","M","?","?","?","E","R","M","T","E","?","M","$","M","R","BOSS","M","M","$","?","?","E"],"items_purchased_type":["Relic","Relic"],"build_version":"2020-12-22","purchased_purges":0,"victory":false,"max_hp_per_floor":[88,88,88,88,88,88,88,88,88,88,88,88,88,88,88,88,93,93,93,93,93,93,93,93],"card_choices":[{"not_picked":["Second Wind","True Grit"],"picked":"Armaments","floor":1.0},{"not_picked":["Armaments","Evolve"],"picked":"Twin Strike","floor":2},{"not_picked":["Warcry","Flex","Sword Boomerang"],"picked":"SKIP","floor":5},{"not_picked":["Warcry","Flex"],"picked":"Sword Boomerang","floor":5},{"not_picked":["Double Tap","Flex"],"picked":"Pummel","floor":6},{"not_picked":["Sword Boomerang","True Grit"],"picked":"Thunderclap","floor":8},{"not_picked":["Heavy Blade","Wild Strike"],"picked":"Spot Weakness","floor":10},{"not_picked":["Shrug It Off","Warcry","Armaments"],"picked":"SKIP","floor":12},{"not_picked":["Perfected Strike","Dual Wield"],"picked":"Disarm","floor":14},{"not_picked":["Wild Strike","Havoc"],"picked":"Cleave","floor":17},{"not_picked":["Searing Blow","Anger+1","Perfected Strike"],"picked":"SKIP","floor":18},{"not_picked":["Power Through","Armaments","Warcry"],"picked":"SKIP","floor":19},{"not_picked":["Havoc","Shrug It Off+1","Cleave"],"picked":"SKIP","floor":21},{"not_picked":["Havoc+1","Anger","Clash"],"picked":"SKIP","floor":22}],"player_experience":26597,"relics_obtained":[{"floor":6,"key":"MealTicket"},{"floor":9,"key":"Orichalcum"},{"floor":10,"key":"Tiny Chest"}],"event_choices":[{"damage_healed":0,"gold_gain":0,"player_choice":"Take Wound","damage_taken":0,"relics_obtained":["Golden Idol"],"max_hp_gain":0,"max_hp_loss":0,"event_name":"Golden Idol","floor":3,"gold_loss":0,"cards_obtained":["Injury"]},{"cards_removed":["Injury"],"damage_healed":0,"gold_gain":0,"player_choice":"Card Removal","damage_taken":0,"max_hp_gain":0,"max_hp_loss":0,"event_name":"The Cleric","floor":4,"gold_loss":50},{"cards_removed":["Strike_R"],"damage_healed":0,"gold_gain":0,"player_choice":"Purged","damage_taken":0,"max_hp_gain":0,"max_hp_loss":0,"event_name":"Purifier","floor":11,"gold_loss":0}],"is_beta":false,"boss_relics":[{"not_picked":["Coffee Dripper","Runic Pyramid"],"picked":"Tiny House"}],"items_purged_floors":[],"is_endless":false,"potions_floor_spawned":[1,6,16,21],"killed_by":"Gremlin Leader","ascension_level":0}}