{"host":"uyrebrj0204enqpc","time":1609112775,"event":{"mods":["Act Like it!","Bard","BaseMod","Block Reminder","Challenge The Spire","Colored Map","Colored Powertips","DeckTracker","Downfall","GifTheSpireLib","HexUI Lib","Highlight Path","Hubris","Infinite Spire","Minty Spire (QoL Compilation)","Quick Restart","Random Character Button","Relic Sorter","Relic Stats","Replay The Spire","Shop Mod","StSLib","The Blue Laboratory","The Bug Knight","The Cursed","The Jungle","The Marked","Wandering Minibosses"],"gold_per_floor":[109,109,34,47,47,74,125,141,141,153,167,167,167,200,200,303,403,415,415,315,329,343,368,368,368,368,379,396,396,396,396,396],"floor_reached":31,"playtime":1102,"items_purged":["Defend_R","Pain"],"score":278,"play_id":"59ed3061-d84b-4ccb-afed-4312bbbd0307","local_time":"20201227184615","is_ascension_mode":true,"campfire_choices":[{"data":"Apotheosis","floor":12.0,"key":"SMITH"},{"data":"Bash","floor":15.0,"key":"SMITH"},{"data":"Demon Form","floor":24,"key":"SMITH"},{"floor":30,"key":"REST"}],"circlet_count":0,"master_deck":["Strike_R","Strike_R","Strike_R","Strike_R","Strike_R","Defend_R","Defend_R","Defend_R","Bash+1","champ:Defend","Apotheosis+1","hubris:CleavingFinish+1","ReplayTheSpireMod:Stacked","Flex","Demon Form+1","Impervious","Writhe"],"relics":["Burning Blood","Replay:Bottled Snecko","hubris:SlimyHat","infinitespire:FocusingShard","Pantograph","Replay:Wanted Poster","WarpedTongs","Bottled Tornado","Bottled Flame","Shovel"],"acts_visited":["Exordium","Exordium"],"potions_floor_usage":[27,27],"damage_taken":[{"damage":22.0,"enemies":"Jaw Worm","floor":1.0,"turns":4.0},{"damage":6.0,"enemies":"Cultist","floor":4.0,"turns":3.0},{"damage":20.0,"enemies":"HollowMod:MossKnight","floor":6.0,"turns":8.0},{"damage":5.0,"enemies":"2 Louse","floor":8.0,"turns":2.0},{"damage":19.0,"enemies":"Blue Slaver","floor":10.0,"turns":4.0},{"damage":4.0,"enemies":"Gremlin Gang","floor":11.0,"turns":3.0},{"damage":9.0,"enemies":"Replay:BlueRogue","floor":14.0,"turns":4.0},{"damage":52.0,"enemies":"The Guardian","floor":16.0,"turns":11.0},{"damage":8.0,"enemies":"theJungle:MUSHROOMGANG","floor":18.0,"turns":4.0},{"damage":31.0,"enemies":"theJungle:GiantWrat","floor":21.0,"turns":5.0},{"damage":12.0,"enemies":"theJungle:SlimyTreeVines","floor":22.0,"turns":5.0},{"damage":38.0,"enemies":"theJungle:2_Phrogs","floor":23.0,"turns":11.0},{"damage":10,"enemies":"theJungle:2_Flameangoes","floor":27,"turns":6},{"damage":11,"enemies":"Snake Plant","floor":28,"turns":4},{"damage":43,"enemies":"Nightmare","floor":31,"turns":4}],"seed_played":"-4062379879538814913","potions_obtained":[{"floor":4.0,"key":"blueLaboratory:PyrophylliteBrew"},{"floor":8.0,"key":"Fire Potion"},{"floor":11.0,"key":"blueLaboratory:BottleOfVodka"},{"floor":16.0,"key":"Fire Potion"},{"floor":23.0,"key":"blueLaboratory:IronCompound"},{"floor":28,"key":"AttackPotion"}],"is_trial":false,"path_per_floor":["M","?","$","M","$","E","T","M","T","M","M","R","?","E","R","B",null,"M","?","$","M","M","E","R","?","T","M","M","?","R","NM"],"character_chosen":"IRONCLAD","items_purchased":[],"campfire_rested":1,"item_purchase_floors":[],"current_hp_per_floor":[64,64,64,64,64,50,50,51,51,38,40,40,40,37,37,16,80,78,78,78,53,53,21,21,21,21,17,12,12,36,0,0],"gold":396,"neow_bonus":"RANDOM_COLORLESS_2","is_daily":false,"chose_seed":false,"campfire_upgraded":3,"win_rate":0.0,"timestamp":1609112775,"path_taken":["M","?","$","?","?","E","?","M","T","M","M","R","?","E","R","BOSS","M","?","$","?","M","E","R","?","T","M","M","?","R","NM"],"items_purchased_type":[],"build_version":"2020-12-22","purchased_purges":2,"victory":false,"max_hp_per_floor":[80,80,80,80,80,80,80,80,80,80,80,80,80,80,80,80,80,80,80,80,80,80,80,80,80,80,80,80,80,80,80,80],"relic_stats":{"Shovel":0,"counters":[15,78],"Pantograph":25,"obtain_stats":[{"Replay:Wanted Poster":17,"Bottled Flame":26,"Shovel":29,"Pantograph":14,"infinitespire:FocusingShard":9,"hubris:SlimyHat":7,"Replay:Bottled Snecko":6,"Bottled Tornado":23,"Burning Blood":0,"WarpedTongs":19},{"Replay:Wanted Poster":8,"Bottled Flame":12,"Shovel":14,"Pantograph":7,"infinitespire:FocusingShard":4,"hubris:SlimyHat":3,"Replay:Bottled Snecko":3,"Bottled Tornado":12,"Burning Blood":0,"WarpedTongs":9},{"Replay:Wanted Poster":39,"Bottled Flame":64,"Shovel":74,"Pantograph":28,"infinitespire:FocusingShard":17,"hubris:SlimyHat":15,"Replay:Bottled Snecko":15,"Bottled Tornado":64,"Burning Blood":0,"WarpedTongs":43}],"Burning Blood":84,"WarpedTongs":[16]},"card_choices":[{"not_picked":["Midas Touch","ReplayTheSpireMod:Necrogeddon"],"picked":"Apotheosis","floor":0.0},{"not_picked":["Warcry","Heavy Blade"],"picked":"hubris:CleavingFinish","floor":1.0},{"not_picked":["Entrench","ReplayTheSpireMod:Strike From Hell"],"picked":"ReplayTheSpireMod:Stacked","floor":4.0},{"not_picked":["Warcry","Anger","Replay:Undeath\u0027s Touch"],"picked":"SKIP","floor":6.0},{"not_picked":["Replay:Undeath\u0027s Touch","Bludgeon","Havoc"],"picked":"SKIP","floor":8.0},{"not_picked":["Life Link","Feel No Pain","Anger"],"picked":"SKIP","floor":10.0},{"not_picked":["hubris:ReadiedAction","Thunderclap"],"picked":"Flex","floor":11.0},{"not_picked":["Warcry","Clothesline","Flex"],"picked":"SKIP","floor":14.0},{"not_picked":["Corruption","hubris:StunningStrike"],"picked":"Demon Form","floor":16.0},{"not_picked":["Anger","Havoc","Power Through"],"picked":"SKIP","floor":18.0},{"not_picked":["Sever Soul","Cleave+1","Warcry"],"picked":"SKIP","floor":21.0},{"not_picked":["Sever Soul","Cleave+1","Warcry"],"picked":"SKIP","floor":21.0},{"not_picked":["True Grit","Carnage+1","Berserk"],"picked":"SKIP","floor":22.0},{"not_picked":["Flex","Cleave"],"picked":"Impervious","floor":23.0},{"not_picked":["Iron Wave+1","Armaments","ReplayTheSpireMod:LeadingStrike"],"picked":"SKIP","floor":27},{"not_picked":["Dark Embrace","ReplayTheSpireMod:Strike From Hell","ReplayTheSpireMod:LeadingStrike"],"picked":"SKIP","floor":28}],"player_experience":960031,"relics_obtained":[{"floor":6.0,"key":"Replay:Bottled Snecko"},{"floor":7.0,"key":"hubris:SlimyHat"},{"floor":9.0,"key":"infinitespire:FocusingShard"},{"floor":14.0,"key":"Pantograph"},{"floor":23.0,"key":"Bottled Tornado"},{"floor":26,"key":"Bottled Flame"}],"event_choices":[{"cards_removed":["theMarked:Defend"],"damage_healed":0.0,"max_hp_gain":0.0,"max_hp_loss":0.0,"gold_gain":0.0,"event_name":"Bonfire Elementals","player_choice":"Offered Basic","floor":2.0,"gold_loss":0.0,"damage_taken":0.0},{"damage_healed":0.0,"max_hp_gain":0.0,"max_hp_loss":0.0,"gold_gain":0.0,"event_name":"Accursed Blacksmith","player_choice":"Rummage","floor":19.0,"gold_loss":0.0,"damage_taken":0.0,"relics_obtained":["WarpedTongs"],"cards_obtained":["Pain"]}],"is_beta":false,"boss_relics":[{"not_picked":["Abe\u0027s Treasure","Electric Blood"],"picked":"Replay:Wanted Poster"}],"items_purged_floors":[3,20],"is_endless":false,"potions_floor_spawned":[4,8,11,16,23,28],"killed_by":"Nightmare","ascension_level":1}}