{"host":"hwgw78dblb98i0ci","time":1609105970,"event":{"mods":["BaseMod","Better Note","Better Third Choice","Hubris","Minty Spire (QoL Compilation)","StSLib","The Cursed","The Marked"],"gold_per_floor":[114,134,144,144,159,159,171,171,171,198,217,228,228,244,244,349,349,363,415,399,399,412,412,442,442,469,125,142,142,160,190,190,290,290,310,320,320,320,320,320,355,355,355,388,404,10,24,50,50,50,50,50,0,28,28],"floor_reached":56,"playtime":4777,"items_purged":["Pain","theMarked:Strike","theMarked:Defend"],"score":1374,"play_id":"e77dc7d7-9ae6-470b-8038-0e53de941f7a","local_time":"20201227165250","is_ascension_mode":false,"campfire_choices":[{"data":"theMarked:SoldierOfQuellstein","floor":6.0,"key":"SMITH"},{"data":"theMarked:ComboAttacks","floor":8.0,"key":"SMITH"},{"data":"theMarked:Generate","floor":13.0,"key":"SMITH"},{"data":"theMarked:Improvise","floor":15.0,"key":"SMITH"},{"data":"theMarked:EnhanceMovement","floor":23,"key":"SMITH"},{"data":"theMarked:Challenge","floor":25,"key":"SMITH"},{"data":"theMarked:SelfDefenseTraining","floor":32,"key":"SMITH"},{"data":"hubris:Insight","floor":40,"key":"SMITH"},{"data":"Sadistic Nature","floor":42,"key":"SMITH"},{"floor":49,"key":"RECALL"},{"data":"theMarked:SelfDefenseTraining","floor":52,"key":"SMITH"}],"circlet_count":0,"master_deck":["theMarked:Strike","theMarked:Strike+1","theMarked:Strike","theMarked:Strike+1","theMarked:Defend","theMarked:Defend","theMarked:Defend","theMarked:SoldierOfQuellstein+1","theMarked:SelfDefenseTraining+1","theMarked:ComboAttacks+1","theMarked:EnhanceMovement+1","theMarked:SelfDefenseTraining+1","theMarked:Generate+1","theMarked:Improvise+1","theMarked:Challenge+1","theMarked:MysticalArsenal+1","theMarked:Overthink+1","Sadistic Nature+1","hubris:Insight+1","theMarked:Improvise+1","theMarked:MysticalArsenal+1","theMarked:ResourceFulStrike+1","theMarked:ReduceFriction+1"],"relics":["theMarked:ArtifactOfAir","WarpedTongs","Bottled Lightning","Darkstone Periapt","Black Star","Boot","Gambling Chip","theMarked:NailFile","Juzu Bracelet","Smiling Mask","Bag of Preparation","hubris:HerbalPaste","Art of War","Ancient Tea Set","Orichalcum","Coffee Dripper","hubris:Towel","theMarked:VonisonLock","Oddly Smooth Stone","Nunchaku","Whetstone","Membership Card","theMarked:DemonDagger","Pear","Toy Ornithopter","Anchor","Strawberry"],"acts_visited":["Exordium","TheCity","TheBeyond","TheEnding"],"potions_floor_usage":[22,44,45,50,50,54],"damage_taken":[{"damage":0.0,"enemies":"2 Louse","floor":1.0,"turns":3.0},{"damage":1.0,"enemies":"Cultist","floor":2.0,"turns":3.0},{"damage":0.0,"enemies":"Jaw Worm","floor":3.0,"turns":5.0},{"damage":17.0,"enemies":"Lots of Slimes","floor":5.0,"turns":7.0},{"damage":5.0,"enemies":"Exordium Wildlife","floor":7.0,"turns":5.0},{"damage":16.0,"enemies":"Lagavulin","floor":10.0,"turns":5.0},{"damage":6.0,"enemies":"Blue Slaver","floor":11.0,"turns":3.0},{"damage":1.0,"enemies":"3 Louse","floor":12.0,"turns":4.0},{"damage":4.0,"enemies":"Large Slime","floor":14.0,"turns":4.0},{"damage":18.0,"enemies":"Hexaghost","floor":16.0,"turns":9.0},{"damage":2,"enemies":"Shell Parasite","floor":18,"turns":4},{"damage":15,"enemies":"2 Thieves","floor":20,"turns":4},{"damage":6,"enemies":"Shelled Parasite and Fungi","floor":22,"turns":4},{"damage":2,"enemies":"Book of Stabbing","floor":24,"turns":6},{"damage":0,"enemies":"Snecko","floor":28,"turns":4},{"damage":1,"enemies":"Cultist and Chosen","floor":30,"turns":3},{"damage":4,"enemies":"Gremlin Leader","floor":31,"turns":5},{"damage":13,"enemies":"Collector","floor":33,"turns":6},{"damage":0,"enemies":"3 Darklings","floor":35,"turns":3},{"damage":0,"enemies":"Orb Walker","floor":36,"turns":2},{"damage":1,"enemies":"Giant Head","floor":41,"turns":6},{"damage":15,"enemies":"Reptomancer","floor":44,"turns":4},{"damage":0,"enemies":"Sphere and 2 Shapes","floor":45,"turns":3},{"damage":0,"enemies":"Writhing Mass","floor":47,"turns":3},{"damage":0,"enemies":"hubris:GrandSnecko","floor":50,"turns":3},{"damage":2,"enemies":"Shield and Spear","floor":54,"turns":3},{"damage":119,"enemies":"The Heart","floor":55,"turns":6}],"seed_played":"772894643352974797","potions_obtained":[{"floor":1.0,"key":"SpeedPotion"},{"floor":2.0,"key":"EntropicBrew"},{"floor":3.0,"key":"ColorlessPotion"},{"floor":7.0,"key":"Explosive Potion"},{"floor":20,"key":"AttackPotion"},{"floor":24,"key":"GamblersBrew"},{"floor":30,"key":"PowerPotion"},{"floor":33,"key":"Weak Potion"},{"floor":36,"key":"Ancient Potion"},{"floor":44,"key":"DistilledChaos"},{"floor":47,"key":"AttackPotion"}],"is_trial":false,"path_per_floor":["M","M","M","?","M","R","M","R","T","E","M","M","R","M","R","B",null,"M","T","M","T","M","R","E","R","T","$","M","?","M","E","R","B",null,"M","M","?","?","?","R","E","R","T","E","M","$","M","T","R","B",null,"R","$","E","B",null],"character_chosen":"THE_DEFAULT","items_purchased":["Bag of Preparation","hubris:HerbalPaste","Membership Card","theMarked:DemonDagger","Pear"],"campfire_rested":0,"item_purchase_floors":[27,27,46,46,46],"current_hp_per_floor":[77,76,76,76,59,59,54,54,54,38,32,31,31,27,27,9,77,75,75,60,60,54,54,52,52,52,52,65,65,77,77,77,76,77,77,77,72,72,72,72,76,76,76,70,77,87,87,87,87,87,87,87,87,94,19],"gold":28,"neow_bonus":"TEN_PERCENT_HP_BONUS","is_daily":false,"chose_seed":false,"campfire_upgraded":10,"win_rate":0.0,"timestamp":1609105970,"path_taken":["M","M","M","?","M","R","M","R","T","E","M","M","R","M","R","BOSS","M","?","M","?","?","R","E","R","T","$","M","?","M","E","R","BOSS","M","M","?","?","?","R","E","R","T","E","M","$","M","?","R","BOSS","R","$","E","BOSS"],"items_purchased_type":["Relic","Relic","Relic","Relic","Relic"],"build_version":"2020-12-22","purchased_purges":3,"victory":true,"max_hp_per_floor":[77,77,77,77,77,77,77,77,77,77,77,77,77,77,77,77,77,77,77,77,77,77,77,77,77,77,77,77,77,77,77,77,77,77,77,77,77,77,77,77,77,77,77,77,77,87,87,87,87,87,87,87,87,94,94],"card_choices":[{"not_picked":["theMarked:Frustration","theMarked:MaelstromOfLightning"],"picked":"theMarked:SelfDefenseTraining","floor":1.0},{"not_picked":["theMarked:Overthink","theMarked:StartUp"],"picked":"theMarked:ComboAttacks","floor":2.0},{"not_picked":["theMarked:WastefulDefense","theMarked:ResourceFulStrike"],"picked":"theMarked:EnhanceMovement","floor":3.0},{"not_picked":["theMarked:TwofoldDefense","theMarked:BanishingStrike","theMarked:Parkour"],"picked":"SKIP","floor":5.0},{"not_picked":["theMarked:HeightenedSenses","theMarked:WastefulDefense","theMarked:GodGivenPower"],"picked":"SKIP","floor":7.0},{"not_picked":["theMarked:RepellingDischarge","theMarked:GodGivenPower"],"picked":"theMarked:SelfDefenseTraining","floor":10.0},{"not_picked":["theMarked:KeepCalmAndFightOn","theMarked:ElectricStrings"],"picked":"theMarked:Generate","floor":11.0},{"not_picked":["theMarked:EnhancedHearing","theMarked:StartUp"],"picked":"theMarked:Improvise","floor":12.0},{"not_picked":["theMarked:ChainLightning","theMarked:TwofoldDefense","theMarked:BanishingStrike"],"picked":"SKIP","floor":14.0},{"not_picked":["theMarked:UnarmedFury","theMarked:BindingBlade"],"picked":"theMarked:Challenge","floor":16.0},{"not_picked":["theMarked:WastefulDefense+1","theMarked:Electrify+1","theMarked:WastefulAttack"],"picked":"SKIP","floor":18},{"not_picked":["theMarked:Generate","theMarked:Overcharge"],"picked":"theMarked:MysticalArsenal+1","floor":20},{"not_picked":["theMarked:Overthink","theMarked:ElectricStrings","theMarked:MaelstromOfLightning+1"],"picked":"SKIP","floor":22},{"not_picked":["theMarked:TakeCover","theMarked:Generate+1","theMarked:WardOff+1"],"picked":"SKIP","floor":24},{"not_picked":["theMarked:CreepingChasm","theMarked:Parkour","theMarked:EmpowerWeapon+1"],"picked":"SKIP","floor":28},{"not_picked":["theMarked:SuspiciousRaven","theMarked:WastefulDefense","theMarked:BanishingStrike"],"picked":"SKIP","floor":30},{"not_picked":["theMarked:Parkour","theMarked:EmpowerWeapon"],"picked":"theMarked:Overthink+1","floor":31},{"not_picked":["theMarked:TakeCover","theMarked:BanishingStrike+1","theMarked:ElectricStrings"],"picked":"SKIP","floor":35},{"not_picked":["theMarked:ComboAttacks","theMarked:Aftermath","theMarked:Parkour"],"picked":"SKIP","floor":36},{"not_picked":["Magnetism","Blind"],"picked":"Sadistic Nature","floor":37},{"not_picked":["Trip","Jack Of All Trades"],"picked":"hubris:Insight","floor":37},{"not_picked":["theMarked:ChainLightning","theMarked:BanishingStrike+1","theMarked:SwordAndMagic"],"picked":"SKIP","floor":41},{"not_picked":["theMarked:TwofoldDefense+1","theMarked:ElectricStrings+1"],"picked":"theMarked:Improvise+1","floor":44},{"not_picked":["theMarked:Opportunist","theMarked:RepellingDischarge+1"],"picked":"theMarked:MysticalArsenal+1","floor":45},{"not_picked":["theMarked:WastefulAttack","theMarked:WardOff"],"picked":"theMarked:ResourceFulStrike+1","floor":47},{"not_picked":["theMarked:HeightenedSenses","theMarked:ElectricStrings+1"],"picked":"theMarked:ReduceFriction+1","floor":54}],"player_experience":228563,"relics_obtained":[{"floor":9.0,"key":"Bottled Lightning"},{"floor":10.0,"key":"Darkstone Periapt"},{"floor":19,"key":"Boot"},{"floor":21,"key":"Gambling Chip"},{"floor":24,"key":"theMarked:NailFile"},{"floor":24,"key":"Juzu Bracelet"},{"floor":26,"key":"Smiling Mask"},{"floor":31,"key":"Ancient Tea Set"},{"floor":31,"key":"Orichalcum"},{"floor":41,"key":"theMarked:VonisonLock"},{"floor":41,"key":"Oddly Smooth Stone"},{"floor":44,"key":"Nunchaku"},{"floor":44,"key":"Whetstone"},{"floor":48,"key":"Toy Ornithopter"},{"floor":54,"key":"Anchor"},{"floor":54,"key":"Strawberry"}],"event_choices":[{"damage_healed":0.0,"max_hp_gain":0.0,"max_hp_loss":0.0,"gold_gain":0.0,"event_name":"Accursed Blacksmith","player_choice":"Rummage","floor":4.0,"gold_loss":0.0,"damage_taken":0.0,"relics_obtained":["WarpedTongs"],"cards_obtained":["Pain"]},{"damage_healed":0,"gold_gain":0,"player_choice":"Gave Potion","damage_taken":0,"relics_obtained":["Art of War"],"max_hp_gain":0,"max_hp_loss":0,"event_name":"WeMeetAgain","floor":29,"gold_loss":0},{"damage_healed":0,"gold_gain":0,"player_choice":"Memory 2","damage_taken":5,"max_hp_gain":0,"max_hp_loss":0,"event_name":"SensoryStone","floor":37,"gold_loss":0},{"damage_healed":0,"gold_gain":0,"player_choice":"Ignored","damage_taken":0,"max_hp_gain":0,"max_hp_loss":0,"event_name":"Tomb of Lord Red Mask","floor":39,"gold_loss":0}],"is_beta":false,"boss_relics":[{"not_picked":["SlaversCollar","hubris:TerracottaHorce"],"picked":"Black Star"},{"not_picked":["Snecko Eye","theMarked:Eyepatch"],"picked":"Coffee Dripper"}],"items_purged_floors":[27,46,53],"is_endless":false,"potions_floor_spawned":[1,2,3,7,20,24,30,33,36,44,47],"ascension_level":0}}