{"host":"78zdngn0u28jm0pp","time":1609112584,"event":{"mods":["BaseMod","Jorbs\u0027s Wanderer Trilogy","Minty Spire (QoL Compilation)","Permanent Neow","Quick Restart","Relic Stats","StSLib","Unceasing Turn Reminder"],"gold_per_floor":[115,130,130,141,158,158,26,54,54,83,83,99,99,0,0,75,75,94,94,94,112,112,112,124,135,135,135,135,135],"floor_reached":28,"playtime":1725,"items_purged":["Parasite"],"score":456,"play_id":"7d9a0ea2-c50b-49ca-9a2e-f91814e4a246","local_time":"20201227164304","is_ascension_mode":true,"campfire_choices":[{"data":"Envenom","floor":6,"key":"SMITH"},{"data":"Corpse Explosion","floor":11,"key":"SMITH"},{"data":"Cloak And Dagger","floor":13,"key":"SMITH"},{"data":"Neutralize","floor":15,"key":"SMITH"},{"floor":23,"key":"REST"},{"floor":27,"key":"REST"}],"circlet_count":0,"master_deck":["AscendersBane","Strike_G","Strike_G","Strike_G","Strike_G","Strike_G","Defend_G","Defend_G","Defend_G","Defend_G","Defend_G","Survivor","Neutralize+1","Envenom+1","Backstab","Cloak And Dagger+1","Corpse Explosion+1","Blade Dance","Dagger Throw","Deflect","Backflip","Blade Dance","Footwork","Wraith Form v2","CurseOfTheBell","Footwork+1","Writhe","Blur","Acrobatics","Deflect","After Image+1","PiercingWail"],"relics":["Ring of the Snake","Oddly Smooth Stone","Pantograph","Calling Bell","Lantern","Ninja Scroll","Lizard Tail","MutagenicStrength","Dream Catcher","Frozen Egg 2","Orichalcum"],"acts_visited":["Exordium","TheCity"],"potions_floor_usage":[5,8,12,16,28],"damage_taken":[{"damage":5,"enemies":"Jaw Worm","floor":1,"turns":5},{"damage":1,"enemies":"Cultist","floor":2,"turns":3},{"damage":0,"enemies":"Small Slimes","floor":4,"turns":4},{"damage":1,"enemies":"Looter","floor":5,"turns":4},{"damage":3,"enemies":"Gremlin Nob","floor":8,"turns":3},{"damage":37,"enemies":"3 Sentries","floor":10,"turns":10},{"damage":3,"enemies":"Exordium Thugs","floor":12,"turns":2},{"damage":31,"enemies":"Slime Boss","floor":16,"turns":11},{"damage":6,"enemies":"Shell Parasite","floor":18,"turns":6},{"damage":10,"enemies":"3 Byrds","floor":21,"turns":6},{"damage":59,"enemies":"Sentry and Sphere","floor":24,"turns":16},{"damage":20,"enemies":"Shelled Parasite and Fungi","floor":25,"turns":8},{"damage":22,"enemies":"Cultist and Chosen","floor":28,"turns":5}],"seed_played":"-6961126706101709330","potions_obtained":[{"floor":1,"key":"AttackPotion"},{"floor":5,"key":"Ancient Potion"},{"floor":10,"key":"SteroidPotion"},{"floor":12,"key":"Energy Potion"},{"floor":25,"key":"Weak Potion"}],"is_trial":false,"path_per_floor":["M","M","?","M","M","R","$","E","T","E","R","M","R","$","R","B",null,"M","?","?","M","?","R","M","M","T","R","M"],"character_chosen":"THE_SILENT","items_purchased":["SkillPotion","Blade Dance","Footwork"],"campfire_rested":2,"item_purchase_floors":[7,14,14],"current_hp_per_floor":[54,53,53,53,52,52,52,49,49,12,12,9,9,9,9,3,48,42,42,42,32,32,50,23,3,3,21,0,0],"gold":135,"neow_bonus":"THREE_RARE_CARDS","is_daily":false,"chose_seed":false,"campfire_upgraded":4,"win_rate":0.0,"timestamp":1609112584,"path_taken":["M","M","?","M","?","R","$","E","T","E","R","M","R","?","R","BOSS","M","?","?","M","?","R","?","M","T","R","M"],"items_purchased_type":["Potion","Card","Card"],"build_version":"2020-12-22","purchased_purges":1,"victory":false,"max_hp_per_floor":[66,66,66,66,66,66,63,63,63,63,63,63,63,63,63,63,63,63,63,63,63,63,63,63,63,63,63,63,63],"relic_stats":{"Lizard Tail":31,"Dream Catcher":2,"counters":[13,83],"Pantograph":25,"Orichalcum":[0],"obtain_stats":[{"Calling Bell":17,"Lantern":17,"Lizard Tail":17,"Dream Catcher":20,"Ninja Scroll":17,"Pantograph":10,"MutagenicStrength":19,"Oddly Smooth Stone":8,"Frozen Egg 2":22,"Orichalcum":26,"Ring of the Snake":0},{"Calling Bell":8,"Lantern":8,"Lizard Tail":8,"Dream Catcher":9,"Ninja Scroll":8,"Pantograph":6,"MutagenicStrength":9,"Oddly Smooth Stone":5,"Frozen Egg 2":10,"Orichalcum":12,"Ring of the Snake":0},{"Calling Bell":42,"Lantern":42,"Lizard Tail":42,"Dream Catcher":48,"Ninja Scroll":42,"Pantograph":29,"MutagenicStrength":48,"Oddly Smooth Stone":19,"Frozen Egg 2":54,"Orichalcum":78,"Ring of the Snake":0}],"Ring of the Snake":[26]},"card_choices":[{"not_picked":["Adrenaline","A Thousand Cuts"],"picked":"Envenom","floor":0},{"not_picked":["Distraction","Underhanded Strike"],"picked":"Backstab","floor":1},{"not_picked":["Quick Slash","Prepared"],"picked":"Cloak And Dagger","floor":2},{"not_picked":["Prepared","Underhanded Strike"],"picked":"Corpse Explosion","floor":4},{"not_picked":["Deadly Poison","Dagger Spray"],"picked":"Blade Dance","floor":5},{"not_picked":["Deadly Poison","Cloak And Dagger"],"picked":"Dagger Throw","floor":8},{"not_picked":["Flying Knee","Sucker Punch"],"picked":"Deflect","floor":10},{"not_picked":["Outmaneuver","Distraction"],"picked":"Backflip","floor":12},{"not_picked":["Grand Finale","Night Terror"],"picked":"Wraith Form v2","floor":16},{"not_picked":["Sucker Punch","Riddle With Holes"],"picked":"Footwork+1","floor":18},{"not_picked":["Quick Slash","Underhanded Strike"],"picked":"Blur","floor":21},{"not_picked":["Sucker Punch+1","Outmaneuver"],"picked":"Acrobatics","floor":23},{"not_picked":["Outmaneuver","Expertise"],"picked":"Deflect","floor":24},{"not_picked":["Accuracy+1","Deflect"],"picked":"After Image+1","floor":25},{"not_picked":["Predator","Acrobatics+1"],"picked":"PiercingWail","floor":27}],"player_experience":696293,"relics_obtained":[{"floor":8,"key":"Oddly Smooth Stone"},{"floor":10,"key":"Pantograph"},{"floor":17,"key":"Lantern"},{"floor":17,"key":"Ninja Scroll"},{"floor":17,"key":"Lizard Tail"},{"floor":26,"key":"Orichalcum"}],"event_choices":[{"damage_healed":0,"gold_gain":0,"player_choice":"0 cards matched","damage_taken":0,"max_hp_gain":0,"max_hp_loss":0,"event_name":"Match and Keep!","floor":3,"gold_loss":0,"cards_obtained":[]},{"damage_healed":0,"gold_gain":0,"player_choice":"Inject Mutagens","damage_taken":0,"relics_obtained":["MutagenicStrength"],"max_hp_gain":0,"max_hp_loss":0,"event_name":"Drug Dealer","floor":19,"gold_loss":0},{"damage_healed":0,"gold_gain":0,"player_choice":"Opened","damage_taken":0,"relics_obtained":["Dream Catcher"],"max_hp_gain":0,"max_hp_loss":0,"event_name":"The Mausoleum","floor":20,"gold_loss":0,"cards_obtained":["Writhe"]},{"damage_healed":0,"gold_gain":0,"player_choice":"Gave Potion","damage_taken":0,"relics_obtained":["Frozen Egg 2"],"max_hp_gain":0,"max_hp_loss":0,"event_name":"WeMeetAgain","floor":22,"gold_loss":0}],"is_beta":false,"boss_relics":[{"not_picked":["HoveringKite","Runic Dome"],"picked":"Calling Bell"}],"items_purged_floors":[7],"is_endless":false,"potions_floor_spawned":[1,5,10,12,25],"killed_by":"Cultist and Chosen","ascension_level":20}}