{"host":"ff0k6g9g9j8o52vm","time":1609059798,"event":{"mods":["AchievementEnabler","Astrologer","BaseMod","Beaked The Cultist","Colored Map","Colored Powertips","Downfall","Duelist Mod","GifTheSpireLib","Gremlin Mod","Hermit","Highlight Path","Hubris","Infinite Spire","Jorbs\u0027s Wanderer Trilogy","Koishi","Marisa????????","Minty Spire (QoL Compilation)","Quick Restart","Replay The Spire","StSLib","The Animator","The Bug Knight","The Construct","The Cursed","The Disciple","The Forsaken","The Hayseed","The Hierophant","The Judge","The Jungle","The Mystic","The Necromancer","The Poker Player","The Runesmith","The Senshi","The Servant 0.9.4","TheArtist"],"gold_per_floor":[99,112,128,142,72,106,106,106,123,123,123,141,25,42,55,150,150,150,150,150,165,183,183,183,199,349,349,349,349],"floor_reached":27,"playtime":2415,"items_purged":[],"score":215,"play_id":"86f70f34-ea74-4122-a7cf-e42812f9713d","local_time":"20201227010318","is_ascension_mode":false,"campfire_choices":[{"data":"Slimebound:CorrosiveSpit","floor":1,"key":"SMITH"},{"data":"Slimebound:SplitMire","floor":10,"key":"SMITH"},{"floor":18,"key":"DIG"}],"circlet_count":0,"master_deck":["Slimebound:Strike_Slimebound","Slimebound:Strike_Slimebound","Slimebound:Tackle","Slimebound:Defend_Slimebound","Slimebound:Defend_Slimebound","Slimebound:Defend_Slimebound","Slimebound:Defend_Slimebound","Slimebound:Split","Slimebound:CorrosiveSpit+1","Slimebound:RainOfGoop+1","Slimebound:Repurpose","Slimebound:RallyTheTroops","Slimebound:PressTheAttack","Slimebound:Equalize+1","Slimebound:SplitMire+1","Parasite","Slimebound:Schlurp","Slimebound:LeechEnergy","Slimebound:MinionMaster","Slimebound:GoopSpray","Slimebound:LeechEnergy","Slimebound:Gluttony","Slimebound:FirmFortitude","Slimebound:PrepareCrush","infinitespire:TheBestDefense","Slimebound:SpikyOuterGoop","Slimebound:SplitMire","hierophant:ThreeLashes","Slimebound:SlimeSlap"],"relics":["Slimebound:AbsorbEndCombat","infinitespire:EmpoweringShard","SlaversCollar","Replay:Baseball","Snack Pack"],"acts_visited":["Exordium","TheCity"],"potions_floor_usage":[13,21,25],"damage_taken":[{"damage":4,"enemies":"Cultist","floor":2,"turns":4},{"damage":4,"enemies":"2 Louse","floor":3,"turns":2},{"damage":11,"enemies":"Jaw Worm","floor":4,"turns":3},{"damage":15,"enemies":"downfall:FleeingMerchant","floor":5,"turns":4},{"damage":45,"enemies":"3 Sentries","floor":6,"turns":8},{"damage":8,"enemies":"2 Fungi Beasts","floor":9,"turns":2},{"damage":11,"enemies":"Large Slime","floor":12,"turns":2},{"damage":24,"enemies":"downfall:FleeingMerchant","floor":13,"turns":4},{"damage":9,"enemies":"3 Louse","floor":14,"turns":2},{"damage":8,"enemies":"Red Slaver","floor":15,"turns":2},{"damage":67,"enemies":"downfall:Watcher","floor":16,"turns":8},{"damage":30,"enemies":"Shell Parasite","floor":21,"turns":4},{"damage":21,"enemies":"Snecko","floor":22,"turns":5},{"damage":52,"enemies":"Cultist and Chosen","floor":25,"turns":6},{"damage":46,"enemies":"Snake Plant","floor":27,"turns":2}],"seed_played":"-7272675254774314377","potions_obtained":[{"floor":0,"key":"sneckomod:MuddlingPotion"},{"floor":0,"key":"EssenceOfSteel"},{"floor":0,"key":"SneckoOil"},{"floor":15,"key":"Languid Potion"},{"floor":21,"key":"Elixir"}],"is_trial":false,"path_per_floor":["R","M","M","M","$","E","T","?","M","R","?","M","$","M","M","B",null,"R_BF","?","?","M","M","?","T","M","?","M"],"character_chosen":"SLIMEBOUND","items_purchased":["Slimebound:Equalize+1","Slimebound:GoopSpray","Slimebound:LeechEnergy"],"campfire_rested":0,"item_purchase_floors":[5,13,13],"current_hp_per_floor":[60,60,60,60,58,39,39,54,60,60,60,57,57,60,60,35,60,60,60,45,45,50,50,50,30,30,0,0,0],"gold":349,"neow_bonus":"THREE_SMALL_POTIONS","is_daily":false,"chose_seed":false,"campfire_upgraded":2,"win_rate":0.0,"timestamp":1609059798,"path_taken":["R","M","M","M","?","E","T","?","M","R","?","M","$","?","M","BOSS","R_BF","?","?","M","M","?","T","M","?","?"],"items_purchased_type":["Card","Card","Card"],"build_version":"2020-12-22","purchased_purges":0,"victory":false,"max_hp_per_floor":[60,60,60,60,60,60,60,60,60,60,60,60,60,60,60,60,60,60,60,60,60,60,60,60,60,60,60,60,60],"card_choices":[{"not_picked":["Slimebound:SplitAcid","Slimebound:GoopSpray"],"picked":"Slimebound:RainOfGoop","floor":2},{"not_picked":["Slimebound:ViciousTackle","Slimebound:SlimeSpikes"],"picked":"Slimebound:Repurpose","floor":3},{"not_picked":["Slimebound:LeechingTouch","Slimebound:SlimeSpikes"],"picked":"Slimebound:RallyTheTroops","floor":4},{"not_picked":["Slimebound:GoopSpray","Slimebound:SplitLeeching"],"picked":"Slimebound:PressTheAttack","floor":5},{"not_picked":["Slimebound:SplitLeeching","Slimebound:LevelUp"],"picked":"Slimebound:SplitMire","floor":6},{"not_picked":["Slimebound:Chomp","Slimebound:ComboTackle"],"picked":"Slimebound:Schlurp","floor":9},{"not_picked":["Slimebound:SpikyOuterGoop","Slimebound:RainOfGoop"],"picked":"Slimebound:LeechEnergy","floor":12},{"not_picked":["Slimebound:BestDefense","Slimebound:GrowthPunch"],"picked":"Slimebound:MinionMaster","floor":13},{"not_picked":["Slimebound:Schlurp","Slimebound:PressTheAttack"],"picked":"Slimebound:Gluttony","floor":14},{"not_picked":["Slimebound:LevelUp","Slimebound:GrowthPunch"],"picked":"Slimebound:FirmFortitude","floor":15},{"not_picked":["Slimebound:OneTwoCombo","Slimebound:MassRepurpose"],"picked":"Slimebound:PrepareCrush","floor":16},{"not_picked":["infinitespire:FinalStrike","hubris:InfiniteBlow"],"picked":"infinitespire:TheBestDefense","floor":20},{"not_picked":["Slimebound:SplitBruiser","Slimebound:Gluttony"],"picked":"Slimebound:SpikyOuterGoop","floor":21},{"not_picked":["Slimebound:PressTheAttack","Slimebound:ViciousTackle"],"picked":"Slimebound:SplitMire","floor":22},{"not_picked":["Slimebound:SlimeSpikes","Slimebound:BestDefense"],"picked":"Slimebound:SlimeSlap","floor":25}],"player_experience":866958,"relics_obtained":[{"floor":6,"key":"hubris:CrystalStatue"},{"floor":7,"key":"infinitespire:EmpoweringShard"},{"floor":18,"key":"Replay:Baseball"},{"floor":24,"key":"Snack Pack"}],"event_choices":[{"damage_healed":15,"gold_gain":0,"player_choice":"Healed and dodged fight","damage_taken":0,"max_hp_gain":0,"max_hp_loss":0,"event_name":"Mushrooms","floor":8,"gold_loss":0,"cards_obtained":["Parasite"]},{"damage_healed":0,"gold_gain":0,"player_choice":"Forge","damage_taken":0,"max_hp_gain":0,"max_hp_loss":0,"event_name":"Accursed Blacksmith","floor":11,"gold_loss":0,"cards_upgraded":["Slimebound:RainOfGoop"]},{"damage_healed":0,"gold_gain":0,"player_choice":"Read","damage_taken":0,"max_hp_gain":0,"max_hp_loss":0,"event_name":"The Library","floor":23,"gold_loss":0,"cards_obtained":["hierophant:ThreeLashes"]}],"is_beta":false,"boss_relics":[{"not_picked":["theForsaken:PaleLantern","Fusion Hammer"],"picked":"SlaversCollar"}],"items_purged_floors":[],"is_endless":false,"potions_floor_spawned":[2,6,9,15,16,21],"killed_by":"Snake Plant","ascension_level":0}}