{"host":"17xjy7b7ubl548g2","time":1609045934,"event":{"mods":["2.2 Compatiblity","Act Like it!","Aspiration","Astrologer","Bard","BaseMod","Bestiary","Challenge The Spire","ChefMod","Colored Map","Conspire","Elementarium","Energized Spire","GifTheSpireLib","Halation","Hallownest","Hermit","Hubris","Infinite Spire","Jedi Mod","Jorbs\u0027s Wanderer Trilogy","Marisa（霧雨　魔理沙）","Marked Mod","Minty Spire (QoL Compilation)","Pale of the Ancients","Permanent Neow","Puzzle Mod","Replay The Spire","Robot Space Explorer","Spicy Shops","StSLib","Stuff the Spire","The Blue Laboratory","The Bug Knight","The Construct","The Disciple","The Hayseed","The Hierophant","The Runesmith","The Sage"],"gold_per_floor":[112,6,68,84,96,127,127,127,153,153,165,185,185,185,185,262,262,273,293,308,308,320,320,352,352,399,399,411,445,445,445],"floor_reached":30,"playtime":2722,"items_purged":["Decay","Strike_G"],"score":466,"play_id":"e05ff391-2f86-4ae8-88a7-d9821ead7c90","local_time":"20201227001214","is_ascension_mode":true,"campfire_choices":[{"data":"Neutralize","floor":7.0,"key":"SMITH"},{"data":"A Thousand Cuts","floor":10.0,"key":"SMITH"},{"data":"Bullet Time","floor":15.0,"key":"SMITH"},{"data":"infinitespire:SevenWalls","floor":23,"key":"SMITH"},{"data":"Malaise","floor":25,"key":"SMITH"},{"data":"Adrenaline","floor":27,"key":"SMITH"}],"circlet_count":0,"master_deck":["AscendersBane","Strike_G","Strike_G","Strike_G","Strike_G","Defend_G","Defend_G","Defend_G","Defend_G","Defend_G","Survivor","Neutralize+1","Bullet Time+1","PiercingWail","Dagger Spray","Backflip","Deadly Poison","Backflip","A Thousand Cuts+1","Terror","Deadly Poison","Adrenaline+1","Cloak And Dagger","Poisoned Stab","Backstab+1","infinitespire:SevenWalls+1","ReplayTheSpireMod:Speed Training","Malaise+1","Fluid Movement+1"],"relics":["Membership Card","Snake Skull","Runesmith:AutoHammer","Centennial Puzzle","Sizzling Blood","hubris:Icosahedron","energizedSpire:RedRose","construct:WeddingRing","MealTicket","Nunchaku","WingedGreaves"],"acts_visited":["Exordium","Exordium"],"potions_floor_usage":[19,20,24,29],"damage_taken":[{"damage":0.0,"enemies":"Small Slimes","floor":1.0,"turns":5.0},{"damage":0.0,"enemies":"2 Louse","floor":4.0,"turns":3.0},{"damage":0.0,"enemies":"Cultist","floor":5.0,"turns":3.0},{"damage":20.0,"enemies":"Replay:BlueRogue","floor":6.0,"turns":9.0},{"damage":3.0,"enemies":"3 Louse","floor":11.0,"turns":3.0},{"damage":7.0,"enemies":"Red Slaver","floor":12.0,"turns":5.0},{"damage":2.0,"enemies":"Hexaghost","floor":16.0,"turns":9.0},{"damage":17.0,"enemies":"Elementarium:MUD_AND_TAR_GOLEMS","floor":18.0,"turns":6.0},{"damage":15,"enemies":"Elementarium:VoidCorruption","floor":19,"turns":7},{"damage":2,"enemies":"Elementarium:RubyGolem","floor":20,"turns":4},{"damage":1,"enemies":"Elementarium:3_ELEMENTALS","floor":22,"turns":1},{"damage":1,"enemies":"Elementarium:ElementalPortal","floor":24,"turns":8},{"damage":2,"enemies":"Elementarium:VOID_CORRUPTION_AND_ORB_OF_FIRE","floor":28,"turns":6},{"damage":24,"enemies":"Elementarium:FIRE_NOBILITY","floor":29,"turns":9},{"damage":2,"enemies":"Elementarium:FIRE_SANCTUM_HERALD","floor":30,"turns":3},{"damage":5,"enemies":"Elementarium:FIRE_SANCTUM_FIRELORD","floor":30,"turns":2}],"seed_played":"4014084475621071330","potions_obtained":[{"floor":1.0,"key":"BlessingOfTheForge"},{"floor":3.0,"key":"jedi:holywater"},{"floor":5.0,"key":"Strength Potion"},{"floor":6.0,"key":"blueLaboratory:FrostheartPotion"},{"floor":16.0,"key":"blueLaboratory:FrostheartPotion"},{"floor":19,"key":"blueLaboratory:HummingbirdPotion"},{"floor":24,"key":"DuplicationPotion"},{"floor":29,"key":"blueLaboratory:HeartbeatPotion"}],"is_trial":false,"path_per_floor":["M","$","?","M","M","E","R","?","T","R","M","M","?","?","R","B",null,"M","M","M","AVR","M","R","E","R","T","R","M","E","?"],"character_chosen":"THE_SILENT","items_purchased":["Membership Card"],"campfire_rested":0,"item_purchase_floors":[2],"current_hp_per_floor":[59,59,40,40,40,20,20,20,20,20,17,10,14,14,14,16,52,39,28,30,30,33,33,36,36,36,36,38,18,15,15],"gold":445,"neow_bonus":"THREE_RARE_CARDS","is_daily":false,"chose_seed":false,"campfire_upgraded":6,"win_rate":0.0,"timestamp":1609045934,"path_taken":["M","$","?","M","?","E","R","?","T","R","?","M","?","?","R","BOSS","M","M","M","AVR","M","R","E","R","T","R","M","E","?"],"items_purchased_type":["Relic"],"build_version":"2020-12-22","purchased_purges":2,"victory":false,"max_hp_per_floor":[60,60,60,60,60,60,60,60,60,60,60,60,64,64,64,64,64,64,64,64,64,64,64,64,64,64,64,64,64,64,64],"card_choices":[{"not_picked":["Venomology","Night Terror"],"picked":"Bullet Time","floor":0.0},{"not_picked":["jedi:poisonivy","Terror"],"picked":"PiercingWail","floor":1.0},{"not_picked":["StuffTheSpire:BrimstoneBlast","Replay:Poison Smokescreen"],"picked":"Dagger Spray","floor":3.0},{"not_picked":["Slice","Heel Hook"],"picked":"Backflip","floor":3.0},{"not_picked":["jedi:collectorvenom","jedi:acidrain"],"picked":"Deadly Poison","floor":4.0},{"not_picked":["Hidden Blade","StuffTheSpire:ClusterCrunch","Quick Slash"],"picked":"SKIP","floor":5.0},{"not_picked":["Flechettes","Night Terror"],"picked":"Backflip","floor":6.0},{"not_picked":["Slice","StuffTheSpire:Injection"],"picked":"Terror","floor":11.0},{"not_picked":["Blade Dance","Backflip"],"picked":"Deadly Poison","floor":12.0},{"not_picked":["After Image","Poison Darts"],"picked":"Adrenaline","floor":16.0},{"not_picked":["Caltrops","Choke"],"picked":"Cloak And Dagger","floor":18.0},{"not_picked":["StuffTheSpire:Python","hubris:SlightOfHand"],"picked":"Poisoned Stab","floor":19},{"not_picked":["Tactician","Dagger Spray"],"picked":"Backstab+1","floor":20},{"not_picked":["Noxious Fumes","Backflip"],"picked":"ReplayTheSpireMod:Speed Training","floor":22},{"not_picked":["Leg Sweep","StuffTheSpire:Incantation"],"picked":"Malaise","floor":24},{"not_picked":["Riddle With Holes","StuffTheSpire:Python"],"picked":"Fluid Movement+1","floor":28},{"not_picked":["Outmaneuver","Tools of the Trade","Escape Plan"],"picked":"SKIP","floor":29}],"player_experience":1634526,"relics_obtained":[{"floor":3.0,"key":"Snake Skull"},{"floor":6.0,"key":"Runesmith:AutoHammer"},{"floor":9.0,"key":"Centennial Puzzle"},{"floor":24,"key":"MealTicket"},{"floor":26,"key":"Nunchaku"},{"floor":29,"key":"WingedGreaves"}],"event_choices":[{"damage_healed":0.0,"max_hp_gain":0.0,"max_hp_loss":0.0,"gold_gain":0.0,"event_name":"Match and Keep!","player_choice":"1 cards matched","floor":8.0,"gold_loss":0.0,"damage_taken":0.0,"cards_obtained":["A Thousand Cuts"]},{"damage_healed":0,"gold_gain":0,"player_choice":"Fight","damage_taken":0,"max_hp_gain":0,"max_hp_loss":0,"event_name":"Elementarium:FireSanctum","floor":30,"gold_loss":0},{"damage_healed":0,"gold_gain":0,"player_choice":"Confrontation","damage_taken":0,"max_hp_gain":0,"max_hp_loss":0,"event_name":"Elementarium:FireSanctum","floor":30,"gold_loss":0}],"is_beta":false,"boss_relics":[{"not_picked":["Honey Jar","aspiration:MobileForge"],"picked":"energizedSpire:RedRose"}],"items_purged_floors":[2,21],"is_endless":false,"potions_floor_spawned":[1,5,6,16,18,19,24,29],"killed_by":"Elementarium:FIRE_SANCTUM_FIRELORD","ascension_level":17}}