{"host":"dcj2yvrgcvh5dl2s","time":1609058936,"event":{"mods":["BaseMod","Better Note","Block Reminder","Colored Powertips","DeckTracker","Minty Spire (QoL Compilation)","Quick Restart","Rare Cards Sparkle","Relic Stats","StSLib"],"gold_per_floor":[13,13,163,59,59,59,77,77,77],"floor_reached":8,"playtime":233,"items_purged":["Doubt"],"score":79,"play_id":"1adfe732-61c9-427a-858d-681f82be92e4","local_time":"20201227184856","is_ascension_mode":true,"campfire_choices":[{"data":"Inflame","floor":6,"key":"SMITH"}],"circlet_count":0,"master_deck":["AscendersBane","Strike_R","Strike_R","Strike_R","Defend_R","Defend_R","Defend_R","Defend_R","Bash","Inflame+1","Cleave","Regret","Shrug It Off"],"relics":["Burning Blood","Golden Idol","Champion Belt"],"acts_visited":["Exordium"],"potions_floor_usage":[8],"damage_taken":[{"damage":4,"enemies":"Small Slimes","floor":1,"turns":5},{"damage":13,"enemies":"Jaw Worm","floor":7,"turns":3},{"damage":42,"enemies":"Lagavulin","floor":8,"turns":8}],"seed_played":"9141416513661551366","potions_obtained":[{"floor":1,"key":"Energy Potion"}],"is_trial":false,"path_per_floor":["M","?","?","$","?","R","M","E"],"character_chosen":"IRONCLAD","items_purchased":["Cleave"],"campfire_rested":0,"item_purchase_floors":[4],"current_hp_per_floor":[70,44,44,44,44,44,37,0,0],"gold":77,"neow_bonus":"REMOVE_TWO","is_daily":false,"chose_seed":false,"campfire_upgraded":1,"win_rate":0.0,"timestamp":1609058936,"path_taken":["M","?","?","?","?","R","?","E"],"items_purchased_type":["Card"],"build_version":"2020-12-22","purchased_purges":1,"victory":false,"max_hp_per_floor":[75,75,75,75,75,75,75,75,75],"relic_stats":{"counters":[3,16],"Golden Idol":4,"Champion Belt":[4],"obtain_stats":[{"Golden Idol":2,"Champion Belt":5,"Burning Blood":0},{"Golden Idol":1,"Champion Belt":1,"Burning Blood":0},{"Golden Idol":5,"Champion Belt":5,"Burning Blood":0}],"Burning Blood":12},"card_choices":[{"not_picked":["Thunderclap","Twin Strike"],"picked":"Inflame","floor":1},{"not_picked":["Anger","Carnage"],"picked":"Shrug It Off","floor":7}],"player_experience":2059033,"relics_obtained":[],"event_choices":[{"damage_healed":0,"gold_gain":0,"player_choice":"Take Damage","damage_taken":26,"relics_obtained":["Golden Idol"],"max_hp_gain":0,"max_hp_loss":0,"event_name":"Golden Idol","floor":2,"gold_loss":0},{"damage_healed":0,"gold_gain":150,"player_choice":"AGREE","damage_taken":0,"max_hp_gain":0,"max_hp_loss":0,"event_name":"Liars Game","floor":3,"gold_loss":0,"cards_obtained":["Doubt"]},{"damage_healed":0,"gold_gain":0,"player_choice":"Box","damage_taken":0,"relics_obtained":["Champion Belt"],"max_hp_gain":0,"max_hp_loss":0,"event_name":"Big Fish","floor":5,"gold_loss":0,"cards_obtained":["Regret"]}],"is_beta":false,"boss_relics":[],"items_purged_floors":[4],"is_endless":false,"potions_floor_spawned":[1],"killed_by":"Lagavulin","ascension_level":16}}