{"host":"0i8dz4ityulxi1rd","time":1609082576,"event":{"mods":["BaseMod","Colored Map","Colored Powertips","Custom Start","Highlight Path","Hubris","Keyboard Shortcuts","Minty Spire (QoL Compilation)","StSLib","SuperFastMode"],"gold_per_floor":[109,109,129,129,129,129,158,158,181,256,291,303,71,82,82,156,156,169,188,188,188,188],"floor_reached":21,"playtime":647,"items_purged":["Defend_G"],"score":420,"play_id":"d7d43e42-e1b4-4d6d-9d44-db14484c2c40","local_time":"20201228002256","is_ascension_mode":true,"campfire_choices":[{"data":"1","floor":6,"key":"LIFT"},{"data":"2","floor":8,"key":"LIFT"},{"floor":15,"key":"REST"}],"circlet_count":0,"master_deck":["AscendersBane","Strike_G","Strike_G","Strike_G","Strike_G","Strike_G","Defend_G","Defend_G","Defend_G","Defend_G","Survivor","Neutralize","Bouncing Flask","Deadly Poison","Backflip","Wraith Form v2","Reboot","Skewer+1"],"relics":["Ring of the Snake","NeowsBlessing","hubris:Towel","Girya","hubris:PeanutButter","hubris:SlimyHat","MawBank","PrismaticShard","hubris:Backtick","Burning Blood","Smiling Mask"],"acts_visited":["Exordium","TheCity"],"potions_floor_usage":[],"damage_taken":[{"damage":0,"enemies":"Small Slimes","floor":1,"turns":1},{"damage":0,"enemies":"Jaw Worm","floor":3,"turns":1},{"damage":0,"enemies":"Lagavulin","floor":7,"turns":1},{"damage":45,"enemies":"3 Sentries","floor":11,"turns":12},{"damage":0,"enemies":"2 Louse","floor":14,"turns":3},{"damage":23,"enemies":"The Guardian","floor":16,"turns":11},{"damage":15,"enemies":"Shell Parasite","floor":18,"turns":9},{"damage":42,"enemies":"3 Byrds","floor":19,"turns":6},{"damage":0,"enemies":"Shelled Parasite and Fungi","floor":21,"turns":3}],"seed_played":"3356859049893318175","potions_obtained":[{"floor":1,"key":"Ancient Potion"},{"floor":16,"key":"Ancient Potion"}],"is_trial":false,"path_per_floor":["M","?","M","?","?","R","E","R","T","?","E","$","$","M","R","B",null,"M","M","?","M"],"character_chosen":"THE_SILENT","items_purchased":["PrismaticShard"],"campfire_rested":1,"item_purchase_floors":[13],"current_hp_per_floor":[59,64,64,64,59,59,59,59,59,48,3,3,3,3,24,1,54,45,9,9,9,9],"gold":188,"neow_bonus":"THREE_ENEMY_KILL","is_daily":false,"chose_seed":false,"campfire_upgraded":0,"win_rate":0.0,"timestamp":1609082576,"path_taken":["M","?","M","?","?","R","E","R","T","?","E","?","$","M","R","BOSS","M","M","?","M"],"items_purchased_type":["Relic"],"build_version":"2020-12-22","purchased_purges":1,"victory":false,"max_hp_per_floor":[66,71,71,71,71,71,71,71,71,71,71,71,71,71,71,71,71,71,71,71,71,71],"card_choices":[{"not_picked":["Concentrate","Backflip"],"picked":"Bouncing Flask","floor":1},{"not_picked":["Distraction","Deflect"],"picked":"Deadly Poison","floor":3},{"not_picked":["Slice","Prepared"],"picked":"Backflip","floor":7},{"not_picked":["Deadly Poison","hubris:Counter"],"picked":"Wraith Form v2","floor":11},{"not_picked":["Rip and Tear","Dash","Thunderclap"],"picked":"SKIP","floor":14},{"not_picked":["Offering","hubris:Prefetch"],"picked":"Reboot","floor":16},{"not_picked":["Rebound","Coolheaded"],"picked":"Skewer+1","floor":18},{"not_picked":["Coolheaded","Genetic Algorithm"],"picked":"JustLucky+1","floor":19}],"player_experience":1267862,"relics_obtained":[{"floor":7,"key":"hubris:PeanutButter"},{"floor":9,"key":"hubris:SlimyHat"},{"floor":11,"key":"MawBank"}],"event_choices":[{"damage_healed":0,"gold_gain":0,"player_choice":"Donut","damage_taken":0,"max_hp_gain":5,"max_hp_loss":0,"event_name":"Big Fish","floor":2,"gold_loss":0},{"damage_healed":0,"gold_gain":0,"player_choice":"Success","damage_taken":5,"relics_obtained":["Girya"],"max_hp_gain":0,"max_hp_loss":0,"event_name":"Scrap Ooze","floor":5,"gold_loss":0},{"damage_healed":0,"gold_gain":75,"player_choice":"Gather Gold","damage_taken":11,"max_hp_gain":0,"max_hp_loss":0,"event_name":"World of Goop","floor":10,"gold_loss":0},{"cards_removed":["JustLucky"],"damage_healed":0,"gold_gain":0,"player_choice":"Gave Card","damage_taken":0,"relics_obtained":["Smiling Mask"],"max_hp_gain":0,"max_hp_loss":0,"event_name":"WeMeetAgain","floor":20,"gold_loss":0}],"is_beta":false,"boss_relics":[{"not_picked":["hubris:ScarierMask","Runic Dome"],"picked":"hubris:Backtick"}],"items_purged_floors":[13],"is_endless":false,"potions_floor_spawned":[1,16,19],"killed_by":"Shelled Parasite and Fungi","ascension_level":20}}