{"host":"zig6x0mxqzam82fb","time":1609050614,"event":{"mods":["BaseMod","Block Reminder","Colored Map","Colored Powertips","Minty Spire (QoL Compilation)","Relic Stats","StSLib","The Marked"],"gold_per_floor":[113,127,127,142,142,173,173,183,183,214,228,228,11,41,41,137,137,154,172,87,116,126,126,137,137,161,197,221,243,33,75,75,186,186,213,213,235,264,273,273,302,343,343,363,363,422,440,18,18,18],"floor_reached":51,"playtime":5565,"items_purged":[],"score":727,"play_id":"827bfb04-25fd-4591-86c9-c0abe7438110","local_time":"20201227013014","is_ascension_mode":false,"campfire_choices":[{"floor":7,"key":"REST"},{"floor":15,"key":"REST"},{"floor":23,"key":"REST"},{"floor":25,"key":"REST"},{"floor":32,"key":"REST"},{"floor":40,"key":"REST"},{"floor":45,"key":"REST"},{"floor":49,"key":"REST"}],"circlet_count":0,"master_deck":["theMarked:Strike","theMarked:Strike","theMarked:Strike","theMarked:Strike+1","theMarked:Defend","theMarked:Defend","theMarked:Defend","theMarked:Defend","theMarked:SoldierOfQuellstein+1","theMarked:Overcharge","theMarked:Static","theMarked:RogueSparks","theMarked:BindingBlade","theMarked:WardOff","theMarked:MaelstromOfLightning","theMarked:GodGivenPower","theMarked:SummonStrength","theMarked:TakeCover","theMarked:EmpowerWeapon","theMarked:ThrowWeapon","theMarked:Aftermath+1","theMarked:FavorableWinds","theMarked:SwordAndMagic","theMarked:WardOff","theMarked:ChainLightning","theMarked:Indomitable","theMarked:ComboAttacks+1","theMarked:ReduceFriction","theMarked:DeterminationOfTheMarked","theMarked:TurnInvisible","theMarked:SummonStrength","theMarked:HeightenedSenses+1","theMarked:MagicAdept+1","theMarked:Reabsorb+1","Metamorphosis","theMarked:HeightenedSenses","theMarked:TwofoldDefense+1","theMarked:HeightenedSenses","theMarked:TwofoldDefense","Madness","Madness","theMarked:SoldierForm"],"relics":["theMarked:ArtifactOfAir","Lantern","Bottled Tornado","White Beast Statue","Thread and Needle","Odd Mushroom","Black Star","Smiling Mask","Red Mask","CeramicFish","Toy Ornithopter","Bottled Flame","Blood Vial","theMarked:VonisonLock","Happy Flower","Velvet Choker","Pear","Centennial Puzzle","Question Card","Shovel","Lizard Tail"],"acts_visited":["Exordium","TheCity","TheBeyond"],"potions_floor_usage":[6,6,10,14,14,18,21,22,22,24,24,27,29,30,31,31,33,35,37,38,41,42,46,50,50],"damage_taken":[{"damage":5,"enemies":"Small Slimes","floor":1,"turns":4},{"damage":7,"enemies":"Jaw Worm","floor":2,"turns":4},{"damage":0,"enemies":"2 Louse","floor":4,"turns":1},{"damage":22,"enemies":"Lagavulin","floor":6,"turns":3},{"damage":1,"enemies":"Exordium Wildlife","floor":8,"turns":5},{"damage":10,"enemies":"Gremlin Nob","floor":10,"turns":3},{"damage":4,"enemies":"2 Fungi Beasts","floor":11,"turns":3},{"damage":3,"enemies":"The Mushroom Lair","floor":14,"turns":3},{"damage":7,"enemies":"The Guardian","floor":16,"turns":8},{"damage":2,"enemies":"Spheric Guardian","floor":18,"turns":4},{"damage":11,"enemies":"Shell Parasite","floor":19,"turns":6},{"damage":33,"enemies":"Masked Bandits","floor":21,"turns":5},{"damage":0,"enemies":"Snake Plant","floor":22,"turns":2},{"damage":10,"enemies":"3 Cultists","floor":24,"turns":5},{"damage":34,"enemies":"Gremlin Leader","floor":27,"turns":8},{"damage":11,"enemies":"Snecko","floor":28,"turns":6},{"damage":15,"enemies":"Sentry and Sphere","floor":29,"turns":6},{"damage":42,"enemies":"Book of Stabbing","floor":31,"turns":7},{"damage":26,"enemies":"Champ","floor":33,"turns":10},{"damage":17,"enemies":"Orb Walker","floor":35,"turns":3},{"damage":22,"enemies":"3 Darklings","floor":37,"turns":7},{"damage":16,"enemies":"Jaw Worm Horde","floor":38,"turns":5},{"damage":25,"enemies":"Maw","floor":41,"turns":7},{"damage":42,"enemies":"Nemesis","floor":42,"turns":9},{"damage":0,"enemies":"3 Darklings","floor":44,"turns":7},{"damage":8,"enemies":"Mind Bloom Boss Battle","floor":46,"turns":9},{"damage":123,"enemies":"Time Eater","floor":50,"turns":10}],"seed_played":"8330702840210721890","potions_obtained":[{"floor":1,"key":"FearPotion"},{"floor":4,"key":"theMarked:ChargePotion"},{"floor":8,"key":"Explosive Potion"},{"floor":11,"key":"Explosive Potion"},{"floor":14,"key":"DuplicationPotion"},{"floor":16,"key":"Block Potion"},{"floor":18,"key":"PowerPotion"},{"floor":19,"key":"GamblersBrew"},{"floor":21,"key":"LiquidBronze"},{"floor":22,"key":"Swift Potion"},{"floor":24,"key":"Energy Potion"},{"floor":28,"key":"BlessingOfTheForge"},{"floor":29,"key":"EntropicBrew"},{"floor":31,"key":"FearPotion"},{"floor":33,"key":"Weak Potion"},{"floor":35,"key":"DistilledChaos"},{"floor":37,"key":"Weak Potion"},{"floor":38,"key":"Swift Potion"},{"floor":41,"key":"PowerPotion"},{"floor":42,"key":"SteroidPotion"},{"floor":44,"key":"Swift Potion"},{"floor":46,"key":"Fire Potion"}],"is_trial":false,"path_per_floor":["M","M","?","M","?","E","R","M","T","E","M","T","$","?","R","B",null,"M","M","?","?","M","R","M","R","T","E","M","M","$","E","R","B",null,"M","?","M","M","?","R","M","E","T","M","R","?","?","$","R","B",null],"character_chosen":"THE_DEFAULT","items_purchased":["theMarked:SummonStrength","theMarked:TakeCover","Regen Potion","Blood Vial","theMarked:DeterminationOfTheMarked","Lizard Tail","theMarked:SoldierForm"],"campfire_rested":8,"item_purchase_floors":[13,13,13,30,30,48,48],"current_hp_per_floor":[72,65,50,50,55,33,57,56,56,46,42,42,42,48,72,65,82,80,69,69,36,36,60,50,74,74,40,29,19,24,24,48,29,82,70,70,55,46,46,70,52,27,27,29,56,55,43,43,70,14],"gold":18,"neow_bonus":"TEN_PERCENT_HP_BONUS","is_daily":false,"chose_seed":false,"campfire_upgraded":0,"win_rate":0.0,"timestamp":1609050614,"path_taken":["M","M","?","M","?","E","R","M","T","E","M","?","$","?","R","BOSS","M","M","?","?","?","R","M","R","T","E","M","M","$","E","R","BOSS","M","?","M","?","?","R","M","E","T","M","R","?","?","?","R","BOSS"],"items_purchased_type":["Card","Card","Potion","Relic","Card","Relic","Card"],"build_version":"2020-12-22","purchased_purges":0,"victory":true,"max_hp_per_floor":[77,77,77,77,82,82,82,82,82,82,82,82,82,82,82,82,82,82,82,82,82,82,82,82,82,82,82,82,82,82,82,82,82,82,82,82,82,82,82,82,82,92,92,92,92,92,92,92,92,92],"relic_stats":{"Blood Vial":18,"Centennial Puzzle":[6],"Lizard Tail":46,"Shovel":0,"Happy Flower":[22],"counters":[27,149],"CeramicFish":153,"Black Star":3,"Smiling Mask":0,"Question Card":2,"obtain_stats":[{"Lantern":6,"Pear":42,"Happy Flower":31,"CeramicFish":26,"Velvet Choker":34,"Thread and Needle":12,"Bottled Tornado":9,"Odd Mushroom":14,"Smiling Mask":20,"Question Card":43,"White Beast Statue":10,"Blood Vial":30,"theMarked:ArtifactOfAir":0,"Bottled Flame":27,"Centennial Puzzle":42,"Lizard Tail":48,"Shovel":46,"theMarked:VonisonLock":31,"Black Star":17,"Red Mask":21,"Toy Ornithopter":27},{"Lantern":4,"Pear":24,"Happy Flower":18,"CeramicFish":14,"Velvet Choker":19,"Thread and Needle":7,"Bottled Tornado":5,"Odd Mushroom":8,"Smiling Mask":11,"Question Card":24,"White Beast Statue":6,"Blood Vial":17,"theMarked:ArtifactOfAir":0,"Bottled Flame":15,"Centennial Puzzle":24,"Lizard Tail":26,"Shovel":26,"theMarked:VonisonLock":18,"Black Star":9,"Red Mask":12,"Toy Ornithopter":15},{"Lantern":12,"Pear":123,"Happy Flower":82,"CeramicFish":55,"Velvet Choker":92,"Thread and Needle":22,"Bottled Tornado":16,"Odd Mushroom":25,"Smiling Mask":43,"Question Card":123,"White Beast Statue":19,"Blood Vial":75,"theMarked:ArtifactOfAir":0,"Bottled Flame":63,"Centennial Puzzle":123,"Lizard Tail":139,"Shovel":139,"theMarked:VonisonLock":82,"Black Star":33,"Red Mask":48,"Toy Ornithopter":63}],"Toy Ornithopter":65},"card_choices":[{"not_picked":["theMarked:DeterminationOfTheMarked","theMarked:ChainLightning"],"picked":"theMarked:Overcharge","floor":1},{"not_picked":["theMarked:Generate","theMarked:Convert"],"picked":"theMarked:Static","floor":2},{"not_picked":["theMarked:ChainLightning","theMarked:Aftermath"],"picked":"theMarked:RogueSparks","floor":4},{"not_picked":["theMarked:EmpowerWeapon","theMarked:BanishingStrike"],"picked":"theMarked:BindingBlade","floor":6},{"not_picked":["theMarked:ElectricStrings","theMarked:ReduceFriction"],"picked":"theMarked:WardOff","floor":8},{"not_picked":["theMarked:Improvise","theMarked:ResourceFulStrike"],"picked":"theMarked:MaelstromOfLightning","floor":10},{"not_picked":["theMarked:Seal","theMarked:ElectricStrings"],"picked":"theMarked:GodGivenPower","floor":11},{"not_picked":["theMarked:SwordAndMagic","theMarked:WastefulAttack"],"picked":"theMarked:EmpowerWeapon","floor":14},{"not_picked":["theMarked:TurnInvisible","theMarked:DispelDoubt"],"picked":"theMarked:ThrowWeapon","floor":16},{"not_picked":["theMarked:ChainLightning+1","theMarked:ElectricStrings"],"picked":"theMarked:Aftermath+1","floor":18},{"not_picked":["theMarked:ChainLightning","theMarked:Improvise"],"picked":"theMarked:FavorableWinds","floor":19},{"not_picked":["theMarked:Aftermath","theMarked:Electrocute"],"picked":"theMarked:SwordAndMagic","floor":21},{"not_picked":["theMarked:ChainLightning+1","theMarked:Aftermath"],"picked":"theMarked:WardOff","floor":22},{"not_picked":["theMarked:StartUp","theMarked:Generate"],"picked":"theMarked:ChainLightning","floor":24},{"not_picked":["theMarked:Improvise","theMarked:Snap"],"picked":"theMarked:Indomitable","floor":27},{"not_picked":["theMarked:EmpowerWeapon+1","theMarked:SwordAndMagic"],"picked":"theMarked:ComboAttacks+1","floor":28},{"not_picked":["theMarked:EmpowerWeapon","theMarked:Frustration"],"picked":"theMarked:ReduceFriction","floor":29},{"not_picked":["theMarked:LightningStrikesTwice+1","theMarked:ResourceFulStrike"],"picked":"theMarked:TurnInvisible","floor":31},{"not_picked":["theMarked:MuscleMemory","theMarked:TurnInvisible"],"picked":"theMarked:SummonStrength","floor":33},{"not_picked":["theMarked:EnhanceMovement+1","theMarked:ResourceFulStrike"],"picked":"theMarked:HeightenedSenses+1","floor":35},{"not_picked":["theMarked:EmpowerWeapon+1","theMarked:Panic+1"],"picked":"theMarked:MagicAdept+1","floor":37},{"not_picked":["theMarked:ElectricStrings+1","theMarked:Aftermath+1"],"picked":"theMarked:Reabsorb+1","floor":38},{"not_picked":["Mind Blast","Enlightenment"],"picked":"Metamorphosis","floor":39},{"not_picked":["theMarked:EnhanceMovement","theMarked:RepellingDischarge"],"picked":"theMarked:HeightenedSenses","floor":41},{"not_picked":["theMarked:WastefulAttack","theMarked:ThrowWeapon"],"picked":"theMarked:TwofoldDefense+1","floor":42},{"not_picked":["theMarked:BanishingWave+1","theMarked:ContemptForTheProud+1","theMarked:WastefulAttack"],"picked":"theMarked:HeightenedSenses","floor":44},{"not_picked":["theMarked:DeterminationOfTheMarked","theMarked:ShockingTouch+1","theMarked:ElectricStrings+1"],"picked":"theMarked:TwofoldDefense","floor":46}],"player_experience":346166,"relics_obtained":[{"floor":6,"key":"Lantern"},{"floor":9,"key":"Bottled Tornado"},{"floor":10,"key":"White Beast Statue"},{"floor":12,"key":"Thread and Needle"},{"floor":14,"key":"Odd Mushroom"},{"floor":21,"key":"Red Mask"},{"floor":26,"key":"CeramicFish"},{"floor":27,"key":"Toy Ornithopter"},{"floor":27,"key":"Bottled Flame"},{"floor":31,"key":"theMarked:VonisonLock"},{"floor":31,"key":"Happy Flower"},{"floor":42,"key":"Pear"},{"floor":42,"key":"Centennial Puzzle"},{"floor":43,"key":"Question Card"},{"floor":46,"key":"Shovel"}],"event_choices":[{"damage_healed":0,"gold_gain":0,"player_choice":"Entered Light","damage_taken":15,"max_hp_gain":0,"max_hp_loss":0,"event_name":"Shining Light","floor":3,"gold_loss":0,"cards_upgraded":["theMarked:Strike","theMarked:SoldierOfQuellstein"]},{"damage_healed":0,"gold_gain":0,"player_choice":"Donut","damage_taken":0,"max_hp_gain":5,"max_hp_loss":0,"event_name":"Big Fish","floor":5,"gold_loss":0},{"damage_healed":0,"gold_gain":0,"player_choice":"Fought Mushrooms","damage_taken":0,"max_hp_gain":0,"max_hp_loss":0,"event_name":"Mushrooms","floor":14,"gold_loss":0},{"damage_healed":0,"gold_gain":0,"player_choice":"Obtained Relic","damage_taken":0,"relics_obtained":["Smiling Mask"],"max_hp_gain":0,"max_hp_loss":0,"event_name":"Addict","floor":20,"gold_loss":85},{"damage_healed":0,"gold_gain":0,"player_choice":"Fought Bandits","damage_taken":0,"max_hp_gain":0,"max_hp_loss":0,"event_name":"Masked Bandits","floor":21,"gold_loss":0},{"cards_removed":["theMarked:Strike"],"damage_healed":0,"gold_gain":0,"player_choice":"Offered Basic","damage_taken":0,"max_hp_gain":0,"max_hp_loss":0,"event_name":"Bonfire Elementals","floor":36,"gold_loss":0},{"damage_healed":0,"gold_gain":0,"player_choice":"Memory 1","damage_taken":0,"max_hp_gain":0,"max_hp_loss":0,"event_name":"SensoryStone","floor":39,"gold_loss":0},{"damage_healed":0,"gold_gain":0,"player_choice":"Fight","damage_taken":0,"max_hp_gain":0,"max_hp_loss":0,"event_name":"MindBloom","floor":46,"gold_loss":0},{"damage_healed":0,"gold_gain":0,"player_choice":"Embrace Madness","damage_taken":12,"max_hp_gain":0,"max_hp_loss":0,"event_name":"Winding Halls","floor":47,"gold_loss":0,"cards_obtained":["Madness","Madness"]}],"is_beta":false,"boss_relics":[{"not_picked":["Ectoplasm","theMarked:Eyepatch"],"picked":"Black Star"},{"not_picked":["SacredBark","Runic Pyramid"],"picked":"Velvet Choker"}],"items_purged_floors":[],"is_endless":false,"potions_floor_spawned":[1,4,8,11,14,16,18,19,21,22,24,28,29,31,33,35,37,38,41,42,44,46],"ascension_level":0}}