{"host":"ayh4nqhr0ddw4ozv","time":1609103864,"event":{"mods":["BaseMod","Minty Spire (QoL Compilation)","Relic Stats","Robot Space Explorer","StSLib"],"gold_per_floor":[110,128,303,32,32,32,63,93,120,70,83,83,110,124,124,227,227,237,257,269,1,17,17,52,52,52,62,62,77,110,110,110,214,214,225,242,242,255,6,6,41,41,67,67,81,111,111,111,111],"floor_reached":48,"playtime":2824,"items_purged":["Doubt","RobotSpaceExplorer:Strike","RobotSpaceExplorer:Strike","RobotSpaceExplorer:Strike"],"score":936,"play_id":"6517fe78-a660-4730-a80b-cc89b188bc10","local_time":"20201227131744","is_ascension_mode":true,"campfire_choices":[{"data":"RobotSpaceExplorer:ImprovisedAttack","floor":6,"key":"SMITH"},{"data":"RobotSpaceExplorer:ShockMissile","floor":12,"key":"SMITH"},{"data":"RobotSpaceExplorer:TurboDodge","floor":15,"key":"SMITH"},{"data":"RobotSpaceExplorer:Arsenal","floor":23,"key":"SMITH"},{"floor":32,"key":"REST"},{"data":"RobotSpaceExplorer:Reload","floor":40,"key":"SMITH"},{"data":"RobotSpaceExplorer:ScrapShield","floor":42,"key":"SMITH"}],"circlet_count":0,"master_deck":["AscendersBane","RobotSpaceExplorer:Defend","RobotSpaceExplorer:Defend","RobotSpaceExplorer:Defend+1","RobotSpaceExplorer:Defend","RobotSpaceExplorer:Scan","RobotSpaceExplorer:MiniLasers","RobotSpaceExplorer:TurboDodge+1","RobotSpaceExplorer:MetalStrike","RobotSpaceExplorer:ImprovisedAttack+1","RobotSpaceExplorer:ShockMissile+1","RobotSpaceExplorer:LuckyStrike","RobotSpaceExplorer:Reload+1","RobotSpaceExplorer:Arsenal+1","RobotSpaceExplorer:ImprovisedAttack+1","RobotSpaceExplorer:PlasmaMissile","RobotSpaceExplorer:Arsenal+1","RobotSpaceExplorer:TrailblazerForm","RobotSpaceExplorer:Explosion","RobotSpaceExplorer:Autoloader","RobotSpaceExplorer:ScrapShield+1","RobotSpaceExplorer:FrostMissile","RobotSpaceExplorer:TurboDodge+1","RobotSpaceExplorer:Jetpack+1","RobotSpaceExplorer:IronShell+1","RobotSpaceExplorer:FranticSearch+1"],"relics":["RobotSpaceExplorer:Reprocessor","Vajra","Mango","Smiling Mask","Boot","Ornamental Fan","Black Star","Membership Card","Incense Burner","Torii","Nloth\u0027s Gift","Oddly Smooth Stone","Juzu Bracelet","War Paint","RobotSpaceExplorer:SearchSpecs","Sundial","Strawberry","Anchor","Lantern","Art of War","Bottled Tornado"],"acts_visited":["Exordium","TheCity","TheBeyond"],"potions_floor_usage":[7,7,13,16,20,20,24,24,33,35,41],"damage_taken":[{"damage":0,"enemies":"2 Louse","floor":1,"turns":4},{"damage":0,"enemies":"Jaw Worm","floor":2,"turns":4},{"damage":21,"enemies":"Lagavulin","floor":7,"turns":8},{"damage":0,"enemies":"Small Slimes","floor":11,"turns":2},{"damage":5,"enemies":"3 Sentries","floor":13,"turns":6},{"damage":9,"enemies":"3 Louse","floor":14,"turns":2},{"damage":0,"enemies":"Hexaghost","floor":16,"turns":8},{"damage":8,"enemies":"3 Byrds","floor":18,"turns":4},{"damage":0,"enemies":"Spheric Guardian","floor":19,"turns":4},{"damage":16,"enemies":"Shelled Parasite and Fungi","floor":20,"turns":5},{"damage":4,"enemies":"Snake Plant","floor":22,"turns":11},{"damage":20,"enemies":"Gremlin Leader","floor":24,"turns":6},{"damage":11,"enemies":"3 Cultists","floor":27,"turns":6},{"damage":14,"enemies":"Centurion and Healer","floor":29,"turns":9},{"damage":4,"enemies":"Book of Stabbing","floor":30,"turns":6},{"damage":41,"enemies":"Automaton","floor":33,"turns":12},{"damage":15,"enemies":"3 Darklings","floor":35,"turns":6},{"damage":0,"enemies":"Orb Walker","floor":36,"turns":3},{"damage":0,"enemies":"Maw","floor":38,"turns":8},{"damage":22,"enemies":"Reptomancer","floor":41,"turns":10},{"damage":17,"enemies":"Writhing Mass","floor":45,"turns":7},{"damage":17,"enemies":"Giant Head","floor":46,"turns":10},{"damage":6,"enemies":"Sphere and 2 Shapes","floor":48,"turns":2}],"seed_played":"3195567997442383452","potions_obtained":[{"floor":1,"key":"EntropicBrew"},{"floor":7,"key":"FearPotion"},{"floor":13,"key":"Strength Potion"},{"floor":18,"key":"Fire Potion"},{"floor":30,"key":"Explosive Potion"},{"floor":33,"key":"Energy Potion"},{"floor":36,"key":"EssenceOfSteel"},{"floor":38,"key":"Fire Potion"}],"is_trial":false,"path_per_floor":["M","M","?","$","?","R","E","?","T","$","M","R","E","M","R","B",null,"M","M","M","$","M","R","E","?","T","M","?","M","E","?","R","B",null,"M","M","?","M","$","R","E","R","T","?","M","E","?","M"],"character_chosen":"RobotSpaceExplorer","items_purchased":["Vajra","RobotSpaceExplorer:ImprovisedAttack","Membership Card","RobotSpaceExplorer:PlasmaMissile","SteroidPotion","Strength Potion","Sundial","Strawberry"],"campfire_rested":1,"item_purchase_floors":[4,4,21,21,21,21,39,39],"current_hp_per_floor":[68,68,68,68,49,49,28,28,28,28,28,28,23,14,14,14,70,62,62,46,46,42,42,22,22,22,11,40,26,22,22,48,7,69,54,54,54,54,61,61,39,39,39,39,22,5,5,0,0],"gold":111,"neow_bonus":"BOSS_RELIC","is_daily":false,"chose_seed":false,"campfire_upgraded":6,"win_rate":0.0,"timestamp":1609103864,"path_taken":["M","M","?","$","?","R","E","?","T","$","M","R","E","M","R","BOSS","M","M","M","$","M","R","E","?","T","?","?","M","E","?","R","BOSS","M","M","?","M","$","R","E","R","T","?","M","E","?","M"],"items_purchased_type":["Relic","Card","Relic","Card","Potion","Potion","Relic","Relic"],"build_version":"2020-12-22","purchased_purges":4,"victory":false,"max_hp_per_floor":[75,75,75,75,89,89,89,89,89,89,89,89,89,89,89,89,89,89,89,89,89,89,89,89,89,89,89,89,89,89,89,89,89,89,89,89,89,89,96,96,96,96,96,91,91,91,91,91,91],"relic_stats":{"Torii":31,"counters":[23,143],"Ornamental Fan":[356],"Sundial":[2],"Black Star":4,"Nloth\u0027s Gift":2,"Juzu Bracelet":1,"Art of War":[0],"War Paint":["RobotSpaceExplorer:Arsenal","RobotSpaceExplorer:Defend"],"Smiling Mask":88,"Boot":[398],"obtain_stats":[{"Lantern":41,"Torii":24,"Vajra":4,"Oddly Smooth Stone":26,"RobotSpaceExplorer:RoboCore":0,"Mango":5,"Incense Burner":24,"Juzu Bracelet":30,"RobotSpaceExplorer:Reprocessor":0,"War Paint":30,"Bottled Tornado":46,"Smiling Mask":7,"Boot":9,"Ancient Tea Set":22,"Anchor":41,"Ornamental Fan":13,"Sundial":39,"Strawberry":39,"Black Star":17,"Nloth\u0027s Gift":25,"RobotSpaceExplorer:SearchSpecs":34,"Art of War":46,"Membership Card":21},{"Lantern":20,"Torii":12,"Vajra":2,"Oddly Smooth Stone":12,"RobotSpaceExplorer:RoboCore":0,"Mango":2,"Incense Burner":12,"Juzu Bracelet":15,"RobotSpaceExplorer:Reprocessor":0,"War Paint":15,"Bottled Tornado":22,"Smiling Mask":3,"Boot":3,"Ancient Tea Set":11,"Anchor":20,"Ornamental Fan":5,"Sundial":19,"Strawberry":19,"Black Star":7,"Nloth\u0027s Gift":12,"RobotSpaceExplorer:SearchSpecs":16,"Art of War":22,"Membership Card":10},{"Lantern":124,"Torii":64,"Vajra":8,"Oddly Smooth Stone":64,"RobotSpaceExplorer:RoboCore":0,"Mango":8,"Incense Burner":64,"Juzu Bracelet":85,"RobotSpaceExplorer:Reprocessor":0,"War Paint":85,"Bottled Tornado":141,"Smiling Mask":16,"Boot":16,"Ancient Tea Set":58,"Anchor":124,"Ornamental Fan":24,"Sundial":114,"Strawberry":114,"Black Star":34,"Nloth\u0027s Gift":64,"RobotSpaceExplorer:SearchSpecs":97,"Art of War":141,"Membership Card":47}]},"card_choices":[{"not_picked":["RobotSpaceExplorer:StunGrenade","RobotSpaceExplorer:Electroshield"],"picked":"RobotSpaceExplorer:TurboDodge","floor":1},{"not_picked":["RobotSpaceExplorer:ShockKick","RobotSpaceExplorer:PowerGlove"],"picked":"RobotSpaceExplorer:MetalStrike","floor":2},{"not_picked":["RobotSpaceExplorer:Jetpack","RobotSpaceExplorer:JunkDive"],"picked":"RobotSpaceExplorer:ShockMissile","floor":7},{"not_picked":["RobotSpaceExplorer:GlueShot","RobotSpaceExplorer:SwiftStep","RobotSpaceExplorer:ImprovisedAttack"],"picked":"SKIP","floor":11},{"not_picked":["RobotSpaceExplorer:ToxicBomb","RobotSpaceExplorer:StunGrenade"],"picked":"RobotSpaceExplorer:LuckyStrike","floor":13},{"not_picked":["RobotSpaceExplorer:DualCore","RobotSpaceExplorer:Pulsar"],"picked":"RobotSpaceExplorer:Reload","floor":14},{"not_picked":["RobotSpaceExplorer:Autoloader","RobotSpaceExplorer:TrailblazerForm"],"picked":"RobotSpaceExplorer:Arsenal","floor":16},{"not_picked":["RobotSpaceExplorer:Ammunition+1","RobotSpaceExplorer:TurboDodge"],"picked":"RobotSpaceExplorer:ImprovisedAttack+1","floor":18},{"not_picked":["RobotSpaceExplorer:PowerGlove","RobotSpaceExplorer:SwiftStep+1","RobotSpaceExplorer:DualCore"],"picked":"SKIP","floor":19},{"not_picked":["RobotSpaceExplorer:MetalStrike+1","RobotSpaceExplorer:SwiftStep"],"picked":"RobotSpaceExplorer:Exploration","floor":20},{"not_picked":["RobotSpaceExplorer:GlueShot","RobotSpaceExplorer:Electroshield","RobotSpaceExplorer:ShovelStrike"],"picked":"SKIP","floor":22},{"not_picked":["RobotSpaceExplorer:Probe","RobotSpaceExplorer:Accelerator"],"picked":"RobotSpaceExplorer:Arsenal","floor":24},{"not_picked":["RobotSpaceExplorer:GearShield+1","RobotSpaceExplorer:ToxicBomb"],"picked":"RobotSpaceExplorer:TrailblazerForm","floor":27},{"not_picked":["RobotSpaceExplorer:Pulsar+1","RobotSpaceExplorer:MetalStrike","RobotSpaceExplorer:MakeshiftVolley+1"],"picked":"SKIP","floor":29},{"not_picked":["RobotSpaceExplorer:StarDust+1","RobotSpaceExplorer:ScrapToss"],"picked":"RobotSpaceExplorer:Explosion","floor":30},{"not_picked":["RobotSpaceExplorer:Wormhole","RobotSpaceExplorer:Asteroid"],"picked":"RobotSpaceExplorer:Autoloader","floor":33},{"not_picked":["RobotSpaceExplorer:SurgingShield","RobotSpaceExplorer:SurgingStrike","RobotSpaceExplorer:Probe"],"picked":"SKIP","floor":35},{"not_picked":["RobotSpaceExplorer:Reload","RobotSpaceExplorer:MiniDrones"],"picked":"RobotSpaceExplorer:ScrapShield","floor":36},{"not_picked":["RobotSpaceExplorer:FrostMissile","RobotSpaceExplorer:MiniDrones"],"picked":"RobotSpaceExplorer:TurboDodge+1","floor":38},{"not_picked":["RobotSpaceExplorer:Explosion","RobotSpaceExplorer:MakeshiftVolley+1"],"picked":"RobotSpaceExplorer:Jetpack+1","floor":41},{"not_picked":["RobotSpaceExplorer:Ammunition","RobotSpaceExplorer:SurgingStrike+1"],"picked":"RobotSpaceExplorer:IronShell+1","floor":45},{"not_picked":["RobotSpaceExplorer:SurgingShield","RobotSpaceExplorer:GearShield"],"picked":"RobotSpaceExplorer:FranticSearch+1","floor":46}],"player_experience":252664,"relics_obtained":[{"floor":7,"key":"Smiling Mask"},{"floor":9,"key":"Boot"},{"floor":13,"key":"Ornamental Fan"},{"floor":22,"key":"Ancient Tea Set"},{"floor":24,"key":"Incense Burner"},{"floor":24,"key":"Torii"},{"floor":26,"key":"Oddly Smooth Stone"},{"floor":30,"key":"Juzu Bracelet"},{"floor":30,"key":"War Paint"},{"floor":41,"key":"Anchor"},{"floor":41,"key":"Lantern"},{"floor":46,"key":"Art of War"},{"floor":46,"key":"Bottled Tornado"}],"event_choices":[{"damage_healed":0,"gold_gain":175,"player_choice":"AGREE","damage_taken":0,"max_hp_gain":0,"max_hp_loss":0,"event_name":"Liars Game","floor":3,"gold_loss":0,"cards_obtained":["Doubt"]},{"damage_healed":0,"gold_gain":0,"player_choice":"Success","damage_taken":33,"relics_obtained":["Mango"],"max_hp_gain":0,"max_hp_loss":0,"event_name":"Scrap Ooze","floor":5,"gold_loss":0},{"damage_healed":0,"gold_gain":30,"player_choice":"Searched \u00271\u0027 times","damage_taken":0,"max_hp_gain":0,"max_hp_loss":0,"event_name":"Dead Adventurer","floor":8,"gold_loss":0},{"damage_healed":0,"gold_gain":0,"player_choice":"Traded Relic","damage_taken":0,"relics_obtained":["Nloth\u0027s Gift"],"max_hp_gain":0,"max_hp_loss":0,"event_name":"N\u0027loth","floor":25,"relics_lost":["Ancient Tea Set"],"gold_loss":0},{"damage_healed":29,"gold_gain":0,"player_choice":"Heal","damage_taken":0,"max_hp_gain":0,"max_hp_loss":0,"event_name":"The Library","floor":28,"gold_loss":0},{"damage_healed":0,"gold_gain":0,"player_choice":"Ignored","damage_taken":0,"max_hp_gain":0,"max_hp_loss":0,"event_name":"The Mausoleum","floor":31,"gold_loss":0},{"damage_healed":0,"gold_gain":0,"cards_transformed":["RobotSpaceExplorer:Strike"],"player_choice":"Transformed","damage_taken":0,"max_hp_gain":0,"max_hp_loss":0,"event_name":"Transmorgrifier","floor":37,"gold_loss":0,"cards_obtained":["RobotSpaceExplorer:FrostMissile"]},{"damage_healed":0,"gold_gain":0,"player_choice":"Max HP","damage_taken":0,"max_hp_gain":0,"max_hp_loss":5,"event_name":"Winding Halls","floor":44,"gold_loss":0},{"damage_healed":0,"gold_gain":0,"player_choice":"Ignored","damage_taken":0,"max_hp_gain":0,"max_hp_loss":0,"event_name":"Mysterious Sphere","floor":47,"gold_loss":0}],"is_beta":false,"boss_relics":[{"not_picked":["Coffee Dripper","Cursed Key"],"picked":"Black Star"},{"not_picked":["Pandora\u0027s Box","Tiny House"],"picked":"RobotSpaceExplorer:SearchSpecs"}],"items_purged_floors":[4,10,21,39],"is_endless":false,"potions_floor_spawned":[1,7,11,13,18,19,30,33,36,38],"killed_by":"Sphere and 2 Shapes","ascension_level":11}}