{"host":"dntw6kil9p09eemm","time":1609065950,"event":{"mods":["Alarm Clock","Aspiration","BaseMod","Colored Powertips","Downfall","Hermit","Hubris","Minty Spire (QoL Compilation)","Permanent Neow","Shop Mod","Spicy Shops","StSLib","The Runesmith"],"gold_per_floor":[110,120,131,151,84,84,102,133,157,168,243,243,243,253,253,348,348,367,367,382,38,38,38,51,51,75,101,16,35,49,61,61,162,162,172,191,207,257,283,283,135,135,188,201,214,231,231,231,231,231,231,231],"floor_reached":50,"playtime":2575,"items_purged":["hexamod:Defend"],"score":568,"play_id":"21858f32-bb11-4dbc-92d5-32101293aee1","local_time":"20201227194550","is_ascension_mode":false,"campfire_choices":[{"data":"hexamod:Float","floor":6.0,"key":"SMITH"},{"floor":13.0,"key":"REST"},{"floor":15.0,"key":"REST"},{"data":"hexamod:SoulSteal","floor":23.0,"key":"SMITH"},{"data":"hexamod:ApocalypticArmor","floor":25.0,"key":"SMITH"},{"data":"hexamod:SearingWound","floor":32,"key":"SMITH"},{"data":"hexamod:UnlimitedPower","floor":40,"key":"SMITH"},{"data":"hexamod:SearingWound","floor":42,"key":"SMITH"},{"data":"hexamod:SuperheatedStrike","floor":49,"key":"SMITH"}],"circlet_count":0,"master_deck":["hexamod:Defend","hexamod:Defend","hexamod:Sear","hexamod:Float+1","hexamod:SuperheatedStrike+1","hexamod:GhostOfSpireFuture","hexamod:PhantomFireball","hexamod:ThirdSeal","hexamod:PhantomFireball","hexamod:Incineration","hexamod:SoulSteal+1","hexamod:SuperheatedStrike","hexamod:ApocalypticArmor+1","hexamod:VolcanoVisage","hexamod:SpectralSpark","Bite","Bite","Bite","Bite","Bite","hexamod:GhostOfSpireFuture","hexamod:SearingWound+1","hexamod:SoulSteal+1","hexamod:HexaLevel","hexamod:SearingWound+1","hexamod:BurningTouch+1","hexamod:FastForward+1","hexamod:UnlimitedPower+1","hexamod:ThermalTransfer","hexamod:TimeWarp"],"relics":["hexamod:SpiritBrand","hexamod:MatchstickCase","Coffee Dripper","MerchantsRug","Guardian:PocketSentry","hexamod:CandleOfCauterizing","hubris:VirtuousBlindfold","CaptainsWheel","Frozen Eye","Blood Vial","Centennial Puzzle","The Courier"],"acts_visited":["Exordium","TheCity","TheBeyond"],"potions_floor_usage":[50,50,50],"damage_taken":[{"damage":0.0,"enemies":"Cultist","floor":1.0,"turns":3.0},{"damage":0.0,"enemies":"Jaw Worm","floor":2.0,"turns":3.0},{"damage":0.0,"enemies":"Small Slimes","floor":3.0,"turns":3.0},{"damage":7.0,"enemies":"3 Louse","floor":4.0,"turns":3.0},{"damage":12.0,"enemies":"Exordium Thugs","floor":7.0,"turns":5.0},{"damage":3.0,"enemies":"Gremlin Nob","floor":8.0,"turns":3.0},{"damage":0.0,"enemies":"Looter","floor":10.0,"turns":3.0},{"damage":6.0,"enemies":"Gremlin Gang","floor":14.0,"turns":4.0},{"damage":26.0,"enemies":"The Guardian","floor":16.0,"turns":7.0},{"damage":9.0,"enemies":"2 Thieves","floor":18.0,"turns":2.0},{"damage":0.0,"enemies":"3 Byrds","floor":20.0,"turns":1.0},{"damage":10.0,"enemies":"Centurion and Healer","floor":24.0,"turns":4.0},{"damage":6.0,"enemies":"Gremlin Leader","floor":27.0,"turns":4.0},{"damage":15,"enemies":"Snecko","floor":29,"turns":3},{"damage":11,"enemies":"Sentry and Sphere","floor":30,"turns":4},{"damage":0,"enemies":"Snake Plant","floor":31,"turns":2},{"damage":22,"enemies":"hubris:MusketHawk","floor":33,"turns":7},{"damage":0,"enemies":"3 Shapes","floor":35,"turns":1},{"damage":0,"enemies":"Orb Walker","floor":36,"turns":3},{"damage":16,"enemies":"Maw","floor":37,"turns":5},{"damage":0,"enemies":"Mind Bloom Boss Battle","floor":38,"turns":3},{"damage":11,"enemies":"Transient","floor":44,"turns":5},{"damage":13,"enemies":"Spire Growth","floor":45,"turns":5},{"damage":8,"enemies":"4 Shapes","floor":46,"turns":2},{"damage":54,"enemies":"Awakened One","floor":50,"turns":10}],"seed_played":"6428177542843487576","potions_obtained":[{"floor":2.0,"key":"GamblersBrew"},{"floor":7.0,"key":"DistilledChaos"},{"floor":10.0,"key":"hexamod:EctoCoolerPotion"},{"floor":14.0,"key":"hexamod:EctoCoolerPotion"},{"floor":20.0,"key":"Fire Potion"},{"floor":24.0,"key":"Weak Potion"},{"floor":27.0,"key":"Swift Potion"},{"floor":33,"key":"Dexterity Potion"},{"floor":35,"key":"LiquidBronze"},{"floor":37,"key":"Strength Potion"},{"floor":44,"key":"SkillPotion"},{"floor":45,"key":"Guardian:BlockOnCardUsePotion"}],"is_trial":false,"path_per_floor":["M","M","M","M","$","R","M","E","T","M","?","?","R","M","R","B",null,"M","?","M","$","$","R","M","R","T","E","$","M","M","M","R","B",null,"M","M","M","?","T","R","$","R","T","M","M","M","T","?","R","B"],"character_chosen":"THE_SPIRIT","items_purchased":["hexamod:PhantomFireball","MerchantsRug","Guardian:PocketSentry","hexamod:CandleOfCauterizing","Frozen Eye","hexamod:TimeWarp"],"campfire_rested":2,"item_purchase_floors":[5,21,21,28,41,41],"current_hp_per_floor":[49,49,49,42,42,42,30,27,27,27,16,16,37,31,52,26,70,61,49,49,49,49,49,45,45,45,47,47,36,33,37,37,29,49,49,49,41,47,47,47,47,47,47,38,35,31,31,31,31,0,0,0],"gold":231,"neow_bonus":"REMOVE_TWO","is_daily":false,"chose_seed":false,"campfire_upgraded":7,"win_rate":0.0,"timestamp":1609065950,"path_taken":["M","M","M","M","$","R","?","E","T","M","?","?","R","M","R","BOSS","M","?","M","?","$","R","M","R","T","E","$","M","M","?","R","BOSS","M","M","M","?","?","R","$","R","T","M","M","M","?","?","R","BOSS"],"items_purchased_type":["Card","Relic","Relic","Relic","Relic","Card"],"build_version":"2020-12-22","purchased_purges":1,"victory":false,"max_hp_per_floor":[70,70,70,70,70,70,70,70,70,70,70,70,70,70,70,70,70,70,49,49,49,49,49,49,49,49,49,49,49,49,49,49,49,49,49,49,49,49,49,49,49,49,49,49,49,49,49,49,49,49,49,49],"card_choices":[{"not_picked":["hexamod:Firestarter","hexamod:RainOfEmbers","hexamod:AdvancingGuard"],"picked":"SKIP","floor":1.0},{"not_picked":["hexamod:Hexaguard","hexamod:Haunt"],"picked":"hexamod:SuperheatedStrike","floor":2.0},{"not_picked":["hexamod:SpectersWail","hexamod:CatchUp"],"picked":"hexamod:GhostOfSpireFuture","floor":3.0},{"not_picked":["hexamod:NightmareGuise","hexamod:HeatCrush","hexamod:AdvancingGuard"],"picked":"SKIP","floor":4.0},{"not_picked":["hexamod:PowerFromBeyond","hexamod:RecurringNightmare"],"picked":"hexamod:ThirdSeal","floor":7.0},{"not_picked":["hexamod:NightmareGuise","hexamod:ParanormalForm","hexamod:GhostShield"],"picked":"SKIP","floor":8.0},{"not_picked":["hexamod:SwordOfDarkness","hexamod:NightmareGuise"],"picked":"hexamod:PhantomFireball","floor":10.0},{"not_picked":["hexamod:GhostLash","hexamod:SecondSeal"],"picked":"hexamod:Incineration","floor":10.0},{"not_picked":["hexamod:RainOfEmbers","hexamod:GhostShield"],"picked":"hexamod:SoulSteal","floor":14.0},{"not_picked":["hexamod:HauntingEcho","hexamod:PhantomCloak"],"picked":"hexamod:SuperheatedStrike","floor":14.0},{"not_picked":["hexamod:UnleashSpirits","hexamod:CrushingStance"],"picked":"hexamod:ApocalypticArmor","floor":16.0},{"not_picked":["hexamod:SixthSeal","hexamod:TurnItUp"],"picked":"hexamod:VolcanoVisage","floor":16.0},{"not_picked":["hexamod:BurningTouch+1","hexamod:BacktrackSmack"],"picked":"hexamod:SpectralSpark","floor":18.0},{"not_picked":["hexamod:InspiringFlames","hexamod:DynamicBlow","hexamod:NightmareGuise"],"picked":"SKIP","floor":20.0},{"not_picked":["hexamod:GhostLash","hexamod:SpectersWail"],"picked":"hexamod:GhostOfSpireFuture","floor":24.0},{"not_picked":["hexamod:InspiringFlames","hexamod:Firestarter","hexamod:ChargedBarrage"],"picked":"SKIP","floor":24.0},{"not_picked":["hexamod:ShieldOfDarkness","hexamod:UnleashSpirits"],"picked":"hexamod:SearingWound","floor":27.0},{"not_picked":["hexamod:FirstSeal","hexamod:RecurringNightmare+1","hexamod:Hexaguard+1"],"picked":"SKIP","floor":27.0},{"not_picked":["hexamod:SwordOfDarkness","hexamod:GhostLash","hexamod:SpectersWail"],"picked":"SKIP","floor":29},{"not_picked":["hexamod:AdvancingGuard","hexamod:NecessarySacrifice+1"],"picked":"hexamod:SoulSteal+1","floor":30},{"not_picked":["hexamod:NightmareGuise","hexamod:InspiringFlames+1","hexamod:NecessarySacrifice"],"picked":"SKIP","floor":30},{"not_picked":["hexamod:PowerFromBeyond","hexamod:Hexaguard","hexamod:NightmareStrike+1"],"picked":"SKIP","floor":31},{"not_picked":["hexamod:WildfireWeapon","hexamod:VolcanoVisage"],"picked":"hexamod:HexaLevel","floor":33},{"not_picked":["hexamod:WildfireWeapon","hexamod:CrushingStance"],"picked":"hexamod:SearingWound","floor":33},{"not_picked":["hexamod:GhostLash+1","hexamod:GhostShield+1"],"picked":"hexamod:BurningTouch+1","floor":35},{"not_picked":["hexamod:NightmareStrike","hexamod:Haunt+1"],"picked":"hexamod:FastForward+1","floor":36},{"not_picked":["hexamod:GhostLash+1","hexamod:BurningTouch+1"],"picked":"hexamod:UnlimitedPower","floor":36},{"not_picked":["hexamod:ExtraCrispy","hexamod:Hexaguard"],"picked":"hexamod:ThermalTransfer","floor":37},{"not_picked":["hexamod:HauntingEcho+1","hexamod:SoulSteal+1","hexamod:GhostOfSpirePast+1"],"picked":"SKIP","floor":37},{"not_picked":["hexamod:PhantomCloak+1","hexamod:HeatShield","hexamod:SpectralAdrenaline"],"picked":"SKIP","floor":44},{"not_picked":["hexamod:Again","hexamod:BacktrackSmack","hexamod:ShieldOfDarkness"],"picked":"SKIP","floor":45},{"not_picked":["hexamod:SwordOfDarkness","hexamod:RetreatToShadows","hexamod:NecessarySacrifice"],"picked":"SKIP","floor":45},{"not_picked":["hexamod:InspiringFlames","hexamod:BurningTouch+1","hexamod:FirstSeal"],"picked":"SKIP","floor":46}],"player_experience":479370,"relics_obtained":[{"floor":8.0,"key":"hubris:OldNail"},{"floor":9.0,"key":"hexamod:MatchstickCase"},{"floor":26.0,"key":"Pen Nib"},{"floor":27.0,"key":"aspiration:StickyExplosives_weak"},{"floor":38,"key":"CaptainsWheel"},{"floor":39,"key":"Ancient Tea Set"},{"floor":43,"key":"Blood Vial"},{"floor":47,"key":"Centennial Puzzle"},{"floor":48,"key":"The Courier"}],"event_choices":[{"damage_healed":0.0,"max_hp_gain":0.0,"max_hp_loss":0.0,"gold_gain":75.0,"event_name":"World of Goop","player_choice":"Gather Gold","floor":11.0,"gold_loss":0.0,"damage_taken":11.0},{"damage_healed":0.0,"max_hp_gain":0.0,"max_hp_loss":21.0,"gold_gain":0.0,"event_name":"Vampires","player_choice":"Became a vampire","floor":19.0,"gold_loss":0.0,"damage_taken":0.0,"cards_obtained":["Bite","Bite","Bite","Bite","Bite"]},{"damage_healed":0,"gold_gain":0,"player_choice":"Fight","damage_taken":0,"max_hp_gain":0,"max_hp_loss":0,"event_name":"MindBloom","floor":38,"gold_loss":0},{"damage_healed":0,"gold_gain":0,"player_choice":"Relic","damage_taken":0,"max_hp_gain":0,"max_hp_loss":0,"event_name":"Wheel of Change","floor":48,"gold_loss":0}],"is_beta":false,"boss_relics":[{"not_picked":["aspiration:SecretTechniqueScroll","hubris:BlackHole"],"picked":"Coffee Dripper"},{"not_picked":["Astrolabe","Cursed Key"],"picked":"hubris:VirtuousBlindfold"}],"items_purged_floors":[21],"is_endless":false,"potions_floor_spawned":[2,7,10,14,20,24,27,33,35,37,44,45],"killed_by":"Awakened One","ascension_level":0}}