{"host":"fne7yx97fnz7kq05","time":1609028222,"event":{"mods":["BaseMod","Colored Map","Colored Powertips","Highlight Path","Minty Spire (QoL Compilation)","Relic Stats"],"gold_per_floor":[109,121,196,146,96,96,96,106,132,162,173,3,13,40,40,141,141,158,13,13,30,30,61,77,77,77,77,77,89,89,89],"floor_reached":30,"playtime":1424,"items_purged":["Strike_B"],"score":323,"play_id":"292348b0-61a8-4b53-a97b-4c1c7c7e3bf1","local_time":"20201226181702","is_ascension_mode":true,"campfire_choices":[{"data":"Cold Snap","floor":6,"key":"SMITH"},{"data":"Loop","floor":15,"key":"SMITH"},{"data":"Sunder","floor":25,"key":"SMITH"},{"floor":27,"key":"REST"}],"circlet_count":0,"master_deck":["Strike_B+1","Defend_B+1","Defend_B+1","Defend_B+1","Defend_B+1","Zap","Dualcast","Cold Snap+1","Cold Snap","Leap","Sunder+1","Loop+1","Ball Lightning","Sweeping Beam","Capacitor","Machine Learning","Loop+1","Reinforced Body+1","Core Surge","FTL+1","Barrage+1"],"relics":["Cracked Core","MealTicket","Mercury Hourglass","Blue Candle","Black Star","DollysMirror","Pantograph","White Beast Statue","Kunai"],"acts_visited":["Exordium","TheCity"],"potions_floor_usage":[10,14,18,23,29,30,30],"damage_taken":[{"damage":2,"enemies":"2 Louse","floor":1,"turns":3},{"damage":1,"enemies":"Small Slimes","floor":2,"turns":4},{"damage":0,"enemies":"Cultist","floor":8,"turns":3},{"damage":11,"enemies":"3 Sentries","floor":10,"turns":6},{"damage":7,"enemies":"Lots of Slimes","floor":11,"turns":2},{"damage":0,"enemies":"Large Slime","floor":13,"turns":3},{"damage":3,"enemies":"Gremlin Nob","floor":14,"turns":3},{"damage":29,"enemies":"Hexaghost","floor":16,"turns":9},{"damage":8,"enemies":"Chosen","floor":18,"turns":4},{"damage":20,"enemies":"2 Thieves","floor":21,"turns":4},{"damage":26,"enemies":"Gremlin Leader","floor":23,"turns":9},{"damage":16,"enemies":"3 Cultists","floor":24,"turns":6},{"damage":22,"enemies":"Snake Plant","floor":29,"turns":4},{"damage":15,"enemies":"Slavers","floor":30,"turns":4}],"seed_played":"2924963005165369089","potions_obtained":[{"floor":1,"key":"Energy Potion"},{"floor":11,"key":"SteroidPotion"},{"floor":13,"key":"ColorlessPotion"},{"floor":16,"key":"GamblersBrew"},{"floor":24,"key":"LiquidBronze"},{"floor":29,"key":"SpeedPotion"}],"is_trial":false,"path_per_floor":["M","M","?","?","$","R","?","M","T","E","M","$","M","E","R","B",null,"M","$","$","M","?","E","M","R","T","R","?","M","E"],"character_chosen":"DEFECT","items_purchased":["Fire Potion","Ball Lightning","Fire Potion","DollysMirror"],"campfire_rested":1,"item_purchase_floors":[5,12,12,19],"current_hp_per_floor":[73,72,61,61,75,75,75,75,75,64,57,72,72,69,69,40,66,58,73,75,55,55,29,13,13,13,35,35,13,0,0],"gold":89,"neow_bonus":"RANDOM_COMMON_RELIC","is_daily":false,"chose_seed":false,"campfire_upgraded":3,"win_rate":0.0,"timestamp":1609028222,"path_taken":["M","M","?","?","$","R","?","?","T","E","M","$","M","E","R","BOSS","M","?","$","M","?","E","M","R","T","R","?","?","E"],"items_purchased_type":["Potion","Card","Potion","Relic"],"build_version":"2020-12-22","purchased_purges":1,"victory":false,"max_hp_per_floor":[75,75,75,75,75,75,75,75,75,75,75,75,75,75,75,75,75,75,75,75,75,75,75,75,75,75,75,75,75,75,75],"relic_stats":{"counters":[14,63],"Blue Candle":[0],"Pantograph":0,"MealTicket":46,"Black Star":1,"Kunai":[0],"obtain_stats":[{"DollysMirror":19,"Blue Candle":14,"Pantograph":23,"MealTicket":0,"Black Star":17,"Kunai":26,"Cracked Core":0,"White Beast Statue":23,"Mercury Hourglass":10},{"DollysMirror":9,"Blue Candle":7,"Pantograph":11,"MealTicket":0,"Black Star":8,"Kunai":12,"Cracked Core":0,"White Beast Statue":11,"Mercury Hourglass":4},{"DollysMirror":37,"Blue Candle":24,"Pantograph":50,"MealTicket":0,"Black Star":33,"Kunai":56,"Cracked Core":0,"White Beast Statue":50,"Mercury Hourglass":16}],"Mercury Hourglass":[240]},"card_choices":[{"not_picked":["Storm","Hologram"],"picked":"Cold Snap","floor":1},{"not_picked":["Skim","Gash"],"picked":"Cold Snap","floor":2},{"not_picked":["Hologram","Barrage"],"picked":"Leap","floor":8},{"not_picked":["Self Repair","Undo"],"picked":"Sunder","floor":10},{"not_picked":["Streamline","Hologram"],"picked":"Loop","floor":11},{"not_picked":["Steam","White Noise"],"picked":"Sweeping Beam","floor":13},{"not_picked":["Rainbow","Lockon"],"picked":"Capacitor","floor":14},{"not_picked":["Buffer","Amplify"],"picked":"Machine Learning","floor":16},{"not_picked":["Rebound","Ball Lightning","Rip and Tear+1"],"picked":"SKIP","floor":18},{"not_picked":["Hologram","Compile Driver"],"picked":"Reinforced Body+1","floor":21},{"not_picked":["Rebound","Steam Power+1"],"picked":"Core Surge","floor":23},{"not_picked":["Turbo+1","Stack"],"picked":"FTL+1","floor":24},{"not_picked":["Rebound","Stack"],"picked":"Barrage+1","floor":29}],"player_experience":226285,"relics_obtained":[{"floor":10,"key":"Mercury Hourglass"},{"floor":14,"key":"Blue Candle"},{"floor":23,"key":"Pantograph"},{"floor":23,"key":"White Beast Statue"},{"floor":26,"key":"Kunai"}],"event_choices":[{"damage_healed":0,"gold_gain":75,"player_choice":"Gather Gold","damage_taken":11,"max_hp_gain":0,"max_hp_loss":0,"event_name":"World of Goop","floor":3,"gold_loss":0},{"cards_removed":["Strike_B"],"damage_healed":0,"gold_gain":0,"player_choice":"Card Removal","damage_taken":0,"max_hp_gain":0,"max_hp_loss":0,"event_name":"The Cleric","floor":4,"gold_loss":50},{"cards_removed":["Strike_B"],"damage_healed":0,"gold_gain":0,"player_choice":"Card Removal","damage_taken":0,"max_hp_gain":0,"max_hp_loss":0,"event_name":"Wheel of Change","floor":7,"gold_loss":0},{"damage_healed":0,"gold_gain":0,"player_choice":"Simplicity","damage_taken":0,"max_hp_gain":0,"max_hp_loss":0,"event_name":"Back to Basics","floor":22,"gold_loss":0,"cards_upgraded":["Strike_B","Defend_B","Defend_B","Defend_B","Defend_B"]}],"is_beta":false,"boss_relics":[{"not_picked":["Velvet Choker","SlaversCollar"],"picked":"Black Star"}],"items_purged_floors":[12],"is_endless":false,"potions_floor_spawned":[1,11,13,16,24,29],"killed_by":"Slavers","ascension_level":5}}