{"host":"kh6fvhxn285ncg0o","time":1609047525,"event":{"mods":["Act Like it!","BaseMod","Colored Map","Friendly Minions","Keyboard Shortcuts","Minty Spire (QoL Compilation)","Quick Restart","Relic Stats","StSLib","SuperFastMode"],"gold_per_floor":[109,120,120,120,130,161,161,196,196,196,14,48,13,43,43,117,117,134,134,111,131,142,142,176,176,199,199,199,226,36,66,78,165,177,208,220,250,316,346,388,380,421,433,470,482,512,554,582,594,606,618,630,642,31,57,57],"floor_reached":57,"playtime":2443,"items_purged":["Writhe","Defend_R","Bite"],"score":2958,"play_id":"3e5119d5-14ce-45f9-aa0d-bdc682dabd89","local_time":"20201227143845","is_ascension_mode":true,"campfire_choices":[{"floor":7.0,"key":"REST"},{"floor":10.0,"key":"REST"},{"data":"Bash","floor":15.0,"key":"SMITH"},{"data":"Fire Breathing","floor":23.0,"key":"SMITH"},{"data":"Rage","floor":25.0,"key":"SMITH"},{"data":"Pommel Strike","floor":28.0,"key":"SMITH"},{"data":"Burning Pact","floor":32.0,"key":"SMITH"},{"data":"Battle Trance","floor":45.0,"key":"SMITH"},{"floor":49.0,"key":"RECALL"},{"data":"Body Slam","floor":53,"key":"SMITH"}],"circlet_count":0,"master_deck":["AscendersBane","Bash+1","Headbutt","Pommel Strike+1","Dropkick","Clothesline","Disarm","Flash of Steel","Feel No Pain","Rage+1","Feed","Fire Breathing+1","Bite","Bite","Bite","Bite","Shrug It Off","Shame","Shame","Burning Pact+1","Fiend Fire","Shrug It Off","Evolve","Uppercut","Injury","Dark Embrace+1","Shockwave","Battle Trance+1","Barricade","Body Slam+1","Sever Soul","Seeing Red"],"relics":["Cursed Key","Paper Frog","Eternal Feather","Tiny Chest","Coffee Dripper","Blue Candle","Orichalcum","Vajra","Champion Belt","MawBank","Pandora\u0027s Box","Ornamental Fan","Lizard Tail","Charon\u0027s Ashes","Happy Flower","Potion Belt","Ancient Tea Set","Oddly Smooth Stone","Toy Ornithopter"],"acts_visited":["Exordium","TheCity","TheBeyond","TheEnding"],"potions_floor_usage":[56,56,56,56],"damage_taken":[{"damage":2.0,"enemies":"Cultist","floor":1.0,"turns":4.0},{"damage":3.0,"enemies":"2 Louse","floor":2.0,"turns":2.0},{"damage":0.0,"enemies":"Jaw Worm","floor":5.0,"turns":2.0},{"damage":26.0,"enemies":"3 Sentries","floor":6.0,"turns":10.0},{"damage":12.0,"enemies":"Lagavulin","floor":8.0,"turns":5.0},{"damage":24.0,"enemies":"3 Sentries","floor":12.0,"turns":7.0},{"damage":15.0,"enemies":"Gremlin Nob","floor":14.0,"turns":4.0},{"damage":18.0,"enemies":"The Guardian","floor":16.0,"turns":11.0},{"damage":4.0,"enemies":"Chosen","floor":18.0,"turns":7.0},{"damage":21.0,"enemies":"2 Thieves","floor":20.0,"turns":4.0},{"damage":23.0,"enemies":"Snake Plant","floor":21.0,"turns":4.0},{"damage":33.0,"enemies":"Cultist and Chosen","floor":22.0,"turns":7.0},{"damage":28.0,"enemies":"Book of Stabbing","floor":24.0,"turns":5.0},{"damage":15.0,"enemies":"Slavers","floor":29.0,"turns":5.0},{"damage":4.0,"enemies":"Gremlin Leader","floor":31.0,"turns":5.0},{"damage":67.0,"enemies":"Automaton","floor":33.0,"turns":10.0},{"damage":4.0,"enemies":"3 Shapes","floor":35.0,"turns":4.0},{"damage":9.0,"enemies":"Orb Walker","floor":37.0,"turns":4.0},{"damage":49.0,"enemies":"2 Orb Walkers","floor":38.0,"turns":6.0},{"damage":14.0,"enemies":"Jaw Worm Horde","floor":39.0,"turns":4.0},{"damage":30.0,"enemies":"Giant Head","floor":40.0,"turns":7.0},{"damage":18.0,"enemies":"Nemesis","floor":42.0,"turns":5.0},{"damage":21.0,"enemies":"Giant Head","floor":44.0,"turns":6.0},{"damage":25.0,"enemies":"3 Darklings","floor":46.0,"turns":17.0},{"damage":11.0,"enemies":"Reptomancer","floor":47.0,"turns":5.0},{"damage":21.0,"enemies":"Maw","floor":48.0,"turns":8.0},{"damage":41.0,"enemies":"Time Eater","floor":50.0,"turns":11.0},{"damage":54,"enemies":"Awakened One","floor":51,"turns":11},{"damage":41,"enemies":"Shield and Spear","floor":55,"turns":6},{"damage":42,"enemies":"The Heart","floor":56,"turns":8}],"seed_played":"-4451381422339007373","potions_obtained":[{"floor":6.0,"key":"ElixirPotion"},{"floor":8.0,"key":"Energy Potion"},{"floor":14.0,"key":"EssenceOfSteel"},{"floor":16.0,"key":"Strength Potion"},{"floor":21.0,"key":"AttackPotion"},{"floor":24.0,"key":"BloodPotion"},{"floor":29.0,"key":"SmokeBomb"},{"floor":31.0,"key":"Block Potion"},{"floor":33.0,"key":"BlessingOfTheForge"},{"floor":37.0,"key":"AttackPotion"},{"floor":38.0,"key":"SteroidPotion"},{"floor":40.0,"key":"Explosive Potion"},{"floor":41.0,"key":"PowerPotion"},{"floor":47.0,"key":"HeartOfIron"},{"floor":48.0,"key":"Weak Potion"}],"is_trial":false,"path_per_floor":["M","M","?","?","M","E","R","E","T","R","$","E","?","E","R","B",null,"M","?","M","M","M","R","E","R","T","?","R","E","$","E","R","B",null,"M","T","M","?","M","E","?","E","T","E","R","M","E","M","R","B","B",null,"R","$","E","B",null],"character_chosen":"IRONCLAD","items_purchased":["Flash of Steel","Burning Pact","Oddly Smooth Stone","HeartOfIron","ElixirPotion","Sever Soul","Seeing Red"],"campfire_rested":2,"item_purchase_floors":[11,30,54,54,54,54,54],"current_hp_per_floor":[66,63,56,33,33,7,29,17,17,48,48,24,42,27,36,20,61,62,62,54,39,24,36,22,34,34,34,46,44,44,56,68,19,68,73,73,90,59,49,35,35,31,31,28,46,90,90,93,93,74,58,84,93,93,60,44],"gold":57,"neow_bonus":"BOSS_RELIC","is_daily":false,"chose_seed":false,"campfire_upgraded":7,"win_rate":0.0,"timestamp":1609047525,"path_taken":["M","?","?","?","M","E","R","E","T","R","$","E","?","E","R","BOSS","M","?","M","M","M","R","E","R","T","?","R","E","$","E","R","BOSS","M","?","?","?","M","E","?","E","T","E","R","M","E","M","R","BOSS","BOSS","R","$","E","BOSS"],"items_purchased_type":["Card","Card","Relic","Potion","Potion","Card","Card"],"build_version":"2020-12-22","purchased_purges":3,"victory":true,"max_hp_per_floor":[75,75,75,75,75,75,75,75,75,75,75,75,75,75,75,75,75,78,78,81,81,81,81,81,81,81,81,81,84,84,84,84,84,84,87,87,90,90,90,90,90,90,90,90,90,90,90,93,93,93,93,93,93,93,93,93],"relic_stats":{"Happy Flower":[24],"counters":[30,194],"Blue Candle":[29],"Eternal Feather":93,"Charon\u0027s Ashes":[468],"Orichalcum":[66],"Cursed Key":3,"MawBank":276,"Lizard Tail":0,"Ornamental Fan":[348],"Tiny Chest":1,"Pandora\u0027s Box":["Shrug It Off","Evolve","Uppercut"],"Champion Belt":[47],"obtain_stats":[{"Potion Belt":44,"Happy Flower":42,"Blue Candle":24,"Vajra":27,"Oddly Smooth Stone":54,"Eternal Feather":8,"Charon\u0027s Ashes":40,"Orichalcum":26,"Cursed Key":0,"MawBank":31,"Ancient Tea Set":47,"Burning Blood":0,"Blood Vial":14,"Lizard Tail":38,"Ornamental Fan":36,"Tiny Chest":12,"Pandora\u0027s Box":34,"Coffee Dripper":17,"Champion Belt":29,"Toy Ornithopter":55,"Paper Frog":6},{"Potion Belt":23,"Happy Flower":22,"Blue Candle":13,"Vajra":13,"Oddly Smooth Stone":28,"Eternal Feather":5,"Charon\u0027s Ashes":21,"Orichalcum":13,"Cursed Key":0,"MawBank":15,"Ancient Tea Set":25,"Burning Blood":0,"Blood Vial":7,"Lizard Tail":19,"Ornamental Fan":17,"Tiny Chest":6,"Pandora\u0027s Box":16,"Coffee Dripper":8,"Champion Belt":14,"Toy Ornithopter":29,"Paper Frog":4},{"Potion Belt":128,"Happy Flower":122,"Blue Candle":72,"Vajra":72,"Oddly Smooth Stone":180,"Eternal Feather":23,"Charon\u0027s Ashes":117,"Orichalcum":72,"Cursed Key":0,"MawBank":82,"Ancient Tea Set":150,"Burning Blood":0,"Blood Vial":34,"Lizard Tail":106,"Ornamental Fan":96,"Tiny Chest":30,"Pandora\u0027s Box":92,"Coffee Dripper":45,"Champion Belt":77,"Toy Ornithopter":186,"Paper Frog":18}],"Toy Ornithopter":20},"card_choices":[{"not_picked":["Clash","Twin Strike"],"picked":"Headbutt","floor":1.0},{"not_picked":["Wild Strike","Warcry"],"picked":"Pommel Strike","floor":2.0},{"not_picked":["True Grit","Body Slam"],"picked":"Dropkick","floor":5.0},{"not_picked":["Warcry","Anger"],"picked":"Clothesline","floor":6.0},{"not_picked":["Headbutt","Flame Barrier"],"picked":"Disarm","floor":8.0},{"not_picked":["Sever Soul","Clash"],"picked":"Feel No Pain","floor":12.0},{"not_picked":["Pommel Strike","Hemokinesis"],"picked":"Rage","floor":14.0},{"not_picked":["Berserk","Impervious"],"picked":"Feed","floor":16.0},{"not_picked":["Armaments","Infernal Blade+1"],"picked":"Fire Breathing","floor":18.0},{"not_picked":["Flame Barrier","Headbutt","Uppercut"],"picked":"SKIP","floor":20.0},{"not_picked":["Wild Strike","Inflame"],"picked":"Shrug It Off","floor":21.0},{"not_picked":["Armaments","Clothesline","Thunderclap"],"picked":"SKIP","floor":22.0},{"not_picked":["Armaments","Berserk","Headbutt"],"picked":"SKIP","floor":24.0},{"not_picked":["Clothesline","Heavy Blade","Anger"],"picked":"SKIP","floor":29.0},{"not_picked":["Limit Break","Ghostly Armor","Cleave"],"picked":"SKIP","floor":31.0},{"not_picked":["Double Tap","Impervious"],"picked":"Fiend Fire","floor":33.0},{"not_picked":["Ghostly Armor","Anger","Disarm"],"picked":"SKIP","floor":35.0},{"not_picked":["Warcry+1","Sword Boomerang"],"picked":"Dark Embrace+1","floor":37.0},{"not_picked":["Feel No Pain","Twin Strike"],"picked":"Shockwave","floor":38.0},{"not_picked":["Pommel Strike","Body Slam"],"picked":"Battle Trance","floor":39.0},{"not_picked":["Iron Wave","Perfected Strike+1","Wild Strike+1"],"picked":"SKIP","floor":40.0},{"not_picked":["Armaments+1","Disarm","Headbutt"],"picked":"SKIP","floor":42.0},{"not_picked":["Clash","Rampage"],"picked":"Barricade","floor":44.0},{"not_picked":["Shrug It Off+1","Searing Blow+1","Havoc"],"picked":"SKIP","floor":46.0},{"not_picked":["Thunderclap","Perfected Strike","Heavy Blade"],"picked":"SKIP","floor":47.0},{"not_picked":["Dark Embrace","Warcry"],"picked":"Body Slam","floor":48.0},{"not_picked":["Wild Strike+1","Headbutt","Havoc"],"picked":"SKIP","floor":55}],"player_experience":3270960,"relics_obtained":[{"floor":6.0,"key":"Paper Frog"},{"floor":8.0,"key":"Eternal Feather"},{"floor":12.0,"key":"Tiny Chest"},{"floor":14.0,"key":"Blood Vial"},{"floor":24.0,"key":"Blue Candle"},{"floor":26.0,"key":"Orichalcum"},{"floor":29.0,"key":"Champion Belt"},{"floor":31.0,"key":"MawBank"},{"floor":36.0,"key":"Ornamental Fan"},{"floor":38.0,"key":"Lizard Tail"},{"floor":40.0,"key":"Charon\u0027s Ashes"},{"floor":42.0,"key":"Happy Flower"},{"floor":44.0,"key":"Potion Belt"},{"floor":47.0,"key":"Ancient Tea Set"},{"floor":55,"key":"Toy Ornithopter"}],"event_choices":[{"cards_removed":["Strike_R"],"damage_healed":0.0,"max_hp_gain":0.0,"max_hp_loss":0.0,"gold_gain":0.0,"event_name":"Golden Wing","player_choice":"Card Removal","floor":3.0,"gold_loss":0.0,"damage_taken":7.0},{"damage_healed":0.0,"max_hp_gain":0.0,"max_hp_loss":0.0,"gold_gain":0.0,"event_name":"Shining Light","player_choice":"Entered Light","floor":4.0,"gold_loss":0.0,"damage_taken":23.0,"cards_upgraded":["Defend_R","Strike_R"]},{"damage_healed":18.0,"max_hp_gain":0.0,"max_hp_loss":0.0,"gold_gain":0.0,"event_name":"The Cleric","player_choice":"Healed","floor":13.0,"gold_loss":35.0,"damage_taken":0.0},{"damage_healed":0.0,"max_hp_gain":0.0,"max_hp_loss":0.0,"gold_gain":0.0,"event_name":"Vampires","player_choice":"Became a vampire (Vial)","floor":19.0,"relics_lost":["Blood Vial"],"gold_loss":0.0,"damage_taken":0.0,"cards_obtained":["Bite","Bite","Bite","Bite","Bite"]},{"damage_healed":0.0,"max_hp_gain":0.0,"max_hp_loss":0.0,"gold_gain":0.0,"event_name":"Addict","player_choice":"Stole Relic","floor":27.0,"gold_loss":0.0,"damage_taken":0.0,"relics_obtained":["Vajra"],"cards_obtained":["Shame"]},{"damage_healed":0.0,"max_hp_gain":0.0,"max_hp_loss":0.0,"gold_gain":0.0,"event_name":"Mysterious Sphere","player_choice":"Fight","floor":38.0,"gold_loss":0.0,"damage_taken":0.0},{"damage_healed":0.0,"max_hp_gain":0.0,"max_hp_loss":0.0,"gold_gain":0.0,"event_name":"The Woman in Blue","player_choice":"Bought 1 Potion","floor":41.0,"gold_loss":0.0,"damage_taken":0.0}],"is_beta":false,"boss_relics":[{"not_picked":["Philosopher\u0027s Stone","SlaversCollar"],"picked":"Coffee Dripper"},{"not_picked":["Runic Dome","Snecko Eye"],"picked":"Pandora\u0027s Box"}],"items_purged_floors":[11,30,54],"is_endless":false,"potions_floor_spawned":[6,8,14,16,21,24,29,31,33,37,38,40,47,48],"ascension_level":20}}