{"host":"6to8m083wj0ro91z","time":1609091139,"event":{"mods":["BaseMod","Better Third Choice","BetterRewards","CatGirl Mod","ChefMod","Friendly Minions","Hubris","Mad Scientist","Marisa????????","Minty Spire (QoL Compilation)","Robot Space Explorer","Shade Mod","Spicy Shops","StSLib","The Blackbeard","The Death Knight","The Dragon Tamer","The Gatherer","The Marked","The Mystic","The Necromancer","The Servant 0.9.4"],"gold_per_floor":[132,132,132,132,176,232,251,251,251,272,333,333,32,131,131,329,329,360,209,329,462,606,678,678,678,678],"floor_reached":25,"playtime":1124,"items_purged":["Strike_MRS","Strike_MRS"],"score":436,"play_id":"4fa90ca4-d3fc-4275-9875-5e0489b5a01f","local_time":"20201227184539","is_ascension_mode":true,"campfire_choices":[{"data":"StarBarrage","floor":12,"key":"SMITH"},{"data":"ChargingUp","floor":15,"key":"SMITH"},{"data":"OortCloud","floor":24,"key":"SMITH"}],"circlet_count":0,"master_deck":["Defend_MRS+1","Defend_MRS","Defend_MRS","Defend_MRS","MasterSpark","UpSweep+1","SporeBomb+1","StarBarrage+1","MilkyWay","WitchOfGreed","Swift Strike","EnergyFlow","Robbery+1","ChargingUp+1","MillisecondPulsars","OortCloud+1","GrandCross","TreasureHunter"],"relics":["MiniHakkero","SimpleLauncher","Lee\u0027s Waffle","Golden Idol","Matryoshka","hubris:SphereOfDissonance","Vajra","Bottled Flame","hubris:EmptyBottle","ClockworkSouvenir","Whetstone","Black Star","Bronze Scales","hubris:DeckOfHolding","Pen Nib"],"acts_visited":["Exordium","TheCity"],"potions_floor_usage":[6,6,11,11,14,16,18,18,23],"damage_taken":[{"damage":0,"enemies":"Cultist","floor":1,"turns":2},{"damage":0,"enemies":"2 Louse","floor":5,"turns":2},{"damage":0,"enemies":"Lagavulin","floor":6,"turns":4},{"damage":0,"enemies":"Small Slimes","floor":7,"turns":3},{"damage":1,"enemies":"3 Louse","floor":10,"turns":2},{"damage":17,"enemies":"3 Sentries","floor":11,"turns":5},{"damage":3,"enemies":"Gremlin Nob","floor":14,"turns":3},{"damage":5,"enemies":"The Guardian","floor":16,"turns":5},{"damage":0,"enemies":"2 Thieves","floor":18,"turns":3},{"damage":15,"enemies":"Shell Parasite","floor":20,"turns":5},{"damage":10,"enemies":"3 Cultists","floor":21,"turns":4},{"damage":11,"enemies":"Snake Plant","floor":22,"turns":2},{"damage":22,"enemies":"Gremlin Leader","floor":23,"turns":5},{"damage":0,"enemies":"Shelled Parasite and Fungi","floor":25,"turns":1}],"seed_played":"-3573407785550375418","potions_obtained":[{"floor":1,"key":"Strength Potion"},{"floor":5,"key":"ShroomBrew"},{"floor":5,"key":"Explosive Potion"},{"floor":6,"key":"Fruit Juice"},{"floor":6,"key":"SpeedPotion"},{"floor":11,"key":"Swift Potion"},{"floor":14,"key":"SteroidPotion"},{"floor":16,"key":"Fire Potion"},{"floor":18,"key":"LiquidBronze"},{"floor":20,"key":"FairyPotion"},{"floor":21,"key":"Dexterity Potion"},{"floor":21,"key":"Energy Potion"}],"is_trial":false,"path_per_floor":["M","?","?","?","M","E","M","?","T","M","E","R","$","E","R","B",null,"M","$","M","M","M","E","R","M"],"character_chosen":"MARISA","items_purchased":["SporeBomb","StarBarrage","SimpleLauncher","Lee\u0027s Waffle","MilkyWay","WitchOfGreed","hubris:EmptyBottle","ClockworkSouvenir","Robbery","Bronze Scales"],"campfire_rested":0,"item_purchase_floors":[0,0,0,0,0,0,13,13,13,19],"current_hp_per_floor":[82,62,62,46,46,51,51,51,51,50,33,33,33,30,30,25,87,87,87,72,62,51,29,29,29,29],"gold":678,"neow_bonus":"","is_daily":false,"chose_seed":false,"campfire_upgraded":3,"win_rate":0.0,"timestamp":1609091139,"path_taken":["M","?","?","?","M","E","M","?","T","M","E","R","$","E","R","BOSS","M","$","M","M","M","E","R","?"],"items_purchased_type":["Card","Card","Relic","Relic","Card","Card","Relic","Relic","Card","Relic"],"build_version":"2020-12-22","purchased_purges":2,"victory":false,"max_hp_per_floor":[82,82,82,82,82,87,87,87,87,87,87,87,87,87,87,87,87,87,87,87,87,87,87,87,87,87],"card_choices":[{"not_picked":["Occultation","NonDirectionalLaser","WitchOfGreed"],"picked":"SKIP","floor":1},{"not_picked":["6A","UnstableBomb","WitchLeyline"],"picked":"SKIP","floor":5},{"not_picked":["OpenUniverse","PowerUp"],"picked":"EnergyFlow","floor":6},{"not_picked":["DC","ShootTheMoon","EarthLightRay"],"picked":"SKIP","floor":7},{"not_picked":["Occultation","LuminesStrike","SporeBomb"],"picked":"SKIP","floor":10},{"not_picked":["EventHorizon","MeteoricShower","StarDustReverie"],"picked":"SKIP","floor":11},{"not_picked":["NonDirectionalLaser","MilkyWay"],"picked":"ChargingUp","floor":14},{"not_picked":["ManaRampage","BlazingStar"],"picked":"MillisecondPulsars","floor":16},{"not_picked":["MysteriousBeam+1","GalacticHalo"],"picked":"OortCloud","floor":18},{"not_picked":["MysteriousBeam","UnstableBomb","ChargeUpSpray"],"picked":"SKIP","floor":20},{"not_picked":["GasGiant","DoubleSpark","Acceleration"],"picked":"SKIP","floor":21},{"not_picked":["GasGiant","ChargeUpSpray"],"picked":"GrandCross","floor":22},{"not_picked":["DoubleSpark+1","IllusionStar"],"picked":"TreasureHunter","floor":23}],"player_experience":1052499,"relics_obtained":[{"floor":6,"key":"Matryoshka"},{"floor":9,"key":"hubris:SphereOfDissonance"},{"floor":9,"key":"Vajra"},{"floor":11,"key":"Bottled Flame"},{"floor":14,"key":"Whetstone"},{"floor":23,"key":"hubris:DeckOfHolding"},{"floor":23,"key":"Pen Nib"}],"event_choices":[{"damage_healed":0,"gold_gain":0,"player_choice":"Take Damage","damage_taken":20,"relics_obtained":["Golden Idol"],"max_hp_gain":0,"max_hp_loss":0,"event_name":"Golden Idol","floor":2,"gold_loss":0},{"cards_removed":["Strike_MRS"],"damage_healed":0,"gold_gain":0,"player_choice":"Forget","damage_taken":0,"max_hp_gain":0,"max_hp_loss":0,"event_name":"Living Wall","floor":3,"gold_loss":0},{"damage_healed":62,"gold_gain":0,"player_choice":"Upgrade","damage_taken":16,"max_hp_gain":0,"max_hp_loss":82,"event_name":"betterThird:BetterShining","floor":4,"gold_loss":0,"cards_upgraded":["SporeBomb","Defend_MRS"]},{"cards_removed":["Strike_MRS"],"damage_healed":0,"gold_gain":0,"player_choice":"Card Removal","damage_taken":0,"max_hp_gain":0,"max_hp_loss":0,"event_name":"Wheel of Change","floor":8,"gold_loss":0}],"is_beta":false,"boss_relics":[{"not_picked":["Philosopher\u0027s Stone","Coffee Dripper"],"picked":"Black Star"}],"items_purged_floors":[0,0],"is_endless":false,"potions_floor_spawned":[5,6,14,16,20,21],"killed_by":"Shelled Parasite and Fungi","ascension_level":1}}