{"host":"7l2t4psy44vpcd9q","time":1609051702,"event":{"mods":["AchievementEnabler","BaseMod","DeckTracker","Minty Spire (QoL Compilation)","SuperFastMode"],"gold_per_floor":[111,128,147,160,180,180,180,145,145,162,162,162,196,212,212,289,289,308,308,11,31,31,31,61,73,85,97,120,132,144,171,183,195,195],"floor_reached":33,"playtime":1104,"items_purged":["Strike_G"],"score":634,"play_id":"af5ace17-80c8-4cbc-9e21-604091614447","local_time":"20201227154822","is_ascension_mode":true,"campfire_choices":[{"floor":6.0,"key":"REST"},{"data":"Footwork","floor":12.0,"key":"SMITH"},{"data":"Glass Knife","floor":15.0,"key":"SMITH"},{"data":"Cloak And Dagger","floor":23.0,"key":"SMITH"},{"data":"Bullet Time","floor":25.0,"key":"SMITH"},{"data":"Footwork","floor":30.0,"key":"SMITH"},{"data":"Sucker Punch","floor":32.0,"key":"SMITH"}],"circlet_count":0,"master_deck":["AscendersBane","Strike_G","Strike_G","Strike_G","Strike_G","Defend_G","Defend_G","Defend_G","Defend_G","Defend_G","Survivor","Neutralize","Footwork+1","Cloak And Dagger+1","Quick Slash","Heel Hook","Flying Knee","Choke+1","Sucker Punch+1","Glass Knife+1","Bullet Time+1","Backflip","Blade Dance","Backstab+1","Acrobatics+1","Choke+1","Footwork+1"],"relics":["Ring of the Snake","Anchor","Ninja Scroll","HornCleat","Bag of Marbles","Sozu","Lee\u0027s Waffle","MawBank","Boot"],"acts_visited":["Exordium","TheCity"],"potions_floor_usage":[33],"damage_taken":[{"damage":0.0,"enemies":"2 Louse","floor":1.0,"turns":2.0},{"damage":1.0,"enemies":"Small Slimes","floor":2.0,"turns":5.0},{"damage":6.0,"enemies":"Cultist","floor":3.0,"turns":5.0},{"damage":24.0,"enemies":"Exordium Wildlife","floor":4.0,"turns":6.0},{"damage":0.0,"enemies":"3 Louse","floor":5.0,"turns":5.0},{"damage":12.0,"enemies":"Large Slime","floor":10.0,"turns":8.0},{"damage":0.0,"enemies":"Gremlin Nob","floor":13.0,"turns":1.0},{"damage":0.0,"enemies":"Exordium Thugs","floor":14.0,"turns":3.0},{"damage":24.0,"enemies":"Hexaghost","floor":16.0,"turns":9.0},{"damage":0.0,"enemies":"Shell Parasite","floor":18.0,"turns":2.0},{"damage":0.0,"enemies":"Spheric Guardian","floor":21.0,"turns":1.0},{"damage":0.0,"enemies":"Book of Stabbing","floor":24.0,"turns":4.0},{"damage":13.0,"enemies":"Chosen and Byrds","floor":28.0,"turns":5.0},{"damage":0.0,"enemies":"Snecko","floor":31.0,"turns":3.0},{"damage":82,"enemies":"Collector","floor":33,"turns":7}],"seed_played":"-2685618153365023194","potions_obtained":[{"floor":1.0,"key":"LiquidBronze"},{"floor":4.0,"key":"Explosive Potion"},{"floor":5.0,"key":"CunningPotion"},{"floor":14.0,"key":"Dexterity Potion"},{"floor":16.0,"key":"Regen Potion"}],"is_trial":false,"path_per_floor":["M","M","M","M","M","R","?","?","T","M","?","R","E","M","R","B",null,"M","?","$","M","$","R","E","R","T","?","M","?","R","M","R","B"],"character_chosen":"THE_SILENT","items_purchased":["Blade Dance","Lee\u0027s Waffle"],"campfire_rested":1,"item_purchase_floors":[20,20],"current_hp_per_floor":[59,58,52,28,28,47,29,45,45,33,33,33,33,33,33,9,52,52,46,73,73,73,73,73,73,73,73,60,60,60,60,60,0,0],"gold":195,"neow_bonus":"RANDOM_COMMON_RELIC","is_daily":false,"chose_seed":false,"campfire_upgraded":6,"win_rate":0.0,"timestamp":1609051702,"path_taken":["M","M","M","M","M","R","?","?","T","M","?","R","E","M","R","BOSS","M","?","?","?","$","R","E","R","T","?","M","?","R","M","R","BOSS"],"items_purchased_type":["Card","Relic"],"build_version":"2020-12-22","purchased_purges":1,"victory":false,"max_hp_per_floor":[66,66,66,66,66,66,66,66,66,66,66,66,66,66,66,66,66,66,66,73,73,73,73,73,73,73,73,73,73,73,73,73,73,73],"card_choices":[{"not_picked":["Bane","Acrobatics"],"picked":"Footwork","floor":1.0},{"not_picked":["Backflip","Accuracy"],"picked":"Cloak And Dagger","floor":2.0},{"not_picked":["Leg Sweep","Setup"],"picked":"Quick Slash","floor":3.0},{"not_picked":["Outmaneuver","Prepared"],"picked":"Heel Hook","floor":4.0},{"not_picked":["Catalyst","Concentrate"],"picked":"Flying Knee","floor":5.0},{"not_picked":["Concentrate","Skewer"],"picked":"Choke","floor":10.0},{"not_picked":["Bouncing Flask","Deadly Poison"],"picked":"Sucker Punch","floor":13.0},{"not_picked":["Concentrate","Distraction"],"picked":"Glass Knife","floor":14.0},{"not_picked":["Glass Knife","Tools of the Trade"],"picked":"Bullet Time","floor":16.0},{"not_picked":["PiercingWail","Skewer"],"picked":"Backflip","floor":18.0},{"not_picked":["Outmaneuver","Cloak And Dagger"],"picked":"Backstab+1","floor":21.0},{"not_picked":["Calculated Gamble","Backflip+1"],"picked":"Acrobatics+1","floor":24.0},{"not_picked":["Bane","Eviscerate"],"picked":"Choke+1","floor":28.0},{"not_picked":["Heel Hook+1","Skewer","Bane"],"picked":"SKIP","floor":31.0}],"player_experience":1150154,"relics_obtained":[{"floor":9.0,"key":"HornCleat"},{"floor":13.0,"key":"Bag of Marbles"},{"floor":24.0,"key":"MawBank"},{"floor":26.0,"key":"Boot"}],"event_choices":[{"damage_healed":0.0,"max_hp_gain":0.0,"max_hp_loss":0.0,"gold_gain":0.0,"event_name":"Scrap Ooze","player_choice":"Success","floor":7.0,"gold_loss":0.0,"damage_taken":18.0,"relics_obtained":["Ninja Scroll"]},{"damage_healed":16.0,"max_hp_gain":0.0,"max_hp_loss":0.0,"gold_gain":0.0,"event_name":"The Cleric","player_choice":"Healed","floor":8.0,"gold_loss":35.0,"damage_taken":0.0},{"damage_healed":0.0,"max_hp_gain":0.0,"max_hp_loss":0.0,"gold_gain":0.0,"event_name":"Living Wall","player_choice":"Grow","floor":11.0,"gold_loss":0.0,"damage_taken":0.0,"cards_upgraded":["Choke"]},{"damage_healed":0.0,"max_hp_gain":0.0,"max_hp_loss":0.0,"gold_gain":0.0,"event_name":"Knowing Skull","player_choice":"","floor":19.0,"potions_obtained":[],"gold_loss":0.0,"damage_taken":6.0,"cards_obtained":[]},{"damage_healed":0.0,"max_hp_gain":0.0,"max_hp_loss":0.0,"gold_gain":0.0,"event_name":"Ghosts","player_choice":"Ignored","floor":27.0,"gold_loss":0.0,"damage_taken":0.0},{"damage_healed":0.0,"max_hp_gain":0.0,"max_hp_loss":0.0,"gold_gain":0.0,"event_name":"The Library","player_choice":"Read","floor":29.0,"gold_loss":0.0,"damage_taken":0.0,"cards_obtained":["Footwork"]}],"is_beta":false,"boss_relics":[{"not_picked":["Empty Cage","Ectoplasm"],"picked":"Sozu"}],"items_purged_floors":[20],"is_endless":false,"potions_floor_spawned":[1,4,5,14,16,18,21],"killed_by":"Collector","ascension_level":20}}