{"host":"x5nedmcg1ruvdks4","time":1609064629,"event":{"mods":["AchievementEnabler","BaseMod","Block Reminder","DeckTracker","Minty Spire (QoL Compilation)","Permanent Neow"],"gold_per_floor":[114,129,145,145,156,185,185,200,225,235,235,5,17,44,56,168,180,210,222,245,257,280,323,335,335],"floor_reached":24,"playtime":1246,"items_purged":[],"score":301,"play_id":"a580049f-d62e-426b-8c15-b57ec52ce07a","local_time":"20201227112349","is_ascension_mode":true,"campfire_choices":[{"data":"Armaments","floor":7.0,"key":"SMITH"},{"data":"Demon Form","floor":11.0,"key":"SMITH"},{"data":"Inflame","floor":15.0,"key":"SMITH"}],"circlet_count":0,"master_deck":["Strike_R","Strike_R","Strike_R","Strike_R","Strike_R","Defend_R","Defend_R","Defend_R","Defend_R","Bash","Demon Form+1","Pummel","Inflame+1","Spot Weakness","Armaments+1","Iron Wave","Sentinel","Exhume","Inflame","Whirlwind","Double Tap","Headbutt+1","Writhe","Shrug It Off+1","Burning Pact"],"relics":["Burning Blood","Letter Opener","Regal Pillow","Bag of Preparation","Tiny Chest","MawBank","Runic Cube","Juzu Bracelet","Mango"],"acts_visited":["Exordium","TheCity"],"potions_floor_usage":[23],"damage_taken":[{"damage":6.0,"enemies":"Cultist","floor":1.0,"turns":4.0},{"damage":9.0,"enemies":"2 Louse","floor":2.0,"turns":2.0},{"damage":9.0,"enemies":"Jaw Worm","floor":3.0,"turns":5.0},{"damage":12.0,"enemies":"3 Louse","floor":5.0,"turns":3.0},{"damage":18.0,"enemies":"Gremlin Nob","floor":6.0,"turns":3.0},{"damage":1.0,"enemies":"Looter","floor":8.0,"turns":3.0},{"damage":2.0,"enemies":"Exordium Wildlife","floor":10.0,"turns":3.0},{"damage":0.0,"enemies":"Blue Slaver","floor":13.0,"turns":3.0},{"damage":24.0,"enemies":"Lagavulin","floor":14.0,"turns":7.0},{"damage":52.0,"enemies":"The Guardian","floor":16.0,"turns":6.0},{"damage":49.0,"enemies":"Spheric Guardian","floor":18.0,"turns":6.0},{"damage":15.0,"enemies":"3 Byrds","floor":20.0,"turns":5.0},{"damage":21,"enemies":"Centurion and Healer","floor":22,"turns":5},{"damage":42,"enemies":"Book of Stabbing","floor":23,"turns":6},{"damage":26,"enemies":"Shelled Parasite and Fungi","floor":24,"turns":3}],"seed_played":"-1685181905061939397","potions_obtained":[{"floor":3.0,"key":"Ancient Potion"},{"floor":5.0,"key":"AttackPotion"},{"floor":8.0,"key":"SkillPotion"},{"floor":13.0,"key":"Fruit Juice"},{"floor":18.0,"key":"DistilledChaos"},{"floor":20.0,"key":"Weak Potion"}],"is_trial":false,"path_per_floor":["M","M","M","?","M","E","R","M","T","M","R","$","M","E","R","B",null,"M","?","M","?","M","E","M"],"character_chosen":"IRONCLAD","items_purchased":["Inflame","Tiny Chest"],"campfire_rested":0,"item_purchase_floors":[12,12],"current_hp_per_floor":[80,77,74,74,68,56,56,61,61,65,65,65,71,58,58,12,85,42,42,33,61,46,24,0,0],"gold":335,"neow_bonus":"ONE_RANDOM_RARE_CARD","is_daily":false,"chose_seed":false,"campfire_upgraded":3,"win_rate":0.0,"timestamp":1609064629,"path_taken":["M","?","M","?","M","E","R","M","T","M","R","$","?","E","R","BOSS","M","?","M","?","M","E","M"],"items_purchased_type":["Card","Relic"],"build_version":"2020-12-22","purchased_purges":0,"victory":false,"max_hp_per_floor":[80,80,80,80,80,80,80,80,80,80,80,80,80,85,85,85,85,85,85,85,85,85,99,99,99],"card_choices":[{"not_picked":["Iron Wave","Pommel Strike"],"picked":"Pummel","floor":1.0},{"not_picked":["Clothesline","Metallicize"],"picked":"Inflame","floor":2.0},{"not_picked":["Shrug It Off","Clash"],"picked":"Spot Weakness","floor":3.0},{"not_picked":["Heavy Blade","Clothesline"],"picked":"Armaments","floor":5.0},{"not_picked":["Twin Strike","Thunderclap"],"picked":"Iron Wave","floor":6.0},{"not_picked":["Clothesline","Cleave"],"picked":"Sentinel","floor":8.0},{"not_picked":["Armaments","Wild Strike"],"picked":"Exhume","floor":10.0},{"not_picked":["Iron Wave","Cleave"],"picked":"Whirlwind","floor":13.0},{"not_picked":["Wild Strike","Thunderclap","Clash"],"picked":"SKIP","floor":14.0},{"not_picked":["Demon Form","Juggernaut"],"picked":"Double Tap","floor":16.0},{"not_picked":["Thunderclap","Power Through"],"picked":"Headbutt+1","floor":18.0},{"not_picked":["Twin Strike+1","Searing Blow","Clash+1"],"picked":"SKIP","floor":20.0},{"not_picked":["Twin Strike+1","True Grit"],"picked":"Shrug It Off+1","floor":22},{"not_picked":["Body Slam","Dropkick"],"picked":"Burning Pact","floor":23}],"player_experience":78152,"relics_obtained":[{"floor":6.0,"key":"Regal Pillow"},{"floor":9.0,"key":"Bag of Preparation"},{"floor":14.0,"key":"MawBank"},{"floor":23,"key":"Mango"}],"event_choices":[{"damage_healed":0.0,"max_hp_gain":0.0,"max_hp_loss":0.0,"gold_gain":0.0,"event_name":"WeMeetAgain","player_choice":"Gave Potion","floor":4.0,"gold_loss":0.0,"damage_taken":0.0,"relics_obtained":["Letter Opener"]},{"damage_healed":0.0,"max_hp_gain":0.0,"max_hp_loss":0.0,"gold_gain":0.0,"event_name":"The Mausoleum","player_choice":"Opened","floor":19.0,"gold_loss":0.0,"damage_taken":0.0,"relics_obtained":["Juzu Bracelet"],"cards_obtained":["Writhe"]},{"damage_healed":28,"gold_gain":0,"player_choice":"Heal","damage_taken":0,"max_hp_gain":0,"max_hp_loss":0,"event_name":"The Library","floor":21,"gold_loss":0}],"is_beta":false,"boss_relics":[{"not_picked":["Calling Bell","Tiny House"],"picked":"Runic Cube"}],"items_purged_floors":[],"is_endless":false,"potions_floor_spawned":[3,5,8,13,18,20],"killed_by":"Shelled Parasite and Fungi","ascension_level":4}}