{"host":"7rz1ooxpjqrc83ww","time":1609106433,"event":{"mods":["BaseMod","BetterRewards","Colored Map","Downfall","Minty Spire (QoL Compilation)","StSLib","The Animator","The Necromancer"],"gold_per_floor":[117,132,144,162,14,14,48,68,91,116,128,159,171,183,195,306,318,343,367,396,421,433,445,477,489,501,532,544,556,49,84,84,183,183,194,204,254,70,70,70,70,83,106,135,154,184,184,184,184,184,184,184,30,58,58,58],"floor_reached":55,"playtime":4121,"items_purged":[],"score":749,"play_id":"1a98f4f3-0c13-42e5-986d-5f75e97f80ea","local_time":"20201227170033","is_ascension_mode":false,"campfire_choices":[{"data":"Bouncing Flask","floor":6,"key":"SMITH"},{"floor":11,"key":"REST"},{"floor":13,"key":"REST"},{"data":"Sucker Punch","floor":15,"key":"SMITH"},{"floor":23,"key":"REST"},{"floor":25,"key":"REST"},{"floor":28,"key":"REST"},{"data":"Venomology","floor":32,"key":"SMITH"},{"data":"Venomology","floor":40,"key":"SMITH"},{"floor":47,"key":"REST"},{"floor":49,"key":"RECALL"},{"data":"A Thousand Cuts","floor":52,"key":"SMITH"}],"circlet_count":0,"master_deck":["Strike_G","Strike_G","Strike_G","Strike_G","Strike_G","Defend_G","Defend_G","Defend_G","Defend_G","Defend_G","Survivor","Neutralize","Calculated Gamble","Outmaneuver","Flying Knee","Bouncing Flask+1","A Thousand Cuts+1","Sucker Punch+1","Deflect","Poisoned Stab","Venomology+1","Calculated Gamble","Terror+1","Flying Knee+1","Footwork","Riddle With Holes","Venomology+1","CurseOfTheBell","Blade Dance","Quick Slash+1","Footwork","Writhe","Dodge and Roll+1","Endless Agony+1","All Out Attack","Choke+1"],"relics":["SlaversCollar","ClockworkSouvenir","Lantern","MawBank","Bag of Marbles","Busted Crown","Vajra","Anchor","Bag of Preparation","Chemical X","Juzu Bracelet","Calling Bell","Thread and Needle","Mummified Hand","Strawberry","Unceasing Top","Nunchaku","Art of War","Eternal Feather","TungstenRod","Pen Nib","Orichalcum"],"acts_visited":["Exordium","TheCity","TheBeyond","TheEnding"],"potions_floor_usage":[4,7,10,16,16,18,19,20,20,21,24,31,31,31,33,33,33,33,35,36,37,37,42,44,44,44,45,45,45,46,46,46,46,46,50,50,55,55],"damage_taken":[{"damage":0,"enemies":"Cultist","floor":1,"turns":5},{"damage":0,"enemies":"2 Louse","floor":2,"turns":3},{"damage":4,"enemies":"Jaw Worm","floor":3,"turns":4},{"damage":3,"enemies":"3 Louse","floor":4,"turns":3},{"damage":3,"enemies":"Lagavulin","floor":7,"turns":6},{"damage":12,"enemies":"Looter","floor":8,"turns":4},{"damage":11,"enemies":"Exordium Wildlife","floor":10,"turns":4},{"damage":8,"enemies":"Blue Slaver","floor":12,"turns":3},{"damage":47,"enemies":"Slime Boss","floor":16,"turns":11},{"damage":0,"enemies":"Chosen","floor":18,"turns":5},{"damage":14,"enemies":"Shell Parasite","floor":19,"turns":6},{"damage":0,"enemies":"Cultist and Chosen","floor":20,"turns":5},{"damage":44,"enemies":"3 Cultists","floor":21,"turns":6},{"damage":15,"enemies":"Snake Plant","floor":24,"turns":3},{"damage":7,"enemies":"Snecko","floor":27,"turns":5},{"damage":4,"enemies":"Book of Stabbing","floor":31,"turns":5},{"damage":51,"enemies":"Champ","floor":33,"turns":10},{"damage":0,"enemies":"Orb Walker","floor":35,"turns":3},{"damage":24,"enemies":"3 Shapes","floor":36,"turns":4},{"damage":0,"enemies":"Mind Bloom Boss Battle","floor":37,"turns":4},{"damage":7,"enemies":"Spire Growth","floor":42,"turns":5},{"damage":1,"enemies":"Giant Head","floor":44,"turns":7},{"damage":0,"enemies":"Writhing Mass","floor":45,"turns":3},{"damage":20,"enemies":"Reptomancer","floor":46,"turns":3},{"damage":99,"enemies":"Awakened One","floor":50,"turns":16},{"damage":8,"enemies":"Shield and Spear","floor":54,"turns":5},{"damage":70,"enemies":"The Heart","floor":55,"turns":6}],"seed_played":"-6529162779946882998","potions_obtained":[{"floor":1,"key":"SpeedPotion"},{"floor":2,"key":"Explosive Potion"},{"floor":7,"key":"ColorlessPotion"},{"floor":10,"key":"CunningPotion"},{"floor":12,"key":"SkillPotion"},{"floor":19,"key":"DistilledChaos"},{"floor":21,"key":"PowerPotion"},{"floor":27,"key":"Fire Potion"},{"floor":31,"key":"CultistPotion"},{"floor":35,"key":"BlessingOfTheForge"},{"floor":44,"key":"Poison Potion"}],"is_trial":false,"path_per_floor":["M","M","M","M","$","R","E","M","T","M","R","M","R","?","R","B",null,"M","M","M","M","?","R","M","R","T","M","R","?","$","E","R","B",null,"M","M","?","$","?","R","T","M","T","E","M","E","R","?","R","B",null,"R","$","E","B"],"character_chosen":"THE_SILENT","items_purchased":["ClockworkSouvenir","Anchor","Bag of Preparation","Chemical X","Footwork","Nunchaku","Footwork","Pen Nib"],"campfire_rested":6,"item_purchase_floors":[5,30,30,30,30,38,38,53],"current_hp_per_floor":[70,70,66,63,63,63,60,48,48,37,58,50,70,63,63,16,70,70,56,56,12,35,56,41,62,62,55,70,70,70,66,66,15,77,77,53,53,53,72,72,72,65,65,64,64,44,77,77,77,6,77,77,77,69,0,0],"gold":58,"neow_bonus":"BOSS_RELIC","is_daily":false,"chose_seed":false,"campfire_upgraded":5,"win_rate":0.0,"timestamp":1609106433,"path_taken":["M","M","M","M","?","R","E","M","T","?","R","M","R","?","R","BOSS","M","M","M","M","?","R","M","R","T","M","R","?","$","E","R","BOSS","M","M","?","$","?","R","?","M","T","E","M","E","R","?","R","BOSS","R","$","E","BOSS"],"items_purchased_type":["Relic","Relic","Relic","Relic","Card","Relic","Card","Relic"],"build_version":"2020-12-22","purchased_purges":0,"victory":false,"max_hp_per_floor":[70,70,70,70,70,70,70,70,70,70,70,70,70,70,70,70,70,70,70,70,70,70,70,70,70,70,70,70,70,70,70,70,70,77,77,77,77,77,77,77,77,77,77,77,77,77,77,77,77,77,77,77,77,77,77,77],"card_choices":[{"not_picked":["Quick Slash","Prepared"],"picked":"Calculated Gamble","floor":1},{"not_picked":["Bane","Prepared"],"picked":"Outmaneuver","floor":2},{"not_picked":["Dagger Throw","Prepared"],"picked":"Flying Knee","floor":3},{"not_picked":["Backflip","Dodge and Roll"],"picked":"Bouncing Flask","floor":4},{"not_picked":["Flechettes","Dodge and Roll"],"picked":"A Thousand Cuts","floor":7},{"not_picked":["Heel Hook","Dagger Throw"],"picked":"Sucker Punch","floor":8},{"not_picked":["Acrobatics","Masterful Stab"],"picked":"Deflect","floor":10},{"not_picked":["Cloak And Dagger","Dagger Spray"],"picked":"Poisoned Stab","floor":12},{"not_picked":["Glass Knife","Malaise"],"picked":"Venomology","floor":16},{"not_picked":[],"picked":"Calculated Gamble","floor":18},{"not_picked":[],"picked":"Terror+1","floor":19},{"not_picked":["Dagger Spray"],"picked":"SKIP","floor":20},{"not_picked":["Dodge and Roll"],"picked":"SKIP","floor":21},{"not_picked":["Masterful Stab"],"picked":"SKIP","floor":24},{"not_picked":[],"picked":"Flying Knee","floor":27},{"not_picked":[],"picked":"Riddle With Holes","floor":31},{"not_picked":[],"picked":"Venomology","floor":33},{"not_picked":[],"picked":"Blade Dance","floor":35},{"not_picked":["Dodge and Roll"],"picked":"SKIP","floor":36},{"not_picked":[],"picked":"Quick Slash+1","floor":37},{"not_picked":[],"picked":"Dodge and Roll+1","floor":42},{"not_picked":[],"picked":"Endless Agony+1","floor":44},{"not_picked":["Dagger Spray+1"],"picked":"SKIP","floor":45},{"not_picked":[],"picked":"All Out Attack","floor":46},{"not_picked":[],"picked":"Choke+1","floor":54}],"player_experience":42737,"relics_obtained":[{"floor":7,"key":"Lantern"},{"floor":9,"key":"MawBank"},{"floor":26,"key":"Vajra"},{"floor":31,"key":"Juzu Bracelet"},{"floor":34,"key":"Thread and Needle"},{"floor":34,"key":"Mummified Hand"},{"floor":34,"key":"Strawberry"},{"floor":37,"key":"Unceasing Top"},{"floor":43,"key":"Art of War"},{"floor":44,"key":"Eternal Feather"},{"floor":46,"key":"TungstenRod"},{"floor":54,"key":"Orichalcum"}],"event_choices":[{"damage_healed":0,"gold_gain":0,"player_choice":"Success","damage_taken":7,"relics_obtained":["Bag of Marbles"],"max_hp_gain":0,"max_hp_loss":0,"event_name":"Scrap Ooze","floor":14,"gold_loss":0},{"damage_healed":23,"gold_gain":0,"player_choice":"Heal","damage_taken":0,"max_hp_gain":0,"max_hp_loss":0,"event_name":"The Library","floor":22,"gold_loss":0},{"damage_healed":0,"gold_gain":0,"player_choice":"Ignored","damage_taken":0,"max_hp_gain":0,"max_hp_loss":0,"event_name":"Vampires","floor":29,"gold_loss":0},{"damage_healed":0,"gold_gain":0,"player_choice":"Fight","damage_taken":0,"max_hp_gain":0,"max_hp_loss":0,"event_name":"MindBloom","floor":37,"gold_loss":0},{"damage_healed":19,"gold_gain":0,"player_choice":"Writhe","damage_taken":0,"max_hp_gain":0,"max_hp_loss":0,"event_name":"Winding Halls","floor":39,"gold_loss":0,"cards_obtained":["Writhe"]},{"damage_healed":0,"gold_gain":0,"player_choice":"Upgraded","damage_taken":0,"max_hp_gain":0,"max_hp_loss":0,"event_name":"Upgrade Shrine","floor":48,"gold_loss":0,"cards_upgraded":["Flying Knee"]}],"is_beta":false,"boss_relics":[{"not_picked":["Runic Dome","Empty Cage"],"picked":"Busted Crown"},{"not_picked":["SacredBark","Cursed Key"],"picked":"Calling Bell"}],"items_purged_floors":[],"is_endless":false,"potions_floor_spawned":[1,2,7,10,12,19,21,27,31,35,42,44],"killed_by":"The Heart","ascension_level":0}}