{"host":"w3q5ijqu8eoknil3","time":1609095144,"event":{"mods":["AchievementEnabler","BaseMod","Block Reminder","Colored Powertips","Minty Spire (QoL Compilation)","Quick Restart","Relic Stats","ojb\u0027s Better Paths Mod","ojb\u0027s Info Mod","slay the spire mod where everything is the same but ironclad has a cowboy hat"],"gold_per_floor":[114,114,114,27,40,75,89,89,89,239,254,254,294,315,315,405,405,429,479,493,493,408,408,408,408,408],"floor_reached":25,"playtime":1011,"items_purged":[],"score":458,"play_id":"f2a8c0bd-3b45-48d7-bd4c-e13f8d3a3d5b","local_time":"20201227185224","is_ascension_mode":true,"campfire_choices":[{"data":"Carnage","floor":8,"key":"SMITH"},{"floor":15,"key":"REST"},{"floor":24,"key":"REST"}],"circlet_count":0,"master_deck":["AscendersBane","Bash","Thunderclap","Carnage+1","Iron Wave","Flex","Cleave","Doubt","Immolate","Spot Weakness","Heavy Blade","Demon Form","Dark Embrace","Headbutt","Hemokinesis","Reckless Charge","Entrench","Dual Wield","Demon Form","Carnage","Power Through","Spot Weakness+1","Writhe"],"relics":["Velvet Choker","Toy Ornithopter","Mercury Hourglass","Golden Idol","Torii","Pandora\u0027s Box","HornCleat","Molten Egg 2"],"acts_visited":["Exordium","TheCity"],"potions_floor_usage":[16,20,23],"damage_taken":[{"damage":3,"enemies":"Small Slimes","floor":1,"turns":3},{"damage":0,"enemies":"Jaw Worm","floor":5,"turns":2},{"damage":30,"enemies":"3 Sentries","floor":6,"turns":9},{"damage":0,"enemies":"2 Louse","floor":7,"turns":3},{"damage":0,"enemies":"Blue Slaver","floor":11,"turns":2},{"damage":25,"enemies":"Lagavulin","floor":13,"turns":5},{"damage":0,"enemies":"3 Louse","floor":14,"turns":1},{"damage":32,"enemies":"Hexaghost","floor":16,"turns":8},{"damage":41,"enemies":"2 Thieves","floor":18,"turns":4},{"damage":16,"enemies":"3 Byrds","floor":20,"turns":4},{"damage":0,"enemies":"Gremlin Leader","floor":23,"turns":1},{"damage":38,"enemies":"Slavers","floor":25,"turns":1}],"seed_played":"1679525799268082676","potions_obtained":[{"floor":5,"key":"SmokeBomb"},{"floor":11,"key":"SneckoOil"},{"floor":18,"key":"SkillPotion"}],"is_trial":false,"path_per_floor":["M","?","?","$","M","E","M","R","T","?","M","?","E","M","R","B",null,"M","?","M","?","?","E","R","E"],"character_chosen":"IRONCLAD","items_purchased":["Carnage"],"campfire_rested":2,"item_purchase_floors":[4],"current_hp_per_floor":[65,70,63,63,63,33,33,33,33,33,33,33,8,8,29,2,55,14,14,3,3,3,8,29,0,0],"gold":408,"neow_bonus":"BOSS_RELIC","is_daily":false,"chose_seed":false,"campfire_upgraded":1,"win_rate":0.0,"timestamp":1609095144,"path_taken":["M","?","?","?","M","E","M","R","T","?","M","?","E","?","R","BOSS","M","?","M","?","?","E","R","E"],"items_purchased_type":["Card"],"build_version":"2020-12-22","purchased_purges":0,"victory":false,"max_hp_per_floor":[75,80,80,80,80,80,80,80,80,80,80,72,72,72,72,72,72,72,72,72,72,72,72,72,72,72],"relic_stats":{"Torii":6,"counters":[12,43],"Golden Idol":45,"Pandora\u0027s Box":["Dark Embrace","Headbutt","Hemokinesis","Reckless Charge","Entrench","Dual Wield","Demon Form","Carnage"],"obtain_stats":[{"HornCleat":21,"Torii":13,"Golden Idol":12,"Velvet Choker":0,"Pandora\u0027s Box":17,"Molten Egg 2":22,"Burning Blood":0,"Toy Ornithopter":6,"Mercury Hourglass":9},{"HornCleat":10,"Torii":6,"Golden Idol":5,"Velvet Choker":0,"Pandora\u0027s Box":8,"Molten Egg 2":10,"Burning Blood":0,"Toy Ornithopter":3,"Mercury Hourglass":4},{"HornCleat":41,"Torii":24,"Golden Idol":19,"Velvet Choker":0,"Pandora\u0027s Box":33,"Molten Egg 2":41,"Burning Blood":0,"Toy Ornithopter":14,"Mercury Hourglass":17}],"Toy Ornithopter":15,"Mercury Hourglass":[111]},"card_choices":[{"not_picked":["Heavy Blade","Warcry"],"picked":"Thunderclap","floor":1},{"not_picked":["Clash","Dual Wield"],"picked":"Iron Wave","floor":5},{"not_picked":["Havoc","Combust"],"picked":"Flex","floor":6},{"not_picked":["Perfected Strike","True Grit"],"picked":"Cleave","floor":7},{"not_picked":["Cleave","Pommel Strike"],"picked":"Immolate","floor":11},{"not_picked":["Anger","Shockwave"],"picked":"Spot Weakness","floor":13},{"not_picked":["Wild Strike","Evolve"],"picked":"Heavy Blade","floor":14},{"not_picked":["Juggernaut","Corruption"],"picked":"Demon Form","floor":16},{"not_picked":["Sword Boomerang","Whirlwind"],"picked":"Power Through","floor":18},{"not_picked":["Clash","Flex+1"],"picked":"Spot Weakness+1","floor":20}],"player_experience":944031,"relics_obtained":[{"floor":6,"key":"Toy Ornithopter"},{"floor":9,"key":"Mercury Hourglass"},{"floor":13,"key":"Torii"}],"event_choices":[{"damage_healed":0,"gold_gain":0,"player_choice":"Donut","damage_taken":0,"max_hp_gain":5,"max_hp_loss":0,"event_name":"Big Fish","floor":2,"gold_loss":0},{"cards_removed":["Strike_R"],"damage_healed":0,"gold_gain":0,"player_choice":"Card Removal","damage_taken":7,"max_hp_gain":0,"max_hp_loss":0,"event_name":"Golden Wing","floor":3,"gold_loss":0},{"damage_healed":0,"gold_gain":150,"player_choice":"AGREE","damage_taken":0,"max_hp_gain":0,"max_hp_loss":0,"event_name":"Liars Game","floor":10,"gold_loss":0,"cards_obtained":["Doubt"]},{"damage_healed":0,"gold_gain":0,"player_choice":"Lose Max HP","damage_taken":0,"relics_obtained":["Golden Idol"],"max_hp_gain":0,"max_hp_loss":8,"event_name":"Golden Idol","floor":12,"gold_loss":0},{"damage_healed":0,"gold_gain":50,"player_choice":"Stole From Cult","damage_taken":0,"max_hp_gain":0,"max_hp_loss":0,"event_name":"Nest","floor":19,"gold_loss":0},{"damage_healed":0,"gold_gain":0,"player_choice":"Opened","damage_taken":0,"relics_obtained":["HornCleat"],"max_hp_gain":0,"max_hp_loss":0,"event_name":"The Mausoleum","floor":21,"gold_loss":0,"cards_obtained":["Writhe"]},{"damage_healed":0,"gold_gain":0,"player_choice":"Obtained Relic","damage_taken":0,"relics_obtained":["Molten Egg 2"],"max_hp_gain":0,"max_hp_loss":0,"event_name":"Addict","floor":22,"gold_loss":85}],"is_beta":false,"boss_relics":[{"not_picked":["Philosopher\u0027s Stone","Busted Crown"],"picked":"Pandora\u0027s Box"}],"items_purged_floors":[],"is_endless":false,"potions_floor_spawned":[5,11,14,18,23],"killed_by":"Slavers","ascension_level":20}}