{"host":"893tigbyvzgno994","time":1609097320,"event":{"mods":["BaseMod","Minty Spire (QoL Compilation)"],"gold_per_floor":[112,112,132,307,112,144,164,164,164,164,179,208,219,219,219,345,345,368,383,383,123,148,148,171,171,171,102,125,125,161,161,161,286,286,300,319,339,357,720,720,745,745,745,1078,1108,1108,1119,823,823,823,823,823,576,607,607,607],"floor_reached":55,"playtime":4853,"items_purged":["Doubt","Defend_R","Defend_R","Bash"],"score":813,"play_id":"76078dd5-f2ef-4574-b798-1cac4d3b102a","local_time":"20201227122840","is_ascension_mode":true,"campfire_choices":[{"data":"Combust","floor":8,"key":"SMITH"},{"data":"Armaments","floor":10,"key":"SMITH"},{"data":"Whirlwind","floor":15,"key":"SMITH"},{"data":"Limit Break","floor":23,"key":"SMITH"},{"floor":25,"key":"REST"},{"data":"Heavy Blade","floor":29,"key":"SMITH"},{"floor":32,"key":"REST"},{"floor":40,"key":"RECALL"},{"floor":42,"key":"REST"},{"floor":46,"key":"REST"},{"floor":49,"key":"REST"},{"data":"Secret Weapon","floor":52,"key":"SMITH"}],"circlet_count":0,"master_deck":["Defend_R","Defend_R","Combust+1","Headbutt","Armaments+1","Whirlwind+1","Limit Break+1","Shrug It Off","Metallicize","Uppercut","Burning Pact","Demon Form","Demon Form","Feed","Heavy Blade+1","Metallicize","Bite","Bite","Bite","Bite","Bite","Limit Break","Metallicize+1","Heavy Blade+1","Secret Weapon+1","Chrysalis"],"relics":["Burning Blood","NeowsBlessing","InkBottle","Orichalcum","Bag of Marbles","Philosopher\u0027s Stone","Juzu Bracelet","Velvet Choker","Old Coin","Blue Candle","Anchor","Membership Card","Ginger"],"acts_visited":["Exordium","TheCity","TheBeyond","TheEnding"],"potions_floor_usage":[30,30,33,33,38,38,50,55,55],"damage_taken":[{"damage":0.0,"enemies":"Jaw Worm","floor":1.0,"turns":1.0},{"damage":0,"enemies":"Cultist","floor":3,"turns":1},{"damage":0,"enemies":"Lagavulin","floor":6,"turns":1},{"damage":7,"enemies":"2 Louse","floor":7,"turns":3},{"damage":4,"enemies":"Looter","floor":11,"turns":4},{"damage":14,"enemies":"3 Sentries","floor":12,"turns":4},{"damage":5,"enemies":"Red Slaver","floor":13,"turns":6},{"damage":73,"enemies":"The Guardian","floor":16,"turns":14},{"damage":36,"enemies":"2 Thieves","floor":18,"turns":4},{"damage":14,"enemies":"Spheric Guardian","floor":19,"turns":4},{"damage":7,"enemies":"Snecko","floor":22,"turns":5},{"damage":15,"enemies":"Centurion and Healer","floor":24,"turns":3},{"damage":12,"enemies":"Snake Plant","floor":28,"turns":4},{"damage":29,"enemies":"Gremlin Leader","floor":30,"turns":6},{"damage":29,"enemies":"Champ","floor":33,"turns":7},{"damage":7,"enemies":"Orb Walker","floor":35,"turns":3},{"damage":8,"enemies":"3 Shapes","floor":36,"turns":5},{"damage":31,"enemies":"Sphere and 2 Shapes","floor":37,"turns":5},{"damage":10,"enemies":"Transient","floor":38,"turns":5},{"damage":24,"enemies":"Mind Bloom Boss Battle","floor":39,"turns":7},{"damage":30,"enemies":"4 Shapes","floor":41,"turns":6},{"damage":40,"enemies":"Reptomancer","floor":45,"turns":6},{"damage":59,"enemies":"Writhing Mass","floor":47,"turns":6},{"damage":73,"enemies":"Donu and Deca","floor":50,"turns":7},{"damage":75,"enemies":"Shield and Spear","floor":54,"turns":6},{"damage":40,"enemies":"The Heart","floor":55,"turns":2}],"seed_played":"-207585500597838097","potions_obtained":[{"floor":3,"key":"Energy Potion"},{"floor":6,"key":"FairyPotion"},{"floor":12,"key":"SpeedPotion"},{"floor":19,"key":"EntropicBrew"},{"floor":33,"key":"Fruit Juice"},{"floor":45,"key":"DistilledChaos"}],"is_trial":false,"path_per_floor":["M","?","M","?","$","E","M","R","T","R","M","E","M","?","R","B",null,"M","M","?","$","M","R","M","R","T","$","M","R","E","?","R","B",null,"M","M","M","M","?","R","M","R","T","?","E","R","M","$","R","B",null,"R","$","E","B"],"character_chosen":"IRONCLAD","items_purchased":["Armaments","Whirlwind","Feed","Metallicize","Membership Card","Secret Weapon","Regen Potion","DuplicationPotion","Chrysalis"],"campfire_rested":5,"item_purchase_floors":[5,5,21,27,48,48,53,53,53],"current_hp_per_floor":[80,80,80,80,80,80,79,79,79,79,80,72,73,53,53,10,80,50,42,42,42,41,41,32,56,56,56,50,50,31,31,48,35,62,65,68,48,58,61,61,51,75,75,75,59,82,37,37,61,11,85,85,85,23,0,0],"gold":607,"neow_bonus":"THREE_ENEMY_KILL","is_daily":false,"chose_seed":false,"campfire_upgraded":6,"win_rate":0.0,"timestamp":1609097320,"path_taken":["M","?","?","?","$","E","M","R","T","R","M","E","M","?","R","BOSS","M","M","?","$","?","R","M","R","T","$","M","R","E","?","R","BOSS","M","M","M","M","?","R","M","R","T","?","E","R","M","$","R","BOSS","R","$","E","BOSS"],"items_purchased_type":["Card","Card","Card","Card","Relic","Card","Potion","Potion","Card"],"build_version":"2020-12-22","purchased_purges":4,"victory":false,"max_hp_per_floor":[80,80,80,80,80,80,80,80,80,80,80,80,80,80,80,80,80,80,80,80,80,80,80,80,80,80,80,80,80,84,58,58,62,62,65,68,71,76,79,79,82,82,82,82,82,82,82,82,82,85,85,85,85,85,85,85],"card_choices":[{"not_picked":["Warcry","Iron Wave"],"picked":"Combust","floor":1.0},{"not_picked":["Perfected Strike","Havoc"],"picked":"Headbutt","floor":3},{"not_picked":["Pommel Strike","Intimidate"],"picked":"Limit Break","floor":6},{"not_picked":["True Grit","Armaments"],"picked":"Shrug It Off","floor":7},{"not_picked":["Intimidate","Uppercut"],"picked":"Metallicize","floor":11},{"not_picked":["Warcry","Wild Strike"],"picked":"Uppercut","floor":12},{"not_picked":["Warcry","Impervious"],"picked":"Burning Pact","floor":13},{"not_picked":["Immolate","Berserk"],"picked":"Demon Form","floor":16},{"not_picked":["Sword Boomerang+1","Clothesline","Pommel Strike"],"picked":"SKIP","floor":18},{"not_picked":["Anger","Thunderclap","Pommel Strike"],"picked":"SKIP","floor":19},{"not_picked":["Infernal Blade","Clothesline","Power Through+1"],"picked":"SKIP","floor":22},{"not_picked":["Sword Boomerang","Armaments+1"],"picked":"Heavy Blade","floor":24},{"not_picked":["Rampage+1","Iron Wave+1","Reckless Charge"],"picked":"SKIP","floor":28},{"not_picked":["Body Slam","Rage","Flame Barrier"],"picked":"SKIP","floor":30},{"not_picked":["Reaper","Berserk"],"picked":"Limit Break","floor":33},{"not_picked":["Flex","Burning Pact+1","Pommel Strike"],"picked":"SKIP","floor":35},{"not_picked":["Thunderclap","Flex+1","Anger"],"picked":"SKIP","floor":36},{"not_picked":["Headbutt+1","Anger+1","Blood for Blood+1"],"picked":"SKIP","floor":37},{"not_picked":["Iron Wave","Armaments+1","Twin Strike+1"],"picked":"SKIP","floor":38},{"not_picked":["Bludgeon","Pommel Strike+1"],"picked":"Metallicize+1","floor":39},{"not_picked":["Clash+1","Searing Blow+1"],"picked":"Heavy Blade+1","floor":41},{"not_picked":["Intimidate+1","Thunderclap+1","Flex+1"],"picked":"SKIP","floor":45},{"not_picked":["Impervious","Fire Breathing","Flex"],"picked":"SKIP","floor":47},{"not_picked":["Iron Wave+1","Blood for Blood+1","Clash"],"picked":"SKIP","floor":54}],"player_experience":594527,"relics_obtained":[{"floor":6,"key":"InkBottle"},{"floor":9,"key":"Orichalcum"},{"floor":12,"key":"Bag of Marbles"},{"floor":30,"key":"Juzu Bracelet"},{"floor":39,"key":"Old Coin"},{"floor":43,"key":"Blue Candle"},{"floor":45,"key":"Anchor"},{"floor":54,"key":"Ginger"}],"event_choices":[{"damage_healed":0,"gold_gain":0,"player_choice":"Ignored","damage_taken":0,"max_hp_gain":0,"max_hp_loss":0,"event_name":"WeMeetAgain","floor":2,"gold_loss":0},{"damage_healed":0,"gold_gain":175,"player_choice":"AGREE","damage_taken":0,"max_hp_gain":0,"max_hp_loss":0,"event_name":"Liars Game","floor":4,"gold_loss":0,"cards_obtained":["Doubt"]},{"damage_healed":0,"gold_gain":0,"player_choice":"Take Damage","damage_taken":20,"relics_obtained":["Golden Idol"],"max_hp_gain":0,"max_hp_loss":0,"event_name":"Golden Idol","floor":14,"gold_loss":0},{"damage_healed":0,"gold_gain":0,"player_choice":"1 cards matched","damage_taken":0,"max_hp_gain":0,"max_hp_loss":0,"event_name":"Match and Keep!","floor":20,"gold_loss":0,"cards_obtained":["Demon Form"]},{"damage_healed":0,"gold_gain":0,"player_choice":"Became a vampire","damage_taken":0,"max_hp_gain":0,"max_hp_loss":26,"event_name":"Vampires","floor":31,"gold_loss":0,"cards_obtained":["Bite","Bite","Bite","Bite","Bite"]},{"damage_healed":0,"gold_gain":0,"player_choice":"Fight","damage_taken":0,"max_hp_gain":0,"max_hp_loss":0,"event_name":"MindBloom","floor":39,"gold_loss":0},{"damage_healed":0,"gold_gain":333,"player_choice":"Gave Idol","damage_taken":0,"max_hp_gain":0,"max_hp_loss":0,"event_name":"The Moai Head","floor":44,"relics_lost":["Golden Idol"],"gold_loss":0}],"is_beta":false,"boss_relics":[{"not_picked":["Black Blood","Cursed Key"],"picked":"Philosopher\u0027s Stone"},{"not_picked":["Coffee Dripper","Empty Cage"],"picked":"Velvet Choker"}],"items_purged_floors":[5,21,48,53],"is_endless":false,"potions_floor_spawned":[3,6,12,19,33,36,37,45],"killed_by":"The Heart","ascension_level":1}}