{"host":"sh8ot41fo7a0kahq","time":1609071520,"event":{"mods":["ATMod(°¢èªMod)","BaseMod","Better Third Choice","Colored Powertips","Displayed Cursed Tome","Minty Spire (QoL Compilation)","Quick Restart","Spicy Shops","StSLib","UnlockEverythingMod","¡¾ÒÅÎï¿¨ÅÆ¡¿REMEMod"],"gold_per_floor":[110,110,128,148,165,165,200,200,200,282,302,317,317,98,98,201,201,218,237,253,281,292,292,351,351,432,432,444,444],"floor_reached":28,"playtime":769,"items_purged":["Defend_B"],"score":347,"play_id":"f3fa32a4-897e-4798-968d-392564f61f52","local_time":"20201227201840","is_ascension_mode":true,"campfire_choices":[{"data":"Adrenaline","floor":6.0,"key":"SMITH"},{"floor":8.0,"key":"REST"},{"data":"Biased Cognition","floor":15.0,"key":"SMITH"},{"floor":23,"key":"REST"},{"data":"AT_ThunderBolt","floor":25,"key":"SMITH"}],"circlet_count":0,"master_deck":["Strike_B","Strike_B","Strike_B","Defend_B","Defend_B","Defend_B","Zap","Dualcast","AT_WaterDrop","Adrenaline+1","Chill","Biased Cognition+1","Ball Lightning","REME_SelfUpgrade","Ball Lightning","AT_ThunderBolt+1","Recycle","Hello World+1","Creative AI"],"relics":["Cracked Core","AT_ATBox","REME_ComplimentaryCards","Torii","Bag of Preparation","REME_ArchaeologicalTools","Darkstone Periapt","Omamori","REME_ChargedStone","Red Mask"],"acts_visited":["Exordium","TheCity"],"potions_floor_usage":[21],"damage_taken":[{"damage":7.0,"enemies":"Cultist","floor":1.0,"turns":4.0},{"damage":1.0,"enemies":"2 Louse","floor":3.0,"turns":3.0},{"damage":0.0,"enemies":"Small Slimes","floor":4.0,"turns":2.0},{"damage":11.0,"enemies":"Looter","floor":5.0,"turns":2.0},{"damage":20.0,"enemies":"3 Sentries","floor":7.0,"turns":9.0},{"damage":0.0,"enemies":"Gremlin Nob","floor":10.0,"turns":5.0},{"damage":8.0,"enemies":"Blue Slaver","floor":11.0,"turns":2.0},{"damage":1.0,"enemies":"2 Fungi Beasts","floor":12.0,"turns":3.0},{"damage":8.0,"enemies":"Slime Boss","floor":16.0,"turns":7.0},{"damage":7.0,"enemies":"Chosen","floor":18.0,"turns":4.0},{"damage":0.0,"enemies":"3 Byrds","floor":19.0,"turns":2.0},{"damage":19.0,"enemies":"Centurion and Healer","floor":20.0,"turns":7.0},{"damage":19,"enemies":"Masked Bandits","floor":21,"turns":5},{"damage":17,"enemies":"Snake Plant","floor":22,"turns":4},{"damage":13,"enemies":"Cultist and Chosen","floor":24,"turns":6},{"damage":14,"enemies":"3 Cultists","floor":28,"turns":4}],"seed_played":"8279841276128283655","potions_obtained":[{"floor":1.0,"key":"PotionOfCapacity"},{"floor":3.0,"key":"Ancient Potion"},{"floor":10.0,"key":"Energy Potion"},{"floor":20.0,"key":"Fruit Juice"},{"floor":21,"key":"Swift Potion"}],"is_trial":false,"path_per_floor":["M","?","M","M","M","R","E","R","T","E","M","M","?","$","R","B",null,"M","M","M","?","M","R","M","R","T","?","M"],"character_chosen":"DEFECT","items_purchased":["Omamori"],"campfire_rested":2,"item_purchase_floors":[14],"current_hp_per_floor":[43,43,42,42,31,31,11,33,33,33,25,24,24,24,24,16,60,53,53,34,20,3,27,14,14,14,14,0,0],"gold":444,"neow_bonus":"ONE_RARE_RELIC","is_daily":false,"chose_seed":false,"campfire_upgraded":3,"win_rate":0.0,"timestamp":1609071520,"path_taken":["M","?","M","?","M","R","E","R","T","E","M","M","?","$","R","BOSS","M","M","M","?","M","R","M","R","T","?","M"],"items_purchased_type":["Relic"],"build_version":"2020-12-22","purchased_purges":1,"victory":false,"max_hp_per_floor":[75,75,75,75,75,75,75,75,75,75,75,75,75,75,75,75,75,75,75,75,80,80,80,80,80,80,80,80,80],"card_choices":[{"not_picked":["FTL","Steam"],"picked":"Chill","floor":1.0},{"not_picked":["Go for the Eyes","Glacier"],"picked":"Ball Lightning","floor":3.0},{"not_picked":["Streamline","Barrage","Redo"],"picked":"SKIP","floor":4.0},{"not_picked":["Rebound","Thunder Strike","Barrage"],"picked":"SKIP","floor":5.0},{"not_picked":["Beam Cell","Aggregate"],"picked":"REME_SelfUpgrade","floor":7.0},{"not_picked":["Hologram","Redo","Gash","Leap"],"picked":"SKIP","floor":10.0},{"not_picked":["Go for the Eyes","Sweeping Beam","Hyperbeam","Rebound"],"picked":"SKIP","floor":11.0},{"not_picked":["REME_SelfUpgrade","Leap","Steam"],"picked":"Ball Lightning","floor":12.0},{"not_picked":["Blizzard+1","Glacier","Turbo"],"picked":"AT_ThunderBolt","floor":18.0},{"not_picked":["REME_Compress","Hologram","Beam Cell+1"],"picked":"SKIP","floor":19.0},{"not_picked":["Beam Cell","Ball Lightning+1","Streamline"],"picked":"Recycle","floor":20.0},{"not_picked":["Beam Cell+1","Ball Lightning+1","Streamline"],"picked":"Hello World+1","floor":22},{"not_picked":["Leap","Compile Driver","Redo","Go for the Eyes"],"picked":"SKIP","floor":24}],"player_experience":290452,"relics_obtained":[{"floor":7.0,"key":"Bag of Preparation"},{"floor":9.0,"key":"REME_ArchaeologicalTools"},{"floor":10.0,"key":"Darkstone Periapt"},{"floor":21,"key":"Red Mask"}],"event_choices":[{"damage_healed":0.0,"max_hp_gain":0.0,"max_hp_loss":0.0,"gold_gain":0.0,"cards_transformed":["Strike_B"],"event_name":"Transmorgrifier","player_choice":"Transformed","floor":2.0,"gold_loss":0.0,"damage_taken":0.0,"cards_obtained":["Biased Cognition"]},{"damage_healed":24.0,"max_hp_gain":0.0,"max_hp_loss":75.0,"gold_gain":0.0,"event_name":"betterThird:BetterShining","player_choice":"Leave","floor":13.0,"gold_loss":0.0,"damage_taken":0.0},{"damage_healed":0,"gold_gain":0,"player_choice":"Fought Bandits","damage_taken":0,"max_hp_gain":0,"max_hp_loss":0,"event_name":"Masked Bandits","floor":21,"gold_loss":0},{"damage_healed":0,"gold_gain":0,"player_choice":"Read","damage_taken":0,"max_hp_gain":0,"max_hp_loss":0,"event_name":"The Library","floor":27,"gold_loss":0,"cards_obtained":["Creative AI"]}],"is_beta":false,"boss_relics":[{"not_picked":["Cursed Key","Astrolabe"],"picked":"REME_ChargedStone"}],"items_purged_floors":[14],"is_endless":false,"potions_floor_spawned":[1,3,10,11,20,21,22,24],"killed_by":"3 Cultists","ascension_level":7}}