{"host":"Feanor","time":1609105443,"event":{"mods":["BaseMod","Colored Map","Colored Powertips","Highlight Path","Minty Spire (QoL Compilation)","Relic Stats"],"gold_per_floor":[111,125,136,152,202,202,237,248,248,264,298,31,31,56,56,132,132,146,181,181,181,200,200,38,38,64,87,104,137,137,137,137,208,208,220,270,270,281,4,4,35,60,105,137,3,3,18,0,0,0,0,0,0,0,29,29,29],"floor_reached":56,"playtime":4087,"items_purged":["Strike_R","Strike_R","Strike_R","Perfected Strike"],"score":1982,"play_id":"01104774-24c1-4c2c-a3e6-beada2101092","local_time":"20201227224403","is_ascension_mode":true,"campfire_choices":[{"data":"Bash","floor":6.0,"key":"SMITH"},{"floor":13.0,"key":"REST"},{"data":"Inflame","floor":15.0,"key":"SMITH"},{"floor":23.0,"key":"REST"},{"floor":25.0,"key":"REST"},{"floor":30.0,"key":"REST"},{"floor":32.0,"key":"RECALL"},{"floor":40.0,"key":"REST"},{"floor":46.0,"key":"DIG"},{"floor":49.0,"key":"DIG"},{"floor":53.0,"key":"DIG"}],"circlet_count":0,"master_deck":["AscendersBane","Defend_R","Defend_R","Defend_R","Defend_R","Bash+1","True Grit","Sword Boomerang","Anger","Second Wind","Inflame+1","Ghostly Armor","Exhume","Burning Pact","Armaments+1","Pommel Strike","Sword Boomerang","Burning Pact","Ghostly","Ghostly","Ghostly","Metallicize","Apotheosis","Uppercut","Flame Barrier","Flex"],"relics":["Busted Crown","Smiling Mask","InkBottle","Ice Cream","PreservedInsect","Bottled Tornado","Fusion Hammer","Nilry\u0027s Codex","Vajra","Nunchaku","Pear","Runic Pyramid","Mango","Bottled Lightning","Shovel","Pen Nib","Ornamental Fan","Red Mask","Bag of Marbles","StrikeDummy","Strawberry"],"acts_visited":["Exordium","TheCity","TheBeyond","TheEnding"],"potions_floor_usage":[],"damage_taken":[{"damage":0.0,"enemies":"2 Louse","floor":1.0,"turns":2.0},{"damage":0.0,"enemies":"Cultist","floor":2.0,"turns":3.0},{"damage":7.0,"enemies":"Jaw Worm","floor":3.0,"turns":2.0},{"damage":9.0,"enemies":"2 Fungi Beasts","floor":4.0,"turns":3.0},{"damage":28.0,"enemies":"3 Sentries","floor":7.0,"turns":8.0},{"damage":2.0,"enemies":"Red Slaver","floor":8.0,"turns":3.0},{"damage":1.0,"enemies":"Exordium Thugs","floor":10.0,"turns":4.0},{"damage":13.0,"enemies":"Lagavulin","floor":11.0,"turns":6.0},{"damage":1.0,"enemies":"Gremlin Nob","floor":14.0,"turns":3.0},{"damage":27.0,"enemies":"Slime Boss","floor":16.0,"turns":9.0},{"damage":14.0,"enemies":"Chosen","floor":18.0,"turns":4.0},{"damage":10.0,"enemies":"2 Thieves","floor":19.0,"turns":4.0},{"damage":15.0,"enemies":"Sentry and Sphere","floor":22.0,"turns":4.0},{"damage":22.0,"enemies":"Chosen and Byrds","floor":28.0,"turns":5.0},{"damage":31.0,"enemies":"Slavers","floor":29.0,"turns":5.0},{"damage":1.0,"enemies":"Champ","floor":33.0,"turns":11.0},{"damage":0.0,"enemies":"Orb Walker","floor":35.0,"turns":3.0},{"damage":0.0,"enemies":"2 Orb Walkers","floor":36.0,"turns":5.0},{"damage":12.0,"enemies":"3 Darklings","floor":38.0,"turns":5.0},{"damage":5.0,"enemies":"Giant Head","floor":41.0,"turns":5.0},{"damage":0.0,"enemies":"Mind Bloom Boss Battle","floor":42.0,"turns":6.0},{"damage":5.0,"enemies":"Reptomancer","floor":44.0,"turns":4.0},{"damage":6.0,"enemies":"Writhing Mass","floor":47.0,"turns":6.0},{"damage":0.0,"enemies":"Awakened One","floor":50.0,"turns":10.0},{"damage":8.0,"enemies":"Donu and Deca","floor":51.0,"turns":10.0},{"damage":26.0,"enemies":"Shield and Spear","floor":55.0,"turns":6.0},{"damage":38,"enemies":"The Heart","floor":56,"turns":9}],"seed_played":"-8297426619758268051","potions_obtained":[{"floor":3.0,"key":"Weak Potion"},{"floor":8.0,"key":"SteroidPotion"},{"floor":11.0,"key":"SkillPotion"},{"floor":16.0,"key":"BloodPotion"},{"floor":18.0,"key":"ColorlessPotion"},{"floor":19.0,"key":"Strength Potion"},{"floor":33.0,"key":"GamblersBrew"},{"floor":35.0,"key":"ColorlessPotion"},{"floor":38.0,"key":"Dexterity Potion"},{"floor":44.0,"key":"HeartOfIron"}],"is_trial":false,"path_per_floor":["M","M","M","M","?","R","E","M","T","M","E","$","R","E","R","B",null,"M","M","?","?","M","R","$","R","T","T","M","E","R","?","R","B",null,"M","?","?","M","$","R","E","?","T","E","$","R","M","?","R","B","B",null,"R","$","E","B"],"character_chosen":"IRONCLAD","items_purchased":["PreservedInsect","Ghostly Armor","Pommel Strike","Swift Potion","Apotheosis","Uppercut","Flame Barrier"],"campfire_rested":5,"item_purchase_floors":[12,12,24,24,39,39,45],"current_hp_per_floor":[68,68,61,52,52,52,24,22,22,21,8,8,30,29,29,2,57,43,33,12,12,12,34,34,56,56,56,34,13,38,38,38,37,41,41,55,55,43,43,56,51,51,51,46,46,46,40,40,40,40,32,50,50,50,31,0,0],"gold":29,"neow_bonus":"BOSS_RELIC","is_daily":false,"chose_seed":false,"campfire_upgraded":2,"win_rate":0.0,"timestamp":1609105443,"path_taken":["M","M","M","M","?","R","E","M","T","?","E","$","R","E","R","BOSS","M","M","?","?","?","R","$","R","T","?","M","E","R","?","R","BOSS","M","?","?","M","$","R","E","?","T","E","$","R","M","?","R","BOSS","BOSS","R","$","E","BOSS"],"items_purchased_type":["Relic","Card","Card","Potion","Card","Card","Card"],"build_version":"2020-12-18","purchased_purges":4,"victory":false,"max_hp_per_floor":[75,75,75,75,75,75,75,75,75,75,75,75,75,75,75,75,75,75,75,75,75,75,75,75,75,75,75,75,85,85,42,42,42,42,42,56,56,56,56,56,56,56,56,56,56,56,56,56,56,56,56,56,56,56,63,63,63],"relic_stats":{"Nunchaku":[15],"Busted Crown":48,"Shovel":3,"counters":[27,145],"Ornamental Fan":[44],"PreservedInsect":331,"Pen Nib":[6],"Smiling Mask":250,"obtain_stats":[{"Ice Cream":11,"Pear":29,"Nilry\u0027s Codex":20,"Vajra":26,"Mango":36,"PreservedInsect":12,"Pen Nib":44,"Bottled Tornado":14,"Smiling Mask":7,"Burning Blood":0,"Nunchaku":27,"Busted Crown":0,"Shovel":42,"Ornamental Fan":46,"Strawberry":55,"Fusion Hammer":17,"Red Mask":48,"Bag of Marbles":49,"Bottled Lightning":41,"StrikeDummy":53,"InkBottle":9,"Runic Pyramid":34},{"Ice Cream":8,"Pear":15,"Nilry\u0027s Codex":12,"Vajra":13,"Mango":18,"PreservedInsect":8,"Pen Nib":22,"Bottled Tornado":9,"Smiling Mask":5,"Burning Blood":0,"Nunchaku":13,"Busted Crown":0,"Shovel":21,"Ornamental Fan":22,"Strawberry":26,"Fusion Hammer":10,"Red Mask":23,"Bag of Marbles":23,"Bottled Lightning":20,"StrikeDummy":25,"InkBottle":6,"Runic Pyramid":16},{"Ice Cream":31,"Pear":65,"Nilry\u0027s Codex":51,"Vajra":55,"Mango":84,"PreservedInsect":31,"Pen Nib":104,"Bottled Tornado":34,"Smiling Mask":18,"Burning Blood":0,"Nunchaku":55,"Busted Crown":0,"Shovel":100,"Ornamental Fan":104,"Strawberry":136,"Fusion Hammer":43,"Red Mask":110,"Bag of Marbles":110,"Bottled Lightning":94,"StrikeDummy":130,"InkBottle":21,"Runic Pyramid":76}],"InkBottle":[52]},"card_choices":[{"not_picked":[],"picked":"True Grit","floor":1.0},{"not_picked":[],"picked":"Sword Boomerang","floor":2.0},{"not_picked":[],"picked":"Perfected Strike","floor":3.0},{"not_picked":[],"picked":"Anger","floor":4.0},{"not_picked":[],"picked":"Second Wind","floor":7.0},{"not_picked":["Rupture"],"picked":"SKIP","floor":8.0},{"not_picked":["Sentinel"],"picked":"SKIP","floor":10.0},{"not_picked":[],"picked":"Inflame","floor":11.0},{"not_picked":["Rupture"],"picked":"SKIP","floor":14.0},{"not_picked":[],"picked":"Exhume","floor":16.0},{"not_picked":["Anger"],"picked":"SKIP","floor":18.0},{"not_picked":[],"picked":"Burning Pact","floor":19.0},{"not_picked":[],"picked":"Armaments+1","floor":22.0},{"not_picked":[],"picked":"Sword Boomerang","floor":28.0},{"not_picked":[],"picked":"Burning Pact","floor":29.0},{"not_picked":[],"picked":"Metallicize","floor":35.0},{"not_picked":["Sword Boomerang"],"picked":"SKIP","floor":38.0},{"not_picked":["Perfected Strike"],"picked":"SKIP","floor":41.0},{"not_picked":["Cleave+1"],"picked":"SKIP","floor":44.0},{"not_picked":[],"picked":"Flex","floor":47.0},{"not_picked":["Burning Pact"],"picked":"SKIP","floor":55.0}],"player_experience":1238521,"relics_obtained":[{"floor":7.0,"key":"Smiling Mask"},{"floor":9.0,"key":"InkBottle"},{"floor":11.0,"key":"Ice Cream"},{"floor":14.0,"key":"Bottled Tornado"},{"floor":20.0,"key":"Nilry\u0027s Codex"},{"floor":26.0,"key":"Vajra"},{"floor":27.0,"key":"Nunchaku"},{"floor":29.0,"key":"Pear"},{"floor":36.0,"key":"Mango"},{"floor":41.0,"key":"Bottled Lightning"},{"floor":42.0,"key":"Shovel"},{"floor":44.0,"key":"Pen Nib"},{"floor":46.0,"key":"Ornamental Fan"},{"floor":49.0,"key":"Bag of Marbles"},{"floor":53.0,"key":"StrikeDummy"},{"floor":55.0,"key":"Strawberry"}],"event_choices":[{"damage_healed":0.0,"max_hp_gain":0.0,"max_hp_loss":0.0,"gold_gain":50.0,"event_name":"Golden Shrine","player_choice":"Pray","floor":5.0,"gold_loss":0.0,"damage_taken":0.0},{"damage_healed":0.0,"max_hp_gain":0.0,"max_hp_loss":0.0,"gold_gain":0.0,"event_name":"Cursed Tome","player_choice":"Obtained Book","floor":20.0,"gold_loss":0.0,"damage_taken":21.0},{"cards_removed":["Strike_R"],"damage_healed":0.0,"max_hp_gain":0.0,"max_hp_loss":0.0,"gold_gain":0.0,"event_name":"Purifier","player_choice":"Purged","floor":21.0,"gold_loss":0.0,"damage_taken":0.0},{"damage_healed":0.0,"max_hp_gain":0.0,"max_hp_loss":43.0,"gold_gain":0.0,"event_name":"Ghosts","player_choice":"Became a Ghost","floor":31.0,"gold_loss":0.0,"damage_taken":0.0,"cards_obtained":["Ghostly","Ghostly","Ghostly"]},{"damage_healed":0.0,"max_hp_gain":0.0,"max_hp_loss":0.0,"gold_gain":0.0,"event_name":"Mysterious Sphere","player_choice":"Fight","floor":36.0,"gold_loss":0.0,"damage_taken":0.0},{"cards_removed":["Strike_R"],"damage_healed":0.0,"max_hp_gain":0.0,"max_hp_loss":0.0,"gold_gain":0.0,"event_name":"Falling","player_choice":"Removed Attack","floor":37.0,"gold_loss":0.0,"damage_taken":0.0},{"damage_healed":0.0,"max_hp_gain":0.0,"max_hp_loss":0.0,"gold_gain":0.0,"event_name":"MindBloom","player_choice":"Fight","floor":42.0,"gold_loss":0.0,"damage_taken":0.0},{"damage_healed":0.0,"max_hp_gain":0.0,"max_hp_loss":0.0,"gold_gain":0.0,"event_name":"Tomb of Lord Red Mask","player_choice":"Paid","floor":48.0,"gold_loss":18.0,"damage_taken":0.0,"relics_obtained":["Red Mask"]}],"is_beta":true,"boss_relics":[{"not_picked":["Mark of Pain","SacredBark"],"picked":"Fusion Hammer"},{"not_picked":["Black Star","Philosopher\u0027s Stone"],"picked":"Runic Pyramid"}],"items_purged_floors":[12,24,39,45],"is_endless":false,"potions_floor_spawned":[3,8,10,11,16,18,19,33,35,38,44],"killed_by":"The Heart","ascension_level":20}}