{"host":"30jsp143e4v19aze","time":1609088107,"event":{"mods":["BaseMod","Colored Map","Colored Powertips","Curses Come First","DeckTracker","Highlight Path","Minty Spire (QoL Compilation)","Quick Restart","Relic Stats","StSLib","everything is the same but u backflip on backflip","slay the spire mod where everything is the same but ironclad has a cowboy hat"],"gold_per_floor":[15,29,29,47,67,67,97,97,97,25,37,63,82,109,109,186,186,201,201,126,23,33,68,78,105,132,144,144,169,184,219,219,219,219],"floor_reached":33,"playtime":1437,"items_purged":[],"score":573,"play_id":"4155daef-e587-4253-bef6-a0ba309b005f","local_time":"20201227175507","is_ascension_mode":true,"campfire_choices":[{"data":"Defragment","floor":6,"key":"SMITH"},{"data":"Doom and Gloom","floor":8,"key":"SMITH"},{"data":"Defragment","floor":15,"key":"SMITH"},{"data":"Loop","floor":28,"key":"SMITH"},{"data":"Loop","floor":32,"key":"SMITH"}],"circlet_count":0,"master_deck":["AscendersBane","Defend_B","Defend_B","Defend_B","Zap","Dualcast+1","Fusion","Defragment+1","Cold Snap","Doom and Gloom+1","Defragment+1","Hologram","Conserve Battery","Undo","Genetic Algorithm","Capacitor","Compile Driver","Rainbow+1","Chill","Glacier","Capacitor","Coolheaded","Heatsinks","Loop+1","Loop+1","Static Discharge","Glacier+1"],"relics":["Cracked Core","NlothsMask","HornCleat","Art of War","CaptainsWheel","Coffee Dripper","Strawberry","Dream Catcher","War Paint","Centennial Puzzle"],"acts_visited":["Exordium","TheCity"],"potions_floor_usage":[7,25,29,29,29,31],"damage_taken":[{"damage":5,"enemies":"2 Louse","floor":1,"turns":3},{"damage":0,"enemies":"Cultist","floor":2,"turns":3},{"damage":5,"enemies":"Jaw Worm","floor":4,"turns":4},{"damage":11,"enemies":"Exordium Wildlife","floor":5,"turns":3},{"damage":10,"enemies":"Gremlin Nob","floor":7,"turns":3},{"damage":6,"enemies":"2 Fungi Beasts","floor":11,"turns":4},{"damage":6,"enemies":"Lagavulin","floor":12,"turns":5},{"damage":0,"enemies":"Lots of Slimes","floor":13,"turns":1},{"damage":12,"enemies":"Gremlin Nob","floor":14,"turns":5},{"damage":1,"enemies":"Hexaghost","floor":16,"turns":8},{"damage":5,"enemies":"Shell Parasite","floor":18,"turns":4},{"damage":0,"enemies":"3 Byrds","floor":22,"turns":5},{"damage":15,"enemies":"Slavers","floor":23,"turns":7},{"damage":8,"enemies":"Centurion and Healer","floor":24,"turns":7},{"damage":1,"enemies":"Book of Stabbing","floor":25,"turns":6},{"damage":0,"enemies":"Snecko","floor":27,"turns":6},{"damage":15,"enemies":"Slavers","floor":29,"turns":6},{"damage":7,"enemies":"3 Cultists","floor":30,"turns":5},{"damage":2,"enemies":"Book of Stabbing","floor":31,"turns":7},{"damage":13,"enemies":"Champ","floor":33,"turns":1}],"seed_played":"1038830908021404645","potions_obtained":[{"floor":5,"key":"EssenceOfDarkness"},{"floor":11,"key":"PotionOfCapacity"},{"floor":12,"key":"SmokeBomb"},{"floor":13,"key":"EntropicBrew"},{"floor":25,"key":"PotionOfCapacity"},{"floor":31,"key":"FearPotion"}],"is_trial":false,"path_per_floor":["M","M","?","M","M","R","E","R","T","$","M","E","M","E","R","B",null,"M","?","?","$","M","E","M","E","T","M","R","E","M","E","R","B"],"character_chosen":"DEFECT","items_purchased":["Undo","Coolheaded","Heatsinks"],"campfire_rested":0,"item_purchase_floors":[10,21,21],"current_hp_per_floor":[63,63,63,58,47,47,37,37,37,37,31,25,25,13,13,12,59,54,54,54,54,54,46,38,37,37,37,37,22,15,13,13,0,0],"gold":219,"neow_bonus":"TRANSFORM_TWO_CARDS","is_daily":false,"chose_seed":false,"campfire_upgraded":5,"win_rate":0.0,"timestamp":1609088107,"path_taken":["M","M","?","M","?","R","E","R","T","?","M","E","M","E","R","BOSS","M","?","?","?","M","E","M","E","T","M","R","E","M","E","R","BOSS"],"items_purchased_type":["Card","Card","Card"],"build_version":"2020-12-22","purchased_purges":0,"victory":false,"max_hp_per_floor":[75,75,75,75,75,75,75,75,75,75,75,75,75,75,75,75,75,75,75,75,75,75,82,82,82,82,82,82,82,82,82,82,82,82],"relic_stats":{"Dream Catcher":0,"Centennial Puzzle":[0],"counters":[20,93],"Art of War":[23],"War Paint":["Rainbow","Dualcast"],"obtain_stats":[{"CaptainsWheel":14,"Dream Catcher":25,"Centennial Puzzle":31,"HornCleat":7,"Strawberry":23,"Art of War":12,"Coffee Dripper":17,"War Paint":29,"Cracked Core":0,"NlothsMask":3},{"CaptainsWheel":9,"Dream Catcher":15,"Centennial Puzzle":19,"HornCleat":5,"Strawberry":13,"Art of War":7,"Coffee Dripper":10,"War Paint":17,"Cracked Core":0,"NlothsMask":2},{"CaptainsWheel":31,"Dream Catcher":68,"Centennial Puzzle":92,"HornCleat":16,"Strawberry":55,"Art of War":25,"Coffee Dripper":39,"War Paint":80,"Cracked Core":0,"NlothsMask":6}]},"card_choices":[{"not_picked":["Steam","Turbo"],"picked":"Cold Snap","floor":1},{"not_picked":["Fusion","BootSequence"],"picked":"Doom and Gloom","floor":2},{"not_picked":["Sunder","Conserve Battery"],"picked":"Defragment","floor":4},{"not_picked":["Leap","Reprogram"],"picked":"Hologram","floor":5},{"not_picked":["Sweeping Beam","Rebound"],"picked":"Conserve Battery","floor":7},{"not_picked":["Auto Shields","Compile Driver"],"picked":"Genetic Algorithm","floor":11},{"not_picked":["Rebound","Static Discharge"],"picked":"Capacitor","floor":12},{"not_picked":["Rebound","Gash","Scrape"],"picked":"SKIP","floor":13},{"not_picked":["Gash","Force Field"],"picked":"Compile Driver","floor":14},{"not_picked":["Fission","Amplify"],"picked":"Rainbow","floor":16},{"not_picked":["Conserve Battery","Go for the Eyes+1"],"picked":"Chill","floor":18},{"not_picked":["Conserve Battery","FTL","Chaos"],"picked":"SKIP","floor":22},{"not_picked":["Stack","Sweeping Beam+1","Redo"],"picked":"SKIP","floor":23},{"not_picked":["Turbo","Ball Lightning"],"picked":"Loop","floor":24},{"not_picked":["FTL+1","Stack"],"picked":"Loop","floor":25},{"not_picked":["Coolheaded","All For One","Sweeping Beam"],"picked":"SKIP","floor":27},{"not_picked":["Ball Lightning","Steam","Gash"],"picked":"SKIP","floor":29},{"not_picked":["Barrage","Sweeping Beam+1"],"picked":"Static Discharge","floor":30},{"not_picked":["Cold Snap","Chill"],"picked":"Glacier+1","floor":31}],"player_experience":3266950,"relics_obtained":[{"floor":7,"key":"HornCleat"},{"floor":12,"key":"Art of War"},{"floor":14,"key":"CaptainsWheel"},{"floor":23,"key":"Strawberry"},{"floor":25,"key":"Dream Catcher"},{"floor":29,"key":"War Paint"},{"floor":31,"key":"Centennial Puzzle"}],"event_choices":[{"damage_healed":0,"gold_gain":0,"player_choice":"Trade","damage_taken":0,"relics_obtained":["NlothsMask"],"max_hp_gain":0,"max_hp_loss":0,"event_name":"FaceTrader","floor":3,"gold_loss":0},{"damage_healed":0,"gold_gain":0,"cards_transformed":["Strike_B","Strike_B"],"player_choice":"Became Test Subject","damage_taken":0,"max_hp_gain":0,"max_hp_loss":0,"event_name":"Drug Dealer","floor":19,"gold_loss":0,"cards_obtained":["Glacier","Capacitor"]},{"cards_removed":["Strike_B"],"damage_healed":0,"gold_gain":0,"player_choice":"Gave Gold","damage_taken":0,"max_hp_gain":0,"max_hp_loss":0,"event_name":"Beggar","floor":20,"gold_loss":75}],"is_beta":false,"boss_relics":[{"not_picked":["Cursed Key","Ectoplasm"],"picked":"Coffee Dripper"}],"items_purged_floors":[],"is_endless":false,"potions_floor_spawned":[5,11,12,13,14,18,23,25,31],"killed_by":"Champ","ascension_level":13}}