{"host":"joxnbq9hujdt0xua","time":1609036276,"event":{"mods":["Act Like it!","BaseMod","Colored Powertips","Downfall","Hallownest","Hermit","Minty Spire (QoL Compilation)","Quick Restart","Relic Stats","Replay The Spire","StSLib"],"gold_per_floor":[116,131,145,159,178,178,193,193,220,234,234,234,234,249,249,352,352,370,370,370],"floor_reached":19,"playtime":558,"items_purged":[],"score":163,"play_id":"ba24f112-f2a6-484c-8d6d-432295564f0b","local_time":"20201227103116","is_ascension_mode":false,"campfire_choices":[{"data":"Skim","floor":6,"key":"SMITH"},{"data":"Redo","floor":8,"key":"SMITH"},{"data":"Double Energy","floor":12,"key":"SMITH"},{"floor":15,"key":"DIG"}],"circlet_count":0,"master_deck":["Strike_B","Strike_B","Strike_B","Strike_B","Defend_B","Defend_B","Defend_B","Defend_B","Zap","Dualcast","Conserve Battery","Double Energy+1","Skim+1","Doom and Gloom","Redo+1","Fusion","Electrodynamics"],"relics":["Cracked Core","ReplayTheSpireMod:Lightbulb","HornCleat","Centennial Puzzle","Philosopher\u0027s Stone"],"acts_visited":["Exordium","TheCity"],"potions_floor_usage":[],"damage_taken":[{"damage":1,"enemies":"Cultist","floor":1,"turns":3},{"damage":6,"enemies":"2 Louse","floor":2,"turns":2},{"damage":5,"enemies":"Small Slimes","floor":3,"turns":3},{"damage":5,"enemies":"Looter","floor":4,"turns":3},{"damage":7,"enemies":"2 Fungi Beasts","floor":5,"turns":4},{"damage":6,"enemies":"Exordium Thugs","floor":7,"turns":5},{"damage":0,"enemies":"Large Slime","floor":10,"turns":3},{"damage":0,"enemies":"Blue Slaver","floor":14,"turns":2},{"damage":30,"enemies":"Slime Boss","floor":16,"turns":6},{"damage":24,"enemies":"Shell Parasite","floor":18,"turns":5},{"damage":0,"enemies":"3 Byrds","floor":19,"turns":1}],"seed_played":"357649784398789549","potions_obtained":[{"floor":1,"key":"Energy Potion"},{"floor":5,"key":"Dexterity Potion"},{"floor":7,"key":"LiquidMemories"}],"is_trial":false,"path_per_floor":["M","M","M","M","M","R","M","R","T","M","?","R","?","M","R","B",null,"M","M"],"character_chosen":"DEFECT","items_purchased":[],"campfire_rested":0,"item_purchase_floors":[],"current_hp_per_floor":[81,75,70,65,58,58,52,52,52,52,52,52,52,52,52,22,82,58,58,58],"gold":370,"neow_bonus":"TEN_PERCENT_HP_BONUS","is_daily":false,"chose_seed":false,"campfire_upgraded":3,"win_rate":0.0,"timestamp":1609036276,"path_taken":["M","M","M","?","M","R","M","R","T","M","?","R","?","M","R","BOSS","M","M"],"items_purchased_type":[],"build_version":"2020-12-22","purchased_purges":0,"victory":false,"max_hp_per_floor":[82,82,82,82,82,82,82,82,82,82,82,82,82,82,82,82,82,82,82,82],"relic_stats":{"Centennial Puzzle":[6],"counters":[11,37],"obtain_stats":[{"Centennial Puzzle":15,"HornCleat":13,"Philosopher\u0027s Stone":17,"Cracked Core":0,"ReplayTheSpireMod:Lightbulb":9},{"Centennial Puzzle":8,"HornCleat":7,"Philosopher\u0027s Stone":9,"Cracked Core":0,"ReplayTheSpireMod:Lightbulb":6},{"Centennial Puzzle":25,"HornCleat":23,"Philosopher\u0027s Stone":31,"Cracked Core":0,"ReplayTheSpireMod:Lightbulb":20}]},"card_choices":[{"not_picked":["Heatsinks","Compile Driver","Rebound"],"picked":"SKIP","floor":1},{"not_picked":["ReplayTheSpireMod:Repulse","Consume"],"picked":"Conserve Battery","floor":2},{"not_picked":["Stack","Gash"],"picked":"Double Energy","floor":3},{"not_picked":["ReplayTheSpireMod:Omega Cannon","Doom and Gloom"],"picked":"Skim","floor":4},{"not_picked":["Compile Driver","Sweeping Beam"],"picked":"Doom and Gloom","floor":5},{"not_picked":["Tempest","Gash"],"picked":"Redo","floor":7},{"not_picked":["Coolheaded","ReplayTheSpireMod:Repulse","Conserve Battery"],"picked":"SKIP","floor":10},{"not_picked":["FIFO Queue","Rebound"],"picked":"Fusion","floor":14},{"not_picked":["Biased Cognition","ReplayTheSpireMod:Fabricate Wheel"],"picked":"Electrodynamics","floor":16},{"not_picked":["Beam Cell","Reinforced Body","BasicCrystalCard"],"picked":"SKIP","floor":18}],"player_experience":82924,"relics_obtained":[{"floor":9,"key":"ReplayTheSpireMod:Lightbulb"},{"floor":13,"key":"HornCleat"},{"floor":15,"key":"Centennial Puzzle"}],"event_choices":[{"damage_healed":0,"gold_gain":0,"player_choice":"Ignored","damage_taken":0,"max_hp_gain":0,"max_hp_loss":0,"event_name":"Liars Game","floor":11,"gold_loss":0},{"damage_healed":0,"gold_gain":0,"player_choice":"Relic","damage_taken":0,"max_hp_gain":0,"max_hp_loss":0,"event_name":"Wheel of Change","floor":13,"gold_loss":0}],"is_beta":false,"boss_relics":[{"not_picked":["Empty Cage","Replay:Wanted Poster"],"picked":"Philosopher\u0027s Stone"}],"items_purged_floors":[],"is_endless":false,"potions_floor_spawned":[1,5,7,10],"killed_by":"3 Byrds","ascension_level":0}}