{"host":"8k64rvi83ijr822k","time":1609084402,"event":{"mods":["BaseMod","Downfall","Googly Eyes","Hermit","Hero for Fun","Minty Spire (QoL Compilation)","Quick Restart","Replay The Spire","Shop Mod","StSLib","The Animator","The Bug Knight","The Construct","The Wild Card","everything is the same but u backflip on backflip"],"gold_per_floor":[109,34,46,64,64,64,64,64,64,75,75,75,75],"floor_reached":12,"playtime":448,"items_purged":[],"score":68,"play_id":"67f8db47-5d9f-43b2-ac33-bd9272a132e5","local_time":"20201227105322","is_ascension_mode":false,"campfire_choices":[{"data":"construct:Overcharge","floor":6,"key":"SMITH"},{"data":"construct:DefenseMode","floor":8,"key":"SMITH"},{"data":"construct:AttackMode","floor":11,"key":"SMITH"}],"circlet_count":0,"master_deck":["construct:Strike_Gold","construct:Strike_Gold","construct:Strike_Gold","construct:Strike_Gold","construct:Strike_Gold","construct:Defend_Gold","construct:Defend_Gold","construct:Defend_Gold","construct:Defend_Gold","construct:AttackMode+1","construct:DefenseMode+1","construct:Overcharge+1","construct:Autoturret","construct:Analyze","construct:Boost","construct:ReactiveShield","construct:ClusterMines"],"relics":["NeowsBlessing","Replay:Antivirus Software","construct:BoolHorns"],"acts_visited":["Exordium"],"potions_floor_usage":[],"damage_taken":[{"damage":0,"enemies":"Cultist","floor":1,"turns":1},{"damage":0,"enemies":"2 Louse","floor":3,"turns":2},{"damage":0,"enemies":"Jaw Worm","floor":4,"turns":1},{"damage":20,"enemies":"Exordium Wildlife","floor":10,"turns":5},{"damage":86,"enemies":"Gremlin Nob","floor":12,"turns":5}],"seed_played":"-1963293638146528590","potions_obtained":[{"floor":1,"key":"Explosive Potion"}],"is_trial":false,"path_per_floor":["M","$","M","M","?","R","?","R","T","M","R","E"],"character_chosen":"THE_CONSTRUCT_MOD","items_purchased":["construct:Autoturret","construct:Analyze"],"campfire_rested":0,"item_purchase_floors":[2,2],"current_hp_per_floor":[85,85,85,85,85,85,85,85,85,65,65,0,0],"gold":75,"neow_bonus":"THREE_ENEMY_KILL","is_daily":false,"chose_seed":false,"campfire_upgraded":3,"win_rate":0.0,"timestamp":1609084402,"path_taken":["M","?","M","?","?","R","?","R","T","M","R","E"],"items_purchased_type":["Card","Card"],"build_version":"2020-12-22","purchased_purges":0,"victory":false,"max_hp_per_floor":[85,85,85,85,85,85,85,85,85,85,85,85,85],"card_choices":[{"not_picked":["construct:Missile","construct:Reinforce"],"picked":"construct:Overcharge","floor":1},{"not_picked":["construct:FierceBash","construct:Backfire"],"picked":"construct:Boost","floor":3},{"not_picked":["construct:Zapper","construct:SweepLaser"],"picked":"construct:ReactiveShield","floor":4},{"not_picked":["construct:VentSteam","construct:ModeShift"],"picked":"construct:ClusterMines","floor":10}],"player_experience":86254,"relics_obtained":[{"floor":9,"key":"construct:BoolHorns"}],"event_choices":[{"cards_removed":["construct:Defend_Gold"],"damage_healed":0,"gold_gain":0,"player_choice":"Purged","damage_taken":0,"max_hp_gain":0,"max_hp_loss":0,"event_name":"Purifier","floor":7,"gold_loss":0}],"is_beta":false,"boss_relics":[],"items_purged_floors":[],"is_endless":false,"potions_floor_spawned":[1],"killed_by":"Gremlin Nob","ascension_level":0}}