{"host":"e4wnmsyty9uvvtwf","time":1609044334,"event":{"mods":["Aspiration","BaseMod","Colored Map","Colored Powertips","Marisa£®ÏF”Í°°ƒß¿Ì…≥£©","Minty Spire (QoL Compilation)","Rare Cards Sparkle","Replay The Spire","StSLib"],"gold_per_floor":[119,119,42,42,60,93,113,113,113,113,133,152,152,184,184,184,184],"floor_reached":16,"playtime":342,"items_purged":[],"score":257,"play_id":"1bb822e7-db35-4381-a6f9-a512a7ef7cc5","local_time":"20201227124534","is_ascension_mode":true,"campfire_choices":[{"data":"All Out Attack","floor":8,"key":"SMITH"},{"data":"Glass Knife","floor":13,"key":"SMITH"},{"floor":15,"key":"REST"}],"circlet_count":0,"master_deck":["AscendersBane","Strike_G","Strike_G","Strike_G","Strike_G","Defend_G","Defend_G","Defend_G","Defend_G","Defend_G","Survivor","Neutralize","Dagger Throw","All Out Attack+1","Cloak And Dagger","Draining Mist","Deflect","Phantasmal Killer","Glass Knife+1","Outmaneuver","Caltrops"],"relics":["Ring of the Snake","NeowsBlessing","Turnip","Vajra","InkBottle","Durian"],"acts_visited":["Exordium"],"potions_floor_usage":[],"damage_taken":[{"damage":0,"enemies":"2 Louse","floor":1,"turns":1},{"damage":0,"enemies":"Jaw Worm","floor":5,"turns":1},{"damage":0,"enemies":"3 Sentries","floor":6,"turns":1},{"damage":0,"enemies":"Cultist","floor":7,"turns":3},{"damage":12,"enemies":"Exordium Wildlife","floor":11,"turns":5},{"damage":9,"enemies":"Red Slaver","floor":12,"turns":5},{"damage":24,"enemies":"Lagavulin","floor":14,"turns":7},{"damage":40,"enemies":"The Guardian","floor":16,"turns":9}],"seed_played":"3969301407603110328","potions_obtained":[{"floor":6,"key":"Elixir"},{"floor":12,"key":"Weak Potion"}],"is_trial":false,"path_per_floor":["M","?","$","?","M","E","M","R","T","?","M","M","R","E","R","B"],"character_chosen":"THE_SILENT","items_purchased":["Footwork"],"campfire_rested":1,"item_purchase_floors":[3],"current_hp_per_floor":[59,59,59,59,59,59,59,59,59,59,47,38,38,19,40,0,0],"gold":184,"neow_bonus":"THREE_ENEMY_KILL","is_daily":false,"chose_seed":false,"campfire_upgraded":2,"win_rate":0.0,"timestamp":1609044334,"path_taken":["M","?","$","?","?","E","M","R","T","?","M","?","R","E","R","BOSS"],"items_purchased_type":["Card"],"build_version":"2020-12-22","purchased_purges":0,"victory":false,"max_hp_per_floor":[66,66,66,66,66,66,66,66,66,66,66,66,66,71,71,71,71],"card_choices":[{"not_picked":["Eviscerate","Dodge and Roll"],"picked":"Dagger Throw","floor":1},{"not_picked":["ReplayTheSpireMod:Scrap Shanks","Sucker Punch"],"picked":"All Out Attack","floor":5},{"not_picked":["Prepared","Escape Plan"],"picked":"Cloak And Dagger","floor":6},{"not_picked":["Underhanded Strike","Dagger Throw"],"picked":"Draining Mist","floor":7},{"not_picked":["Blade Dance","Cloak And Dagger"],"picked":"Glass Knife","floor":11},{"not_picked":["Catalyst","Endless Agony"],"picked":"Outmaneuver","floor":12},{"not_picked":["Cloak And Dagger","Sneak Up"],"picked":"Caltrops","floor":14}],"player_experience":651477,"relics_obtained":[{"floor":6,"key":"Vajra"},{"floor":9,"key":"InkBottle"},{"floor":14,"key":"Durian"}],"event_choices":[{"cards_removed":["Footwork"],"damage_healed":0,"gold_gain":0,"player_choice":"Gave Card","damage_taken":0,"relics_obtained":["Turnip"],"max_hp_gain":0,"max_hp_loss":0,"event_name":"WeMeetAgain","floor":4,"gold_loss":0},{"damage_healed":0,"gold_gain":0,"player_choice":"2 cards matched","damage_taken":0,"max_hp_gain":0,"max_hp_loss":0,"event_name":"Match and Keep!","floor":10,"gold_loss":0,"cards_obtained":["Deflect","Phantasmal Killer"]}],"is_beta":false,"boss_relics":[],"items_purged_floors":[],"is_endless":false,"potions_floor_spawned":[6,12,14],"killed_by":"The Guardian","ascension_level":18}}