{"host":"4lmgp360m6ghntre","time":1609056733,"event":{"mods":["Ascension Reborn","Ascension Unlocker","BaseMod","Block Reminder","Colored Powertips","Colorless Booster Pack","Conspire","Dota2Spire","Downfall","GifTheSpireLib","HololiveMod","Hubris","Infinite Spire","Keyboard Shortcuts","Minty Spire (QoL Compilation)","Quarter Circle Forward PUNCH!","Quick Restart","Relic Sorter","Relic Stats","Replay The Spire","SCP261 Mod","SacredBarkPlus","Small Relic Pack","Spicy Shops","Spikes Relics","StSLib","Stuff the Spire","TheArtist","Trackpad","Uncapped","UnlockEverythingMod"],"gold_per_floor":[83,83,83,101,113,145,145,174,222,252,267,297,297,317,317,429,429,442,458,458,475,38,79,108,108,108,132,132,132,161,203,212,328,373,373,373],"floor_reached":35,"playtime":3111,"items_purged":[],"score":594,"play_id":"1550c3a2-1658-407f-9e49-c7471d5c7b1a","local_time":"20201227031213","is_ascension_mode":true,"campfire_choices":[{"data":"Hololive_CallFriendA","floor":7,"key":"SMITH"},{"floor":15,"key":"DIG"},{"data":"Hololive_CallHoshimachiSuisei","floor":25,"key":"SMITH"},{"data":"Berserk","floor":28,"key":"SMITH"}],"circlet_count":0,"master_deck":["Hololive_CallHoshimachiSuisei+1","Hololive_CallTokinoSora","Hololive_CallFriendA+1","conspire:GhostlyStrike","conspire:GhostlyStrike","conspire:GhostlyDefend","conspire:GhostlyDefend","conspire:GhostlyDefend","Hololive_CallHoshimachiSuisei","Hololive_CallRosalyn","Hololive_CallShiroganeNoel","Hololive_BeCareful","relicPack:TruthCard","Berserk+1","Guardian:AncientConstruct","A Thousand Cuts","Hololive_ILoveYou","Hololive_StarCraft","Hololive_CallUsadaPekora+1","relicPack:TruthCard","Hololive_OvertimeWork","Hololive_CallOkamiMio","Hololive_OvertimeWork","Hololive_FlareMind","Hololive_Sequa","StuffTheSpire:WarGroove","StuffTheSpire:WarCurse","Hololive_ASMR","CommonCold","hexamod:Sear","Hololive_MaximGun","Replay:BasicMightCard","infinitespire:Collect"],"relics":["Hololive_TheStar","Hololive_Chaos","ShockBauble","qcfpunch:Unceasing_Flame","Smiling Mask","trackpad:ByrdBGone","Vajra","relicPack:EdsArm","infinitespire:WardingShard","Painkiller Herb","ReplayTheSpireMod:CursedCoin","Replay:Towering Pillar of Hats","Strawberry","qcfpunch:Not_Strongest_Fighting_Style_Guidebook","CeramicFish","StuffTheSpire:GrapeVine","qcfpunch:Army_Boots","Replay:WaspNest","infinitespire:Beetle Shell","ReplayTheSpireMod:SealedPack"],"acts_visited":["Exordium","TheCity","TheBeyond"],"potions_floor_usage":[16,16,30,31,33,33,35],"damage_taken":[{"damage":0,"enemies":"Jaw Worm","floor":1,"turns":3},{"damage":0,"enemies":"Small Slimes","floor":4,"turns":2},{"damage":0,"enemies":"2 Louse","floor":5,"turns":2},{"damage":0,"enemies":"Gremlin Nob","floor":6,"turns":4},{"damage":0,"enemies":"Lots of Slimes","floor":8,"turns":3},{"damage":0,"enemies":"3 Sentries","floor":10,"turns":3},{"damage":0,"enemies":"Blue Slaver","floor":11,"turns":1},{"damage":0,"enemies":"Gremlin Nob","floor":12,"turns":3},{"damage":0,"enemies":"Large Slime","floor":14,"turns":3},{"damage":0,"enemies":"Slime Boss","floor":16,"turns":4},{"damage":0,"enemies":"3 Byrds","floor":18,"turns":2},{"damage":0,"enemies":"Chosen","floor":19,"turns":2},{"damage":0,"enemies":"Centurion and Healer","floor":21,"turns":3},{"damage":0,"enemies":"Replay:Snechameleon","floor":23,"turns":3},{"damage":1,"enemies":"conspire:HollyBat","floor":24,"turns":6},{"damage":1,"enemies":"Snake Plant","floor":27,"turns":3},{"damage":2,"enemies":"Chosen and Byrds","floor":30,"turns":3},{"damage":1,"enemies":"conspire:Head Lice","floor":31,"turns":4},{"damage":5,"enemies":"Champ","floor":33,"turns":5},{"damage":50,"enemies":"3 Darklings","floor":35,"turns":3}],"seed_played":"-884904210640843952","potions_obtained":[{"floor":1,"key":"SCP261:AppleJuicePotion"},{"floor":4,"key":"Fire Potion"},{"floor":8,"key":"SCP261:GirlTearsPotion"},{"floor":12,"key":"LiquidMemories"},{"floor":14,"key":"Regen Potion"},{"floor":19,"key":"infinitespire:BlackPotion"},{"floor":21,"key":"Reflective Coating"},{"floor":30,"key":"DistilledChaos"},{"floor":33,"key":"Dota2Spire:Clarity"}],"is_trial":false,"path_per_floor":["M","?","?","M","M","E","R","M","T","E","M","E","?","M","R","B",null,"?","?","?","?","T","E","?","T","T","?","T","AVR","?","E","T","B",null,"?"],"character_chosen":"Hololive_HololiveCharacter","items_purchased":["ReplayTheSpireMod:CursedCoin","Replay:Towering Pillar of Hats","Strawberry","qcfpunch:Not_Strongest_Fighting_Style_Guidebook","CeramicFish"],"campfire_rested":0,"item_purchase_floors":[22,22,22,22,22],"current_hp_per_floor":[38,26,26,26,26,26,26,26,26,26,26,26,26,26,26,34,41,41,41,41,41,48,48,47,47,47,46,46,46,44,43,23,32,48,0,0],"gold":373,"neow_bonus":"TEN_PERCENT_HP_BONUS","is_daily":false,"chose_seed":false,"campfire_upgraded":3,"win_rate":0.0,"timestamp":1609056733,"path_taken":["M","?","?","M","M","E","R","M","T","E","M","E","?","M","R","BOSS","?","?","?","?","T","E","?","T","T","?","T","AVR","?","E","T","BOSS","?"],"items_purchased_type":["Relic","Relic","Relic","Relic","Relic"],"build_version":"2020-12-22","purchased_purges":0,"victory":false,"max_hp_per_floor":[38,38,38,38,38,38,38,38,38,38,38,38,33,33,33,41,41,41,41,41,41,48,48,48,48,48,48,48,48,48,48,48,48,48,48,48],"relic_stats":{"counters":[20,60],"CeramicFish":117,"Smiling Mask":0,"obtain_stats":[{"Hololive_Chaos":0,"qcfpunch:Army_Boots":26,"ShockBauble":2,"Replay:Towering Pillar of Hats":22,"ReplayTheSpireMod:CursedCoin":22,"qcfpunch:Not_Strongest_Fighting_Style_Guidebook":22,"CeramicFish":22,"Vajra":12,"Painkiller Herb":17,"trackpad:ByrdBGone":10,"Replay:WaspNest":29,"infinitespire:Beetle Shell":31,"ReplayTheSpireMod:SealedPack":34,"StuffTheSpire:GrapeVine":23,"qcfpunch:Unceasing_Flame":6,"Smiling Mask":9,"relicPack:EdsArm":13,"infinitespire:WardingShard":15,"Strawberry":22,"Hololive_TheStar":0},{"Hololive_Chaos":0,"qcfpunch:Army_Boots":15,"ShockBauble":1,"Replay:Towering Pillar of Hats":13,"ReplayTheSpireMod:CursedCoin":13,"qcfpunch:Not_Strongest_Fighting_Style_Guidebook":13,"CeramicFish":13,"Vajra":8,"Painkiller Herb":10,"trackpad:ByrdBGone":6,"Replay:WaspNest":16,"infinitespire:Beetle Shell":18,"ReplayTheSpireMod:SealedPack":19,"StuffTheSpire:GrapeVine":14,"qcfpunch:Unceasing_Flame":4,"Smiling Mask":5,"relicPack:EdsArm":8,"infinitespire:WardingShard":9,"Strawberry":13,"Hololive_TheStar":0},{"Hololive_Chaos":0,"qcfpunch:Army_Boots":42,"ShockBauble":3,"Replay:Towering Pillar of Hats":34,"ReplayTheSpireMod:CursedCoin":34,"qcfpunch:Not_Strongest_Fighting_Style_Guidebook":34,"CeramicFish":34,"Vajra":20,"Painkiller Herb":27,"trackpad:ByrdBGone":16,"Replay:WaspNest":45,"infinitespire:Beetle Shell":52,"ReplayTheSpireMod:SealedPack":57,"StuffTheSpire:GrapeVine":37,"qcfpunch:Unceasing_Flame":11,"Smiling Mask":14,"relicPack:EdsArm":20,"infinitespire:WardingShard":23,"Strawberry":34,"Hololive_TheStar":0}]},"card_choices":[{"not_picked":["Hololive_OvertimeWork","Hololive_Psychosis"],"picked":"Hololive_CallFriendA","floor":1},{"not_picked":["Hololive_Breathe","Hololive_OvertimeWork"],"picked":"Hololive_CallHoshimachiSuisei","floor":4},{"not_picked":["Hololive_Drill","Hololive_SummonFox"],"picked":"Hololive_LuckPotion","floor":5},{"not_picked":["Hololive_HuntDinosaur","Hololive_RevenueBasedLive"],"picked":"Hololive_CallRosalyn","floor":6},{"not_picked":["Hololive_Psychosis","Hololive_LuckPotion"],"picked":"Hololive_CallShiroganeNoel","floor":8},{"not_picked":["Hololive_StrengthChampion","Hololive_Rebound"],"picked":"Hololive_ASMR","floor":10},{"not_picked":["Hololive_SummonFox","Hololive_OvertimeWork"],"picked":"Hololive_CallNakiriAyame","floor":11},{"not_picked":["Hololive_DevilCharm","Hololive_HuntDinosaur"],"picked":"Hololive_BeCareful","floor":12},{"not_picked":["Hololive_Watashimo","Hololive_Breathe"],"picked":"Hololive_ILoveYou","floor":14},{"not_picked":["Hololive_Thief","Hololive_DiamondStrike"],"picked":"Hololive_StarCraft","floor":16},{"not_picked":["Hololive_CallAyundaRisu","Hololive_CocoNews","Hololive_Yoholoon"],"picked":"SKIP","floor":18},{"not_picked":["Hololive_Rebound","Hololive_CocoNews"],"picked":"Hololive_CallRoboco","floor":19},{"not_picked":["Hololive_Yoholoon","Hololive_Rebound+1"],"picked":"Hololive_CallUsadaPekora+1","floor":21},{"not_picked":["Hololive_CallDoris","Hololive_CallAZKi+1"],"picked":"Hololive_OvertimeWork","floor":23},{"not_picked":["Hololive_Breathe","Hololive_OvertimeWork"],"picked":"Hololive_CallOkamiMio","floor":24},{"not_picked":["Hololive_CocoNews","Hololive_FlyingPonyTail"],"picked":"Hololive_OvertimeWork","floor":27},{"not_picked":["Hololive_LuckPotion+1","Hololive_Psychosis"],"picked":"Hololive_FlareMind","floor":30},{"not_picked":["Hololive_CocoNews","Hololive_Psychosis"],"picked":"Hololive_Sequa","floor":31},{"not_picked":["Hololive_Nanodesu","Hololive_WolfAndLamb"],"picked":"Hololive_ASMR","floor":33},{"not_picked":["Vigilance","m_Survivalism"],"picked":"hexamod:Sear","floor":34},{"not_picked":["Hololive_StarCraft","Hololive_Recruit"],"picked":"Hololive_MaximGun","floor":34},{"not_picked":["expansioncontent:YouAreMine","Purity"],"picked":"Replay:BasicMightCard","floor":34},{"not_picked":["ReplayTheSpireMod:Haul","infinitespire:DeathsTouch"],"picked":"infinitespire:Collect","floor":34}],"player_experience":7676,"relics_obtained":[{"floor":6,"key":"qcfpunch:Unceasing_Flame"},{"floor":9,"key":"Smiling Mask"},{"floor":10,"key":"trackpad:ByrdBGone"},{"floor":12,"key":"Vajra"},{"floor":15,"key":"infinitespire:WardingShard"},{"floor":23,"key":"StuffTheSpire:GrapeVine"},{"floor":26,"key":"qcfpunch:Army_Boots"},{"floor":31,"key":"infinitespire:Beetle Shell"}],"event_choices":[{"damage_healed":0,"gold_gain":0,"player_choice":"Success","damage_taken":12,"relics_obtained":["ShockBauble"],"max_hp_gain":0,"max_hp_loss":0,"event_name":"Scrap Ooze","floor":2,"gold_loss":0},{"damage_healed":0,"gold_gain":0,"player_choice":"Agree","damage_taken":0,"max_hp_gain":0,"max_hp_loss":0,"event_name":"conspire:LoneGhost","floor":3,"gold_loss":0},{"cards_removed":["Hololive_CallRoboco"],"damage_healed":0,"gold_gain":0,"player_choice":"Purged","damage_taken":0,"max_hp_gain":0,"max_hp_loss":0,"event_name":"Purifier","floor":20,"gold_loss":0}],"is_beta":false,"boss_relics":[{"not_picked":["Fusion Hammer","Replay:Wanted Poster"],"picked":"Painkiller Herb"},{"not_picked":["ChewingGum","StuffTheSpire:ModemDavis"],"picked":"ReplayTheSpireMod:SealedPack"}],"items_purged_floors":[],"is_endless":false,"potions_floor_spawned":[1,4,8,12,14,19,21,30,33],"killed_by":"3 Darklings","ascension_level":0}}