{"host":"cn7u0zrt5t8pfwwi","time":1609106767,"event":{"mods":["BaseMod","Better Altar","Better Skull","Better Third Choice","Downfall","Hubris","Infinite Spire","Minty Spire (QoL Compilation)","Replay The Spire","StSLib","The Cursed","The Disciple","The Wild Card"],"gold_per_floor":[119,119,0,20,38,71,71,99,99,117,117,117,130,6,6,104,104,120,120,134,152,152,152,152,182,182,202,119,119,151,151,151,51,51],"floor_reached":33,"playtime":2728,"items_purged":[],"score":310,"play_id":"14b716ed-9eb8-4872-88c1-c71f976895ab","local_time":"20201227230607","is_ascension_mode":true,"campfire_choices":[{"data":"Enlightenment","floor":7.0,"key":"SMITH"},{"floor":11.0,"key":"REST"},{"floor":15.0,"key":"REST"},{"floor":23.0,"key":"REST"},{"floor":32,"key":"REST"}],"circlet_count":0,"master_deck":["Strike_R","Strike_R","Strike_R","Strike_R","Defend_R","Defend_R","Defend_R","Defend_R","Bash","Havoc","Enlightenment+1","Evolve","Pommel Strike","Spot Weakness","Run Through","Run Through","Disarm","Infernal Blade","Exhume","Clash","Clash","ReplayTheSpireMod:Book of Names","Blood for Blood+1","hubris:StunningStrike","hubris:NaturalOne"],"relics":["Burning Blood","Strawberry","Incense Burner","Kunai","hubris:Icosahedron","hubris:Backtick","infinitespire:Golems Mask","hubris:KleinBottle","hubris:Macrotransations","ReplayTheSpireMod:Lightbulb","Replay:Kaleidoscope","infinitespire:EmpoweringShard","hubris:HollowSoul","Boot"],"acts_visited":["Exordium","TheCity"],"potions_floor_usage":[],"damage_taken":[{"damage":13.0,"enemies":"Jaw Worm","floor":1.0,"turns":3.0},{"damage":2.0,"enemies":"2 Louse","floor":4.0,"turns":4.0},{"damage":0.0,"enemies":"Cultist","floor":5.0,"turns":2.0},{"damage":31.0,"enemies":"Lagavulin","floor":6.0,"turns":6.0},{"damage":48.0,"enemies":"Gremlin Nob","floor":8.0,"turns":6.0},{"damage":11.0,"enemies":"Blue Slaver","floor":10.0,"turns":4.0},{"damage":13.0,"enemies":"Exordium Thugs","floor":13.0,"turns":5.0},{"damage":20.0,"enemies":"Slime Boss","floor":16.0,"turns":11.0},{"damage":47.0,"enemies":"Shell Parasite","floor":18.0,"turns":7.0},{"damage":19.0,"enemies":"Chosen","floor":20.0,"turns":5.0},{"damage":11.0,"enemies":"Snake Plant","floor":21.0,"turns":3.0},{"damage":28.0,"enemies":"Gremlin Leader","floor":25.0,"turns":6.0},{"damage":26.0,"enemies":"Centurion and Healer","floor":27.0,"turns":4.0},{"damage":0,"enemies":"Cultist and Chosen","floor":28,"turns":1},{"damage":7,"enemies":"Replay:Snechameleon","floor":30,"turns":6},{"damage":29,"enemies":"Collector","floor":33,"turns":3}],"seed_played":"-6188629954531707691","potions_obtained":[{"floor":0.0,"key":"Block Potion"},{"floor":0.0,"key":"sneckomod:MuddlingPotion"},{"floor":0.0,"key":"ColorlessPotion"},{"floor":1.0,"key":"Energy Potion"},{"floor":5.0,"key":"Swift Potion"},{"floor":16.0,"key":"Languid Potion"},{"floor":18.0,"key":"SkillPotion"},{"floor":20.0,"key":"Reflective Coating"},{"floor":25.0,"key":"champ:CounterPotion"},{"floor":30,"key":"SpeedPotion"}],"is_trial":false,"path_per_floor":["M","?","?","M","M","E","R","E","T","M","R","?","M","$","R","B",null,"M","?","M","M","$","R","?","E","T","M","M","?","E","AVR","R","B"],"character_chosen":"IRONCLAD","items_purchased":["Infernal Blade","BlessingOfTheForge","hubris:KleinBottle","hubris:Macrotransations"],"campfire_rested":4,"item_purchase_floors":[14,14,22,22],"current_hp_per_floor":[73,66,72,76,82,64,64,22,22,17,44,44,37,37,64,50,93,52,93,80,75,37,64,64,42,42,22,28,28,27,27,54,0,0],"gold":51,"neow_bonus":"THREE_SMALL_POTIONS","is_daily":false,"chose_seed":false,"campfire_upgraded":1,"win_rate":0.0,"timestamp":1609106767,"path_taken":["M","?","?","M","M","E","R","E","T","M","R","?","?","$","R","BOSS","M","?","M","M","?","R","?","E","T","M","M","?","E","AVR","R","BOSS"],"items_purchased_type":["Card","Potion","Relic","Relic"],"build_version":"2020-12-22","purchased_purges":0,"victory":false,"max_hp_per_floor":[80,80,86,86,86,93,93,93,93,93,93,93,93,93,93,93,93,93,93,93,93,93,93,93,93,93,93,93,93,93,93,93,93,93],"card_choices":[{"not_picked":["Intimidate","Replay:Undeath\u0027s Touch"],"picked":"Havoc","floor":1.0},{"not_picked":["Sentinel","Massacre"],"picked":"Evolve","floor":4.0},{"not_picked":["Body Slam","Abandon"],"picked":"Pommel Strike","floor":5.0},{"not_picked":["Immolate","Thunderclap"],"picked":"Spot Weakness","floor":6.0},{"not_picked":["True Grit","Burning Pact"],"picked":"Run Through","floor":8.0},{"not_picked":["Massacre","ReplayReversal"],"picked":"Run Through","floor":10.0},{"not_picked":["Pommel Strike","Dark Embrace"],"picked":"Disarm","floor":13.0},{"not_picked":["Bludgeon","Brutality"],"picked":"Exhume","floor":16.0},{"not_picked":["Rage","Iron Wave"],"picked":"Dual Wield","floor":18.0},{"not_picked":["Havoc","Dark Embrace"],"picked":"Clash","floor":20.0},{"not_picked":["Ghostly Armor","Iron Wave"],"picked":"Clash","floor":21.0},{"not_picked":["hubris:InfiniteBlow","ReplayTheSpireMod:Black Plague"],"picked":"ReplayTheSpireMod:Book of Names","floor":22.0},{"not_picked":["Flex","Power Through+1"],"picked":"Blood for Blood+1","floor":25.0},{"not_picked":["Armaments+1","Clash","Sword Boomerang"],"picked":"SKIP","floor":27.0},{"not_picked":["ReplayTheSpireMod:Strike From Hell","Armaments"],"picked":"hubris:StunningStrike","floor":28},{"not_picked":["Thunderclap","ReplayTheSpireMod:Strike From Hell","Flex+1"],"picked":"SKIP","floor":30}],"player_experience":43460,"relics_obtained":[{"floor":6.0,"key":"Strawberry"},{"floor":8.0,"key":"Incense Burner"},{"floor":9.0,"key":"Kunai"},{"floor":25.0,"key":"ReplayTheSpireMod:Lightbulb"},{"floor":26.0,"key":"Replay:Kaleidoscope"},{"floor":30,"key":"infinitespire:EmpoweringShard"}],"event_choices":[{"cards_removed":["Strike_R"],"damage_healed":0.0,"max_hp_gain":0.0,"max_hp_loss":0.0,"gold_gain":0.0,"event_name":"Golden Wing","player_choice":"Card Removal","floor":2.0,"gold_loss":0.0,"damage_taken":7.0},{"damage_healed":0.0,"max_hp_gain":0.0,"max_hp_loss":0.0,"gold_gain":0.0,"event_name":"betterThird:BetterSerpent","player_choice":"RENOUNCE","floor":3.0,"gold_loss":119.0,"damage_taken":119.0,"cards_obtained":["Enlightenment"]},{"cards_removed":["Dual Wield"],"damage_healed":41.0,"max_hp_gain":0.0,"max_hp_loss":0.0,"gold_gain":0.0,"event_name":"Bonfire Elementals","player_choice":"Offered Uncommon","floor":19.0,"gold_loss":0.0,"damage_taken":0.0}],"is_beta":false,"boss_relics":[{"not_picked":["Astrolabe","hubris:VirtuousBlindfold"],"picked":"hubris:Backtick"}],"items_purged_floors":[],"is_endless":false,"potions_floor_spawned":[1,5,16,18,20,25,30],"killed_by":"Collector","ascension_level":1}}