{"host":"hgkb2zpbo2dcws21","time":1609061744,"event":{"mods":["AchievementEnabler","BaseMod","Colored Map","Colored Powertips","Custom Start","DeckTracker","KOR Keyword Fix","Minty Spire (QoL Compilation)","Relic Stats","StSLib","SuperFastMode"],"gold_per_floor":[110,110,128,140,159,159,194,210,210,135,135,153,164,179,179,179,179],"floor_reached":16,"playtime":303,"items_purged":[],"score":191,"play_id":"3ff073e6-2bce-406f-88d8-6d5774fbf454","local_time":"20201227183544","is_ascension_mode":true,"campfire_choices":[{"data":"Eruption","floor":6.0,"key":"SMITH"},{"data":"1","floor":15.0,"key":"LIFT"}],"circlet_count":0,"master_deck":["AscendersBane","Strike_P","Strike_P","Strike_P","Defend_P","Defend_P","Defend_P","Defend_P","Eruption+1","Vigilance","Wallop","CrushJoints+1","Indignation","TalkToTheHand","EmptyFist"],"relics":["PureWater","Girya","Pear","Mercury Hourglass"],"acts_visited":["Exordium"],"potions_floor_usage":[16],"damage_taken":[{"damage":6.0,"enemies":"2 Louse","floor":1.0,"turns":3.0},{"damage":8.0,"enemies":"Jaw Worm","floor":3.0,"turns":4.0},{"damage":0.0,"enemies":"Small Slimes","floor":4.0,"turns":3.0},{"damage":10.0,"enemies":"Exordium Wildlife","floor":5.0,"turns":3.0},{"damage":9.0,"enemies":"Lagavulin","floor":7.0,"turns":7.0},{"damage":8.0,"enemies":"Lots of Slimes","floor":8.0,"turns":3.0},{"damage":0.0,"enemies":"Large Slime","floor":12.0,"turns":1.0},{"damage":13.0,"enemies":"Exordium Thugs","floor":13.0,"turns":4.0},{"damage":0.0,"enemies":"Blue Slaver","floor":14.0,"turns":3.0},{"damage":2,"enemies":"Hexaghost","floor":16,"turns":7}],"seed_played":"-3590219134487712287","potions_obtained":[{"floor":1.0,"key":"SkillPotion"},{"floor":8.0,"key":"AttackPotion"},{"floor":13.0,"key":"ColorlessPotion"},{"floor":14.0,"key":"Block Potion"}],"is_trial":false,"path_per_floor":["M","?","M","M","M","R","E","M","T","?","?","M","M","M","R","B"],"character_chosen":"WATCHER","items_purchased":[],"campfire_rested":0,"item_purchase_floors":[],"current_hp_per_floor":[61,50,42,42,32,32,33,25,25,25,25,25,12,12,12,10,10],"gold":179,"neow_bonus":"TEN_PERCENT_HP_BONUS","is_daily":false,"chose_seed":false,"campfire_upgraded":1,"win_rate":0.0,"timestamp":1609061744,"path_taken":["M","?","M","M","M","R","E","M","T","?","?","?","M","M","R","BOSS"],"items_purchased_type":[],"build_version":"2020-12-22","purchased_purges":0,"victory":false,"max_hp_per_floor":[74,74,74,74,74,74,84,84,84,84,84,84,84,84,84,84,84],"relic_stats":{"counters":[10,38],"obtain_stats":[{"Girya":2,"Pear":7,"PureWater":0,"Mercury Hourglass":9},{"Girya":1,"Pear":5,"PureWater":0,"Mercury Hourglass":6},{"Girya":3,"Pear":20,"PureWater":0,"Mercury Hourglass":23}],"Mercury Hourglass":[51]},"card_choices":[{"not_picked":["SandsOfTime","JustLucky","ThirdEye"],"picked":"SKIP","floor":1.0},{"not_picked":["WaveOfTheHand","ReachHeaven"],"picked":"Wallop","floor":3.0},{"not_picked":["Nirvana","CarveReality","Protect"],"picked":"SKIP","floor":4.0},{"not_picked":["ClearTheMind","SashWhip"],"picked":"CrushJoints","floor":5.0},{"not_picked":["Protect","FlurryOfBlows"],"picked":"Indignation","floor":7.0},{"not_picked":["BowlingBash","SashWhip","Vengeance"],"picked":"SKIP","floor":8.0},{"not_picked":["CrushJoints","Vengeance"],"picked":"TalkToTheHand","floor":12.0},{"not_picked":["Indignation","Wallop","EmptyBody"],"picked":"SKIP","floor":13.0},{"not_picked":["ClearTheMind","Crescendo"],"picked":"EmptyFist","floor":14.0}],"player_experience":1110258,"relics_obtained":[{"floor":7.0,"key":"Pear"},{"floor":9.0,"key":"Mercury Hourglass"}],"event_choices":[{"damage_healed":0.0,"max_hp_gain":0.0,"max_hp_loss":0.0,"gold_gain":0.0,"event_name":"Scrap Ooze","player_choice":"Success","floor":2.0,"gold_loss":0.0,"damage_taken":11.0,"relics_obtained":["Girya"]},{"cards_removed":["Strike_P"],"damage_healed":0.0,"max_hp_gain":0.0,"max_hp_loss":0.0,"gold_gain":0.0,"event_name":"The Cleric","player_choice":"Card Removal","floor":10.0,"gold_loss":75.0,"damage_taken":0.0},{"damage_healed":0.0,"max_hp_gain":0.0,"max_hp_loss":0.0,"gold_gain":0.0,"event_name":"Living Wall","player_choice":"Grow","floor":11.0,"gold_loss":0.0,"damage_taken":0.0,"cards_upgraded":["CrushJoints"]}],"is_beta":false,"boss_relics":[],"items_purged_floors":[],"is_endless":false,"potions_floor_spawned":[1,8,13,14],"killed_by":"Hexaghost","ascension_level":16}}