{"host":"newqdrzxfhh2im9e","time":1609046820,"event":{"mods":["AchievementEnabler","BaseMod","BetterRewards","Block Reminder","Colored Map","Jorbs\u0027s Wanderer Trilogy","Minty Spire (QoL Compilation)","Rare Cards Sparkle","Shop Mod","StSLib"],"gold_per_floor":[116,116,191,12,24,24,39,64,89,109,142,107,124,137,137,242,242,253,100,100,88,98,98,110,141,141,9,23,43,43,63,63,163,163,179,191,10,60,60,60,77,77,77],"floor_reached":42,"playtime":1628,"items_purged":[],"score":510,"play_id":"0ffee295-7190-4cf9-b358-3afe4be21db9","local_time":"20201226212700","is_ascension_mode":true,"campfire_choices":[{"data":"Self Repair","floor":6,"key":"SMITH"},{"data":"Buffer","floor":15,"key":"SMITH"},{"data":"Echo Form","floor":23,"key":"SMITH"},{"floor":30,"key":"REST"},{"floor":32,"key":"REST"},{"data":"Electrodynamics","floor":40,"key":"SMITH"}],"circlet_count":0,"master_deck":["Strike_B+1","Strike_B+1","Strike_B+1","Strike_B+1","Defend_B+1","Defend_B+1","Defend_B+1","Defend_B+1","Zap","Dualcast","Auto Shields","Self Repair+1","Ball Lightning","Stack","Chaos","Redo","Buffer+1","Aggregate","Storm","Echo Form+1","Melter+1","Sunder+1","Heatsinks","Ball Lightning+1","Force Field","Force Field","Streamline+1","Storm","Loop","Redo+1","Electrodynamics+1","CurseOfTheBell","Darkness+1","Loop+1","Defragment","Heatsinks+1","Defragment+1"],"relics":["Cracked Core","NeowsBlessing","TungstenRod","Regal Pillow","DataDisk","MealTicket","Cursed Key","Whetstone","Calling Bell","Vajra","InkBottle","Thread and Needle","Runic Capacitor","Gambling Chip"],"acts_visited":["Exordium","TheCity","TheBeyond"],"potions_floor_usage":[11,11,24,25,28,29,31,33,35],"damage_taken":[{"damage":0,"enemies":"Small Slimes","floor":1,"turns":1},{"damage":0,"enemies":"Jaw Worm","floor":5,"turns":1},{"damage":0,"enemies":"Cultist","floor":7,"turns":1},{"damage":6,"enemies":"2 Fungi Beasts","floor":10,"turns":3},{"damage":22,"enemies":"3 Sentries","floor":11,"turns":5},{"damage":0,"enemies":"Looter","floor":13,"turns":3},{"damage":0,"enemies":"Blue Slaver","floor":14,"turns":4},{"damage":38,"enemies":"Hexaghost","floor":16,"turns":14},{"damage":11,"enemies":"3 Byrds","floor":18,"turns":5},{"damage":17,"enemies":"2 Thieves","floor":21,"turns":4},{"damage":4,"enemies":"Sentry and Sphere","floor":22,"turns":3},{"damage":13,"enemies":"Centurion and Healer","floor":24,"turns":4},{"damage":43,"enemies":"Slavers","floor":25,"turns":7},{"damage":21,"enemies":"Snake Plant","floor":28,"turns":2},{"damage":10,"enemies":"Chosen and Byrds","floor":29,"turns":5},{"damage":0,"enemies":"Sentry and Sphere","floor":31,"turns":4},{"damage":1,"enemies":"Collector","floor":33,"turns":10},{"damage":0,"enemies":"Orb Walker","floor":35,"turns":2},{"damage":0,"enemies":"3 Shapes","floor":36,"turns":3},{"damage":6,"enemies":"Mind Bloom Boss Battle","floor":38,"turns":5},{"damage":23,"enemies":"Spire Growth","floor":41,"turns":5},{"damage":56,"enemies":"Reptomancer","floor":42,"turns":2}],"seed_played":"-4112848917455239523","potions_obtained":[{"floor":1,"key":"SteroidPotion"},{"floor":5,"key":"GamblersBrew"},{"floor":10,"key":"ColorlessPotion"},{"floor":11,"key":"SpeedPotion"},{"floor":16,"key":"Strength Potion"},{"floor":28,"key":"Dexterity Potion"},{"floor":29,"key":"Swift Potion"},{"floor":33,"key":"SkillPotion"}],"is_trial":false,"path_per_floor":["M","?","?","$","M","R","M","T","T","M","E","?","M","M","R","B",null,"M","$","?","M","M","R","M","E","T","$","M","M","R","M","R","B",null,"M","M","$","?","?","R","M","E"],"character_chosen":"DEFECT","items_purchased":["Self Repair","Ball Lightning","Stack","Sunder","Heatsinks","Storm","Energy Potion","Runic Capacitor","Defragment"],"campfire_rested":2,"item_purchase_floors":[4,4,4,19,19,27,27,37,37],"current_hp_per_floor":[75,68,58,58,58,58,58,58,58,62,50,68,75,75,75,47,75,74,75,75,68,64,64,51,18,18,33,12,12,49,59,75,75,75,75,75,75,69,69,69,56,0,0],"gold":77,"neow_bonus":"THREE_ENEMY_KILL","is_daily":false,"chose_seed":false,"campfire_upgraded":4,"win_rate":0.0,"timestamp":1609046820,"path_taken":["M","?","?","$","M","R","M","?","T","?","E","?","M","M","R","BOSS","M","$","?","M","M","R","M","E","T","$","M","M","R","M","R","BOSS","M","M","$","?","?","R","M","E"],"items_purchased_type":["Card","Card","Card","Card","Card","Card","Potion","Relic","Card"],"build_version":"2020-12-22","purchased_purges":0,"victory":false,"max_hp_per_floor":[75,75,75,75,75,75,75,75,75,75,75,75,75,75,75,75,75,75,75,75,75,75,75,75,75,75,75,75,75,75,75,75,75,75,75,75,75,75,75,75,75,75,75],"card_choices":[{"not_picked":["Genetic Algorithm","Sweeping Beam"],"picked":"Auto Shields","floor":1},{"not_picked":["Auto Shields","Leap"],"picked":"Glacier","floor":5},{"not_picked":["Redo","Hologram"],"picked":"Chaos","floor":7},{"not_picked":["Steam","Stack"],"picked":"Redo","floor":10},{"not_picked":["Heatsinks","Blizzard"],"picked":"Buffer","floor":11},{"not_picked":["Ball Lightning","Stack"],"picked":"Aggregate","floor":13},{"not_picked":["Hologram","Compile Driver"],"picked":"Storm","floor":14},{"not_picked":["Biased Cognition","Buffer"],"picked":"Echo Form","floor":16},{"not_picked":["Streamline","Beam Cell"],"picked":"Melter","floor":18},{"not_picked":["Rip and Tear","Sunder"],"picked":"Ball Lightning+1","floor":21},{"not_picked":["Barrage+1","Stack"],"picked":"Force Field","floor":22},{"not_picked":["Redo","Echo Form"],"picked":"Force Field","floor":24},{"not_picked":["Leap","Ball Lightning"],"picked":"Streamline+1","floor":25},{"not_picked":["Cold Snap","Rebound","Sweeping Beam"],"picked":"SKIP","floor":28},{"not_picked":["Go for the Eyes+1","Compile Driver"],"picked":"Loop","floor":29},{"not_picked":["Steam+1","Rebound"],"picked":"Redo+1","floor":31},{"not_picked":["Reboot","Seek"],"picked":"Electrodynamics","floor":33},{"not_picked":["Tempest","Barrage"],"picked":"Darkness+1","floor":35},{"not_picked":["Cold Snap","Go for the Eyes"],"picked":"Loop+1","floor":36},{"not_picked":["Sunder+1","Barrage"],"picked":"Heatsinks+1","floor":38},{"not_picked":["Sweeping Beam","Stack+1"],"picked":"Defragment+1","floor":41}],"player_experience":641678,"relics_obtained":[{"floor":8,"key":"Regal Pillow"},{"floor":9,"key":"DataDisk"},{"floor":11,"key":"MealTicket"},{"floor":25,"key":"Whetstone"},{"floor":34,"key":"Vajra"},{"floor":34,"key":"InkBottle"},{"floor":34,"key":"Thread and Needle"},{"floor":38,"key":"Gambling Chip"}],"event_choices":[{"damage_healed":0,"gold_gain":0,"player_choice":"Success","damage_taken":7,"relics_obtained":["TungstenRod"],"max_hp_gain":0,"max_hp_loss":0,"event_name":"Scrap Ooze","floor":2,"gold_loss":0},{"damage_healed":0,"gold_gain":75,"player_choice":"Gather Gold","damage_taken":11,"max_hp_gain":0,"max_hp_loss":0,"event_name":"World of Goop","floor":3,"gold_loss":0},{"damage_healed":18,"gold_gain":0,"player_choice":"Healed","damage_taken":0,"max_hp_gain":0,"max_hp_loss":0,"event_name":"The Cleric","floor":12,"gold_loss":35},{"damage_healed":0,"gold_gain":0,"player_choice":"Simplicity","damage_taken":0,"max_hp_gain":0,"max_hp_loss":0,"event_name":"Back to Basics","floor":20,"gold_loss":0,"cards_upgraded":["Strike_B","Strike_B","Strike_B","Strike_B","Defend_B","Defend_B","Defend_B","Defend_B"]},{"damage_healed":0,"gold_gain":0,"player_choice":"Fight","damage_taken":0,"max_hp_gain":0,"max_hp_loss":0,"event_name":"MindBloom","floor":38,"gold_loss":0},{"cards_removed":["Glacier"],"damage_healed":0,"gold_gain":0,"player_choice":"Removed Skill","damage_taken":0,"max_hp_gain":0,"max_hp_loss":0,"event_name":"Falling","floor":39,"gold_loss":0}],"is_beta":false,"boss_relics":[{"not_picked":["Empty Cage","Fusion Hammer"],"picked":"Cursed Key"},{"not_picked":["Astrolabe","Pandora\u0027s Box"],"picked":"Calling Bell"}],"items_purged_floors":[],"is_endless":false,"potions_floor_spawned":[1,5,10,11,16,28,29,33],"killed_by":"Reptomancer","ascension_level":3}}