{"host":"6kpik4p6m02tzjjt","time":1609032762,"event":{"mods":["BaseMod","Colored Map","Downfall","Minty Spire (QoL Compilation)","Quick Restart","Relic Stats","Replay The Spire","StSLib"],"gold_per_floor":[99,111,125,125,135,150,221,236,251,271,285,335,362,362,377,377,377],"floor_reached":16,"playtime":816,"items_purged":[],"score":98,"play_id":"bd11f822-aa58-4346-b8a2-7ee22dda4d85","local_time":"20201226203242","is_ascension_mode":false,"campfire_choices":[{"floor":1,"key":"DIG"}],"circlet_count":0,"master_deck":["sneckomod:Strike","sneckomod:Strike","sneckomod:Strike","sneckomod:Defend","sneckomod:Defend","sneckomod:Defend","sneckomod:TailWhip","sneckomod:Unknown","sneckomod:Unknown","sneckomod:UnknownCommonAttack","sneckomod:IronFang","sneckomod:ImprovisedAttack","sneckomod:SnakeSap","sneckomod:SnekBeam","sneckomod:UnknownWeak","sneckomod:UnknownVulnerable","sneckomod:UnknownBlock","Amnesia","Parasite","sneckomod:Nope"],"relics":["sneckomod:SneckoSoul","Replay:Mystery Machine","Bottled Flame","Ring of Searing","Ring of Greed","Golden Egg","MealTicket","Boot"],"acts_visited":["Exordium"],"potions_floor_usage":[9,16],"damage_taken":[{"damage":3,"enemies":"Jaw Worm","floor":2,"turns":4},{"damage":7,"enemies":"Cultist","floor":3,"turns":3},{"damage":7,"enemies":"Small Slimes","floor":5,"turns":3},{"damage":11,"enemies":"Exordium Wildlife","floor":6,"turns":3},{"damage":11,"enemies":"Exordium Thugs","floor":8,"turns":3},{"damage":2,"enemies":"Large Slime","floor":9,"turns":5},{"damage":9,"enemies":"Blue Slaver","floor":10,"turns":2},{"damage":48,"enemies":"Gremlin Gang","floor":11,"turns":5},{"damage":6,"enemies":"Exordium Wildlife","floor":15,"turns":3},{"damage":38,"enemies":"downfall:Ironclad","floor":16,"turns":5}],"seed_played":"3560101542265849621","potions_obtained":[{"floor":2,"key":"Regen Potion"},{"floor":6,"key":"Elixir"},{"floor":9,"key":"AttackPotion"}],"is_trial":false,"path_per_floor":["R_BF","M","M","?","M","M","T","M","M","M","M","?","T","?","M","B"],"character_chosen":"THE_SNECKO","items_purchased":[],"campfire_rested":0,"item_purchase_floors":[],"current_hp_per_floor":[99,97,90,90,83,72,72,61,72,64,17,17,17,42,36,0,0],"gold":377,"neow_bonus":"TEN_PERCENT_HP_BONUS","is_daily":false,"chose_seed":false,"campfire_upgraded":0,"win_rate":0.0,"timestamp":1609032762,"path_taken":["R_BF","M","M","?","?","M","T","M","M","M","M","?","?","?","M","BOSS"],"items_purchased_type":[],"build_version":"2020-12-22","purchased_purges":0,"victory":false,"max_hp_per_floor":[99,100,100,100,100,100,100,100,101,102,103,103,103,103,103,103,103],"relic_stats":{"counters":[10,36],"MealTicket":0,"Boot":[4],"obtain_stats":[{"Golden Egg":12,"Bottled Flame":7,"MealTicket":12,"Ring of Greed":12,"Replay:Mystery Machine":1,"sneckomod:SneckoSoul":0,"Boot":13,"Ring of Searing":12},{"Golden Egg":8,"Bottled Flame":4,"MealTicket":8,"Ring of Greed":8,"Replay:Mystery Machine":0,"sneckomod:SneckoSoul":0,"Boot":8,"Ring of Searing":8},{"Golden Egg":28,"Bottled Flame":13,"MealTicket":28,"Ring of Greed":28,"Replay:Mystery Machine":0,"sneckomod:SneckoSoul":0,"Boot":28,"Ring of Searing":28}]},"card_choices":[{"not_picked":["sneckomod:RainOfDice","sneckomod:UnknownExhaust"],"picked":"sneckomod:UnknownCommonAttack","floor":2},{"not_picked":["sneckomod:UnknownBlock","sneckomod:TrashToTreasure"],"picked":"sneckomod:IronFang","floor":3},{"not_picked":["sneckomod:UnknownWeak","sneckomod:UnknownCommonSkill"],"picked":"sneckomod:ImprovisedAttack","floor":5},{"not_picked":["sneckomod:SoulCleanse","sneckomod:Unknown2Cost"],"picked":"sneckomod:SnakeSap","floor":6},{"not_picked":["sneckomod:SoulRoll","sneckomod:UnknownWeak"],"picked":"sneckomod:SnekBeam","floor":8},{"not_picked":["sneckomod:DiceBlock","sneckomod:IronFang"],"picked":"sneckomod:UnknownWeak","floor":9},{"not_picked":["sneckomod:DangerNoodle","sneckomod:UnknownX"],"picked":"sneckomod:UnknownVulnerable","floor":10},{"not_picked":["sneckomod:IronFang","sneckomod:SerpentIdol"],"picked":"sneckomod:UnknownBlock","floor":11},{"not_picked":["sneckomod:SoulDraw","sneckomod:SerpentIdol"],"picked":"sneckomod:Nope","floor":15}],"player_experience":35526,"relics_obtained":[{"floor":1,"key":"Replay:Mystery Machine"},{"floor":7,"key":"Bottled Flame"},{"floor":12,"key":"Ring of Searing"},{"floor":12,"key":"Ring of Greed"},{"floor":12,"key":"Golden Egg"},{"floor":12,"key":"MealTicket"},{"floor":13,"key":"Boot"}],"event_choices":[{"cards_removed":["sneckomod:SnekBite"],"damage_healed":0,"gold_gain":0,"player_choice":"Offered Basic","damage_taken":0,"max_hp_gain":0,"max_hp_loss":0,"event_name":"Bonfire Elementals","floor":4,"gold_loss":0},{"damage_healed":25,"gold_gain":0,"player_choice":"Healed and dodged fight","damage_taken":0,"max_hp_gain":0,"max_hp_loss":0,"event_name":"Mushrooms","floor":14,"gold_loss":0,"cards_obtained":["Parasite"]}],"is_beta":false,"boss_relics":[],"items_purged_floors":[],"is_endless":false,"potions_floor_spawned":[2,6,9],"killed_by":"downfall:Ironclad","ascension_level":0}}