{"host":"lgcfsflrbypvnipj","time":1609046107,"event":{"mods":["2.2 Compatiblity","BaseMod","Bestiary","Block Reminder","Colored Map","Colored Powertips","Hermit","Minty Spire (QoL Compilation)","Quick Restart","Rare Cards Sparkle","Relic Stats","StSLib","everything is the same but u backflip on backflip"],"gold_per_floor":[119,119,52,52,65,65,98,110,190,202,239,251,263,296,308,451,463,463,463,413,33,33,33,33,33,33,33,33,33,33,33,33,33,33,33,33,33,33,33,33,33,33,33,33,33,33,33,33,33,33],"floor_reached":51,"playtime":2169,"items_purged":[],"score":887,"play_id":"0e573c3d-f1e9-4d0e-bd9a-b582fcf01e08","local_time":"20201227001507","is_ascension_mode":false,"campfire_choices":[{"data":"White Noise","floor":6,"key":"SMITH"},{"data":"Streamline","floor":8,"key":"SMITH"},{"data":"Genetic Algorithm","floor":10,"key":"SMITH"},{"data":"Zap","floor":12,"key":"SMITH"},{"data":"Iron Wave","floor":15,"key":"SMITH"},{"data":"Creative AI","floor":25,"key":"SMITH"},{"floor":29,"key":"REST"},{"floor":32,"key":"REST"},{"floor":40,"key":"REST"},{"floor":44,"key":"REST"},{"floor":46,"key":"REST"},{"data":"Buffer","floor":49,"key":"SMITH"}],"circlet_count":0,"master_deck":["Strike_B","Strike_B","Defend_B","Defend_B","Defend_B","Defend_B","Zap+1","Dualcast","White Noise+1","Genetic Algorithm+1","Streamline+1","Loop","Iron Wave+1","Chill","Buffer+1","Skim","Doom and Gloom","Defragment","Cold Snap","Creative AI+1","Coolheaded","Seek","Force Field+1","Consume","Parasite","Compile Driver","Steam Power+1","Lockon"],"relics":["Cracked Core","NeowsBlessing","Golden Idol","MawBank","Ornamental Fan","Ectoplasm","Kunai","Incense Burner","Question Card","Gambling Chip","Boot","Busted Crown","Sundial","Nunchaku"],"acts_visited":["Exordium","TheCity","TheBeyond"],"potions_floor_usage":[16,16,28,37,39,50,50],"damage_taken":[{"damage":0,"enemies":"Jaw Worm","floor":1,"turns":1},{"damage":0,"enemies":"Small Slimes","floor":5,"turns":1},{"damage":0,"enemies":"Lagavulin","floor":7,"turns":1},{"damage":1,"enemies":"Cultist","floor":11,"turns":4},{"damage":4,"enemies":"Exordium Thugs","floor":14,"turns":3},{"damage":34,"enemies":"Slime Boss","floor":16,"turns":9},{"damage":8,"enemies":"Chosen","floor":18,"turns":7},{"damage":14,"enemies":"Spheric Guardian","floor":19,"turns":4},{"damage":0,"enemies":"Chosen and Byrds","floor":22,"turns":6},{"damage":0,"enemies":"Gremlin Leader","floor":23,"turns":11},{"damage":14,"enemies":"Centurion and Healer","floor":27,"turns":8},{"damage":5,"enemies":"Slavers","floor":28,"turns":5},{"damage":17,"enemies":"Book of Stabbing","floor":30,"turns":6},{"damage":21,"enemies":"Collector","floor":33,"turns":12},{"damage":6,"enemies":"Orb Walker","floor":35,"turns":5},{"damage":0,"enemies":"3 Shapes","floor":36,"turns":3},{"damage":14,"enemies":"Writhing Mass","floor":37,"turns":8},{"damage":18,"enemies":"3 Darklings","floor":38,"turns":7},{"damage":34,"enemies":"Jaw Worm Horde","floor":39,"turns":9},{"damage":0,"enemies":"4 Shapes","floor":42,"turns":10},{"damage":6,"enemies":"Writhing Mass","floor":45,"turns":6},{"damage":8,"enemies":"Giant Head","floor":47,"turns":12},{"damage":0,"enemies":"Transient","floor":48,"turns":5},{"damage":17,"enemies":"Donu and Deca","floor":50,"turns":10}],"seed_played":"-700094907795978559","potions_obtained":[{"floor":5,"key":"SkillPotion"},{"floor":7,"key":"SneckoOil"},{"floor":19,"key":"SpeedPotion"},{"floor":27,"key":"Block Potion"},{"floor":33,"key":"SneckoOil"},{"floor":37,"key":"Regen Potion"},{"floor":38,"key":"Energy Potion"},{"floor":39,"key":"LiquidBronze"}],"is_trial":false,"path_per_floor":["M","?","$","?","M","R","E","R","T","R","M","R","?","M","R","B",null,"M","M","?","$","M","E","?","R","T","M","E","R","E","?","R","B",null,"M","M","M","M","M","R","?","M","T","R","M","R","E","M","R","B",null],"character_chosen":"DEFECT","items_purchased":["Genetic Algorithm","Doom and Gloom","Defragment","Kunai"],"campfire_rested":5,"item_purchase_floors":[3,21,21,21],"current_hp_per_floor":[75,80,80,74,74,74,74,74,74,74,73,73,73,69,69,35,74,66,52,52,52,52,52,52,52,52,38,33,55,38,38,60,39,74,68,68,54,36,17,39,39,39,39,61,55,74,66,66,66,49],"gold":33,"neow_bonus":"THREE_ENEMY_KILL","is_daily":false,"chose_seed":false,"campfire_upgraded":7,"win_rate":0.0,"timestamp":1609046107,"path_taken":["M","?","$","?","M","R","E","R","T","R","M","R","?","M","R","BOSS","M","?","?","$","?","E","?","R","T","M","E","R","E","?","R","BOSS","M","M","?","M","M","R","?","M","T","R","M","R","E","M","R","BOSS"],"items_purchased_type":["Card","Card","Card","Relic"],"build_version":"2020-12-22","purchased_purges":0,"victory":true,"max_hp_per_floor":[75,80,80,74,74,74,74,74,74,74,74,74,74,74,74,74,74,74,74,74,74,74,74,74,74,74,74,74,74,74,74,74,74,74,74,74,74,74,74,74,74,74,74,74,74,74,74,74,74,74],"relic_stats":{"counters":[24,152],"Golden Idol":167,"MawBank":120,"Question Card":13,"Boot":[36],"Nunchaku":[2],"Busted Crown":18,"Ornamental Fan":[88],"Sundial":[6],"Gambling Chip":[28],"Ectoplasm":611,"Kunai":[19],"obtain_stats":[{"NeowsBlessing":0,"Golden Idol":4,"Incense Burner":23,"MawBank":7,"Question Card":26,"Boot":30,"Nunchaku":47,"Busted Crown":34,"Ornamental Fan":9,"Sundial":43,"Gambling Chip":28,"Ectoplasm":17,"Kunai":21,"Cracked Core":0},{"NeowsBlessing":0,"Golden Idol":1,"Incense Burner":10,"MawBank":3,"Question Card":10,"Boot":13,"Nunchaku":22,"Busted Crown":14,"Ornamental Fan":3,"Sundial":20,"Gambling Chip":12,"Ectoplasm":6,"Kunai":8,"Cracked Core":0},{"NeowsBlessing":0,"Golden Idol":1,"Incense Burner":47,"MawBank":3,"Question Card":47,"Boot":66,"Nunchaku":137,"Busted Crown":78,"Ornamental Fan":3,"Sundial":119,"Gambling Chip":60,"Ectoplasm":19,"Kunai":30,"Cracked Core":0}]},"card_choices":[{"not_picked":["Barrage","Tempest"],"picked":"White Noise","floor":1},{"not_picked":["Sweeping Beam","Barrage"],"picked":"Streamline","floor":5},{"not_picked":["Fusion","Force Field"],"picked":"Conserve Battery","floor":7},{"not_picked":["Leap","Conserve Battery"],"picked":"Loop","floor":11},{"not_picked":["Streamline","Steam"],"picked":"Chill","floor":14},{"not_picked":["Biased Cognition","Reboot"],"picked":"Buffer","floor":16},{"not_picked":["Compile Driver+1","Lockon+1"],"picked":"Skim","floor":18},{"not_picked":["Hologram+1","Streamline","Gash+1"],"picked":"SKIP","floor":19},{"not_picked":["Streamline","Static Discharge"],"picked":"Cold Snap","floor":22},{"not_picked":["Compile Driver","Biased Cognition"],"picked":"Creative AI","floor":23},{"not_picked":["Steam","Reprogram","Static Discharge","Gash"],"picked":"SKIP","floor":27},{"not_picked":["Chill+1","Gash","Melter"],"picked":"Coolheaded","floor":28},{"not_picked":["Ball Lightning","Stack","Hello World","Redo"],"picked":"SKIP","floor":30},{"not_picked":["Buffer","Reboot","All For One"],"picked":"Seek","floor":33},{"not_picked":["Leap+1"],"picked":"Force Field+1","floor":35},{"not_picked":["Tempest"],"picked":"Consume","floor":36},{"not_picked":["Genetic Algorithm","Conserve Battery"],"picked":"SKIP","floor":37},{"not_picked":["Conserve Battery","Steam+1"],"picked":"SKIP","floor":38},{"not_picked":["Reprogram","Streamline"],"picked":"SKIP","floor":39},{"not_picked":["Sweeping Beam","BootSequence"],"picked":"SKIP","floor":42},{"not_picked":["Conserve Battery"],"picked":"Steam Power+1","floor":45},{"not_picked":["Ball Lightning+1"],"picked":"Lockon","floor":47},{"not_picked":["BootSequence","Tempest"],"picked":"SKIP","floor":48}],"player_experience":3443,"relics_obtained":[{"floor":7,"key":"MawBank"},{"floor":9,"key":"Ornamental Fan"},{"floor":23,"key":"Incense Burner"},{"floor":26,"key":"Question Card"},{"floor":28,"key":"Gambling Chip"},{"floor":30,"key":"Boot"},{"floor":43,"key":"Sundial"},{"floor":47,"key":"Nunchaku"}],"event_choices":[{"damage_healed":0,"gold_gain":0,"player_choice":"Donut","damage_taken":0,"max_hp_gain":5,"max_hp_loss":0,"event_name":"Big Fish","floor":2,"gold_loss":0},{"damage_healed":0,"gold_gain":0,"player_choice":"Lose Max HP","damage_taken":0,"relics_obtained":["Golden Idol"],"max_hp_gain":0,"max_hp_loss":6,"event_name":"Golden Idol","floor":4,"gold_loss":0},{"cards_removed":["Conserve Battery"],"damage_healed":0,"gold_gain":0,"player_choice":"Took Card","damage_taken":0,"max_hp_gain":0,"max_hp_loss":0,"event_name":"NoteForYourself","floor":13,"gold_loss":0,"cards_obtained":["Iron Wave"]},{"damage_healed":0,"gold_gain":0,"player_choice":"Bet on Owner","damage_taken":0,"max_hp_gain":0,"max_hp_loss":0,"event_name":"The Joust","floor":20,"gold_loss":50},{"damage_healed":0,"gold_gain":0,"player_choice":"Ignored","damage_taken":0,"max_hp_gain":0,"max_hp_loss":0,"event_name":"Ghosts","floor":24,"gold_loss":0},{"cards_removed":["Strike_B"],"damage_healed":0,"gold_gain":0,"player_choice":"Offered Basic","damage_taken":0,"max_hp_gain":0,"max_hp_loss":0,"event_name":"Bonfire Elementals","floor":31,"gold_loss":0},{"damage_healed":0,"gold_gain":0,"cards_transformed":["Strike_B"],"player_choice":"Transformed","damage_taken":0,"max_hp_gain":0,"max_hp_loss":0,"event_name":"Transmorgrifier","floor":41,"gold_loss":0,"cards_obtained":["Compile Driver"]}],"is_beta":false,"boss_relics":[{"not_picked":["Velvet Choker","Inserter"],"picked":"Ectoplasm"},{"not_picked":["Astrolabe","Coffee Dripper"],"picked":"Busted Crown"}],"items_purged_floors":[],"is_endless":false,"potions_floor_spawned":[5,7,19,27,33,37,38,39,42],"ascension_level":0}}