{"host":"y7b1p9nkx4idorr2","time":1609053320,"event":{"mods":["AchievementEnabler","Act Like it!","Aspiration","Bard","BaseMod","Beaked The Cultist","Better Altar","Better Match","Better Note","Better Sensory Stone","Better Skull","Better Third Choice","BetterRewards","CCEM","Clawfect","Colored Map","Conspire","Downfall","GifTheSpireLib","Googly Eyes","Halation","Hallownest","Hermit","Highlight Path","Hubris","Hunter ??","Infinite Spire","Jedi Mod","Jorbs\u0027s Wanderer Trilogy","Mad Scientist","Marisa????????","Mimic Mod","Minty Spire (QoL Compilation)","Permanent Neow","Replay The Spire","Shade Mod","Shop Mod","Spicy Shops","StSLib","Stuff the Spire","The Administrix","The Blackbeard","The Bug Knight","The Construct","The Cursed","The Disciple","The Gatherer","The Hierophant","The Jungle","The Mystic","The Necromancer","The Problem Sleuth","The Runesmith","The Servant 0.9.4","The Spell Scribe","The Witch","Unceasing Turn Reminder","[IsaacMod]????"],"gold_per_floor":[99,115,115,115,135,60,60,45,64,64,84,96,121,121,140,245,245,95,108,16,31,51,61,61,61,96,107,107,107,126,168,185,291,291,291,306,306,13,13,13,13,28,28,28,7,30,56,72,90,90,90,116,44,44,44,44,44],"floor_reached":55,"playtime":6568,"items_purged":["hexamod:Strike","hexamod:Defend","hexamod:Defend","hexamod:Strike+1"],"score":761,"play_id":"8aa233ac-c1f9-4d24-9507-f378c6790d6e","local_time":"20201227011520","is_ascension_mode":false,"campfire_choices":[{"floor":1,"key":"RECALL"},{"data":"hexamod:Sear","floor":6,"key":"SMITH"},{"data":"hexamod:InspiringFlames","floor":10,"key":"SMITH"},{"data":"hexamod:HexaLevel","floor":18,"key":"SMITH"},{"data":"hexamod:FastForward","floor":25,"key":"SMITH"},{"floor":29,"key":"REST"},{"data":"hexamod:VolcanoVisage","floor":35,"key":"SMITH"},{"data":"ReplayUltimateDefense","floor":40,"key":"SMITH"},{"data":"infinitespire:Fortify","floor":44,"key":"SMITH"},{"floor":54,"key":"REST"}],"circlet_count":0,"master_deck":["hexamod:Strike+1","hexamod:Strike+1","hexamod:Defend+1","hexamod:Sear+1","hexamod:Float+1","hexamod:Hexaguard","hexamod:FourthSeal","hexamod:InspiringFlames+1","hexamod:CatchUp","hexamod:ThirdSeal","hexamod:HexaLevel+1","hexamod:PhantomCloak+1","hexamod:ChargedBarrage+1","hexamod:NightmareStrike","hexamod:SixthSeal","hexamod:BurningTouch+1","hexamod:NightmareStrike+1","hexamod:PhantomFireball+1","hexamod:FastForward+1","hexamod:HeatCrush+1","hexamod:Hexaguard+1","hexamod:ThermalTransfer+1","hexamod:SecondSeal","hexamod:SoulSteal+1","hexamod:FastForward+1","hexamod:VolcanoVisage+1","hexamod:WildfireWeapon+1","hexamod:EmpoweredFlame+1","ReplayUltimateDefense+1","infinitespire:Fortify+1","expansioncontent:DashGenerateEvil+1","hexamod:RadiantFlame","hexamod:TimeOfNeed"],"relics":["hexamod:SpiritBrand","HushsDoor","StuffTheSpire:Gunfinga","downfall:HeartBlessingRed","StuffTheSpire:EmeraldSignet","StuffTheSpire:Nightcore","hubris:RunicObelisk","downfall:HeartBlessingGreen","downfall:HeartBlessingBlue","jedi:cryingmask","beaked:ShinyBauble","Pen Nib","SatanicBible","Nloth\u0027s Gift","infinitespire:PuzzleCube","aspiration:MobileForge","jedi:Pinwheel","Replay:WaspNest","Membership Card","halation:PrussianBluePaint","YumHeart","ClockworkSouvenir"],"acts_visited":["Exordium","TheCity","TheBeyond","TheEnding"],"potions_floor_usage":[12,16,16,16,23,23,26,27,30,31,33,36,38,38,38,45,48,50,55,55],"damage_taken":[{"damage":0,"enemies":"Cultist","floor":2,"turns":3},{"damage":8,"enemies":"2 Louse","floor":5,"turns":3},{"damage":0,"enemies":"downfall:FleeingMerchant","floor":8,"turns":4},{"damage":0,"enemies":"Small Slimes","floor":9,"turns":2},{"damage":0,"enemies":"3 Louse","floor":11,"turns":4},{"damage":1,"enemies":"Exordium Wildlife","floor":12,"turns":3},{"damage":11,"enemies":"Replay:BlueRogue","floor":13,"turns":6},{"damage":0,"enemies":"2 Fungi Beasts","floor":15,"turns":5},{"damage":17,"enemies":"downfall:Silent","floor":16,"turns":8},{"damage":21,"enemies":"conspire:FuzzyDice","floor":19,"turns":7},{"damage":9,"enemies":"downfall:FleeingMerchant","floor":20,"turns":4},{"damage":0,"enemies":"Snecko","floor":21,"turns":3},{"damage":10,"enemies":"Centurion and Healer","floor":22,"turns":6},{"damage":2,"enemies":"Sentry and Sphere","floor":23,"turns":5},{"damage":20,"enemies":"Replay:Snechameleon","floor":26,"turns":5},{"damage":7,"enemies":"Cultist and Chosen","floor":27,"turns":6},{"damage":16,"enemies":"Snecko","floor":30,"turns":4},{"damage":4,"enemies":"HollowMod:Nosk","floor":31,"turns":6},{"damage":0,"enemies":"Snake Plant","floor":32,"turns":2},{"damage":0,"enemies":"downfall:Defect","floor":33,"turns":9},{"damage":0,"enemies":"Orb Walker","floor":36,"turns":2},{"damage":4,"enemies":"downfall:FleeingMerchant","floor":38,"turns":4},{"damage":0,"enemies":"3 Shapes","floor":42,"turns":4},{"damage":0,"enemies":"downfall:FleeingMerchant","floor":45,"turns":4},{"damage":4,"enemies":"Writhing Mass","floor":47,"turns":6},{"damage":19,"enemies":"3 Darklings","floor":48,"turns":3},{"damage":3,"enemies":"Spire Growth","floor":49,"turns":5},{"damage":9,"enemies":"downfall:Ironclad","floor":50,"turns":8},{"damage":44,"enemies":"downfall:CharBossMerchant","floor":52,"turns":8},{"damage":200,"enemies":"Delirium","floor":55,"turns":47}],"seed_played":"1817067343744505894","potions_obtained":[{"floor":2,"key":"CultistPotion"},{"floor":8,"key":"PowerPotion"},{"floor":11,"key":"Explosive Potion"},{"floor":12,"key":"SteroidPotion"},{"floor":13,"key":"hexamod:EctoCoolerPotion"},{"floor":16,"key":"BlessingOfTheForge"},{"floor":20,"key":"EntropicBrew"},{"floor":22,"key":"Flashbang"},{"floor":23,"key":"jedi:holywater"},{"floor":23,"key":"PowerPotion"},{"floor":26,"key":"construct:ShiftPotion"},{"floor":27,"key":"GamblersBrew"},{"floor":30,"key":"Weak Potion"},{"floor":31,"key":"sneckomod:MuddlingPotion"},{"floor":42,"key":"AttackPotion"},{"floor":42,"key":"ColorlessPotion"},{"floor":45,"key":"FairyPotion"},{"floor":48,"key":"SneckoOil"},{"floor":49,"key":"Fire Potion"},{"floor":52,"key":"CultistPotion"}],"is_trial":false,"path_per_floor":["R","M","?","?","M","R","T","$","M","R","M","M","E","T","M","B",null,"R","M","$","M","M","M","T","R","E","M","?","R","M","E","M","B",null,"R","M","?","$","?","R","T","M","AVR","R","$","T","M","M","M","B",null,"E","$","R","B"],"character_chosen":"THE_SPIRIT","items_purchased":["jedi:cryingmask","hexamod:WildfireWeapon","ReplayUltimateDefense","expansioncontent:DashGenerateEvil","Membership Card","ClockworkSouvenir"],"campfire_rested":2,"item_purchase_floors":[20,34,38,45,45,53],"current_hp_per_floor":[70,70,70,70,62,62,62,62,62,62,62,61,50,50,50,39,70,80,65,56,56,46,44,44,44,26,21,21,45,29,25,27,29,72,72,72,72,68,68,68,68,68,68,68,68,68,66,47,44,37,72,57,57,72,0,0,0],"gold":44,"neow_bonus":"RANDOM_COMMON_RELIC","is_daily":false,"chose_seed":false,"campfire_upgraded":7,"win_rate":0.0,"timestamp":1609053320,"path_taken":["R","?","?","?","?","R","T","$","M","R","M","M","E","?","M","BOSS","R","M","$","M","M","M","T","R","E","M","?","R","?","E","M","BOSS","R","M","?","$","?","R","T","M","AVR","R","$","?","M","M","M","BOSS","E","$","R","BOSS"],"items_purchased_type":["Relic","Card","Card","Card","Relic","Relic"],"build_version":"2020-12-22","purchased_purges":4,"victory":false,"max_hp_per_floor":[70,70,70,70,70,70,70,70,70,70,70,70,70,70,70,70,70,80,80,80,80,80,80,80,80,80,80,80,80,80,80,80,80,72,72,72,72,72,72,72,72,72,72,72,72,72,72,72,72,72,72,72,72,72,72,72,72],"card_choices":[{"not_picked":["hexamod:ThermalTransfer","hexamod:NightmareStrike"],"picked":"hexamod:Hexaguard","floor":2},{"not_picked":["hexamod:SpectersWail","hexamod:InspiringFlames"],"picked":"hexamod:FourthSeal","floor":5},{"not_picked":["hexamod:HauntingEcho","hexamod:ThermalTransfer"],"picked":"hexamod:InspiringFlames","floor":8},{"not_picked":["hexamod:Firestarter","hexamod:FourthSeal"],"picked":"hexamod:CatchUp","floor":9},{"not_picked":["hexamod:SpectersWail","hexamod:BurningTouch"],"picked":"hexamod:ThirdSeal","floor":11},{"not_picked":["hexamod:SwordOfDarkness","hexamod:ChargedBarrage"],"picked":"hexamod:HexaLevel","floor":12},{"not_picked":["hexamod:AdvancingGuard","hexamod:DynamicBlow"],"picked":"hexamod:PhantomCloak","floor":12},{"not_picked":["hexamod:Incineration","hexamod:RainOfEmbers"],"picked":"hexamod:ChargedBarrage","floor":13},{"not_picked":["hexamod:HeatMetal","hexamod:NightmareGuise","hexamod:UnleashSpirits"],"picked":"SKIP","floor":13},{"not_picked":["hexamod:ShieldOfDarkness","hexamod:RetreatToShadows"],"picked":"hexamod:NightmareStrike","floor":15},{"not_picked":["hexamod:TimeWarp","hexamod:SearingWound"],"picked":"hexamod:SixthSeal","floor":16},{"not_picked":["hexamod:Firestarter+1","hexamod:GhostOfSpirePresent"],"picked":"hexamod:BurningTouch+1","floor":19},{"not_picked":["hexamod:SpectralAdrenaline","hexamod:GhostLash","hexamod:Again"],"picked":"SKIP","floor":19},{"not_picked":["hexamod:FastForward","hexamod:SearingWound"],"picked":"hexamod:NightmareStrike","floor":20},{"not_picked":["hexamod:HauntingEcho+1","hexamod:RainOfEmbers"],"picked":"hexamod:PhantomFireball","floor":20},{"not_picked":["hexamod:RainOfEmbers","hexamod:Firestarter","hexamod:SwordOfDarkness"],"picked":"SKIP","floor":21},{"not_picked":["hexamod:NightmareGuise","hexamod:SpectersWail","hexamod:HauntingEcho+1"],"picked":"SKIP","floor":22},{"not_picked":["hexamod:NightmareStrike+1","hexamod:SpectersWail"],"picked":"hexamod:FastForward","floor":23},{"not_picked":["hexamod:GhostflameInferno","hexamod:PhantomFireball"],"picked":"hexamod:HeatCrush","floor":26},{"not_picked":["hexamod:PhantomCloak","hexamod:SkipABeat"],"picked":"hexamod:Hexaguard","floor":27},{"not_picked":["hexamod:SwordOfDarkness","hexamod:NightmareStrike"],"picked":"hexamod:ThermalTransfer+1","floor":30},{"not_picked":["hexamod:Firestarter","hexamod:AdvancingGuard"],"picked":"hexamod:SecondSeal","floor":30},{"not_picked":["hexamod:InspiringFlames","hexamod:AdvancingGuard+1"],"picked":"hexamod:SoulSteal+1","floor":31},{"not_picked":["hexamod:Again","hexamod:ChargedBarrage+1","hexamod:PhantomCloak"],"picked":"SKIP","floor":31},{"not_picked":["hexamod:ShieldOfDarkness","hexamod:ThirdSeal"],"picked":"hexamod:FastForward+1","floor":32},{"not_picked":["hexamod:TurnItUp","hexamod:EmpoweringStance"],"picked":"hexamod:VolcanoVisage","floor":33},{"not_picked":["hexamod:StepThrough","hexamod:AdvancingGuard","hexamod:HeatCrush"],"picked":"SKIP","floor":36},{"not_picked":["hexamod:GhostflameBarrier","hexamod:HauntingEcho"],"picked":"hexamod:EmpoweredFlame+1","floor":38},{"not_picked":["hexamod:SpectersWail+1","hexamod:AdvancingGuard+1","hexamod:GhostOfSpireFuture"],"picked":"SKIP","floor":42},{"not_picked":["hexamod:NightmareGuise","hexamod:DynamicBlow","hexamod:GhostShield"],"picked":"SKIP","floor":42},{"not_picked":["hexamod:SpectersWail","hexamod:GhostShield","hexamod:NightmareStrike+1"],"picked":"SKIP","floor":45},{"not_picked":["hexamod:BacktrackSmack","hexamod:ThermalTransfer","hexamod:GhostLash+1"],"picked":"SKIP","floor":47},{"not_picked":["hexamod:GhostOfSpirePast","hexamod:HexaLevel","hexamod:SpectersWail"],"picked":"SKIP","floor":48},{"not_picked":["hexamod:Haunt","hexamod:BurningTouch+1"],"picked":"hexamod:RadiantFlame","floor":49},{"not_picked":["hexamod:ThirdSeal","hexamod:Again+1"],"picked":"hexamod:TimeOfNeed","floor":52}],"player_experience":2187410,"relics_obtained":[{"floor":13,"key":"StuffTheSpire:EmeraldSignet"},{"floor":14,"key":"StuffTheSpire:Nightcore"},{"floor":24,"key":"beaked:ShinyBauble"},{"floor":26,"key":"Pen Nib"},{"floor":31,"key":"infinitespire:PuzzleCube"},{"floor":41,"key":"jedi:Pinwheel"},{"floor":46,"key":"halation:PrussianBluePaint"},{"floor":52,"key":"YumHeart"}],"event_choices":[{"damage_healed":0,"gold_gain":0,"player_choice":"Upgraded","damage_taken":0,"max_hp_gain":0,"max_hp_loss":0,"event_name":"Upgrade Shrine","floor":3,"gold_loss":0,"cards_upgraded":["hexamod:Float"]}],"is_beta":false,"boss_relics":[{"not_picked":["StuffTheSpire:ModemDavis","Kintsugi"],"picked":"hubris:RunicObelisk"},{"not_picked":[]},{"not_picked":["aspiration:RunicSpoon","conspire:RunicOctahedron"],"picked":"aspiration:MobileForge"},{"not_picked":[]}],"items_purged_floors":[34,38,43,45],"is_endless":false,"potions_floor_spawned":[2,12,15,16,23,26,30,31,42,47,48,49],"killed_by":"Delirium","ascension_level":0}}