{"host":"wwo1kwxjf4eyz37q","time":1609064144,"event":{"mods":["AchievementEnabler","BaseMod","Colored Map","Minty Spire (QoL Compilation)","Quick Restart","SuperFastMode"],"gold_per_floor":[115,129,129,147,147,147,169,197,197,217,217,229,36,1,1,73,73,91,91,91,104,52,81,180,180,180,208,208,308,318,353,353,427,427,444,444,462,214,233,263,280,311,311,311,321,321,321,7,7,7],"floor_reached":51,"playtime":3475,"items_purged":["Strike_R","Strike_R","Defend_R"],"score":1281,"play_id":"000928c3-d1df-4942-aa97-59ad578c4e10","local_time":"20201227191544","is_ascension_mode":true,"campfire_choices":[{"data":"Bash","floor":6.0,"key":"SMITH"},{"data":"Evolve","floor":15.0,"key":"SMITH"},{"data":"Havoc","floor":25.0,"key":"SMITH"},{"data":"Havoc","floor":28.0,"key":"SMITH"},{"data":"Second Wind","floor":32.0,"key":"SMITH"},{"data":"Double Tap","floor":44.0,"key":"SMITH"},{"data":"Apotheosis","floor":49.0,"key":"SMITH"}],"circlet_count":0,"master_deck":["AscendersBane","Strike_R+1","Strike_R+1","Defend_R","Defend_R","Bash+1","Twin Strike","Headbutt","Impervious","Sentinel","Second Wind+1","Evolve+1","Double Tap+1","Clothesline","Havoc+1","Intimidate","Havoc+1","Entrench","Sever Soul","Immolate","Immolate","Disarm","Second Wind+1","Bludgeon","Dark Embrace","Apotheosis+1"],"relics":["Burning Blood","Dead Branch","Odd Mushroom","Meat on the Bone","Ornamental Fan","Snecko Eye","Mercury Hourglass","Bottled Lightning","Nunchaku","Calipers","Pear","Dream Catcher","Cursed Key","Ancient Tea Set","Pantograph","Bottled Flame"],"acts_visited":["Exordium","TheCity","TheBeyond"],"potions_floor_usage":[],"damage_taken":[{"damage":6.0,"enemies":"Cultist","floor":1.0,"turns":4.0},{"damage":3.0,"enemies":"2 Louse","floor":2.0,"turns":2.0},{"damage":8.0,"enemies":"Jaw Worm","floor":4.0,"turns":4.0},{"damage":10.0,"enemies":"The Mushroom Lair","floor":7.0,"turns":4.0},{"damage":31.0,"enemies":"Gremlin Nob","floor":8.0,"turns":4.0},{"damage":16.0,"enemies":"3 Louse","floor":10.0,"turns":3.0},{"damage":0.0,"enemies":"Large Slime","floor":12.0,"turns":4.0},{"damage":8.0,"enemies":"The Guardian","floor":16.0,"turns":9.0},{"damage":16.0,"enemies":"Shell Parasite","floor":18.0,"turns":6.0},{"damage":0.0,"enemies":"Chosen","floor":21.0,"turns":4.0},{"damage":31.0,"enemies":"Gremlin Leader","floor":23.0,"turns":5.0},{"damage":27.0,"enemies":"Slavers","floor":27.0,"turns":6.0},{"damage":14.0,"enemies":"Colosseum Slavers","floor":29.0,"turns":4.0},{"damage":19.0,"enemies":"Colosseum Nobs","floor":29.0,"turns":5.0},{"damage":0.0,"enemies":"Snake Plant","floor":30.0,"turns":3.0},{"damage":0.0,"enemies":"Gremlin Leader","floor":31.0,"turns":7.0},{"damage":70.0,"enemies":"Collector","floor":33.0,"turns":8.0},{"damage":1.0,"enemies":"3 Darklings","floor":35.0,"turns":3.0},{"damage":0.0,"enemies":"3 Shapes","floor":37.0,"turns":2.0},{"damage":11.0,"enemies":"Spire Growth","floor":39.0,"turns":3.0},{"damage":0.0,"enemies":"Nemesis","floor":40.0,"turns":7.0},{"damage":0.0,"enemies":"3 Darklings","floor":41.0,"turns":3.0},{"damage":4.0,"enemies":"Reptomancer","floor":42.0,"turns":4.0},{"damage":0.0,"enemies":"4 Shapes","floor":45.0,"turns":3.0},{"damage":55,"enemies":"Awakened One","floor":50,"turns":9}],"seed_played":"1495273282318861891","potions_obtained":[{"floor":1.0,"key":"PowerPotion"},{"floor":8.0,"key":"Dexterity Potion"},{"floor":12.0,"key":"Fire Potion"},{"floor":21.0,"key":"ColorlessPotion"},{"floor":29.0,"key":"Weak Potion"},{"floor":33.0,"key":"Explosive Potion"},{"floor":35.0,"key":"Weak Potion"},{"floor":45.0,"key":"ElixirPotion"}],"is_trial":false,"path_per_floor":["M","M","?","M","?","R","?","E","T","M","?","M","$","?","R","B",null,"M","?","$","M","$","E","?","R","T","E","R","?","M","E","R","B",null,"M","?","M","$","M","E","M","E","T","R","M","?","?","$","R","B",null],"character_chosen":"IRONCLAD","items_purchased":["Second Wind","Evolve","Havoc","Ancient Tea Set","Apotheosis"],"campfire_rested":0,"item_purchase_floors":[13,13,22,38,48],"current_hp_per_floor":[72,72,77,75,68,68,64,39,39,41,26,44,44,63,63,61,73,63,63,63,69,69,56,56,56,56,47,47,60,66,72,72,20,70,75,75,81,81,76,82,87,87,87,87,87,87,83,83,83,46],"gold":7,"neow_bonus":"ONE_RARE_RELIC","is_daily":false,"chose_seed":false,"campfire_upgraded":7,"win_rate":0.0,"timestamp":1609064144,"path_taken":["M","M","?","M","?","R","?","E","T","M","?","M","$","?","R","BOSS","M","?","$","M","$","E","?","R","T","E","R","?","M","E","R","BOSS","M","?","M","$","?","E","M","E","T","R","M","?","?","$","R","BOSS"],"items_purchased_type":["Card","Card","Card","Relic","Card"],"build_version":"2020-12-22","purchased_purges":3,"victory":true,"max_hp_per_floor":[72,72,77,77,77,77,77,77,77,77,77,77,77,77,77,77,77,77,77,77,77,77,77,77,77,77,77,77,87,87,87,87,87,87,87,87,87,87,87,87,87,87,87,87,87,87,83,83,83,83],"card_choices":[{"not_picked":["Rupture","Perfected Strike","Sword Boomerang"],"picked":"SKIP","floor":1.0},{"not_picked":["Anger","Infernal Blade"],"picked":"Twin Strike","floor":2.0},{"not_picked":["Anger","Sword Boomerang","Iron Wave"],"picked":"SKIP","floor":4.0},{"not_picked":["Flex","Dual Wield"],"picked":"Headbutt","floor":7.0},{"not_picked":["Evolve","Power Through"],"picked":"Impervious","floor":8.0},{"not_picked":["Intimidate","Rupture","Sever Soul"],"picked":"SKIP","floor":10.0},{"not_picked":["Twin Strike","Rampage"],"picked":"Sentinel","floor":12.0},{"not_picked":["Berserk","Bludgeon"],"picked":"Double Tap","floor":16.0},{"not_picked":["Thunderclap","Clash","Shrug It Off"],"picked":"SKIP","floor":18.0},{"not_picked":["Pommel Strike+1","Evolve","Rage"],"picked":"SKIP","floor":21.0},{"not_picked":["Sword Boomerang","Intimidate","Whirlwind"],"picked":"SKIP","floor":23.0},{"not_picked":["Sword Boomerang","Whirlwind"],"picked":"Intimidate","floor":23.0},{"not_picked":["Dropkick","Body Slam"],"picked":"Havoc","floor":27.0},{"not_picked":["Ghostly Armor","Rampage"],"picked":"Entrench","floor":29.0},{"not_picked":["Anger","Cleave"],"picked":"Sever Soul","floor":30.0},{"not_picked":["Flex+1","Wild Strike","Infernal Blade"],"picked":"SKIP","floor":31.0},{"not_picked":["Reaper","Exhume"],"picked":"Immolate","floor":33.0},{"not_picked":["Pommel Strike","Anger+1","Shrug It Off"],"picked":"SKIP","floor":35.0},{"not_picked":["Iron Wave+1","Armaments"],"picked":"Disarm","floor":37.0},{"not_picked":["Wild Strike","Flame Barrier"],"picked":"Second Wind+1","floor":39.0},{"not_picked":["Warcry","Pommel Strike"],"picked":"Bludgeon","floor":40.0},{"not_picked":["Pommel Strike","Thunderclap","Warcry"],"picked":"SKIP","floor":41.0},{"not_picked":["Flex","Barricade","Exhume"],"picked":"SKIP","floor":42.0},{"not_picked":["Feel No Pain","Iron Wave"],"picked":"Dark Embrace","floor":45.0}],"player_experience":153511,"relics_obtained":[{"floor":7.0,"key":"Odd Mushroom"},{"floor":8.0,"key":"Meat on the Bone"},{"floor":9.0,"key":"Ornamental Fan"},{"floor":23.0,"key":"Mercury Hourglass"},{"floor":26.0,"key":"Bottled Lightning"},{"floor":27.0,"key":"Nunchaku"},{"floor":29.0,"key":"Calipers"},{"floor":29.0,"key":"Pear"},{"floor":31.0,"key":"Dream Catcher"},{"floor":40.0,"key":"Pantograph"},{"floor":42.0,"key":"Bottled Flame"}],"event_choices":[{"damage_healed":0.0,"max_hp_gain":5.0,"max_hp_loss":0.0,"gold_gain":0.0,"event_name":"Big Fish","player_choice":"Donut","floor":3.0,"gold_loss":0.0,"damage_taken":0.0},{"cards_removed":["Strike_R"],"damage_healed":0.0,"max_hp_gain":0.0,"max_hp_loss":0.0,"gold_gain":0.0,"event_name":"Golden Wing","player_choice":"Card Removal","floor":5.0,"gold_loss":0.0,"damage_taken":7.0},{"damage_healed":0.0,"max_hp_gain":0.0,"max_hp_loss":0.0,"gold_gain":0.0,"event_name":"Mushrooms","player_choice":"Fought Mushrooms","floor":7.0,"gold_loss":0.0,"damage_taken":0.0},{"damage_healed":0.0,"max_hp_gain":0.0,"max_hp_loss":0.0,"gold_gain":0.0,"event_name":"Shining Light","player_choice":"Entered Light","floor":11.0,"gold_loss":0.0,"damage_taken":15.0,"cards_upgraded":["Strike_R","Strike_R"]},{"damage_healed":19.0,"max_hp_gain":0.0,"max_hp_loss":0.0,"gold_gain":0.0,"event_name":"The Cleric","player_choice":"Healed","floor":14.0,"gold_loss":35.0,"damage_taken":0.0},{"damage_healed":0.0,"max_hp_gain":0.0,"max_hp_loss":0.0,"gold_gain":0.0,"event_name":"The Library","player_choice":"Read","floor":19.0,"gold_loss":0.0,"damage_taken":0.0,"cards_obtained":["Clothesline"]},{"damage_healed":0.0,"max_hp_gain":0.0,"max_hp_loss":0.0,"gold_gain":99.0,"event_name":"Nest","player_choice":"Stole From Cult","floor":24.0,"gold_loss":0.0,"damage_taken":0.0},{"damage_healed":0.0,"max_hp_gain":0.0,"max_hp_loss":0.0,"gold_gain":0.0,"event_name":"Colosseum","player_choice":"Fight","floor":29.0,"gold_loss":0.0,"damage_taken":0.0},{"damage_healed":0.0,"max_hp_gain":0.0,"max_hp_loss":0.0,"gold_gain":0.0,"event_name":"Colosseum","player_choice":"Fought Nobs","floor":29.0,"gold_loss":0.0,"damage_taken":0.0},{"damage_healed":0.0,"max_hp_gain":0.0,"max_hp_loss":0.0,"gold_gain":0.0,"cards_transformed":["Defend_R"],"event_name":"Transmorgrifier","player_choice":"Transformed","floor":36.0,"gold_loss":0.0,"damage_taken":0.0,"cards_obtained":["Immolate"]},{"damage_healed":0.0,"max_hp_gain":0.0,"max_hp_loss":0.0,"gold_gain":0.0,"event_name":"Tomb of Lord Red Mask","player_choice":"Ignored","floor":46.0,"gold_loss":0.0,"damage_taken":0.0},{"damage_healed":0.0,"max_hp_gain":0.0,"max_hp_loss":4.0,"gold_gain":0.0,"event_name":"Winding Halls","player_choice":"Max HP","floor":47.0,"gold_loss":0.0,"damage_taken":0.0}],"is_beta":false,"boss_relics":[{"not_picked":["Philosopher\u0027s Stone","Coffee Dripper"],"picked":"Snecko Eye"},{"not_picked":["Black Star","Fusion Hammer"],"picked":"Cursed Key"}],"items_purged_floors":[13,38,48],"is_endless":false,"potions_floor_spawned":[1,8,12,21,29,29,30,33,35,37,41,45],"ascension_level":13}}