{"host":"2lo6hma6kymb0g9i","time":1609088554,"event":{"mods":["BaseMod","Colored Map","DeckTracker","Minty Spire (QoL Compilation)"],"gold_per_floor":[112,127,202,202,202,202,212,212,212,137,153,153,185,244,244,244,244],"floor_reached":16,"playtime":638,"items_purged":["Strike_G"],"score":196,"play_id":"43e1385d-40c0-46c0-a7dd-61ed689de6cf","local_time":"20201228020234","is_ascension_mode":true,"campfire_choices":[{"data":"Terror","floor":6,"key":"SMITH"},{"floor":8,"key":"REST"},{"data":"Neutralize","floor":12,"key":"SMITH"},{"data":"Dagger Throw","floor":15,"key":"SMITH"}],"circlet_count":0,"master_deck":["AscendersBane","Strike_G","Strike_G","Strike_G","Strike_G","Defend_G","Defend_G","Defend_G","Defend_G","Defend_G","Survivor","Neutralize+1","Poisoned Stab","Terror+1","Dagger Throw+1","Corpse Explosion","Footwork"],"relics":["Ring of the Snake","NeowsBlessing","Anchor","Ornamental Fan","Toy Ornithopter","Kunai","Vajra"],"acts_visited":["Exordium"],"potions_floor_usage":[16,16],"damage_taken":[{"damage":0,"enemies":"Jaw Worm","floor":1,"turns":1},{"damage":0,"enemies":"2 Louse","floor":2,"turns":1},{"damage":0,"enemies":"Cultist","floor":7,"turns":1},{"damage":0,"enemies":"Large Slime","floor":11,"turns":6},{"damage":18,"enemies":"Lagavulin","floor":13,"turns":6},{"damage":2,"enemies":"Gremlin Nob","floor":14,"turns":3},{"damage":34,"enemies":"Hexaghost","floor":16,"turns":14}],"seed_played":"8297167585732813053","potions_obtained":[{"floor":2,"key":"FearPotion"},{"floor":7,"key":"GamblersBrew"},{"floor":14,"key":"GamblersBrew"}],"is_trial":false,"path_per_floor":["M","M","?","?","T","R","M","R","T","$","M","R","E","?","R","B"],"character_chosen":"THE_SILENT","items_purchased":[],"campfire_rested":1,"item_purchase_floors":[],"current_hp_per_floor":[59,59,48,22,22,22,22,41,41,41,41,41,23,21,21,0,0],"gold":244,"neow_bonus":"THREE_ENEMY_KILL","is_daily":false,"chose_seed":false,"campfire_upgraded":3,"win_rate":0.0,"timestamp":1609088554,"path_taken":["M","M","?","?","?","R","?","R","T","$","M","R","E","?","R","BOSS"],"items_purchased_type":[],"build_version":"2020-12-22","purchased_purges":1,"victory":false,"max_hp_per_floor":[66,66,66,66,66,66,66,66,66,66,66,66,66,66,66,66,66],"card_choices":[{"not_picked":["Backflip","Underhanded Strike"],"picked":"Poisoned Stab","floor":1},{"not_picked":["Flying Knee","Dagger Spray"],"picked":"Terror","floor":2},{"not_picked":["Deadly Poison","Flying Knee"],"picked":"Dagger Throw","floor":7},{"not_picked":["Sucker Punch","Catalyst","Choke"],"picked":"SKIP","floor":11},{"not_picked":["Backflip","Quick Slash"],"picked":"Corpse Explosion","floor":13},{"not_picked":["Sucker Punch","Dagger Spray"],"picked":"Footwork","floor":14}],"player_experience":899396,"relics_obtained":[{"floor":5,"key":"Ornamental Fan"},{"floor":9,"key":"Toy Ornithopter"},{"floor":13,"key":"Kunai"},{"floor":14,"key":"Vajra"}],"event_choices":[{"damage_healed":0,"gold_gain":75,"player_choice":"Gather Gold","damage_taken":11,"max_hp_gain":0,"max_hp_loss":0,"event_name":"World of Goop","floor":3,"gold_loss":0},{"damage_healed":0,"gold_gain":0,"player_choice":"Success","damage_taken":26,"relics_obtained":["Anchor"],"max_hp_gain":0,"max_hp_loss":0,"event_name":"Scrap Ooze","floor":4,"gold_loss":0},{"damage_healed":0,"gold_gain":0,"player_choice":"Searched \u00271\u0027 times","damage_taken":0,"max_hp_gain":0,"max_hp_loss":0,"event_name":"Dead Adventurer","floor":14,"gold_loss":0}],"is_beta":false,"boss_relics":[],"items_purged_floors":[10],"is_endless":false,"potions_floor_spawned":[2,7,14],"killed_by":"Hexaghost","ascension_level":20}}