{"host":"1zjc08c6hob33401","time":1609107366,"event":{"mods":["AchievementEnabler","Act Like it!","Aspiration","BaseMod","Downfall","Energized Spire","GifTheSpireLib","Hubris","Infinite Spire","Jedi Mod","Jorbs\u0027s Wanderer Trilogy","Marisa????????","Minty Spire (QoL Compilation)","Pale of the Ancients","Quick Restart","Replay The Spire","Retaliation","Shop Mod","StSLib","Stuff the Spire","Swap Starting Deck Mod","The Blue Laboratory","Wandering Minibosses","vexMod"],"gold_per_floor":[109,109,109,109,127,127,161,178,178,178,191,217,230,242,242,337,337,348,263,263,263,277,277,277,277,277,277,277,277,294,304,304,402,402,417,431,441,441,441,441,441],"floor_reached":39,"playtime":5769,"items_purged":[],"score":411,"play_id":"207a3b15-a951-4fa7-aebb-d4ea66c5fe15","local_time":"20201228001606","is_ascension_mode":true,"campfire_choices":[{"data":"Slimebound:HauntingLick","floor":6.0,"key":"SMITH"},{"data":"Slimebound:Split","floor":10.0,"key":"SMITH"},{"data":"Slimebound:RallyTheTroops","floor":15.0,"key":"SMITH"},{"data":"hubris:StunningStrike","floor":23.0,"key":"SMITH"},{"data":"Perfected Strike","floor":25.0,"key":"SMITH"},{"data":"Swift Strike","floor":27.0,"key":"SMITH"},{"data":"infinitespire:DeathsTouch","floor":29.0,"key":"SMITH"}],"circlet_count":0,"master_deck":["Slimebound:Strike_Slimebound","Slimebound:Strike_Slimebound","Slimebound:Strike_Slimebound","Slimebound:Tackle","Slimebound:Defend_Slimebound","Slimebound:Defend_Slimebound","Slimebound:Defend_Slimebound","Slimebound:Defend_Slimebound","Slimebound:Split+1","Slimebound:CorrosiveSpit+1","Slimebound:FlameTackle+1","Slimebound:HauntingLick+1","Slimebound:LeadByExample","Slimebound:LeechEnergy","Slimebound:SlimeTap","Slimebound:RallyTheTroops+1","Slimebound:AcidTongue+1","Slimebound:SlimeTap+1","Slimebound:Darklings","Slimebound:FinishingTackle+1","ReplayTheSpireMod:Strike From Hell","hubris:StunningStrike+1","stsjorbsmod:WastingStrike","Swift Strike+1","ReplayTheSpireMod:Strike From Hell","Perfected Strike+1","Slimebound:AcidTongue+1","infinitespire:DeathsTouch+1","Slimebound:FirmFortitude+1","Slimebound:FlameTackle+1","Slimebound:PrepareCrush","Slimebound:GoopSpray+1","Slimebound:LeechingTouch+1","Slimebound:RollThrough+1"],"relics":["Slimebound:AbsorbEndCombat","StuffTheSpire:DarkSteelAnvil","infinitespire:Satchel","Pen Nib","The Courier","hubris:RunicObelisk","Onion Ring","War Paint","ReplayTheSpireMod:Ninjato","SlaversCollar"],"acts_visited":["Exordium","TheCity","TheBeyond"],"potions_floor_usage":[31,37],"damage_taken":[{"damage":16.0,"enemies":"2 Louse","floor":1.0,"turns":2.0},{"damage":15.0,"enemies":"Small Slimes","floor":5.0,"turns":3.0},{"damage":37.0,"enemies":"Lagavulin","floor":7.0,"turns":5.0},{"damage":8.0,"enemies":"infinitespire:Voidling","floor":8.0,"turns":2.0},{"damage":16.0,"enemies":"Looter","floor":11.0,"turns":2.0},{"damage":18.0,"enemies":"Replay:BlueRogue","floor":12.0,"turns":3.0},{"damage":20.0,"enemies":"Exordium Wildlife","floor":13.0,"turns":3.0},{"damage":11.0,"enemies":"3 Louse","floor":14.0,"turns":3.0},{"damage":55.0,"enemies":"The Guardian","floor":16.0,"turns":6.0},{"damage":31.0,"enemies":"Shell Parasite","floor":18.0,"turns":2.0},{"damage":14.0,"enemies":"2 Thieves","floor":22.0,"turns":3.0},{"damage":32.0,"enemies":"Snake Plant","floor":30.0,"turns":3.0},{"damage":3,"enemies":"Snecko","floor":31,"turns":2},{"damage":53,"enemies":"Collector","floor":33,"turns":5},{"damage":24,"enemies":"3 Shapes","floor":35,"turns":3},{"damage":14,"enemies":"Orb Walker","floor":36,"turns":3},{"damage":37,"enemies":"3 Darklings","floor":37,"turns":6},{"damage":41,"enemies":"Sphere and 2 Shapes","floor":39,"turns":2}],"seed_played":"8456357037965088220","potions_obtained":[{"floor":4.0,"key":"Elixir"},{"floor":4.0,"key":"Dexterity Potion"},{"floor":4.0,"key":"Slimebound:SlimyTonguePotion"},{"floor":8.0,"key":"blueLaboratory:BottleOfRum"},{"floor":14.0,"key":"Fruit Juice"},{"floor":18.0,"key":"jedi:hoardpotion"},{"floor":30.0,"key":"blueLaboratory:Moonshine"},{"floor":35,"key":"blueLaboratory:BottleOfRum"},{"floor":36,"key":"Adrenaline Potion"}],"is_trial":false,"path_per_floor":["M","?","?","?","M","R","E","M","T","R","M","E","M","M","R","B",null,"M","?","?","?","M","R","?","R","T","R","AVR","R","M","M","R","B",null,"M","M","M","?","M"],"character_chosen":"SLIMEBOUND","items_purchased":[],"campfire_rested":0,"item_purchase_floors":[],"current_hp_per_floor":[54,54,54,54,47,47,30,30,30,30,26,36,32,33,33,19,71,63,63,63,63,61,61,61,61,61,61,61,61,41,46,67,30,71,55,53,36,36,0,0,0],"gold":441,"neow_bonus":"TEN_PERCENT_HP_BONUS","is_daily":false,"chose_seed":false,"campfire_upgraded":7,"win_rate":0.0,"timestamp":1609107366,"path_taken":["M","?","?","?","M","R","E","?","T","R","M","E","M","M","R","BOSS","M","?","?","?","M","R","?","R","T","R","AVR","R","?","M","R","BOSS","M","M","M","?","?"],"items_purchased_type":[],"build_version":"2020-12-22","purchased_purges":0,"victory":false,"max_hp_per_floor":[66,66,66,66,66,66,66,66,66,66,66,66,66,66,66,71,71,71,71,71,71,71,71,71,71,71,71,71,71,71,71,71,71,71,71,71,71,71,71,71,71],"card_choices":[{"not_picked":["Slimebound:SlimeSpikes","Slimebound:GrowthPunch"],"picked":"Slimebound:FlameTackle","floor":1.0},{"not_picked":["Slimebound:Replication","Slimebound:LeechEnergy"],"picked":"Slimebound:HauntingLick","floor":5.0},{"not_picked":["Slimebound:SplitAcid","Slimebound:LeechingTouch"],"picked":"Slimebound:LeadByExample","floor":7.0},{"not_picked":["Slimebound:GoopSpray","Slimebound:Schlurp"],"picked":"Slimebound:LeechEnergy","floor":8.0},{"not_picked":["Slimebound:Grow","Slimebound:ViciousTackle"],"picked":"Slimebound:SlimeTap","floor":11.0},{"not_picked":["Slimebound:SplitLeeching","Slimebound:Replication"],"picked":"Slimebound:RallyTheTroops","floor":12.0},{"not_picked":["Slimebound:PressTheAttack","Slimebound:Dissolve"],"picked":"Slimebound:AcidTongue","floor":13.0},{"not_picked":["Slimebound:SlimeSpikes","Slimebound:ProtectTheBoss"],"picked":"Slimebound:SlimeTap","floor":14.0},{"not_picked":["Slimebound:MassRepurpose","Slimebound:Overexert"],"picked":"Slimebound:Darklings","floor":16.0},{"not_picked":["Slimebound:GrowthPunch","Slimebound:LeechingTouch"],"picked":"Slimebound:FinishingTackle+1","floor":18.0},{"not_picked":["Slimebound:Recollect","Slimebound:ViciousTackle"],"picked":"Slimebound:AcidTongue+1","floor":22.0},{"not_picked":["Slimebound:SamplingLick","Slimebound:ForwardTackle"],"picked":"Slimebound:FirmFortitude+1","floor":30.0},{"not_picked":["Slimebound:SplitAcid+1","Slimebound:SamplingLick"],"picked":"Slimebound:FlameTackle+1","floor":31},{"not_picked":["Slimebound:Overexert","Slimebound:SelfFormingGoo"],"picked":"Slimebound:PrepareCrush","floor":33},{"not_picked":["Slimebound:ViciousTackle+1","Slimebound:LeechEnergy"],"picked":"Slimebound:GoopSpray+1","floor":35},{"not_picked":["Slimebound:SlimeBarrage","Slimebound:SplitMire"],"picked":"Slimebound:LeechingTouch+1","floor":36},{"not_picked":["Slimebound:Prepare","Slimebound:PressTheAttack"],"picked":"Slimebound:RollThrough+1","floor":37}],"player_experience":409463,"relics_obtained":[{"floor":7.0,"key":"infinitespire:Satchel"},{"floor":9.0,"key":"Pen Nib"},{"floor":12.0,"key":"The Courier"},{"floor":26.0,"key":"War Paint"}],"event_choices":[{"damage_healed":0.0,"max_hp_gain":0.0,"max_hp_loss":0.0,"gold_gain":0.0,"event_name":"Living Wall","player_choice":"Grow","floor":2.0,"gold_loss":0.0,"damage_taken":0.0,"cards_upgraded":["Slimebound:FlameTackle"]},{"damage_healed":0.0,"max_hp_gain":0.0,"max_hp_loss":0.0,"gold_gain":0.0,"event_name":"Lab","player_choice":"Got Potions","floor":4.0,"gold_loss":0.0,"damage_taken":0.0},{"damage_healed":0.0,"max_hp_gain":0.0,"max_hp_loss":0.0,"gold_gain":0.0,"event_name":"Addict","player_choice":"Obtained Relic","floor":19.0,"gold_loss":85.0,"damage_taken":0.0,"relics_obtained":["Onion Ring"]},{"damage_healed":0.0,"max_hp_gain":0.0,"max_hp_loss":0.0,"gold_gain":0.0,"event_name":"Ghosts","player_choice":"Ignored","floor":20.0,"gold_loss":0.0,"damage_taken":0.0}],"is_beta":false,"boss_relics":[{"not_picked":["hubris:Stopwatch","vexMod:FluxCapacitor"],"picked":"hubris:RunicObelisk"},{"not_picked":["Cursed Key","aspiration:PoetsPen_weak"],"picked":"SlaversCollar"}],"items_purged_floors":[],"is_endless":false,"potions_floor_spawned":[5,8,14,18,30,35,36],"killed_by":"Sphere and 2 Shapes","ascension_level":1}}