{"host":"6qo42zgaknezulyg","time":1609036487,"event":{"mods":["2.2 Compatiblity","BaseMod","Colored Map","Downfall","Highlight Path","Keyboard Shortcuts","Minty Spire (QoL Compilation)","Permanent Neow","Quick Restart","StSLib","SuperFastMode"],"gold_per_floor":[99,110,128,278,278,293,293,304,304,319,319,319,348,23,37,142,142,142,161,178,178,63,63,63,77,77,182,208,133,542,556,575,689,689,689,39,51,68,118,118,118,137,156,156,5,17,17,17,44,44],"floor_reached":51,"playtime":3482,"items_purged":["champ:Strike","champ:Strike","champ:Strike","champ:Strike"],"score":1021,"play_id":"f9db1fbf-46a0-4e9d-ace9-85c18e6651e2","local_time":"20201227113447","is_ascension_mode":true,"campfire_choices":[{"data":"expansioncontent:StudyTheSpire","floor":1.0,"key":"SMITH"},{"floor":9.0,"key":"REST"},{"data":"champ:Taunt","floor":12.0,"key":"SMITH"},{"data":"champ:Devastate","floor":18.0,"key":"SMITH"},{"data":"champ:StrikeOfGenius","floor":23.0,"key":"SMITH"},{"floor":26.0,"key":"REST"},{"data":"champ:Duel","floor":29.0,"key":"SMITH"},{"data":"champ:StrikeOfGenius","floor":35.0,"key":"SMITH"},{"floor":47,"key":"REST"}],"circlet_count":0,"master_deck":["champ:Defend","champ:Defend","champ:Defend","champ:Execute","champ:Taunt+1","expansioncontent:StudyTheSpire+1","champ:FanOfKnives","champ:Haymaker","champ:ArenaPreparation","champ:Aggression","champ:Aggression","champ:StrikeOfGenius+1","champ:Devastate+1","champ:Duel+1","champ:StrikeOfGenius+1","champ:Haymaker+1","champ:HoldFirm","champ:HoldFirm"],"relics":["champ:ChampionCrown","FossilizedHelix","Ornamental Fan","Pen Nib","Snecko Eye","Mercury Hourglass","CeramicFish","downfall:HeartBlessingGreen","Old Coin","Shuriken","Runic Dome","Matryoshka","Mummified Hand","CaptainsWheel","Art of War","Kunai","Toolbox","sneckomod:BlankCard","Sundial"],"acts_visited":["Exordium","TheCity","TheBeyond"],"potions_floor_usage":[50,50],"damage_taken":[{"damage":12.0,"enemies":"Small Slimes","floor":2.0,"turns":4.0},{"damage":10.0,"enemies":"Jaw Worm","floor":3.0,"turns":5.0},{"damage":1.0,"enemies":"Cultist","floor":6.0,"turns":3.0},{"damage":18.0,"enemies":"3 Louse","floor":8.0,"turns":3.0},{"damage":13.0,"enemies":"Blue Slaver","floor":10.0,"turns":3.0},{"damage":8.0,"enemies":"3 Sentries","floor":13.0,"turns":6.0},{"damage":31.0,"enemies":"downfall:FleeingMerchant","floor":14.0,"turns":4.0},{"damage":34.0,"enemies":"Exordium Thugs","floor":15.0,"turns":4.0},{"damage":32.0,"enemies":"downfall:Silent","floor":16.0,"turns":4.0},{"damage":14.0,"enemies":"Shell Parasite","floor":19.0,"turns":4.0},{"damage":20.0,"enemies":"Centurion and Healer","floor":20.0,"turns":5.0},{"damage":14.0,"enemies":"downfall:FleeingMerchant","floor":22.0,"turns":4.0},{"damage":26.0,"enemies":"Snake Plant","floor":25.0,"turns":3.0},{"damage":38.0,"enemies":"downfall:FleeingMerchant","floor":27.0,"turns":4.0},{"damage":20.0,"enemies":"Slavers","floor":28.0,"turns":3.0},{"damage":20.0,"enemies":"downfall:CharBossIronclad","floor":30.0,"turns":5.0},{"damage":27.0,"enemies":"Cultist and Chosen","floor":31.0,"turns":4.0},{"damage":14.0,"enemies":"Centurion and Healer","floor":32.0,"turns":3.0},{"damage":29.0,"enemies":"downfall:Defect","floor":33.0,"turns":7.0},{"damage":0.0,"enemies":"Orb Walker","floor":37.0,"turns":2.0},{"damage":13,"enemies":"3 Darklings","floor":38,"turns":3},{"damage":28,"enemies":"Mind Bloom Boss Battle","floor":39,"turns":6},{"damage":19,"enemies":"Transient","floor":42,"turns":5},{"damage":26,"enemies":"Maw","floor":43,"turns":4},{"damage":5,"enemies":"Writhing Mass","floor":46,"turns":2},{"damage":8,"enemies":"Jaw Worm Horde","floor":49,"turns":3},{"damage":31,"enemies":"downfall:Ironclad","floor":50,"turns":4}],"seed_played":"-1357979191711719768","potions_obtained":[{"floor":2.0,"key":"PowerPotion"},{"floor":10.0,"key":"Guardian:BlockOnCardUsePotion"},{"floor":15.0,"key":"PowerPotion"},{"floor":43,"key":"CultistPotion"}],"is_trial":false,"path_per_floor":["R","M","M","?","?","M","T","M","R","M","?","R","E","$","M","B",null,"R","M","M","?","$","R","T","M","R","$","E","R","?","M","M","B",null,"R","$","M","M","?","?","T","M","M","?","$","M","R","T","M","B",null],"character_chosen":"THE_CHAMP","items_purchased":["champ:Aggression","Pen Nib","FairyPotion","Matryoshka","Mummified Hand","Toolbox"],"campfire_rested":3,"item_purchase_floors":[14,14,27,36,36,45],"current_hp_per_floor":[57,50,50,50,50,49,49,36,63,50,80,80,80,85,74,50,80,80,73,73,73,78,78,78,62,89,82,67,67,57,56,47,47,79,79,79,79,81,66,66,66,71,70,70,70,75,90,90,87,90],"gold":44,"neow_bonus":"RANDOM_COLORLESS_2","is_daily":false,"chose_seed":false,"campfire_upgraded":6,"win_rate":0.0,"timestamp":1609036487,"path_taken":["R","M","M","?","?","M","T","M","R","M","?","R","E","$","M","BOSS","R","M","M","?","$","R","T","M","R","?","E","R","?","M","M","BOSS","R","$","M","M","?","?","T","?","M","?","$","M","R","?","M","BOSS"],"items_purchased_type":["Card","Relic","Potion","Relic","Relic","Relic"],"build_version":"2020-12-22","purchased_purges":4,"victory":true,"max_hp_per_floor":[90,90,90,90,90,90,90,90,90,90,90,90,90,90,90,90,90,90,90,90,90,90,90,90,90,90,90,90,90,90,90,90,90,90,90,90,90,90,90,90,90,90,90,90,90,90,90,90,90,90],"card_choices":[{"not_picked":["Sadistic Nature","The Bomb"],"picked":"expansioncontent:StudyTheSpire","floor":0.0},{"not_picked":["champ:StanceDance","champ:Backstep","champ:RageSigil"],"picked":"SKIP","floor":2.0},{"not_picked":["champ:GladiatorsShout","champ:RageSigil"],"picked":"champ:FanOfKnives","floor":3.0},{"not_picked":["champ:EnGarde","champ:FocusedGladiator","champ:RageSigil"],"picked":"SKIP","floor":6.0},{"not_picked":["champ:EnragedBash","champ:GutPunch","champ:BladeFlurry"],"picked":"SKIP","floor":8.0},{"not_picked":["champ:HeartStrike","champ:PerfectedStrike"],"picked":"champ:Haymaker","floor":10.0},{"not_picked":["champ:FocusedDefense","champ:BringItOn"],"picked":"champ:ArenaPreparation","floor":13.0},{"not_picked":["champ:TornadoPunch","champ:RisingSlash"],"picked":"champ:Aggression","floor":14.0},{"not_picked":["champ:DefensiveShout","champ:StanceDance"],"picked":"champ:StrikeOfGenius","floor":15.0},{"not_picked":["champ:LastStand","champ:EnchantShield"],"picked":"champ:Devastate","floor":16.0},{"not_picked":["champ:FightOn","champ:GladiatorsShout","champ:SwordSigil"],"picked":"SKIP","floor":19.0},{"not_picked":["champ:BringItOn","champ:ShieldWall","champ:Haymaker"],"picked":"SKIP","floor":20.0},{"not_picked":["champ:FocusedGladiator","champ:AdrenalArmor+1","champ:RageSigil"],"picked":"SKIP","floor":22.0},{"not_picked":["champ:Encircle","champ:CrookedStrike","champ:FightOn"],"picked":"SKIP","floor":25.0},{"not_picked":["champ:EnGarde","champ:Balance"],"picked":"champ:Duel","floor":27.0},{"not_picked":["champ:Circumvent","champ:CrookedStrike","champ:FalseCounter"],"picked":"SKIP","floor":28.0},{"not_picked":["champ:BerserkersShout","champ:Circumvent"],"picked":"champ:StrikeOfGenius","floor":30.0},{"not_picked":["champ:FocusedBerserking+1","champ:PerfectedStrike","champ:BerserkerStyle"],"picked":"SKIP","floor":31.0},{"not_picked":["champ:FanOfKnives","champ:Circumvent"],"picked":"champ:Haymaker+1","floor":32.0},{"not_picked":["champ:StrikeOfGenius","champ:SteelEdge"],"picked":"champ:HoldFirm","floor":33.0},{"not_picked":["champ:EnGarde","champ:FlashCut","champ:GladiatorsShout"],"picked":"SKIP","floor":37.0},{"not_picked":["champ:AdrenalArmor","champ:FlashCut","champ:GladiatorsShout+1"],"picked":"SKIP","floor":38},{"not_picked":["champ:RisingSlash+1","champ:AdrenalArmor","champ:BerserkersShout"],"picked":"SKIP","floor":42},{"not_picked":["champ:FightOn","champ:TornadoPunch+1","champ:AdrenalArmor+1"],"picked":"SKIP","floor":43},{"not_picked":["champ:FlashCut","champ:Encircle+1","champ:ShieldSigil"],"picked":"SKIP","floor":46},{"not_picked":["champ:FightOn","champ:ViciousMockery+1"],"picked":"champ:HoldFirm","floor":49}],"player_experience":1055418,"relics_obtained":[{"floor":7.0,"key":"FossilizedHelix"},{"floor":13.0,"key":"Ornamental Fan"},{"floor":24.0,"key":"Mercury Hourglass"},{"floor":28.0,"key":"CeramicFish"},{"floor":30.0,"key":"Old Coin"},{"floor":30.0,"key":"Shuriken"},{"floor":39,"key":"CaptainsWheel"},{"floor":41,"key":"Art of War"},{"floor":41,"key":"Kunai"},{"floor":48,"key":"sneckomod:BlankCard"},{"floor":48,"key":"Sundial"}],"event_choices":[{"cards_removed":["Slimebound:Icky"],"damage_healed":0.0,"max_hp_gain":0.0,"max_hp_loss":0.0,"gold_gain":0.0,"event_name":"The Cleric","player_choice":"Card Removal","floor":5.0,"gold_loss":0.0,"damage_taken":0.0},{"damage_healed":30.0,"max_hp_gain":0.0,"max_hp_loss":0.0,"gold_gain":0.0,"event_name":"Big Fish","player_choice":"Banana","floor":11.0,"gold_loss":0.0,"damage_taken":0.0},{"damage_healed":0,"gold_gain":0,"player_choice":"Ignored","damage_taken":0,"max_hp_gain":0,"max_hp_loss":0,"event_name":"Mysterious Sphere","floor":40,"gold_loss":0},{"cards_removed":["champ:Defend"],"damage_healed":0,"gold_gain":0,"player_choice":"Removed Skill","damage_taken":0,"max_hp_gain":0,"max_hp_loss":0,"event_name":"Falling","floor":44,"gold_loss":0}],"is_beta":false,"boss_relics":[{"not_picked":["champ:ChampionCrownUpgraded","downfall:Hecktoplasm"],"picked":"Snecko Eye"},{"not_picked":["Tiny House","Black Star"],"picked":"Runic Dome"}],"items_purged_floors":[14,22,27,36],"is_endless":false,"potions_floor_spawned":[2,10,15,16,19,28,32,33,37,38,39,43],"ascension_level":7}}