{"host":"g907ck67u7c3hrs6","time":1609032911,"event":{"mods":["BaseMod","Colored Map","DeckTracker","Highlight Path","Keyboard Shortcuts","Minty Spire (QoL Compilation)","Permanent Neow","Say the Spire","SuperFastMode"],"gold_per_floor":[115,65,79,154,166,166,201,201,201,201,214,229,61,95,95,192,192,205,51,71,71,71,102,102,201,227,242,269,194,119,201,201,302,302,312,312,330,346,38,38,66,66,66,66,0,0,45,80,80,80,80,80,29,54,54],"floor_reached":56,"playtime":1271,"items_purged":["Strike_R"],"score":1419,"play_id":"c83cf6f4-72e2-4034-a904-56653c3a49db","local_time":"20201227103511","is_ascension_mode":true,"campfire_choices":[{"data":"Limit Break","floor":6.0,"key":"SMITH"},{"data":"Inflame","floor":8.0,"key":"SMITH"},{"data":"Sword Boomerang","floor":10.0,"key":"SMITH"},{"data":"Apotheosis","floor":15.0,"key":"SMITH"},{"data":"Evolve","floor":24.0,"key":"SMITH"},{"data":"Battle Trance","floor":32.0,"key":"SMITH"},{"data":"1","floor":40.0,"key":"LIFT"},{"data":"2","floor":42.0,"key":"LIFT"},{"floor":49,"key":"RECALL"},{"data":"3","floor":52,"key":"LIFT"}],"circlet_count":0,"master_deck":["Strike_R","Strike_R","Defend_R","Defend_R","Defend_R","Bash","Limit Break+1","Sword Boomerang+1","Inflame+1","Battle Trance+1","Flame Barrier+1","Heavy Blade","Pummel","Apotheosis+1","Headbutt","Reaper","Evolve+1","Pummel","Necronomicurse","Inflame+1","Pummel+1","Reaper","Shockwave+1","Battle Trance+1","Pummel+1"],"relics":["Burning Blood","Ginger","Bird Faced Urn","Question Card","Mark of Pain","PreservedInsect","Necronomicon","Anchor","Unceasing Top","Meat on the Bone","Runic Dome","Girya","Omamori","Paper Frog","Red Mask","Dead Branch","Self Forming Clay","Oddly Smooth Stone"],"acts_visited":["Exordium","TheCity","TheBeyond","TheEnding"],"potions_floor_usage":[55,55,55],"damage_taken":[{"damage":9.0,"enemies":"Small Slimes","floor":1.0,"turns":4.0},{"damage":2.0,"enemies":"2 Louse","floor":3.0,"turns":2.0},{"damage":13.0,"enemies":"Jaw Worm","floor":5.0,"turns":4.0},{"damage":30.0,"enemies":"Gremlin Nob","floor":7.0,"turns":4.0},{"damage":9.0,"enemies":"Red Slaver","floor":11.0,"turns":3.0},{"damage":7.0,"enemies":"Looter","floor":12.0,"turns":4.0},{"damage":10.0,"enemies":"Lagavulin","floor":14.0,"turns":5.0},{"damage":16.0,"enemies":"Hexaghost","floor":16.0,"turns":8.0},{"damage":11.0,"enemies":"Shell Parasite","floor":18.0,"turns":4.0},{"damage":11.0,"enemies":"3 Byrds","floor":20.0,"turns":5.0},{"damage":11.0,"enemies":"Gremlin Leader","floor":23.0,"turns":5.0},{"damage":34.0,"enemies":"Shelled Parasite and Fungi","floor":27.0,"turns":6.0},{"damage":2.0,"enemies":"Book of Stabbing","floor":28.0,"turns":2.0},{"damage":32.0,"enemies":"Champ","floor":33.0,"turns":5.0},{"damage":2.0,"enemies":"3 Shapes","floor":35.0,"turns":3.0},{"damage":9.0,"enemies":"Orb Walker","floor":37.0,"turns":3.0},{"damage":19.0,"enemies":"Sphere and 2 Shapes","floor":38.0,"turns":4.0},{"damage":12.0,"enemies":"Nemesis","floor":41.0,"turns":3.0},{"damage":36.0,"enemies":"2 Orb Walkers","floor":47.0,"turns":4.0},{"damage":15.0,"enemies":"Reptomancer","floor":48.0,"turns":3.0},{"damage":17,"enemies":"Time Eater","floor":50,"turns":4},{"damage":1,"enemies":"Shield and Spear","floor":54,"turns":2},{"damage":70,"enemies":"The Heart","floor":55,"turns":6}],"seed_played":"-159719632559929654","potions_obtained":[{"floor":1.0,"key":"Ancient Potion"},{"floor":3.0,"key":"ElixirPotion"},{"floor":14.0,"key":"SpeedPotion"},{"floor":33.0,"key":"Swift Potion"},{"floor":47.0,"key":"Strength Potion"}],"is_trial":false,"path_per_floor":["M","?","M","?","M","R","E","R","T","R","M","M","$","E","R","B",null,"M","$","M","?","?","E","R","?","T","M","E","$","?","T","R","B",null,"M","?","M","M","$","R","E","R","T","?","?","$","?","E","R","B",null,"R","$","E","B",null],"character_chosen":"IRONCLAD","items_purchased":["Apotheosis","PreservedInsect","Girya","FearPotion"],"campfire_rested":0,"item_purchase_floors":[13,19,39,53],"current_hp_per_floor":[77,77,80,69,62,62,38,38,38,38,37,38,38,36,36,28,80,75,75,80,64,64,63,63,63,63,59,67,67,67,67,67,47,80,80,80,80,77,77,77,74,74,74,74,74,74,80,71,71,64,80,80,80,80,34],"gold":54,"neow_bonus":"ONE_RANDOM_RARE_CARD","is_daily":false,"chose_seed":false,"campfire_upgraded":6,"win_rate":0.0,"timestamp":1609032911,"path_taken":["M","?","M","?","M","R","E","R","T","R","M","M","$","E","R","BOSS","M","$","M","?","?","E","R","?","T","?","E","?","?","?","R","BOSS","M","?","?","M","$","R","E","R","T","?","?","?","?","E","R","BOSS","R","$","E","BOSS"],"items_purchased_type":["Card","Relic","Relic","Potion"],"build_version":"2020-12-22","purchased_purges":1,"victory":true,"max_hp_per_floor":[80,80,80,80,80,80,80,80,80,80,80,80,80,80,80,80,80,80,80,80,80,80,80,80,80,80,80,80,80,80,80,80,80,80,80,80,80,80,80,80,80,80,80,80,80,80,80,80,80,80,80,80,80,80,80],"card_choices":[{"not_picked":["Dual Wield","Headbutt"],"picked":"Sword Boomerang","floor":1.0},{"not_picked":["Cleave","Flex"],"picked":"Inflame","floor":3.0},{"not_picked":["Evolve","Flex"],"picked":"Battle Trance","floor":5.0},{"not_picked":["Sentinel","Havoc"],"picked":"Flame Barrier","floor":7.0},{"not_picked":["Headbutt","Hemokinesis"],"picked":"Heavy Blade","floor":11.0},{"not_picked":["Uppercut","Seeing Red"],"picked":"Pummel","floor":12.0},{"not_picked":["Hemokinesis","Juggernaut"],"picked":"Headbutt","floor":14.0},{"not_picked":["Corruption","Feed","Berserk"],"picked":"Reaper","floor":16.0},{"not_picked":["Havoc","Pommel Strike","Body Slam+1"],"picked":"Evolve","floor":18.0},{"not_picked":["Headbutt","Twin Strike+1","Heavy Blade"],"picked":"Pummel","floor":20.0},{"not_picked":["Reckless Charge","Cleave+1","Body Slam","Carnage"],"picked":"SKIP","floor":23.0},{"not_picked":["Seeing Red+1","Anger","Iron Wave"],"picked":"Inflame+1","floor":27.0},{"not_picked":["Flex+1","Juggernaut","Clash"],"picked":"Pummel+1","floor":28.0},{"not_picked":["Exhume","Berserk","Feed"],"picked":"Reaper","floor":33.0},{"not_picked":["Armaments","Clothesline","Pommel Strike+1"],"picked":"Shockwave+1","floor":35.0},{"not_picked":["Perfected Strike","Heavy Blade","Anger","Body Slam"],"picked":"SKIP","floor":37.0},{"not_picked":["Headbutt","Infernal Blade","Shockwave","Cleave+1"],"picked":"SKIP","floor":38.0},{"not_picked":["Shrug It Off","Clothesline","Fiend Fire","Pommel Strike+1"],"picked":"SKIP","floor":41.0},{"not_picked":["Pommel Strike+1","Thunderclap+1","Perfected Strike"],"picked":"Battle Trance+1","floor":47.0},{"not_picked":["Armaments+1","Iron Wave+1","Infernal Blade+1","Whirlwind+1"],"picked":"SKIP","floor":48.0},{"not_picked":["Spot Weakness","Burning Pact","True Grit"],"picked":"Pummel+1","floor":54}],"player_experience":187588,"relics_obtained":[{"floor":7.0,"key":"Ginger"},{"floor":9.0,"key":"Bird Faced Urn"},{"floor":14.0,"key":"Question Card"},{"floor":21.0,"key":"Necronomicon"},{"floor":23.0,"key":"Anchor"},{"floor":28.0,"key":"Unceasing Top"},{"floor":31.0,"key":"Meat on the Bone"},{"floor":41.0,"key":"Omamori"},{"floor":43.0,"key":"Paper Frog"},{"floor":47.0,"key":"Dead Branch"},{"floor":48.0,"key":"Self Forming Clay"},{"floor":54,"key":"Oddly Smooth Stone"}],"event_choices":[{"cards_removed":["Strike_R"],"damage_healed":0.0,"max_hp_gain":0.0,"max_hp_loss":0.0,"gold_gain":0.0,"event_name":"The Cleric","player_choice":"Card Removal","floor":2.0,"gold_loss":50.0,"damage_taken":0.0},{"damage_healed":0.0,"max_hp_gain":0.0,"max_hp_loss":0.0,"gold_gain":75.0,"event_name":"World of Goop","player_choice":"Gather Gold","floor":4.0,"gold_loss":0.0,"damage_taken":11.0},{"damage_healed":0.0,"max_hp_gain":0.0,"max_hp_loss":0.0,"gold_gain":0.0,"event_name":"Cursed Tome","player_choice":"Obtained Book","floor":21.0,"gold_loss":0.0,"damage_taken":16.0},{"damage_healed":0.0,"max_hp_gain":0.0,"max_hp_loss":0.0,"gold_gain":0.0,"event_name":"Vampires","player_choice":"Ignored","floor":22.0,"gold_loss":0.0,"damage_taken":0.0},{"damage_healed":0.0,"max_hp_gain":0.0,"max_hp_loss":0.0,"gold_gain":99.0,"event_name":"Nest","player_choice":"Stole From Cult","floor":25.0,"gold_loss":0.0,"damage_taken":0.0},{"cards_removed":["Strike_R"],"damage_healed":0.0,"max_hp_gain":0.0,"max_hp_loss":0.0,"gold_gain":0.0,"event_name":"Beggar","player_choice":"Gave Gold","floor":30.0,"gold_loss":75.0,"damage_taken":0.0},{"damage_healed":0.0,"max_hp_gain":0.0,"max_hp_loss":0.0,"gold_gain":0.0,"event_name":"Accursed Blacksmith","player_choice":"Forge","floor":36.0,"gold_loss":0.0,"damage_taken":0.0,"cards_upgraded":["Flame Barrier"]},{"cards_removed":["Defend_R"],"damage_healed":0.0,"max_hp_gain":0.0,"max_hp_loss":0.0,"gold_gain":0.0,"event_name":"Falling","player_choice":"Removed Skill","floor":44.0,"gold_loss":0.0,"damage_taken":0.0},{"damage_healed":0.0,"max_hp_gain":0.0,"max_hp_loss":0.0,"gold_gain":0.0,"event_name":"Tomb of Lord Red Mask","player_choice":"Paid","floor":45.0,"gold_loss":66.0,"damage_taken":0.0,"relics_obtained":["Red Mask"]},{"damage_healed":0.0,"max_hp_gain":0.0,"max_hp_loss":0.0,"gold_gain":0.0,"event_name":"Mysterious Sphere","player_choice":"Fight","floor":47.0,"gold_loss":0.0,"damage_taken":0.0}],"is_beta":false,"boss_relics":[{"not_picked":["Snecko Eye","Runic Pyramid"],"picked":"Mark of Pain"},{"not_picked":["Philosopher\u0027s Stone","Sozu"],"picked":"Runic Dome"}],"items_purged_floors":[29],"is_endless":false,"potions_floor_spawned":[1,3,14,20,33,37,47,48],"ascension_level":2}}