{"host":"51b3tsslnntndamg","time":1609042407,"event":{"mods":["BaseMod","BetterRewards","Colored Map","Colored Powertips","Downfall","Hermit","Highlight Path","Hubris","Infinite Spire","Jorbs\u0027s Wanderer Trilogy","Key Reminder","Lobotomy","Minty Spire (QoL Compilation)","Quick Restart","READ ME - Guardian Mod","Rare Cards Sparkle","Replay The Spire","Shop Mod","StSLib","SuperFastMode","The Animator","The Cursed","The Hierophant","The Jungle","The Poker Player","The Runesmith","The Servant 0.9.4"],"gold_per_floor":[99,110,10,10,10,10,10,10,25,25,51,44,44,29,47,155,155,155,168,187,200,219,219,219,219,248,268,268,268,268,279,296,399,399,399,412,424,113,133,145,169,169,169,169],"floor_reached":42,"playtime":6639,"items_purged":["hexamod:Defend"],"score":460,"play_id":"f3e238d8-43ec-4b96-8742-c73041128c3e","local_time":"20201226201327","is_ascension_mode":false,"campfire_choices":[{"data":"hexamod:Float","floor":1,"key":"SMITH"},{"data":"hexamod:ThermalTransfer","floor":8,"key":"SMITH"},{"data":"expansioncontent:DefensiveStance","floor":10,"key":"SMITH"},{"data":"hexamod:Rewind","floor":13,"key":"SMITH"},{"data":"hexamod:ExtraCrispy","floor":18,"key":"SMITH"},{"data":"hexamod:Again","floor":23,"key":"SMITH"},{"data":"hexamod:Firestarter","floor":35,"key":"SMITH"}],"circlet_count":0,"master_deck":["hexamod:Strike+1","hexamod:Defend+1","hexamod:Defend","hexamod:Defend","hexamod:Sear","hexamod:Float+1","hexamod:ThermalTransfer+1","hexamod:AdvancingGuard","expansioncontent:DefensiveStance+1","hexamod:Rewind+1","hexamod:ExtraCrispy+1","hexamod:InspiringFlames","hexamod:TimeOfNeed","hexamod:Firestarter+1","hexamod:Again+1","hexamod:GhostflameInferno+1","hexamod:GhostOfSpirePast+1","Guardian:Reroute","RitualDagger","Guardian:GemFinder","hexamod:BurningTouch+1","hexamod:TimeOfNeed","hexamod:GhostOfSpirePresent+1","hexamod:HexaLevel","hexamod:EmpoweredFlame","Guardian:TimeCapacitor"],"relics":["hexamod:SpiritBrand","hubris:PeanutButter","hexamod:TheBrokenSeal","Runic Pyramid","Replay:Multitool","hubris:DisguiseKit","PrismaticShard","Gremlin Food"],"acts_visited":["Exordium","TheCity","TheBeyond"],"potions_floor_usage":[16,26,33,33,40],"damage_taken":[{"damage":0,"enemies":"Cultist","floor":2,"turns":3},{"damage":0,"enemies":"downfall:FleeingMerchant","floor":3,"turns":4},{"damage":10,"enemies":"Small Slimes","floor":9,"turns":7},{"damage":0,"enemies":"2 Louse","floor":11,"turns":5},{"damage":0,"enemies":"downfall:FleeingMerchant","floor":12,"turns":4},{"damage":0,"enemies":"downfall:FleeingMerchant","floor":14,"turns":4},{"damage":0,"enemies":"Blue Slaver","floor":15,"turns":5},{"damage":27,"enemies":"downfall:Defect","floor":16,"turns":13},{"damage":0,"enemies":"Spheric Guardian","floor":19,"turns":6},{"damage":0,"enemies":"Chosen","floor":20,"turns":5},{"damage":0,"enemies":"Sentry and Sphere","floor":21,"turns":8},{"damage":0,"enemies":"Chosen and Byrds","floor":22,"turns":9},{"damage":25,"enemies":"Gremlin Leader","floor":26,"turns":6},{"damage":8,"enemies":"Cultist and Chosen","floor":27,"turns":10},{"damage":0,"enemies":"Snecko","floor":31,"turns":7},{"damage":0,"enemies":"Centurion and Healer","floor":32,"turns":6},{"damage":24,"enemies":"downfall:Silent","floor":33,"turns":9},{"damage":0,"enemies":"Orb Walker","floor":36,"turns":4},{"damage":24,"enemies":"3 Darklings","floor":37,"turns":7},{"damage":0,"enemies":"downfall:FleeingMerchant","floor":38,"turns":4},{"damage":45,"enemies":"Writhing Mass","floor":39,"turns":7},{"damage":0,"enemies":"4 Shapes","floor":40,"turns":9},{"damage":24,"enemies":"Spire Growth","floor":42,"turns":3}],"seed_played":"-3017567083848142030","potions_obtained":[{"floor":9,"key":"DuplicationPotion"},{"floor":11,"key":"sneckomod:MuddlingPotion"},{"floor":15,"key":"FearPotion"},{"floor":19,"key":"Milkshake"},{"floor":22,"key":"EssenceOfSteel"},{"floor":28,"key":"SmokeBomb"},{"floor":28,"key":"CultistPotion"},{"floor":31,"key":"ColorlessPotion"},{"floor":32,"key":"Ancient Potion"},{"floor":40,"key":"SteroidPotion"}],"is_trial":false,"path_per_floor":["R","M","$","?","?","?","T","R","M","R","M","$","R","$","M","B",null,"R","M","M","M","M","R","T","AVR","E","M","R","?","R","M","M","B",null,"R","M","M","$","M","M","T","M"],"character_chosen":"THE_SPIRIT","items_purchased":["expansioncontent:DefensiveStance","hexamod:EmpoweredFlame","PrismaticShard"],"campfire_rested":0,"item_purchase_floors":[3,38,38],"current_hp_per_floor":[77,77,77,77,77,77,77,77,67,67,67,67,67,67,67,66,87,87,87,87,87,87,87,87,87,62,54,54,48,74,74,74,50,87,87,87,63,63,18,18,18,0,0,0],"gold":169,"neow_bonus":"TEN_PERCENT_HP_BONUS","is_daily":false,"chose_seed":false,"campfire_upgraded":7,"win_rate":0.0,"timestamp":1609042407,"path_taken":["R","M","$","?","?","?","T","R","M","R","M","$","R","?","M","BOSS","R","M","M","M","M","R","T","AVR","E","M","R","?","R","M","M","BOSS","R","M","M","$","M","M","T","M"],"items_purchased_type":["Card","Card","Relic"],"build_version":"2020-12-22","purchased_purges":1,"victory":false,"max_hp_per_floor":[77,77,77,77,77,77,77,77,77,77,77,77,77,77,77,87,87,87,87,87,87,87,87,87,87,87,87,87,87,87,87,87,87,87,87,87,87,87,87,87,87,87,87,87],"card_choices":[{"not_picked":["hexamod:Firestarter","hexamod:NightmareGuise"],"picked":"hexamod:ThermalTransfer","floor":2},{"not_picked":["hexamod:GhostOfSpirePast","hexamod:GhostOfSpirePresent"],"picked":"hexamod:AdvancingGuard","floor":3},{"not_picked":["hexamod:ThirdSeal","hexamod:SecondSeal"],"picked":"hexamod:SixthSeal","floor":9},{"not_picked":["hexamod:ShieldOfDarkness","hexamod:GhostShield"],"picked":"hexamod:SecondSeal","floor":9},{"not_picked":["hexamod:AdvancingGuard","hexamod:GhostShield"],"picked":"hexamod:Rewind","floor":11},{"not_picked":["hexamod:FirstSeal","hexamod:SixthSeal"],"picked":"hexamod:ThirdSeal","floor":12},{"not_picked":["hexamod:FifthSeal","hexamod:Hexaguard"],"picked":"hexamod:ExtraCrispy","floor":12},{"not_picked":["hexamod:FourthSeal","hexamod:SixthSeal"],"picked":"hexamod:FirstSeal","floor":14},{"not_picked":["hexamod:ThermalTransfer","hexamod:SpectersWail","hexamod:ShieldOfDarkness"],"picked":"SKIP","floor":14},{"not_picked":["hexamod:Haunt","hexamod:ChargedBarrage","hexamod:Again"],"picked":"SKIP","floor":14},{"not_picked":["hexamod:ThirdSeal","hexamod:SixthSeal"],"picked":"hexamod:FourthSeal","floor":15},{"not_picked":["hexamod:FastForward","hexamod:DynamicBlow"],"picked":"hexamod:InspiringFlames","floor":15},{"not_picked":["hexamod:EmpoweringStance","hexamod:CrushingStance"],"picked":"hexamod:TimeOfNeed","floor":16},{"not_picked":["hexamod:GhostShield+1","hexamod:NightmareGuise"],"picked":"hexamod:Firestarter","floor":19},{"not_picked":["hexamod:AdvancingGuard","hexamod:GhostShield+1"],"picked":"hexamod:Again","floor":20},{"not_picked":["hexamod:ShieldOfDarkness","hexamod:BacktrackSmack"],"picked":"hexamod:GhostflameInferno","floor":21},{"not_picked":["hexamod:DynamicBlow+1","hexamod:RecurringNightmare","hexamod:SkipABeat"],"picked":"SKIP","floor":22},{"not_picked":["hexamod:SwordOfDarkness","hexamod:Rewind"],"picked":"hexamod:GhostOfSpirePast+1","floor":26},{"not_picked":["hexamod:HauntingEcho","hexamod:Hexaguard","hexamod:SpectralAdrenaline"],"picked":"Guardian:Reroute","floor":27},{"not_picked":["hexamod:SwordOfDarkness+1","hexamod:Firestarter+1","hexamod:SkipABeat"],"picked":"Guardian:GemFinder","floor":31},{"not_picked":["Guardian:Gem_Green","Guardian:Gem_Red"],"picked":"Guardian:Gem_Cyan","floor":32},{"not_picked":["hexamod:ChargedBarrage","hexamod:InspiringFlames","Guardian:Gem_Yellow"],"picked":"hexamod:BurningTouch+1","floor":32},{"not_picked":["hexamod:GhostflameInferno","hexamod:EmpoweringStance","Guardian:GemFire"],"picked":"hexamod:TimeOfNeed","floor":33},{"not_picked":["hexamod:BacktrackSmack+1","hexamod:Hexaguard","hexamod:SwordOfDarkness","Guardian:Gem_Red"],"picked":"SKIP","floor":36},{"not_picked":["hexamod:BurningTouch","hexamod:AdvancingGuard+1","Guardian:Gem_Green"],"picked":"hexamod:GhostOfSpirePresent+1","floor":37},{"not_picked":["hexamod:HeatShield+1","hexamod:CatchUp","Guardian:Clone"],"picked":"hexamod:HexaLevel","floor":38},{"not_picked":["hexamod:ThermalTransfer","Trip","stsjorbsmod:DoubleCheck"],"picked":"Guardian:TimeCapacitor","floor":39},{"not_picked":["stsjorbsmod:Counterspell","Reprogram","hierophant:OrnateBuckler","Guardian:RefractedBeam"],"picked":"SKIP","floor":40}],"player_experience":824204,"relics_obtained":[{"floor":7,"key":"hubris:PeanutButter"},{"floor":24,"key":"Replay:Multitool"},{"floor":26,"key":"hubris:DisguiseKit"},{"floor":41,"key":"Gremlin Food"}],"event_choices":[],"is_beta":false,"boss_relics":[{"not_picked":["infinitespire:Cupcake","hubris:GrandSneckoEye"],"picked":"Runic Pyramid"},{"not_picked":["Abe\u0027s Treasure","Coffee Dripper","hubris:TerracottaHorce"]}],"items_purged_floors":[38],"is_endless":false,"potions_floor_spawned":[9,11,15,19,22,31,32,40],"killed_by":"Spire Growth","ascension_level":0}}