{"host":"zerj8jnfx7q70f00","time":1609041364,"event":{"mods":["2.2 Compatiblity","AchievementEnabler","BaseMod","Minty Spire (QoL Compilation)","Permanent Neow","Quick Restart","SuperFastMode"],"gold_per_floor":[117,131,147,147,172,172,207,219,231,268,280,316,328,384,396,528,540,531,567,629,659,631,658,670,722,734,765,796,828,840,868,880,1018,1030,1057,595,608,508,531,531,531,531,557,557,575,575,11,0,0,0],"floor_reached":51,"playtime":2175,"items_purged":["Strike_R","Parasite","Bash"],"score":887,"play_id":"7b1ba6d9-662b-41cd-a3fb-e7f32774f0d8","local_time":"20201227125604","is_ascension_mode":true,"campfire_choices":[{"data":"Searing Blow","floor":6.0,"key":"SMITH"},{"data":"Searing Blow+1","floor":11.0,"key":"SMITH"},{"data":"Searing Blow+2","floor":13.0,"key":"SMITH"},{"data":"Searing Blow+3","floor":15.0,"key":"SMITH"},{"data":"Searing Blow+5","floor":24.0,"key":"SMITH"},{"data":"Searing Blow+6","floor":30.0,"key":"SMITH"},{"data":"Searing Blow+7","floor":32.0,"key":"SMITH"},{"data":"Searing Blow+8","floor":40,"key":"SMITH"},{"data":"Searing Blow+9","floor":42,"key":"SMITH"},{"data":"Searing Blow+10","floor":44,"key":"SMITH"},{"data":"Armaments","floor":49,"key":"SMITH"}],"circlet_count":0,"master_deck":["Defend_R","Defend_R","Defend_R","Defend_R","Battle Trance","Searing Blow+11","Dual Wield+1","Ghostly Armor","Feed","Headbutt","Impervious","Pommel Strike+1","Intimidate+1","Deep Breath","Thinking Ahead","Armaments+1"],"relics":["Burning Blood","Golden Idol","MawBank","Strawberry","Odd Mushroom","Frozen Egg 2","Runic Cube","Ginger","Pear","Empty Cage","Pantograph","ClockworkSouvenir","Orichalcum","War Paint","Self Forming Clay","Red Mask"],"acts_visited":["Exordium","TheCity","TheBeyond"],"potions_floor_usage":[50],"damage_taken":[{"damage":1.0,"enemies":"Jaw Worm","floor":1.0,"turns":5.0},{"damage":2.0,"enemies":"Small Slimes","floor":2.0,"turns":5.0},{"damage":5.0,"enemies":"2 Louse","floor":3.0,"turns":4.0},{"damage":11.0,"enemies":"Red Slaver","floor":5.0,"turns":5.0},{"damage":30.0,"enemies":"3 Sentries","floor":7.0,"turns":12.0},{"damage":13.0,"enemies":"The Mushroom Lair","floor":10.0,"turns":6.0},{"damage":5.0,"enemies":"Looter","floor":12.0,"turns":3.0},{"damage":26.0,"enemies":"Lagavulin","floor":14.0,"turns":5.0},{"damage":12.0,"enemies":"Slime Boss","floor":16.0,"turns":6.0},{"damage":15.0,"enemies":"2 Thieves","floor":18.0,"turns":5.0},{"damage":17.0,"enemies":"Spheric Guardian","floor":19.0,"turns":4.0},{"damage":16.0,"enemies":"Snake Plant","floor":21.0,"turns":5.0},{"damage":11.0,"enemies":"3 Cultists","floor":23.0,"turns":4.0},{"damage":18.0,"enemies":"Gremlin Leader","floor":25.0,"turns":4.0},{"damage":5.0,"enemies":"Centurion and Healer","floor":27.0,"turns":5.0},{"damage":0.0,"enemies":"Chosen and Byrds","floor":28.0,"turns":4.0},{"damage":14.0,"enemies":"Cultist and Chosen","floor":29.0,"turns":7.0},{"damage":10.0,"enemies":"Centurion and Healer","floor":31.0,"turns":4.0},{"damage":23.0,"enemies":"Champ","floor":33.0,"turns":7.0},{"damage":3.0,"enemies":"3 Shapes","floor":35.0,"turns":4.0},{"damage":39.0,"enemies":"3 Darklings","floor":37.0,"turns":12.0},{"damage":3,"enemies":"Transient","floor":39,"turns":5},{"damage":11,"enemies":"Jaw Worm Horde","floor":45,"turns":5},{"damage":66,"enemies":"Donu and Deca","floor":50,"turns":6}],"seed_played":"-1158076572540973173","potions_obtained":[{"floor":1.0,"key":"SpeedPotion"},{"floor":3.0,"key":"Swift Potion"},{"floor":12.0,"key":"BlessingOfTheForge"},{"floor":16.0,"key":"Regen Potion"},{"floor":18.0,"key":"Dexterity Potion"},{"floor":23.0,"key":"FearPotion"},{"floor":27.0,"key":"EssenceOfSteel"},{"floor":28.0,"key":"DuplicationPotion"},{"floor":29.0,"key":"AttackPotion"},{"floor":35.0,"key":"Weak Potion"},{"floor":37.0,"key":"ElixirPotion"}],"is_trial":false,"path_per_floor":["M","M","M","?","M","R","E","?","T","?","R","M","R","E","R","B",null,"M","M","?","M","?","M","R","E","T","M","M","M","R","M","R","B",null,"M","$","M","$","M","R","?","R","T","R","M","?","$","?","R","B",null],"character_chosen":"IRONCLAD","items_purchased":["Pantograph","ClockworkSouvenir","Armaments","War Paint","Self Forming Clay"],"campfire_rested":0,"item_purchase_floors":[36,36,47,47,47],"current_hp_per_floor":[80,80,80,74,69,69,45,45,52,45,45,49,49,29,29,23,84,87,76,76,66,66,64,64,52,62,63,69,61,61,57,57,40,100,103,103,70,70,73,73,63,63,63,63,58,58,58,58,58,27],"gold":0,"neow_bonus":"TRANSFORM_TWO_CARDS","is_daily":false,"chose_seed":false,"campfire_upgraded":11,"win_rate":0.0,"timestamp":1609041364,"path_taken":["M","M","M","?","M","R","E","?","T","?","R","M","R","E","R","BOSS","M","M","?","?","?","M","R","E","T","M","M","M","R","M","R","BOSS","M","$","?","?","M","R","?","R","T","R","M","?","$","?","R","BOSS"],"items_purchased_type":["Relic","Relic","Card","Relic","Relic"],"build_version":"2020-12-22","purchased_purges":3,"victory":true,"max_hp_per_floor":[80,80,80,74,74,74,74,74,81,81,81,84,84,84,84,84,84,87,87,87,87,87,90,90,90,100,100,100,100,100,100,100,100,100,103,103,103,100,100,100,100,100,100,100,100,100,100,100,100,104],"card_choices":[{"not_picked":["Warcry","Perfected Strike","Rage"],"picked":"SKIP","floor":1.0},{"not_picked":["Anger","Body Slam"],"picked":"Dual Wield","floor":2.0},{"not_picked":["Sword Boomerang","Combust"],"picked":"Ghostly Armor","floor":3.0},{"not_picked":["Iron Wave","Sever Soul","Warcry"],"picked":"SKIP","floor":5.0},{"not_picked":["Blood for Blood","Warcry","Cleave"],"picked":"SKIP","floor":7.0},{"not_picked":["Flex","Sword Boomerang"],"picked":"Feed","floor":10.0},{"not_picked":["Whirlwind","Warcry"],"picked":"Headbutt","floor":12.0},{"not_picked":["Clothesline","Hemokinesis","Sever Soul"],"picked":"SKIP","floor":14.0},{"not_picked":["Berserk+1","Feed"],"picked":"Impervious","floor":16.0},{"not_picked":["Body Slam","Reckless Charge","Heavy Blade"],"picked":"SKIP","floor":18.0},{"not_picked":["Rage+1","Warcry"],"picked":"Pommel Strike+1","floor":19.0},{"not_picked":["Anger","Flex","Feed"],"picked":"SKIP","floor":21.0},{"not_picked":["Clothesline","Anger"],"picked":"Intimidate","floor":23.0},{"not_picked":["Spot Weakness+1","Thunderclap","Body Slam"],"picked":"SKIP","floor":25.0},{"not_picked":["Second Wind","Perfected Strike"],"picked":"Warcry+1","floor":27.0},{"not_picked":["Dual Wield","Flex+1","Clash"],"picked":"SKIP","floor":28.0},{"not_picked":["Heavy Blade","Barricade+1","Cleave"],"picked":"SKIP","floor":29.0},{"not_picked":["Inflame+1","Spot Weakness","Shockwave"],"picked":"SKIP","floor":31.0},{"not_picked":["Flex+1","True Grit","Perfected Strike"],"picked":"SKIP","floor":35.0},{"not_picked":["True Grit","Thunderclap+1","Flame Barrier+1"],"picked":"SKIP","floor":37.0},{"not_picked":["Combust+1","Anger","Iron Wave"],"picked":"SKIP","floor":39},{"not_picked":["Enlightenment","PanicButton"],"picked":"Deep Breath","floor":41},{"not_picked":["Impatience","PanicButton"],"picked":"Thinking Ahead","floor":41},{"not_picked":["Body Slam+1","Hemokinesis","Headbutt+1"],"picked":"SKIP","floor":45}],"player_experience":14006,"relics_obtained":[{"floor":7.0,"key":"MawBank"},{"floor":9.0,"key":"Strawberry"},{"floor":10.0,"key":"Odd Mushroom"},{"floor":14.0,"key":"Frozen Egg 2"},{"floor":25.0,"key":"Ginger"},{"floor":26.0,"key":"Pear"},{"floor":43,"key":"Orichalcum"}],"event_choices":[{"damage_healed":0.0,"max_hp_gain":0.0,"max_hp_loss":6.0,"gold_gain":0.0,"event_name":"Golden Idol","player_choice":"Lose Max HP","floor":4.0,"gold_loss":0.0,"damage_taken":0.0,"relics_obtained":["Golden Idol"]},{"damage_healed":0.0,"max_hp_gain":0.0,"max_hp_loss":0.0,"gold_gain":0.0,"event_name":"Scrap Ooze","player_choice":"Fled","floor":8.0,"gold_loss":0.0,"damage_taken":0.0},{"damage_healed":0.0,"max_hp_gain":0.0,"max_hp_loss":0.0,"gold_gain":0.0,"event_name":"Mushrooms","player_choice":"Fought Mushrooms","floor":10.0,"gold_loss":0.0,"damage_taken":0.0},{"damage_healed":0.0,"max_hp_gain":0.0,"max_hp_loss":0.0,"gold_gain":100.0,"event_name":"The Joust","player_choice":"Bet on Murderer","floor":20.0,"gold_loss":50.0,"damage_taken":0.0},{"damage_healed":0.0,"max_hp_gain":0.0,"max_hp_loss":0.0,"gold_gain":0.0,"event_name":"Designer","player_choice":"Upgrade","floor":22.0,"gold_loss":40.0,"damage_taken":0.0,"cards_upgraded":["Searing Blow"]},{"damage_healed":0,"gold_gain":0,"player_choice":"Memory 3","damage_taken":10,"max_hp_gain":0,"max_hp_loss":0,"event_name":"SensoryStone","floor":41,"gold_loss":0},{"cards_removed":["Warcry"],"damage_healed":0,"gold_gain":0,"player_choice":"Removed Skill","damage_taken":0,"max_hp_gain":0,"max_hp_loss":0,"event_name":"Falling","floor":46,"gold_loss":0},{"damage_healed":0,"gold_gain":0,"player_choice":"Paid","damage_taken":0,"relics_obtained":["Red Mask"],"max_hp_gain":0,"max_hp_loss":0,"event_name":"Tomb of Lord Red Mask","floor":48,"gold_loss":11}],"is_beta":false,"boss_relics":[{"not_picked":["Runic Dome","Tiny House"],"picked":"Runic Cube"},{"not_picked":["Calling Bell","Black Star"],"picked":"Empty Cage"}],"items_purged_floors":[36,38,47],"is_endless":false,"potions_floor_spawned":[1,3,12,16,18,23,27,28,29,35,37],"ascension_level":1}}