{"host":"djjpvtbajazjoxm7","time":1609052559,"event":{"mods":["Act Like it!","Arknights The Spire","Ascension Reborn","BaseMod","CapriCore","GungeonMod","Hermit","KOR Keyword Fix","Lobotomy","Minty Spire (QoL Compilation)","Replay The Spire","StSLib","The Gatherer","The Hierophant","The Immortal","Waifu the Spire"],"gold_per_floor":[117,141,165,185,208,238,188,210,210,230,248,248,339,353,353,472,472,491,513,527,543,566,607,389,424,424,424,424,516,547,559,559,685,685,697,710,328,345,361,361,398,417,417,477,508,528,547,547,547,547,547,547,547,34,70,70],"floor_reached":57,"playtime":3282,"items_purged":["Hallucinations","ats:Counter Healing Mode+1","ats:Strike G+1"],"score":450,"play_id":"ebd4e1d9-ea9f-4aeb-bf28-ac6474242ebd","local_time":"20201227160239","is_ascension_mode":true,"campfire_choices":[{"data":"ats:Counter Healing Mode","floor":15,"key":"SMITH"},{"floor":28,"key":"RECALL"},{"floor":32,"key":"DIG"},{"data":"ats:Part Time Job","floor":40,"key":"SMITH"},{"data":"ats:Assault Order","floor":49,"key":"SMITH"},{"data":"ats:Echo Reverb","floor":53,"key":"SMITH"}],"circlet_count":0,"master_deck":["ats:Strike S+1","ats:Armor Crushing Shot+1","ats:Defend+1","ats:Defend+1","ats:Defend+1","ats:Defend+1","ats:Emotion Absorption+1","ats:Flexible Camouflage+1","ats:Part Time Job+1","ats:Curse Doll","ats:Consecutive Shot Auto","ats:Calcification","ats:Curse Doll","ats:Rapid Magazine","ats:Poison Spread","ats:Poison Spread","ats:Echo Reverb+1","ReplayTheSpireMod:Doomed","Doubt","ats:Composite Medical Shells","ats:Counter Healing Mode+1","ats:Beaten Up+1","ats:Overload","ats:Neurotoxin+1","ats:Shadow Raid+1","ats:Directed Diagnosis+1","ats:Charging Defense+1","ats:Overload+1","ats:Demon Strength+1","ats:Assault Order+1","ats:Roar Of Ursus+1","J.A.X.","ats:Explosion Area Strengthen","ats:Disruption Kick+1","ats:Powerful Strike+1","ats:Explosion Area Strengthen","ats:Automatic Cover+1","Pot Of Greed","Pot Of Greed","Pot Of Greed","Pot Of Greed","ats:Ambush+1","ats:Demon Strength+1","ats:Defend Order+1","ats:Demon Strength+1","ats:Overload+1","ats:Durian+1","ats:Healing Strengthening+1","ats:Thorns+1","ats:Calcification+1","Pot Of Greed","ats:Composite Medical Shells+1","Apotheosis+1"],"relics":["ats:Sanity","Pocketwatch","ats:Originium","Ginger","ReplayFunnel","Prayer Wheel","DemoMod:WhiteGuonStone","Ancient Tea Set","ats:Industrial Water Cannon","DemoMod:AgedBell","Replay:Ancient Bell","ats:MaxSp1","Golden Egg","DemoMod:SevenLeafClover","ats:Originium","Grinning Jar","DemoMod:LamentConfigurum","ats:Originium","ats:Lavender","DemoMod:DecoyRelic","Peace Pipe","Bag of Preparation","Centennial Puzzle","Frozen Egg 2","Snack Pack","Replay:Kaleidoscope","DemoMod:RiddleOfLead","Molten Egg 2","DemoMod:VorpalBullet","Quantum Egg","FossilizedHelix","Counterbalance","DemoMod:Orange","Gambling Chip","DemoMod:GundromedaStrain","DemoMod:ResourcefulSack","ats:Hidden Killer","DemoMod:PartiallyEatenCheese","ats:Cure","Anchor","Onion Ring"],"acts_visited":["Exordium","TheCity","TheBeyond","TheEnding"],"potions_floor_usage":[1,6,6,6,16,16,16,19,20,20,20,20,20,21,22,23,25,30,33,37,38,38,41,42,44,45,45,47,50,50],"damage_taken":[{"damage":0,"enemies":"Cultist","floor":1,"turns":2},{"damage":0,"enemies":"Jaw Worm","floor":2,"turns":2},{"damage":0,"enemies":"Small Slimes","floor":3,"turns":2},{"damage":0,"enemies":"Exordium Thugs","floor":4,"turns":4},{"damage":0,"enemies":"Looter","floor":5,"turns":2},{"damage":0,"enemies":"Gremlin Nob","floor":6,"turns":2},{"damage":4,"enemies":"Gremlin Gang","floor":8,"turns":4},{"damage":0,"enemies":"Exordium Wildlife","floor":10,"turns":3},{"damage":0,"enemies":"Blue Slaver","floor":11,"turns":2},{"damage":0,"enemies":"Large Slime","floor":14,"turns":3},{"damage":6,"enemies":"Hexaghost","floor":16,"turns":6},{"damage":0,"enemies":"Shell Parasite","floor":18,"turns":3},{"damage":0,"enemies":"Chosen","floor":19,"turns":4},{"damage":4,"enemies":"Snake Plant","floor":20,"turns":4},{"damage":7,"enemies":"Cultist and Chosen","floor":21,"turns":5},{"damage":9,"enemies":"Centurion and Healer","floor":22,"turns":5},{"damage":12,"enemies":"Book of Stabbing","floor":23,"turns":5},{"damage":18,"enemies":"Gremlin Leader","floor":25,"turns":4},{"damage":3,"enemies":"Replay:Snechameleon","floor":30,"turns":2},{"damage":5,"enemies":"Shelled Parasite and Fungi","floor":31,"turns":3},{"damage":10,"enemies":"Pondfish","floor":33,"turns":5},{"damage":5,"enemies":"Orb Walker","floor":35,"turns":3},{"damage":7,"enemies":"3 Shapes","floor":36,"turns":3},{"damage":6,"enemies":"Maw","floor":38,"turns":3},{"damage":13,"enemies":"Sphere and 2 Shapes","floor":39,"turns":3},{"damage":12,"enemies":"R_Hoarder","floor":41,"turns":5},{"damage":0,"enemies":"Spire Growth","floor":42,"turns":4},{"damage":0,"enemies":"2 Orb Walkers","floor":44,"turns":3},{"damage":0,"enemies":"Nemesis","floor":45,"turns":3},{"damage":15,"enemies":"Maw","floor":46,"turns":4},{"damage":3,"enemies":"Transient","floor":47,"turns":3},{"damage":15,"enemies":"Replay:Hell Engine","floor":50,"turns":6},{"damage":0,"enemies":"Shield and Spear","floor":55,"turns":4},{"damage":32,"enemies":"The Heart","floor":56,"turns":3}],"seed_played":"3544573190187234451","potions_obtained":[{"floor":1,"key":"EntropicBrew"},{"floor":3,"key":"EssenceOfSteel"},{"floor":4,"key":"Strength Potion"},{"floor":6,"key":"PowerPotion"},{"floor":8,"key":"ats:Emergency Sanity Potion"},{"floor":10,"key":"SteroidPotion"},{"floor":14,"key":"EssenceOfSteel"},{"floor":16,"key":"DemoMod:LeadSkinPotion"},{"floor":18,"key":"PowerPotion"},{"floor":19,"key":"ColorlessPotion"},{"floor":20,"key":"Swift Potion"},{"floor":21,"key":"Block Potion"},{"floor":21,"key":"ats:Top Emergency Sanity Potion"},{"floor":22,"key":"Swift Potion"},{"floor":23,"key":"SpeedPotion"},{"floor":25,"key":"Dexterity Potion"},{"floor":30,"key":"CultistPotion"},{"floor":31,"key":"SteroidPotion"},{"floor":31,"key":"Block Potion"},{"floor":33,"key":"Weak Potion"},{"floor":35,"key":"Languid Potion"},{"floor":36,"key":"SteroidPotion"},{"floor":36,"key":"Dexterity Potion"},{"floor":38,"key":"Ancient Potion"},{"floor":38,"key":"PowerPotion"},{"floor":39,"key":"EssenceOfSteel"},{"floor":41,"key":"SteroidPotion"},{"floor":42,"key":"SpeedPotion"},{"floor":44,"key":"Fire Potion"},{"floor":45,"key":"Languid Potion"},{"floor":46,"key":"ats:Emergency Sanity Potion"},{"floor":47,"key":"FearPotion"},{"floor":55,"key":"SpeedPotion"}],"is_trial":false,"path_per_floor":["M","M","M","M","M","E","?","M","T","M","M","?","T","M","R","B",null,"M","M","M","M","M","E","$","E","T","?","R","?","E","M","R","B",null,"M","M","$","M","M","R","E","M","T","?","E","M","M","?","R","B",null,null,"R","$","E","B",null],"character_chosen":"DOCTOR_CLASS","items_purchased":["DemoMod:LamentConfigurum","ats:Demon Strength","DemoMod:VorpalBullet","Fruit Juice","ats:Cure","ats:Composite Medical Shells+1","Anchor","Apotheosis"],"campfire_rested":0,"item_purchase_floors":[24,24,37,37,54,54,54,54],"current_hp_per_floor":[72,72,72,72,72,72,72,70,70,71,71,64,64,65,65,71,72,72,72,68,69,69,60,60,43,43,43,43,43,41,39,39,44,82,77,77,84,84,75,75,74,81,98,99,99,84,86,99,99,99,99,99,99,99,99,79],"gold":70,"neow_bonus":"RANDOM_EVENT","is_daily":false,"chose_seed":false,"campfire_upgraded":4,"win_rate":0.0,"timestamp":1609052559,"path_taken":["M","M","M","M","?","E","?","M","T","M","M","?","?","M","R","BOSS","M","M","M","M","M","E","$","E","T","?","R","?","E","?","R","BOSS","M","M","$","M","M","R","E","M","T","?","E","M","M","?","R","BOSS","R","$","E","BOSS"],"items_purchased_type":["Relic","Card","Relic","Potion","Relic","Card","Relic","Card"],"build_version":"2020-12-22","purchased_purges":3,"victory":true,"max_hp_per_floor":[72,72,72,72,72,72,72,72,72,72,72,72,72,72,72,72,72,72,72,72,72,72,72,72,72,72,72,72,72,72,72,72,72,82,82,82,87,87,87,87,87,87,99,99,99,99,99,99,99,99,99,99,99,99,99,99],"card_choices":[{"not_picked":["ats:Powerful Strike","ats:Spore Proliferation"],"picked":"ats:Flexible Camouflage+1","floor":1},{"not_picked":["ats:Explosion Area Strengthen","ats:Apocalypse"],"picked":"ats:Part Time Job","floor":2},{"not_picked":["ats:Apocalypse","ats:Childhood Dance"],"picked":"ats:Curse Doll","floor":3},{"not_picked":["ats:Ignite","ats:Childhood Dance","ats:Apocalypse"],"picked":"SKIP","floor":4},{"not_picked":["ats:Cat Scratch+1","ats:Counter Healing Mode"],"picked":"ats:Consecutive Shot Auto","floor":5},{"not_picked":["ats:Flexible Camouflage","ats:Poison Spread+1"],"picked":"ats:Calcification","floor":6},{"not_picked":["ats:Shell Defense","ats:Automatic Cover","ats:Childhood Dance"],"picked":"SKIP","floor":6},{"not_picked":["ats:Consecutive Shot Auto","ats:Childhood Dance+1"],"picked":"ats:Curse Doll","floor":8},{"not_picked":["ats:Shell Defense","ats:Ignite"],"picked":"ats:Rapid Magazine","floor":10},{"not_picked":["ats:Guardian Obelisk","ats:Apocalypse+1"],"picked":"ats:Counter Healing Mode","floor":10},{"not_picked":["ats:Leaping Hammer+1","ats:Consecutive Shot Auto"],"picked":"ats:Poison Spread","floor":11},{"not_picked":["ats:Consecutive Shot Auto","ats:Curse Doll","ats:Calcification"],"picked":"SKIP","floor":11},{"not_picked":["ats:Hammer On","ats:Apocalypse"],"picked":"ats:Poison Spread","floor":14},{"not_picked":["ats:Cat Scratch+1","ats:Childhood Dance+1","ats:Poison Spread"],"picked":"SKIP","floor":14},{"not_picked":["ats:Soul Rend","ats:Volcano"],"picked":"ats:Echo Reverb","floor":16},{"not_picked":["Sickly","Overencumbered"],"picked":"ReplayTheSpireMod:Doomed","floor":17},{"not_picked":["Pain","Replay:Hysterical Blindness"],"picked":"Doubt","floor":17},{"not_picked":["Delirium","AscMod:ascendersbane"],"picked":"Hallucinations","floor":17},{"not_picked":["ats:Roar Of Ursus","ats:Apocalypse"],"picked":"ats:Composite Medical Shells","floor":18},{"not_picked":["ats:Revitalization","ats:Apocalypse"],"picked":"ats:Counter Healing Mode+1","floor":18},{"not_picked":["ats:Childhood Dance+1","ats:Poison Spread+1"],"picked":"ats:Beaten Up+1","floor":19},{"not_picked":["ats:Flexible Camouflage","ats:Ignite","ats:Red Shift+1"],"picked":"SKIP","floor":19},{"not_picked":["ats:Curse Doll","ats:Powerful Strike"],"picked":"ats:Overload","floor":20},{"not_picked":["ats:Curse Doll","ats:Shadow Assault","ats:Encircling Forest"],"picked":"SKIP","floor":20},{"not_picked":["ats:Poison Spread","ats:Leaping Hammer+1"],"picked":"ats:Neurotoxin+1","floor":21},{"not_picked":["ats:Steam Pump+1","ats:Spore Proliferation"],"picked":"ats:Shadow Raid+1","floor":21},{"not_picked":["ats:Red Shift+1","ats:Flexible Camouflage+1"],"picked":"ats:Directed Diagnosis+1","floor":22},{"not_picked":["ats:Shell Defense","ats:Hook Shot+1"],"picked":"ats:Charging Defense+1","floor":22},{"not_picked":["ats:Revitalization+1","ats:Burning Ground"],"picked":"ats:Overload+1","floor":23},{"not_picked":["ats:Ignite+1","ats:Consecutive Shot Auto"],"picked":"ats:Assault Order","floor":25},{"not_picked":["ats:Calcification","ats:Fractured Body"],"picked":"ats:Roar Of Ursus","floor":26},{"not_picked":["ats:Curse Doll","ats:Ignite"],"picked":"ats:Explosion Area Strengthen","floor":29},{"not_picked":["ats:Assault Order+1","ats:Explosion Area Strengthen"],"picked":"ats:Disruption Kick","floor":29},{"not_picked":["ats:Shadow Raid","ats:Hook Shot"],"picked":"ats:Powerful Strike+1","floor":29},{"not_picked":["ats:Curse Doll","ats:Consecutive Shot Auto+1","ats:Revitalization"],"picked":"SKIP","floor":30},{"not_picked":["ats:Childhood Dance","ats:Mental Burst+1"],"picked":"ats:Explosion Area Strengthen","floor":31},{"not_picked":["ats:Magnetic Hammer","ats:Steam Pump+1"],"picked":"ats:Automatic Cover+1","floor":31},{"not_picked":["ats:Fractured Body","ats:Rat Pack"],"picked":"ats:Ambush+1","floor":33},{"not_picked":["ats:Red Shift+1","ats:Revitalization+1"],"picked":"ats:Demon Strength+1","floor":35},{"not_picked":["ats:Flexible Camouflage+1","ats:Spore Proliferation+1","ats:Explosion Area Strengthen+1"],"picked":"SKIP","floor":35},{"not_picked":["ats:Consecutive Shot Auto+1","ats:Poison Spread+1"],"picked":"ats:Defend Order+1","floor":36},{"not_picked":["ats:Powerful Strike+1","ats:Shell Defense","ats:Revitalization+1"],"picked":"SKIP","floor":36},{"not_picked":["ats:Burning Ground+1","ats:Consecutive Shot Auto+1"],"picked":"ats:Demon Strength+1","floor":38},{"not_picked":["ats:Consecutive Shot Auto+1","ats:Shadow Raid","ats:Chain Hook+1"],"picked":"SKIP","floor":38},{"not_picked":["ats:Apocalypse+1","ats:Revitalization+1"],"picked":"ats:Overload+1","floor":39},{"not_picked":["ats:Flexible Camouflage","ats:Childhood Dance+1","ats:Curse Doll+1"],"picked":"SKIP","floor":39},{"not_picked":["ats:True Silver Slash+1","ats:Flexible Camouflage+1","ats:Consecutive Shot Auto+1"],"picked":"SKIP","floor":41},{"not_picked":["ats:Poison Spread+1","ats:Cat Scratch+1","ats:Shell Defense+1"],"picked":"SKIP","floor":42},{"not_picked":["ats:Leaping Hammer+1","ats:Apocalypse+1","ats:Assault Order"],"picked":"SKIP","floor":42},{"not_picked":["ats:True Silver Slash","ats:Fractured Body"],"picked":"ats:Durian","floor":43},{"not_picked":["ats:Cat Scratch+1","ats:Flexible Camouflage+1"],"picked":"ats:Healing Strengthening+1","floor":45},{"not_picked":["ats:Explosion Area Strengthen+1","ats:Flexible Camouflage"],"picked":"ats:Thorns+1","floor":46},{"not_picked":["ats:Ignite+1","ats:Revitalization+1","ats:Encircling Forest+1"],"picked":"SKIP","floor":46},{"not_picked":["ats:Curse Doll+1","ats:Flexible Camouflage+1"],"picked":"ats:Calcification","floor":47},{"not_picked":["ats:Shell Defense","ats:Revitalization+1","ats:Guardian Obelisk+1"],"picked":"SKIP","floor":47},{"not_picked":["ats:Poison Spread+1","ats:Powerful Strike+1","ats:Automatic Cover"],"picked":"SKIP","floor":55}],"player_experience":191772,"relics_obtained":[{"floor":5,"key":"Pocketwatch"},{"floor":6,"key":"ats:Originium"},{"floor":6,"key":"Ginger"},{"floor":8,"key":"ReplayFunnel"},{"floor":9,"key":"Prayer Wheel"},{"floor":13,"key":"Ancient Tea Set"},{"floor":13,"key":"ats:Industrial Water Cannon"},{"floor":16,"key":"DemoMod:AgedBell"},{"floor":23,"key":"ats:Originium"},{"floor":23,"key":"DemoMod:WeirdEgg"},{"floor":25,"key":"ats:Originium"},{"floor":25,"key":"ats:Lavender"},{"floor":26,"key":"DemoMod:DecoyRelic"},{"floor":26,"key":"Peace Pipe"},{"floor":26,"key":"Bag of Preparation"},{"floor":30,"key":"Centennial Puzzle"},{"floor":31,"key":"Frozen Egg 2"},{"floor":32,"key":"Snack Pack"},{"floor":33,"key":"Replay:Kaleidoscope"},{"floor":36,"key":"Molten Egg 2"},{"floor":41,"key":"FossilizedHelix"},{"floor":43,"key":"Counterbalance"},{"floor":43,"key":"DemoMod:Orange"},{"floor":43,"key":"Gambling Chip"},{"floor":44,"key":"DemoMod:ResourcefulSack"},{"floor":45,"key":"ats:Hidden Killer"},{"floor":47,"key":"DemoMod:PartiallyEatenCheese"},{"floor":55,"key":"Onion Ring"}],"event_choices":[{"cards_removed":["ats:Strike C"],"damage_healed":0,"gold_gain":0,"player_choice":"Card Removal","damage_taken":0,"max_hp_gain":0,"max_hp_loss":0,"event_name":"The Cleric","floor":7,"gold_loss":50},{"damage_healed":0,"gold_gain":0,"player_choice":"Success","damage_taken":7,"relics_obtained":["DemoMod:WhiteGuonStone"],"max_hp_gain":0,"max_hp_loss":0,"event_name":"Scrap Ooze","floor":12,"gold_loss":0},{"damage_healed":0,"gold_gain":0,"player_choice":"Obtain J.A.X.","damage_taken":0,"max_hp_gain":0,"max_hp_loss":0,"event_name":"Drug Dealer","floor":27,"gold_loss":0,"cards_obtained":["J.A.X."]},{"damage_healed":0,"gold_gain":0,"player_choice":"Fight","damage_taken":0,"max_hp_gain":0,"max_hp_loss":0,"event_name":"Mysterious Sphere","floor":44,"gold_loss":0},{"damage_healed":13,"gold_gain":0,"player_choice":"Full Heal","damage_taken":0,"max_hp_gain":0,"max_hp_loss":0,"event_name":"Wheel of Change","floor":48,"gold_loss":0}],"is_beta":false,"boss_relics":[{"not_picked":["Replay:Wanted Poster","Ectoplasm"],"picked":"Replay:Ancient Bell"},{"not_picked":["Replay:Baseball","Regal Pillow"],"picked":"ats:MaxSp1"},{"not_picked":["Replay:Bottled Snecko","Iron Hammer"],"picked":"Golden Egg"},{"not_picked":["DemoMod:NanoMachines","Replay:Towering Pillar of Hats"],"picked":"DemoMod:SevenLeafClover"},{"not_picked":["Empty Cage","ChewingGum"],"picked":"DemoMod:RiddleOfLead"}],"items_purged_floors":[24,37,54],"is_endless":false,"potions_floor_spawned":[1,4,10,11,14,21,22,31,33,35,36,38,42,46,55],"ascension_level":-20}}