{"host":"no0bdlpxzp7bzzks","time":1609096874,"event":{"mods":["BaseMod","Better Match","Block Reminder","Colored Map","Curses Come First","DeckTracker","Filter the Spire","Highlight Path","Key Reminder","Minty Spire (QoL Compilation)","Permanent Neow","Relic Sorter","Relic Stats","StSLib","The Caster","The Saiyan"],"gold_per_floor":[110,110,124,124,135,135,135],"floor_reached":6,"playtime":496,"items_purged":[],"score":36,"play_id":"7b61b2e7-5062-4ee9-86da-34e4a2e8b6e7","local_time":"20201227132114","is_ascension_mode":false,"campfire_choices":[],"circlet_count":0,"master_deck":["caster:Meteor","caster:DivertFocus","caster:strike","caster:strike","caster:strike","caster:strike","caster:defend","caster:defend","caster:defend","caster:defend","caster:Embers","caster:JupitelThunder","caster:QuickCast"],"relics":["caster:MagicBook","Unceasing Top"],"acts_visited":["Exordium"],"potions_floor_usage":[],"damage_taken":[{"damage":1.0,"enemies":"Jaw Worm","floor":1.0,"turns":4.0},{"damage":0.0,"enemies":"Cultist","floor":3.0,"turns":4.0},{"damage":1,"enemies":"Small Slimes","floor":5,"turns":3},{"damage":47,"enemies":"Gremlin Nob","floor":6,"turns":4}],"seed_played":"-597627329543753199","potions_obtained":[{"floor":1.0,"key":"Weak Potion"}],"is_trial":false,"path_per_floor":["M","?","M","?","M","E"],"character_chosen":"THE_CASTER","items_purchased":[],"campfire_rested":0,"item_purchase_floors":[],"current_hp_per_floor":[45,39,39,39,38,0,0],"gold":135,"neow_bonus":"ONE_RARE_RELIC","is_daily":false,"chose_seed":false,"campfire_upgraded":0,"win_rate":0.0,"timestamp":1609096874,"path_taken":["M","?","?","?","M","E"],"items_purchased_type":[],"build_version":"2020-12-22","purchased_purges":0,"victory":false,"max_hp_per_floor":[64,64,64,64,64,64,64],"relic_stats":{"counters":[4,15],"obtain_stats":[{"caster:MagicBook":0,"Unceasing Top":0},{"caster:MagicBook":0,"Unceasing Top":0},{"caster:MagicBook":0,"Unceasing Top":0}],"Unceasing Top":[0]},"card_choices":[{"not_picked":["caster:Accumulation","caster:Enfeeble"],"picked":"caster:Embers","floor":1.0},{"not_picked":["caster:BurnItDown","caster:MagicWeapon"],"picked":"caster:JupitelThunder","floor":3.0},{"not_picked":["caster:BookThrow","caster:FireWall"],"picked":"caster:QuickCast","floor":5}],"player_experience":71006,"relics_obtained":[],"event_choices":[{"damage_healed":0.0,"max_hp_gain":0.0,"max_hp_loss":0.0,"gold_gain":0.0,"event_name":"Wheel of Change","player_choice":"Damaged","floor":2.0,"gold_loss":0.0,"damage_taken":6.0},{"cards_removed":["caster:defend"],"damage_healed":0,"gold_gain":0,"player_choice":"Forget","damage_taken":0,"max_hp_gain":0,"max_hp_loss":0,"event_name":"Living Wall","floor":4,"gold_loss":0}],"is_beta":false,"boss_relics":[],"items_purged_floors":[],"is_endless":false,"potions_floor_spawned":[1],"killed_by":"Gremlin Nob","ascension_level":0}}