{"host":"w2kjv12xyhtt0cv2","time":1609086027,"event":{"mods":["10 clothes from DAL","Act Like it!","BaseMod","Colored Map","Conspire","Friendly Minions","Gensokyo","Highlight Path","Hubris","Marisa（F雨　魔理沙）","Minty Spire (QoL Compilation)","Quick Restart","Reimu（博丽灵梦）","Relic Stats","Replay The Spire","RumiaBox-露米娅的神秘盒子","Spicy Shops","StSLib","The Servant 0.9.4","UnlockEverythingMod","Waifu the Spire","[功能]功能增强和修复MOD","vexMod","【功能Mod】Neow奖励","【功能Mod】混沌之环修复补丁","【遗物卡牌】REMEMod","没有小屋子和绿帽子啦"],"gold_per_floor":[115,115,115,115,115,115,115,115,115],"floor_reached":8,"playtime":340,"items_purged":["Spreading Infection"],"score":44,"play_id":"d07f754c-7d81-4a08-81af-e27b148f49ee","local_time":"20201228002027","is_ascension_mode":true,"campfire_choices":[{"data":"NB:ReiMu","floor":6,"key":"SMITH"}],"circlet_count":0,"master_deck":["Strike_Lin:ReiMu","Strike_Lin:ReiMu","Strike_Lin:ReiMu","Strike_Lin:ReiMu","Defend_Lin:ReiMu","Defend_Lin:ReiMu","Defend_Lin:ReiMu","NB:ReiMu+1","Stagnation:ReiMu+1","Crow Ritual+1","MikOfLucky:ReiMu"],"relics":["FlyPower:ReiMu","REME_ComplimentaryCards","Pet Ghost","Regal Pillow","Ring of Peace","Ring of Panic","Shuriken","Kunai"],"acts_visited":["Exordium"],"potions_floor_usage":[],"damage_taken":[{"damage":0.0,"enemies":"2 Louse","floor":1.0,"turns":3.0},{"damage":11,"enemies":"Gremlin Nob","floor":8,"turns":5}],"seed_played":"6447379056448918278","potions_obtained":[],"is_trial":false,"path_per_floor":["M","?","?","T","?","R","$","E"],"character_chosen":"REIMU","items_purchased":["Shuriken","Kunai"],"campfire_rested":0,"item_purchase_floors":[7,7],"current_hp_per_floor":[65,52,52,52,52,52,16,5,5],"gold":115,"neow_bonus":"RANDOM_COMMON_RELIC","is_daily":false,"chose_seed":false,"campfire_upgraded":1,"win_rate":0.0,"timestamp":1609086027,"path_taken":["M","?","?","?","?","R","?","E"],"items_purchased_type":["Relic","Relic"],"build_version":"2020-12-22","purchased_purges":1,"victory":false,"max_hp_per_floor":[65,65,65,65,65,65,65,65,65],"relic_stats":{"Regal Pillow":0,"counters":[2,8],"Shuriken":[1],"Kunai":[1],"obtain_stats":[{"Regal Pillow":4,"Shuriken":7,"Ring of Peace":5,"Kunai":7,"Ring of Panic":5,"FlyPower:ReiMu":0,"Pet Ghost":0,"REME_ComplimentaryCards":0},{"Regal Pillow":1,"Shuriken":1,"Ring of Peace":1,"Kunai":1,"Ring of Panic":1,"FlyPower:ReiMu":0,"Pet Ghost":0,"REME_ComplimentaryCards":0},{"Regal Pillow":3,"Shuriken":3,"Ring of Peace":3,"Kunai":3,"Ring of Panic":3,"FlyPower:ReiMu":0,"Pet Ghost":0,"REME_ComplimentaryCards":0}]},"card_choices":[{"not_picked":["Intuition:ReiMu","WonderfulDomain:ReiMu"],"picked":"MikOfLucky:ReiMu","floor":1.0}],"player_experience":36711,"relics_obtained":[{"floor":4.0,"key":"Regal Pillow"},{"floor":5,"key":"Ring of Peace"},{"floor":5,"key":"Ring of Panic"}],"event_choices":[{"damage_healed":0.0,"max_hp_gain":0.0,"max_hp_loss":0.0,"gold_gain":0.0,"event_name":"Shining Light","player_choice":"Entered Light","floor":2.0,"gold_loss":0.0,"damage_taken":13.0,"cards_upgraded":["Stagnation:ReiMu","Crow Ritual"]}],"is_beta":false,"boss_relics":[],"items_purged_floors":[7],"is_endless":false,"potions_floor_spawned":[],"killed_by":"Gremlin Nob","ascension_level":1}}