{"host":"qjr2x8lg4bxz99yh","time":1609037872,"event":{"mods":["Act Like it!","BaseMod","Colored Powertips","Downfall","Friendly Minions","Hallownest","Hermit","Minty Spire (QoL Compilation)","Replay The Spire","StSLib","The Bug Knight","The Cursed","The Disciple","The Hierophant","The Jungle","The Necromancer","The Runesmith","everything is the same but u backflip on backflip"],"gold_per_floor":[359,359,377,377,394,394,422,436,485,516,529,529,547,108,108,206,206,220,240,258,271,271,271],"floor_reached":22,"playtime":1581,"items_purged":[],"score":200,"play_id":"d74b010a-f5ae-4fd4-9e23-8b97b1612a62","local_time":"20201226205752","is_ascension_mode":false,"campfire_choices":[{"data":"Zap","floor":6,"key":"SMITH"},{"floor":12,"key":"REST"},{"data":"Darkness","floor":15,"key":"SMITH"}],"circlet_count":0,"master_deck":["Strike_B","Strike_B","Strike_B","Strike_B","Defend_B+1","Defend_B+1","Defend_B+1","Defend_B+1","Zap+1","Dualcast","Beam Cell+1","Static Discharge+1","Conserve Battery","Fusion","Mirror Shield","ReplayTheSpireMod:Repulse","Chill","Ball Lightning","expansioncontent:SuperHexaguard","Streamline","Beam Cell","Undo","Darkness+1","ReplayTheSpireMod:GoodbyeWorld","ReplayTheSpireMod:GoodbyeWorld","expansioncontent:DashGenerateEvil+1","Electrodynamics","Sunder+1","Double Energy","Doom and Gloom","White Noise+1"],"relics":["Cracked Core","Replay:Bottled Eggs","Replay:Mystery Machine","Bag of Marbles","Pantograph","BargainBundle","Whetstone"],"acts_visited":["Exordium","TheCity"],"potions_floor_usage":[20,21,21],"damage_taken":[{"damage":1,"enemies":"Cultist","floor":1,"turns":3},{"damage":0,"enemies":"Jaw Worm","floor":3,"turns":3},{"damage":0,"enemies":"Small Slimes","floor":5,"turns":4},{"damage":4,"enemies":"3 Sentries","floor":7,"turns":6},{"damage":0,"enemies":"Exordium Wildlife","floor":8,"turns":2},{"damage":9,"enemies":"Gremlin Nob","floor":10,"turns":4},{"damage":5,"enemies":"Large Slime","floor":11,"turns":6},{"damage":11,"enemies":"3 Louse","floor":13,"turns":2},{"damage":6,"enemies":"Slime Boss","floor":16,"turns":9},{"damage":22,"enemies":"2 Thieves","floor":18,"turns":3},{"damage":11,"enemies":"Spheric Guardian","floor":19,"turns":4},{"damage":28,"enemies":"Shelled Parasite and Fungi","floor":20,"turns":6},{"damage":4,"enemies":"Snake Plant","floor":21,"turns":4},{"damage":8,"enemies":"3 Cultists","floor":22,"turns":2}],"seed_played":"1557418917788494223","potions_obtained":[{"floor":3,"key":"sneckomod:MuddlingPotion"},{"floor":8,"key":"Weak Potion"},{"floor":10,"key":"Languid Potion"},{"floor":13,"key":"GamblersBrew"}],"is_trial":false,"path_per_floor":["M","?","M","?","M","R","E","M","T","E","M","R","M","$","R","B",null,"M","M","M","M","M"],"character_chosen":"DEFECT","items_purchased":["BargainBundle","expansioncontent:SuperHexaguard","Streamline","Beam Cell","Undo","Darkness","ReplayTheSpireMod:GoodbyeWorld","Milkshake","BlessingOfTheForge","expansioncontent:DashGenerateEvil","Whetstone"],"campfire_rested":1,"item_purchase_floors":[14,14,14,14,14,14,14,14,14,14,14],"current_hp_per_floor":[67,60,60,60,60,60,56,56,56,47,42,62,51,51,51,62,68,46,35,7,3,0,0],"gold":271,"neow_bonus":"TWO_FIFTY_GOLD","is_daily":false,"chose_seed":false,"campfire_upgraded":2,"win_rate":0.0,"timestamp":1609037872,"path_taken":["M","?","M","?","?","R","E","M","T","E","M","R","M","$","R","BOSS","M","M","M","M","M"],"items_purchased_type":["Relic","Card","Card","Card","Card","Card","Card","Potion","Potion","Card","Relic"],"build_version":"2020-12-22","purchased_purges":0,"victory":false,"max_hp_per_floor":[68,68,68,68,68,68,68,68,68,68,68,68,68,68,68,68,68,68,68,68,68,68,68],"card_choices":[{"not_picked":["Steam Power","Sweeping Beam"],"picked":"Beam Cell","floor":1},{"not_picked":["Stack","Heatsinks"],"picked":"Static Discharge","floor":3},{"not_picked":["Panic Button","Stack"],"picked":"Conserve Battery","floor":5},{"not_picked":["Compile Driver","Barrage"],"picked":"Fusion","floor":7},{"not_picked":["Hologram","Aggregate"],"picked":"Mirror Shield","floor":8},{"not_picked":["ReplayTheSpireMod:Omega Cannon","Compile Driver"],"picked":"ReplayTheSpireMod:Repulse","floor":10},{"not_picked":["Cold Snap","BasicCrystalCard"],"picked":"Chill","floor":11},{"not_picked":["ReplayTheSpireMod:Reroute Power","Barrage"],"picked":"Ball Lightning","floor":13},{"not_picked":["All For One","Rainbow"],"picked":"Electrodynamics","floor":16},{"not_picked":["Hologram","Barrage"],"picked":"Sunder+1","floor":18},{"not_picked":["Hologram","Chill"],"picked":"Double Energy","floor":19},{"not_picked":["Beam Cell","Panic Button"],"picked":"Doom and Gloom","floor":20},{"not_picked":["Go for the Eyes","Steam"],"picked":"White Noise+1","floor":21}],"player_experience":65187,"relics_obtained":[{"floor":7,"key":"Replay:Mystery Machine"},{"floor":9,"key":"Bag of Marbles"},{"floor":10,"key":"Pantograph"}],"event_choices":[{"damage_healed":0,"gold_gain":0,"player_choice":"Success","damage_taken":7,"relics_obtained":["Replay:Bottled Eggs"],"max_hp_gain":0,"max_hp_loss":0,"event_name":"Scrap Ooze","floor":2,"gold_loss":0}],"is_beta":false,"boss_relics":[{"not_picked":["Kintsugi","Coffee Dripper","Snecko Eye"]}],"items_purged_floors":[],"is_endless":false,"potions_floor_spawned":[3,8,10,13,16,18,19],"killed_by":"3 Cultists","ascension_level":0}}