{"host":"s0ikvqhe10eopvjn","time":1609105898,"event":{"mods":["Act Like it!","Bard","BaseMod","Block Reminder","Colored Map","Colored Powertips","DeckTracker","Downfall","Hallownest","Hermit","Highlight Path","Hubris","Infinite Spire","Minty Spire (QoL Compilation)","Permanent Neow","StSLib","The Blue Laboratory","The Bug Knight","The Cursed","The Necromancer"],"gold_per_floor":[118,118,43,55,55,55,80,5,5,5,5,5,0,17,17,17,17],"floor_reached":16,"playtime":985,"items_purged":["Doubt"],"score":96,"play_id":"55ec74d0-b13a-4546-9a40-491e5c9906b0","local_time":"20201227215138","is_ascension_mode":false,"campfire_choices":[{"data":"HollowMod:FocusHealStart","floor":6,"key":"SMITH"},{"data":"HollowMod:CycloneSlash","floor":10,"key":"SMITH"},{"data":"HollowMod:InfectedCysts","floor":15,"key":"SMITH"}],"circlet_count":0,"master_deck":["HollowMod:NailStrikeStart","HollowMod:NailStrikeStart","HollowMod:NailStrikeStart","HollowMod:QuickDashStart","HollowMod:QuickDashStart","HollowMod:QuickDashStart","HollowMod:FocusHealStart+1","HollowMod:PogoStrike+1","HollowMod:InfectedCysts+1","HollowMod:CycloneSlash+1","HollowMod:PerfectDash","HollowMod:SharpenedNail","HollowMod:FallenFury","Hallownest:skillGreenpathMap","HollowMod:SiblingsShadow"],"relics":["HollowMod:VesselMask","hubris:BottledRain","Gremlin Horn","hubris:Towel","Tiny Chest"],"acts_visited":["Exordium"],"potions_floor_usage":[7],"damage_taken":[{"damage":7,"enemies":"Hallownest:2_MossCreeps","floor":1,"turns":4},{"damage":11,"enemies":"Hallownest:2_Baldur","floor":4,"turns":3},{"damage":9,"enemies":"Hallownest:eliteMossKnight","floor":7,"turns":10},{"damage":0,"enemies":"Hallownest:monsterHuskGuard","floor":14,"turns":5},{"damage":75,"enemies":"Hallownest:BossHornet","floor":16,"turns":12}],"seed_played":"1951846612525619222","potions_obtained":[{"floor":1,"key":"blueLaboratory:StoneskinPotion"},{"floor":14,"key":"sneckomod:MuddlingPotion"}],"is_trial":false,"path_per_floor":["M","?","$","M","$","R","E","?","T","R","?","?","?","M","R","B"],"character_chosen":"THE_BUGKNIGHT","items_purchased":[],"campfire_rested":0,"item_purchase_floors":[],"current_hp_per_floor":[72,63,63,52,52,52,55,55,55,55,55,55,55,65,65,0,0],"gold":17,"neow_bonus":"TRANSFORM_TWO_CARDS","is_daily":false,"chose_seed":false,"campfire_upgraded":3,"win_rate":0.0,"timestamp":1609105898,"path_taken":["M","?","$","M","$","R","E","?","T","R","?","?","?","M","R","BOSS"],"items_purchased_type":[],"build_version":"2020-12-22","purchased_purges":1,"victory":false,"max_hp_per_floor":[75,75,75,75,75,75,75,75,75,75,75,75,75,75,75,75,75],"card_choices":[{"not_picked":["HollowMod:NewJinnsSoul","HollowMod:DreamGate"],"picked":"HollowMod:PerfectDash","floor":1},{"not_picked":["HollowMod:SharpenedShadows","HollowMod:TaintedHusks"],"picked":"HollowMod:SharpenedNail","floor":4},{"not_picked":["HollowMod:SoulVessel","HollowMod:InfectedCysts"],"picked":"HollowMod:FallenFury","floor":7},{"not_picked":["HollowMod:NewJinnsSoul","HollowMod:InfectedCysts"],"picked":"HollowMod:SiblingsShadow","floor":14}],"player_experience":52678,"relics_obtained":[{"floor":7,"key":"hubris:BottledRain"},{"floor":9,"key":"Gremlin Horn"}],"event_choices":[],"is_beta":false,"boss_relics":[],"items_purged_floors":[3],"is_endless":false,"potions_floor_spawned":[1,14],"killed_by":"Hallownest:BossHornet","ascension_level":0}}