{"host":"7uuqqk35leady37t","time":1609044992,"event":{"mods":["BaseMod","Downfall","Marisa£®ÏF”Í°°ƒß¿Ì…≥£©","Minty Spire (QoL Compilation)","StSLib","The Bug Knight","The Servant 0.9.4","Waifu the Spire","Yuri Mod","[IsaacMod]“‘»ˆº‚À˛"],"gold_per_floor":[99,116,135,135,149,166,212,231,241,91,191,207,241,255,274,379,379,304,319,331,346,356,386,386,386,401,427,441,459,478,478,496,599,599,599,615,627,640,656,668,668],"floor_reached":40,"playtime":3114,"items_purged":[],"score":594,"play_id":"4fdbd09b-022a-437e-a5d3-6c7327b03d51","local_time":"20201227125632","is_ascension_mode":false,"campfire_choices":[{"floor":1.0,"key":"RECALL"},{"data":"ChargingUp","floor":10.0,"key":"SMITH"},{"data":"CasketOfStar","floor":18.0,"key":"SMITH"},{"data":"BloodyBrimstone","floor":25.0,"key":"SMITH"},{"data":"MaximisePower","floor":35,"key":"SMITH"}],"circlet_count":0,"master_deck":["Strike_MRS","Strike_MRS","Defend_MRS","Defend_MRS","Defend_MRS","Defend_MRS","MasterSpark","UpSweep","BloodyBrimstone+1","LuminesStrike","MilkyWay","PulseMagic+1","PulseMagic","ManaConvection","ChargingUp+1","GrandCross","BlazingStar","PulseMagic","ShootingEcho","DarkMatter","WitchLeyline","CasketOfStar","CasketOfStar+1","AlicesGift","BinaryStars","MaximisePower+1","Mayhem","MilkyWay","PowerUp","IllusionStar","GrandCross","EnergyRecoil","PulseMagic","OortCloud","SuperPerseids+1","StarlightTyphoon+1","StarlightTyphoon+1","LuminesStrike","SatelliteIllusion","CurseOfTheBell","JA","MillisecondPulsars","IllusionStar","IllusionStar","LuminesStrike+1"],"relics":["MiniHakkero","HushsDoor","BelialBook","downfall:HeartBlessingRed","downfall:HeartBlessingBlue","UnicornStump","MagicMushroom","downfall:HeartBlessingGreen","GuppysPaw","Mercury Hourglass","Question Card","Calling Bell","HollowMod:PaleOreRelic","Letter Opener","Calipers","Damocles","GuppysHead","Eternal Feather","TheBean","GnawedLeaf","MawBank"],"acts_visited":["Exordium","TheCity","TheBeyond"],"potions_floor_usage":[32,39],"damage_taken":[{"damage":1.0,"enemies":"Jaw Worm","floor":2.0,"turns":3.0},{"damage":0.0,"enemies":"2 Louse","floor":3.0,"turns":3.0},{"damage":6.0,"enemies":"Cultist","floor":5.0,"turns":3.0},{"damage":11.0,"enemies":"Exordium Wildlife","floor":6.0,"turns":5.0},{"damage":8.0,"enemies":"Lots of Slimes","floor":8.0,"turns":4.0},{"damage":12.0,"enemies":"Large Slime","floor":9.0,"turns":3.0},{"damage":22.0,"enemies":"downfall:Heads","floor":11.0,"turns":3.0},{"damage":0.0,"enemies":"Red Slaver","floor":12.0,"turns":1.0},{"damage":9.0,"enemies":"3 Sentries","floor":13.0,"turns":3.0},{"damage":6.0,"enemies":"Lots of Slimes","floor":14.0,"turns":2.0},{"damage":5.0,"enemies":"Exordium Thugs","floor":15.0,"turns":2.0},{"damage":3.0,"enemies":"downfall:Defect","floor":16.0,"turns":2.0},{"damage":0.0,"enemies":"Chosen","floor":19.0,"turns":1.0},{"damage":3.0,"enemies":"Snake Plant","floor":20.0,"turns":3.0},{"damage":36.0,"enemies":"Shelled Parasite and Fungi","floor":21.0,"turns":3.0},{"damage":0.0,"enemies":"Cultist and Chosen","floor":22.0,"turns":3.0},{"damage":0.0,"enemies":"Book of Stabbing","floor":23.0,"turns":1.0},{"damage":0.0,"enemies":"Snake Plant","floor":26.0,"turns":1.0},{"damage":17.0,"enemies":"Slavers","floor":27.0,"turns":5.0},{"damage":0.0,"enemies":"Shelled Parasite and Fungi","floor":28.0,"turns":1.0},{"damage":0.0,"enemies":"Chosen and Byrds","floor":29.0,"turns":4.0},{"damage":9,"enemies":"Centurion and Healer","floor":30,"turns":2},{"damage":0,"enemies":"3 Cultists","floor":32,"turns":2},{"damage":0,"enemies":"downfall:Watcher","floor":33,"turns":1},{"damage":0,"enemies":"3 Shapes","floor":36,"turns":1},{"damage":0,"enemies":"3 Darklings","floor":37,"turns":2},{"damage":0,"enemies":"Transient","floor":38,"turns":1},{"damage":0,"enemies":"Maw","floor":39,"turns":2},{"damage":15,"enemies":"HollowMod:StalkingDevout","floor":40,"turns":4}],"seed_played":"-8129402734489771713","potions_obtained":[{"floor":3.0,"key":"LiquidMemories"},{"floor":9.0,"key":"LiquidBronze"},{"floor":12.0,"key":"Strength Potion"},{"floor":15.0,"key":"SteroidPotion"},{"floor":16.0,"key":"Fire Potion"},{"floor":19.0,"key":"SpeedPotion"},{"floor":21.0,"key":"CultistPotion"},{"floor":27.0,"key":"hexamod:EctoCoolerPotion"},{"floor":29.0,"key":"StarNLove"},{"floor":30,"key":"Fruit Juice"},{"floor":32,"key":"hexamod:EctoCoolerPotion"},{"floor":38,"key":"DuplicationPotion"},{"floor":39,"key":"SteroidPotion"}],"is_trial":false,"path_per_floor":["R","M","M","?","M","M","T","M","M","R","?","M","E","M","M","B",null,"R","M","M","M","M","E","T","R","M","E","M","M","M","?","M","B",null,"R","M","M","M","M","E"],"character_chosen":"MARISA","items_purchased":["CasketOfStar","AlicesGift","BinaryStars","MaximisePower","Mayhem","JA","MillisecondPulsars","Damocles","GuppysHead"],"campfire_rested":0,"item_purchase_floors":[17,17,17,17,17,34,34,34,34],"current_hp_per_floor":[82,81,81,81,75,64,64,56,44,54,32,32,23,17,12,9,68,68,68,65,29,30,30,30,30,30,14,14,15,7,7,13,13,40,40,40,40,37,37,0,0],"gold":668,"neow_bonus":"TEN_PERCENT_HP_BONUS","is_daily":false,"chose_seed":false,"campfire_upgraded":4,"win_rate":0.0,"timestamp":1609044992,"path_taken":["R","M","M","?","M","M","T","M","M","R","?","M","E","M","M","BOSS","R","M","M","?","M","E","T","R","M","E","M","M","M","?","M","BOSS","R","M","M","M","M","E"],"items_purchased_type":["Card","Card","Card","Card","Card","Card","Card","Relic","Relic"],"build_version":"2020-12-22","purchased_purges":0,"victory":false,"max_hp_per_floor":[82,82,82,82,82,82,82,82,82,92,92,89,86,83,80,80,68,68,68,68,65,65,65,65,65,65,65,65,65,65,65,67,67,40,40,40,40,37,37,37,37],"card_choices":[{"not_picked":[],"picked":"BloodyBrimstone","floor":0.0},{"not_picked":["WitchOfGreed","StarBarrage"],"picked":"LuminesStrike","floor":2.0},{"not_picked":["ChargingUp","EnergyRecoil"],"picked":"MilkyWay","floor":3.0},{"not_picked":["DoubleSpark","ChargingUp"],"picked":"PulseMagic","floor":5.0},{"not_picked":["DarkMatter","UnstableBomb"],"picked":"PulseMagic","floor":6.0},{"not_picked":["DarkMatter","MilkyWay"],"picked":"ManaConvection","floor":8.0},{"not_picked":["EnergyRecoil","StarBarrage"],"picked":"ChargingUp","floor":9.0},{"not_picked":["NonDirectionalLaser","OortCloud"],"picked":"GrandCross","floor":11.0},{"not_picked":["OrrerysSun","PowerUp"],"picked":"PulseMagic","floor":12.0},{"not_picked":["MilkyWay","ManaConvection"],"picked":"ShootingEcho","floor":13.0},{"not_picked":["SprinkleStarSeal","EarthLightRay"],"picked":"DarkMatter","floor":14.0},{"not_picked":["GrandCross","FairyDestructionRay"],"picked":"WitchLeyline","floor":15.0},{"not_picked":["StarDustReverie","SatelliteIllusion"],"picked":"CasketOfStar","floor":16.0},{"not_picked":["Acceleration","EarthLightRay"],"picked":"MilkyWay","floor":19.0},{"not_picked":["LuminesStrike","MilkyWay"],"picked":"PowerUp","floor":20.0},{"not_picked":["SporeBomb","OpenUniverse+1"],"picked":"IllusionStar","floor":21.0},{"not_picked":["GravityBeat","WitchLeyline"],"picked":"GrandCross","floor":22.0},{"not_picked":["DoubleSpark+1","GalacticHalo"],"picked":"EnergyRecoil","floor":23.0},{"not_picked":["FairyDestructionRay","OpenUniverse"],"picked":"PulseMagic","floor":26.0},{"not_picked":["WitchOfGreed","GalacticHalo"],"picked":"OortCloud","floor":27.0},{"not_picked":["IllusionStar+1","UnstableBomb","MilkyWay"],"picked":"SuperPerseids+1","floor":28.0},{"not_picked":["PowerUp+1","SprinkleStarSeal","Orbital+1"],"picked":"StarlightTyphoon+1","floor":29.0},{"not_picked":["EventHorizon","DarkSpark+1","WitchOfGreed"],"picked":"StarlightTyphoon+1","floor":30},{"not_picked":["DC","PowerUp","6A"],"picked":"LuminesStrike","floor":32},{"not_picked":["EscapeVelocity","BlazingStar","CollectingQuirk"],"picked":"SatelliteIllusion","floor":33},{"not_picked":["OortCloud+1","AsteroidBelt+1","DragonMeteor+1"],"picked":"IllusionStar","floor":36},{"not_picked":["6A+1","SporeBomb","DoubleSpark"],"picked":"IllusionStar","floor":37},{"not_picked":["ChargeUpSpray","MysteriousBeam+1","JA"],"picked":"LuminesStrike+1","floor":38},{"not_picked":["WitchLeyline","ShootingEcho","MysteriousBeam","AsteroidBelt+1"],"picked":"SKIP","floor":39}],"player_experience":4596,"relics_obtained":[{"floor":13.0,"key":"UnicornStump"},{"floor":23.0,"key":"GuppysPaw"},{"floor":24.0,"key":"Mercury Hourglass"},{"floor":27.0,"key":"Question Card"},{"floor":34,"key":"HollowMod:PaleOreRelic"},{"floor":34,"key":"Letter Opener"},{"floor":34,"key":"Calipers"},{"floor":36,"key":"Eternal Feather"},{"floor":37,"key":"TheBean"},{"floor":38,"key":"GnawedLeaf"},{"floor":39,"key":"MawBank"}],"event_choices":[],"is_beta":false,"boss_relics":[{"not_picked":["Fusion Hammer","SacredBark"],"picked":"MagicMushroom"},{"not_picked":[]},{"not_picked":["Runic Dome","Velvet Choker"],"picked":"Calling Bell"},{"not_picked":[]}],"items_purged_floors":[],"is_endless":false,"potions_floor_spawned":[3,9,12,15,16,19,21,27,29,30,32,38,39],"killed_by":"HollowMod:StalkingDevout","ascension_level":0}}