{"host":"Á¤±Û¸µ","time":1609087422,"event":{"mods":["AchievementEnabler","BaseMod","Colored Map","DeckTracker","Highlight Path","Keyboard Shortcuts","Minty Spire (QoL Compilation)","Permanent Neow","Quick Restart","Rare Cards Sparkle","StSLib","SuperFastMode","everything is the same but u backflip on backflip"],"gold_per_floor":[114,129,129,144,144,144,155,135,135,135,150,165,165,165,165,265,265,280,280,295,145,145,145,160,190,190,205,205,220,220,235,235,335,335,350,350,350,365,380,410,425,425,450,465,480,480,510,525,525,525],"floor_reached":51,"playtime":1798,"items_purged":[],"score":1021,"play_id":"8887558a-aa33-4bd4-ba9f-b87715b4baa2","local_time":"20201228014342","daily_mods":["Chimera","Red Cards","Lethality"],"is_ascension_mode":false,"campfire_choices":[{"data":"LessonLearned","floor":6.0,"key":"SMITH"},{"data":"Searing Blow+2","floor":10.0,"key":"SMITH"},{"data":"Searing Blow+5","floor":13.0,"key":"SMITH"},{"data":"Searing Blow+6","floor":15.0,"key":"SMITH"},{"data":"Searing Blow+10","floor":23,"key":"SMITH"},{"data":"Searing Blow+13","floor":30,"key":"SMITH"},{"floor":32,"key":"REST"},{"data":"1","floor":42,"key":"LIFT"},{"data":"2","floor":46,"key":"LIFT"},{"data":"3","floor":49,"key":"LIFT"}],"circlet_count":0,"master_deck":["Searing Blow+20","Eruption+1","FearNoEvil+1","LessonLearned+1","Offering+1","MentalFortress+1"],"relics":["PureWater","Odd Mushroom","Question Card","SlaversCollar","Omamori","Regal Pillow","Black Star","Girya","Pantograph","Nunchaku","Meat on the Bone","Orichalcum"],"acts_visited":["Exordium","TheCity","TheBeyond"],"potions_floor_usage":[38,48],"damage_taken":[{"damage":0.0,"enemies":"2 Louse","floor":1.0,"turns":2.0},{"damage":0.0,"enemies":"Small Slimes","floor":2.0,"turns":1.0},{"damage":0.0,"enemies":"Cultist","floor":4.0,"turns":2.0},{"damage":0.0,"enemies":"The Mushroom Lair","floor":7.0,"turns":2.0},{"damage":3.0,"enemies":"Blue Slaver","floor":11.0,"turns":2.0},{"damage":16.0,"enemies":"Red Slaver","floor":12.0,"turns":2.0},{"damage":42.0,"enemies":"Hexaghost","floor":16.0,"turns":3.0},{"damage":20.0,"enemies":"Shell Parasite","floor":18.0,"turns":4.0},{"damage":20,"enemies":"2 Thieves","floor":20,"turns":2},{"damage":0,"enemies":"Shelled Parasite and Fungi","floor":24,"turns":2},{"damage":0,"enemies":"Book of Stabbing","floor":25,"turns":1},{"damage":0,"enemies":"3 Cultists","floor":27,"turns":2},{"damage":0,"enemies":"Snake Plant","floor":29,"turns":1},{"damage":0,"enemies":"Cultist and Chosen","floor":31,"turns":2},{"damage":0,"enemies":"Collector","floor":33,"turns":1},{"damage":9,"enemies":"3 Shapes","floor":35,"turns":1},{"damage":6,"enemies":"Orb Walker","floor":38,"turns":1},{"damage":6,"enemies":"Transient","floor":39,"turns":3},{"damage":0,"enemies":"Giant Head","floor":40,"turns":2},{"damage":6,"enemies":"Maw","floor":41,"turns":2},{"damage":6,"enemies":"Sphere and 2 Shapes","floor":44,"turns":2},{"damage":0,"enemies":"Spire Growth","floor":45,"turns":1},{"damage":0,"enemies":"Nemesis","floor":47,"turns":1},{"damage":6,"enemies":"3 Darklings","floor":48,"turns":2},{"damage":0,"enemies":"Awakened One","floor":50,"turns":2}],"seed_played":"4726349093531193793","potions_obtained":[{"floor":4.0,"key":"ColorlessPotion"},{"floor":7.0,"key":"Strength Potion"},{"floor":8.0,"key":"StancePotion"},{"floor":27,"key":"Swift Potion"},{"floor":35,"key":"Block Potion"},{"floor":39,"key":"BottledMiracle"}],"is_trial":false,"path_per_floor":["M","M","$","M","$","R","?","?","T","R","M","M","R","?","R","B",null,"M","?","M","$","?","R","M","E","T","M","$","M","R","M","R","B",null,"M","$","?","M","M","E","M","R","T","M","M","R","E","M","R","B",null],"character_chosen":"WATCHER","items_purchased":["Omamori"],"campfire_rested":1,"item_purchase_floors":[21],"current_hp_per_floor":[72,72,72,72,72,72,72,72,72,72,69,53,53,58,58,16,77,57,57,37,37,37,37,37,37,37,37,37,37,37,37,75,75,77,68,68,68,62,56,56,50,50,50,44,44,44,44,50,50,75],"gold":525,"neow_bonus":"","is_daily":true,"chose_seed":false,"campfire_upgraded":6,"win_rate":0.0,"timestamp":1609087422,"path_taken":["M","M","$","M","$","R","?","?","T","R","M","?","R","?","R","BOSS","M","?","?","$","?","R","M","E","T","?","?","M","R","M","R","BOSS","M","$","?","M","M","E","M","R","T","M","M","R","E","M","R","BOSS"],"items_purchased_type":["Relic"],"build_version":"2020-12-18","purchased_purges":0,"victory":true,"max_hp_per_floor":[72,72,72,72,72,72,72,72,72,72,72,72,72,77,77,77,77,77,77,77,77,77,77,77,77,77,77,77,77,77,77,77,77,77,77,77,77,77,77,77,77,77,77,77,77,77,77,77,77,77],"card_choices":[{"not_picked":["Warcry","Armaments","Power Through"],"picked":"SKIP","floor":1.0},{"not_picked":["ThirdEye","ReachHeaven","Study"],"picked":"SKIP","floor":2.0},{"not_picked":["CrushJoints","MentalFortress","Headbutt"],"picked":"SKIP","floor":4.0},{"not_picked":["Warcry","Sanctity","JustLucky","Exhume"],"picked":"SKIP","floor":11.0},{"not_picked":["Halt","SashWhip","Iron Wave","CarveReality"],"picked":"SKIP","floor":12.0},{"not_picked":["Battle Trance+1","Bloodletting","FollowUp+1","Havoc"],"picked":"SKIP","floor":18.0},{"not_picked":["True Grit","Wild Strike+1","Inflame","WreathOfFlame"],"picked":"SKIP","floor":20},{"not_picked":["Swivel","PathToVictory","Cleave","Thunderclap"],"picked":"SKIP","floor":24},{"not_picked":["Pummel+1","Barricade","Evaluate","Seeing Red"],"picked":"SKIP","floor":25},{"not_picked":["Sentinel","Cleave","True Grit","Blood for Blood"],"picked":"SKIP","floor":27},{"not_picked":["Shockwave+1","Clash+1","EmptyFist","FollowUp"],"picked":"SKIP","floor":29},{"not_picked":["Meditate+1","Perfected Strike","Crescendo","Armaments"],"picked":"SKIP","floor":31},{"not_picked":["SpiritShield","DeusExMachina","Barricade"],"picked":"Offering","floor":33},{"not_picked":["Sword Boomerang+1","Twin Strike+1","Flex","Brilliance"],"picked":"SKIP","floor":35},{"not_picked":["SandsOfTime+1","Worship+1","SashWhip","Headbutt+1"],"picked":"SKIP","floor":38},{"not_picked":["Headbutt","Armaments","FlyingSleeves","Consecrate"],"picked":"SKIP","floor":39},{"not_picked":["Reckless Charge","Whirlwind","LikeWater+1","CrushJoints+1"],"picked":"SKIP","floor":40},{"not_picked":["Flex+1","Armaments+1","InnerPeace","Heavy Blade+1"],"picked":"SKIP","floor":41},{"not_picked":["ThirdEye+1","EmptyBody","Hemokinesis+1","Flex"],"picked":"SKIP","floor":44},{"not_picked":["Armaments+1","Collect","FollowUp","Clash+1"],"picked":"SKIP","floor":45},{"not_picked":["DeceiveReality","Fire Breathing","PathToVictory","Wireheading"],"picked":"SKIP","floor":47},{"not_picked":["Nirvana+1","Pommel Strike+1","Dropkick+1","SashWhip"],"picked":"SKIP","floor":48}],"player_experience":479548,"relics_obtained":[{"floor":7.0,"key":"Odd Mushroom"},{"floor":9.0,"key":"Question Card"},{"floor":25,"key":"Regal Pillow"},{"floor":40,"key":"Girya"},{"floor":40,"key":"Pantograph"},{"floor":43,"key":"Nunchaku"},{"floor":47,"key":"Meat on the Bone"},{"floor":47,"key":"Orichalcum"}],"event_choices":[{"damage_healed":0.0,"max_hp_gain":0.0,"max_hp_loss":0.0,"gold_gain":0.0,"event_name":"Mushrooms","player_choice":"Fought Mushrooms","floor":7.0,"gold_loss":0.0,"damage_taken":0.0},{"damage_healed":0.0,"max_hp_gain":0.0,"max_hp_loss":0.0,"gold_gain":0.0,"event_name":"The Woman in Blue","player_choice":"Bought 1 Potion","floor":8.0,"gold_loss":0.0,"damage_taken":0.0},{"damage_healed":0.0,"max_hp_gain":5.0,"max_hp_loss":0.0,"gold_gain":0.0,"event_name":"Big Fish","player_choice":"Donut","floor":14.0,"gold_loss":0.0,"damage_taken":0.0},{"damage_healed":0,"gold_gain":0,"player_choice":"Ignored","damage_taken":0,"max_hp_gain":0,"max_hp_loss":0,"event_name":"Transmorgrifier","floor":19,"gold_loss":0},{"damage_healed":0,"gold_gain":0,"player_choice":"Upgraded","damage_taken":0,"max_hp_gain":0,"max_hp_loss":0,"event_name":"Upgrade Shrine","floor":22,"gold_loss":0,"cards_upgraded":["Searing Blow"]},{"cards_removed":["MentalFortress"],"damage_healed":0,"gold_gain":0,"player_choice":"Removed Power","damage_taken":0,"max_hp_gain":0,"max_hp_loss":0,"event_name":"Falling","floor":37,"gold_loss":0}],"is_beta":true,"boss_relics":[{"not_picked":["Pandora\u0027s Box","Empty Cage"],"picked":"SlaversCollar"},{"not_picked":["Astrolabe","Tiny House"],"picked":"Black Star"}],"items_purged_floors":[],"is_endless":false,"potions_floor_spawned":[4,7,16,18,20,27,33,35,39,41,44,47],"ascension_level":0}}