{"host":"a464imauj9yqom7y","time":1609104463,"event":{"mods":["AchievementEnabler","BaseMod","Better Altar","Better Match","Better Note","Better Sensory Stone","Better Skull","BetterRewards","Colored Map","Colored Powertips","Minty Spire (QoL Compilation)","Rare Cards Sparkle","Robot Space Explorer","Shade Mod","StSLib","TheArtist"],"gold_per_floor":[109,129,129,141,194,194,204,204,204,217,217,231,247,151,151,254,254,266,266,286,297,62,62,78,78,78,2,14,14,31,31,31,135,135,145,0,0,0,0,10,10,22,22,22,55,55,65,65,65,65,65],"floor_reached":50,"playtime":2570,"items_purged":[],"score":489,"play_id":"fa815d3a-6f2d-4698-9f61-c476ff572075","local_time":"20201227152743","is_ascension_mode":false,"campfire_choices":[{"floor":6,"key":"REST"},{"data":"Shade:AnimateDead","floor":8,"key":"SMITH"},{"data":"Shade:OpenGraves","floor":11,"key":"SMITH"},{"floor":15,"key":"REST"},{"floor":23,"key":"REST"},{"floor":29,"key":"REST"},{"floor":32,"key":"REST"},{"data":"Shade:Brains","floor":41,"key":"SMITH"},{"floor":44,"key":"REST"},{"floor":46,"key":"REST"},{"data":"Shade:SanguineRitual","floor":49,"key":"SMITH"}],"circlet_count":0,"master_deck":["Shade:Strike_Shade","Shade:Strike_Shade","Shade:Strike_Shade","Shade:Strike_Shade","Shade:Defend_Shade","Shade:Defend_Shade","Shade:Defend_Shade","Shade:Defend_Shade","Shade:AnimateDead+1","Shade:CarefulCut","Shade:Putrefaction","Shade:Asphyxiate","Shade:Frenzy","Shade:SoulToxin","Shade:ClawBack","Shade:OpenGraves+1","Shade:CallWraith","Shade:Bonestorm","Shade:GreyBargain","Shade:CoffinDance","Shade:UnbarTheGrave+1","Shade:FuneraryArmor+1","Shade:SanguineRitual+1","Shade:ExtraLimbs","Shade:OpenGraves+1","Shade:FreshBones","Shade:OfferingToTheBeyond","Shade:Excise","Shade:Brains+1","Shade:RavenousHorde","Shade:OneIsEnough","Shade:FreshBones","Madness","Madness","Shade:RitualOffering","Shade:FuneraryArmor","Shade:FuneraryJewels+1","Shade:FleshOffering+1","Shade:Doomsay"],"relics":["Shade:YorickPolishedSkull","Juzu Bracelet","Happy Flower","Unceasing Top","DollysMirror","StoneCalendar","Busted Crown","Red Mask","Bottled Tornado","Frozen Egg 2"],"acts_visited":["Exordium","TheCity","TheBeyond"],"potions_floor_usage":[13,13,33,45,45,50,50],"damage_taken":[{"damage":11,"enemies":"2 Louse","floor":1,"turns":4},{"damage":3,"enemies":"Jaw Worm","floor":2,"turns":4},{"damage":4,"enemies":"Cultist","floor":4,"turns":4},{"damage":11,"enemies":"3 Louse","floor":7,"turns":5},{"damage":4,"enemies":"Red Slaver","floor":10,"turns":2},{"damage":0,"enemies":"Blue Slaver","floor":12,"turns":3},{"damage":22,"enemies":"Gremlin Gang","floor":13,"turns":4},{"damage":16,"enemies":"Slime Boss","floor":16,"turns":8},{"damage":26,"enemies":"2 Thieves","floor":18,"turns":4},{"damage":11,"enemies":"Spheric Guardian","floor":20,"turns":4},{"damage":7,"enemies":"Chosen and Byrds","floor":21,"turns":5},{"damage":9,"enemies":"Snake Plant","floor":24,"turns":3},{"damage":14,"enemies":"Shelled Parasite and Fungi","floor":28,"turns":5},{"damage":9,"enemies":"Centurion and Healer","floor":30,"turns":4},{"damage":22,"enemies":"Collector","floor":33,"turns":7},{"damage":2,"enemies":"3 Shapes","floor":35,"turns":4},{"damage":6,"enemies":"Orb Walker","floor":40,"turns":3},{"damage":11,"enemies":"Writhing Mass","floor":42,"turns":5},{"damage":39,"enemies":"Nemesis","floor":45,"turns":7},{"damage":6,"enemies":"Maw","floor":47,"turns":7},{"damage":56,"enemies":"Awakened One","floor":50,"turns":13}],"seed_played":"-1516964159265202024","potions_obtained":[{"floor":4,"key":"Dexterity Potion"},{"floor":7,"key":"EssenceOfSteel"},{"floor":12,"key":"Regen Potion"},{"floor":13,"key":"Dexterity Potion"},{"floor":19,"key":"DuplicationPotion"},{"floor":19,"key":"BlessingOfTheForge"},{"floor":19,"key":"SkillPotion"},{"floor":28,"key":"Swift Potion"},{"floor":35,"key":"Regen Potion"},{"floor":45,"key":"GamblersBrew"}],"is_trial":false,"path_per_floor":["M","M","?","M","T","R","M","R","T","M","R","M","M","$","R","B",null,"M","?","M","M","$","R","M","?","T","$","M","R","M","$","R","B",null,"M","?","?","$","?","M","R","M","T","R","E","R","M","?","R","B"],"character_chosen":"SHADE","items_purchased":["Shade:GreyBargain","Shade:CoffinDance","Shade:FleshOffering","DollysMirror","Shade:FreshBones","Shade:Excise"],"campfire_rested":7,"item_purchase_floors":[14,14,22,22,22,27],"current_hp_per_floor":[54,51,33,29,29,48,37,37,37,33,33,33,20,20,39,23,65,39,39,28,21,21,40,31,31,31,31,17,36,27,27,46,24,65,63,63,63,63,55,49,49,38,38,57,32,51,45,45,45,0,0],"gold":65,"neow_bonus":"ONE_RANDOM_RARE_CARD","is_daily":false,"chose_seed":false,"campfire_upgraded":4,"win_rate":0.0,"timestamp":1609104463,"path_taken":["M","M","?","M","?","R","M","R","T","M","R","M","M","$","R","BOSS","M","?","M","M","?","R","M","?","T","$","M","R","M","$","R","BOSS","M","?","?","$","?","M","R","M","T","R","E","R","M","?","R","BOSS"],"items_purchased_type":["Card","Card","Card","Relic","Card","Card"],"build_version":"2020-12-22","purchased_purges":0,"victory":false,"max_hp_per_floor":[65,65,65,65,65,65,65,65,65,65,65,65,65,65,65,65,65,65,65,65,65,65,65,65,65,65,65,65,65,65,65,65,65,65,65,65,65,65,65,65,65,65,65,65,65,65,65,65,65,65,65],"card_choices":[{"not_picked":["Shade:Premonition","Shade:GoDigging"],"picked":"Shade:Asphyxiate","floor":1},{"not_picked":["Shade:GreyBargain","Shade:SensePrey"],"picked":"Shade:Frenzy","floor":2},{"not_picked":["Shade:AncientSpear","Shade:FuneraryArmor"],"picked":"Shade:SoulToxin","floor":4},{"not_picked":["Shade:AuraOfUnlife","Shade:FreshBones"],"picked":"Shade:ClawBack","floor":7},{"not_picked":["Shade:ExtraLimbs","Shade:PressTheAttack"],"picked":"Shade:OpenGraves","floor":10},{"not_picked":["Shade:Doomsay","Shade:WallOfFlesh"],"picked":"Shade:CallWraith","floor":12},{"not_picked":["Shade:CloudOfShrapnel","Shade:FuneraryArmor"],"picked":"Shade:Bonestorm","floor":13},{"not_picked":["Shade:Tombstone","Shade:LoseControl"],"picked":"Shade:UnbarTheGrave","floor":16},{"not_picked":["Shade:Frenzy","Shade:Trample"],"picked":"Shade:FuneraryArmor+1","floor":18},{"not_picked":["Shade:FuneraryArmor","Shade:ExtraLimbs"],"picked":"Shade:SanguineRitual","floor":20},{"not_picked":["Shade:CommandSoldier","Shade:WallOfFlesh"],"picked":"Shade:ExtraLimbs","floor":21},{"not_picked":["Shade:FeralStrike+1","Shade:Trample+1"],"picked":"Shade:OfferingToTheBeyond","floor":24},{"not_picked":["Shade:FreshBones","Shade:ClawBack"],"picked":"Shade:Brains","floor":28},{"not_picked":["Shade:CloudOfShrapnel+1","Shade:ExtraLimbs"],"picked":"Shade:RavenousHorde","floor":30},{"not_picked":["Shade:MadHubris","Shade:SoulPierce"],"picked":"Shade:OneIsEnough","floor":33},{"not_picked":[],"picked":"Shade:FreshBones","floor":35},{"not_picked":[],"picked":"Shade:RitualOffering","floor":40},{"not_picked":[],"picked":"Shade:FuneraryArmor","floor":42},{"not_picked":[],"picked":"Shade:FuneraryJewels+1","floor":45},{"not_picked":[],"picked":"Shade:FleshOffering+1","floor":47}],"player_experience":18011,"relics_obtained":[{"floor":5,"key":"Happy Flower"},{"floor":9,"key":"Unceasing Top"},{"floor":26,"key":"StoneCalendar"},{"floor":43,"key":"Bottled Tornado"},{"floor":45,"key":"Frozen Egg 2"}],"event_choices":[{"damage_healed":0,"gold_gain":0,"player_choice":"Success","damage_taken":18,"relics_obtained":["Juzu Bracelet"],"max_hp_gain":0,"max_hp_loss":0,"event_name":"Scrap Ooze","floor":3,"gold_loss":0},{"damage_healed":0,"gold_gain":0,"player_choice":"Got Potions","damage_taken":0,"max_hp_gain":0,"max_hp_loss":0,"event_name":"Lab","floor":19,"gold_loss":0},{"cards_removed":["Shade:Defend_Shade"],"damage_healed":0,"gold_gain":0,"player_choice":"Give","damage_taken":0,"max_hp_gain":0,"max_hp_loss":0,"event_name":"betterNote:BetterNote","floor":25,"gold_loss":0,"cards_obtained":["Shade:Defend_Shade"]},{"damage_healed":0,"gold_gain":0,"player_choice":"Paid","damage_taken":0,"relics_obtained":["Red Mask"],"max_hp_gain":0,"max_hp_loss":0,"event_name":"Tomb of Lord Red Mask","floor":36,"gold_loss":145},{"damage_healed":0,"gold_gain":0,"player_choice":"Upgraded","damage_taken":0,"max_hp_gain":0,"max_hp_loss":0,"event_name":"Upgrade Shrine","floor":37,"gold_loss":0,"cards_upgraded":["Shade:UnbarTheGrave"]},{"damage_healed":0,"gold_gain":0,"player_choice":"Embrace Madness","damage_taken":8,"max_hp_gain":0,"max_hp_loss":0,"event_name":"Winding Halls","floor":39,"gold_loss":0,"cards_obtained":["Madness","Madness"]},{"damage_healed":0,"gold_gain":0,"cards_transformed":["Shade:FleshOffering"],"player_choice":"Transformed","damage_taken":0,"max_hp_gain":0,"max_hp_loss":0,"event_name":"Transmorgrifier","floor":48,"gold_loss":0,"cards_obtained":["Shade:Doomsay"]}],"is_beta":false,"boss_relics":[{"not_picked":["Sozu","Calling Bell"],"picked":"Shade:YorickPolishedSkull"},{"not_picked":["SacredBark","Astrolabe"],"picked":"Busted Crown"}],"items_purged_floors":[],"is_endless":false,"potions_floor_spawned":[4,7,12,13,21,24,28,35,40,45],"killed_by":"Awakened One","ascension_level":0}}