{"host":"yvb207ks1sg3cxef","time":1609067557,"event":{"mods":["2.2 Compatiblity","BaseMod","Bestiary","Colored Powertips","Minty Spire (QoL Compilation)","Permanent Neow","Quick Restart","Relic Stats","StSLib"],"gold_per_floor":[119,135,49,63,111,146,146,146,146],"floor_reached":8,"playtime":389,"items_purged":[],"score":106,"play_id":"4849ca51-9966-4d38-88b9-12d73c4a51cd","local_time":"20201227164237","is_ascension_mode":true,"campfire_choices":[{"data":"After Image","floor":7,"key":"SMITH"}],"circlet_count":0,"master_deck":["AscendersBane","Strike_G","Strike_G","Strike_G","Strike_G","Strike_G","Defend_G","Defend_G","Defend_G","Defend_G","Defend_G","Survivor","Neutralize","Dagger Spray","Quick Slash","After Image+1","Outmaneuver","Leg Sweep"],"relics":["Coffee Dripper","Bag of Preparation","Tough Bandages"],"acts_visited":["Exordium"],"potions_floor_usage":[8],"damage_taken":[{"damage":1,"enemies":"Cultist","floor":1,"turns":5},{"damage":0,"enemies":"Small Slimes","floor":2,"turns":5},{"damage":3,"enemies":"Jaw Worm","floor":4,"turns":4},{"damage":42,"enemies":"Gremlin Nob","floor":6,"turns":6},{"damage":13,"enemies":"3 Sentries","floor":8,"turns":8}],"seed_played":"-4856409249626602813","potions_obtained":[{"floor":1,"key":"Dexterity Potion"},{"floor":6,"key":"Weak Potion"}],"is_trial":false,"path_per_floor":["M","M","$","M","T","E","R","E"],"character_chosen":"THE_SILENT","items_purchased":["After Image"],"campfire_rested":0,"item_purchase_floors":[3],"current_hp_per_floor":[58,58,58,55,55,13,13,0,0],"gold":146,"neow_bonus":"BOSS_RELIC","is_daily":false,"chose_seed":false,"campfire_upgraded":1,"win_rate":0.0,"timestamp":1609067557,"path_taken":["M","M","$","M","?","E","R","E"],"items_purchased_type":["Card"],"build_version":"2020-12-22","purchased_purges":0,"victory":false,"max_hp_per_floor":[66,66,66,66,66,66,66,66,66],"relic_stats":{"Tough Bandages":[0],"counters":[5,28],"Bag of Preparation":[4],"obtain_stats":[{"Tough Bandages":6,"Coffee Dripper":0,"Bag of Preparation":5,"Ring of the Snake":0},{"Tough Bandages":4,"Coffee Dripper":0,"Bag of Preparation":3,"Ring of the Snake":0},{"Tough Bandages":20,"Coffee Dripper":0,"Bag of Preparation":14,"Ring of the Snake":0}]},"card_choices":[{"not_picked":["Heel Hook","Caltrops"],"picked":"Dagger Spray","floor":1},{"not_picked":["Deadly Poison","Tactician"],"picked":"Quick Slash","floor":2},{"not_picked":["Prepared","Underhanded Strike"],"picked":"Outmaneuver","floor":4},{"not_picked":["Outmaneuver","Sucker Punch"],"picked":"Leg Sweep","floor":6}],"player_experience":234019,"relics_obtained":[{"floor":5,"key":"Bag of Preparation"},{"floor":6,"key":"Tough Bandages"}],"event_choices":[],"is_beta":false,"boss_relics":[],"items_purged_floors":[],"is_endless":false,"potions_floor_spawned":[1,6],"killed_by":"3 Sentries","ascension_level":18}}