{"host":"vydapxfau6612551","time":1609075486,"event":{"mods":["AchievementEnabler","BaseMod","Minty Spire (QoL Compilation)","StSLib","SuperFastMode"],"gold_per_floor":[362,131,149,159,171,171,200,200,252,280,300,300,58,58,58,153,203,218,233,250,106,106,138,157,182,233,233,266,283,283,294,294,389,389,402,420,420,440,452,482,482,513,559,607,607,607,237,248,248,248,248],"floor_reached":50,"playtime":2630,"items_purged":[],"score":876,"play_id":"276c9ac2-821f-4b53-8b4c-5d2a7e10b595","local_time":"20201227222446","is_ascension_mode":true,"campfire_choices":[{"data":"Rupture","floor":6.0,"key":"SMITH"},{"data":"Rupture","floor":8.0,"key":"SMITH"},{"floor":15.0,"key":"REST"},{"floor":30.0,"key":"REST"},{"data":"Brutality","floor":32.0,"key":"SMITH"},{"floor":41.0,"key":"REST"},{"floor":49.0,"key":"RECALL"}],"circlet_count":0,"master_deck":["Defend_R+1","Defend_R","Defend_R","Bash","Hemokinesis","Rupture+1","Sword Boomerang","Twin Strike","Rupture+1","Offering","Twin Strike","Dropkick","Brutality+1","Blood for Blood","Bite","Bite+1","Bite","Bite+1","Bite","Pummel","Brutality","Intimidate+1","Pommel Strike","Secret Weapon","Parasite"],"relics":["Burning Blood","Bag of Preparation","Pear","Toy Ornithopter","Singing Bowl","Self Forming Clay","Tiny House","Happy Flower","Juzu Bracelet","Paper Frog","Red Mask","Empty Cage","Whetstone","Pen Nib","Centennial Puzzle","Champion Belt","Lantern"],"acts_visited":["Exordium","TheCity","TheBeyond"],"potions_floor_usage":[50,50],"damage_taken":[{"damage":2.0,"enemies":"Small Slimes","floor":1.0,"turns":3.0},{"damage":10.0,"enemies":"Cultist","floor":3.0,"turns":4.0},{"damage":4.0,"enemies":"2 Louse","floor":4.0,"turns":2.0},{"damage":2.0,"enemies":"Blue Slaver","floor":5.0,"turns":1.0},{"damage":36.0,"enemies":"Gremlin Nob","floor":7.0,"turns":4.0},{"damage":28.0,"enemies":"Lagavulin","floor":10.0,"turns":6.0},{"damage":27.0,"enemies":"3 Louse","floor":11.0,"turns":5.0},{"damage":47.0,"enemies":"Hexaghost","floor":16.0,"turns":5.0},{"damage":33.0,"enemies":"Shell Parasite","floor":18.0,"turns":3.0},{"damage":16.0,"enemies":"Spheric Guardian","floor":19.0,"turns":3.0},{"damage":22.0,"enemies":"Shelled Parasite and Fungi","floor":20.0,"turns":2.0},{"damage":19.0,"enemies":"Slavers","floor":23.0,"turns":3.0},{"damage":19.0,"enemies":"Cultist and Chosen","floor":24.0,"turns":4.0},{"damage":23.0,"enemies":"Gremlin Leader","floor":25.0,"turns":3.0},{"damage":31.0,"enemies":"Masked Bandits","floor":28.0,"turns":4.0},{"damage":7.0,"enemies":"Snecko","floor":29.0,"turns":2.0},{"damage":27.0,"enemies":"Sentry and Sphere","floor":31.0,"turns":4.0},{"damage":35.0,"enemies":"Champ","floor":33.0,"turns":4.0},{"damage":41.0,"enemies":"3 Darklings","floor":35.0,"turns":4.0},{"damage":28.0,"enemies":"Orb Walker","floor":36.0,"turns":3.0},{"damage":34.0,"enemies":"Transient","floor":38.0,"turns":5.0},{"damage":34.0,"enemies":"Jaw Worm Horde","floor":39.0,"turns":2.0},{"damage":18.0,"enemies":"Giant Head","floor":40.0,"turns":4.0},{"damage":47.0,"enemies":"Reptomancer","floor":42.0,"turns":4.0},{"damage":48.0,"enemies":"2 Orb Walkers","floor":44.0,"turns":3.0},{"damage":0.0,"enemies":"3 Darklings","floor":46.0,"turns":1.0},{"damage":28.0,"enemies":"Writhing Mass","floor":48.0,"turns":4.0},{"damage":64,"enemies":"Awakened One","floor":50,"turns":4}],"seed_played":"-8232947245357233898","potions_obtained":[{"floor":1.0,"key":"BloodPotion"},{"floor":3.0,"key":"Energy Potion"},{"floor":4.0,"key":"FearPotion"},{"floor":17.0,"key":"SneckoOil"},{"floor":18.0,"key":"Block Potion"},{"floor":19.0,"key":"EssenceOfSteel"},{"floor":25.0,"key":"CultistPotion"},{"floor":28.0,"key":"Explosive Potion"},{"floor":29.0,"key":"AttackPotion"},{"floor":33.0,"key":"Strength Potion"},{"floor":35.0,"key":"SmokeBomb"},{"floor":36.0,"key":"Strength Potion"},{"floor":39.0,"key":"Regen Potion"},{"floor":40.0,"key":"Fire Potion"}],"is_trial":false,"path_per_floor":["M","$","M","M","M","R","E","R","T","E","M","?","$","T","R","B",null,"M","M","M","$","?","E","M","E","T","?","?","M","R","M","R","B",null,"M","M","?","M","M","E","R","E","T","?","?","M","$","M","R","B"],"character_chosen":"IRONCLAD","items_purchased":["Rupture","Bag of Preparation","Singing Bowl","Happy Flower","Lantern","Secret Weapon","Block Potion"],"campfire_rested":3,"item_purchase_floors":[2,2,13,21,47,47,47],"current_hp_per_floor":[76,76,72,74,78,78,58,58,58,36,17,17,17,17,44,28,80,57,51,39,39,39,45,36,23,23,23,15,25,57,50,50,40,93,68,58,58,51,27,44,77,50,50,21,21,32,32,30,30,0,0],"gold":248,"neow_bonus":"TWO_FIFTY_GOLD","is_daily":false,"chose_seed":false,"campfire_upgraded":3,"win_rate":0.0,"timestamp":1609075486,"path_taken":["M","$","M","M","M","R","E","R","T","E","M","?","$","?","R","BOSS","M","M","M","$","?","E","M","E","T","?","?","M","R","M","R","BOSS","M","M","?","M","M","E","R","E","T","?","?","M","$","M","R","BOSS"],"items_purchased_type":["Card","Relic","Relic","Relic","Relic","Card","Potion"],"build_version":"2020-12-22","purchased_purges":0,"victory":false,"max_hp_per_floor":[80,80,80,80,80,80,90,90,90,90,90,90,90,90,90,90,95,97,99,101,101,101,103,105,107,107,107,109,109,109,111,111,111,111,111,113,107,107,109,111,111,113,113,115,115,115,115,117,117,117,117],"card_choices":[{"not_picked":["Warcry","Body Slam"],"picked":"Hemokinesis","floor":1.0},{"not_picked":["Shrug It Off","Battle Trance"],"picked":"Sword Boomerang","floor":3.0},{"not_picked":["Headbutt","Anger"],"picked":"Twin Strike","floor":4.0},{"not_picked":["Anger","Spot Weakness"],"picked":"Rupture","floor":5.0},{"not_picked":["Warcry","Clothesline","Flame Barrier"],"picked":"SKIP","floor":7.0},{"not_picked":["True Grit","Thunderclap"],"picked":"Offering","floor":10.0},{"not_picked":["Thunderclap","Clash"],"picked":"Twin Strike","floor":11.0},{"not_picked":["Double Tap","Fiend Fire"],"picked":"Brutality","floor":16.0},{"not_picked":["Metallicize","Clash"],"picked":"Blood for Blood","floor":17.0},{"not_picked":["Havoc","Shockwave","True Grit"],"picked":"Singing Bowl","floor":18.0},{"not_picked":["Rupture","Twin Strike","Anger"],"picked":"Singing Bowl","floor":19.0},{"not_picked":["Carnage+1","Second Wind","Cleave"],"picked":"Singing Bowl","floor":20.0},{"not_picked":["Corruption","Twin Strike","Thunderclap"],"picked":"Singing Bowl","floor":23.0},{"not_picked":["Shockwave","Flame Barrier","Intimidate"],"picked":"Singing Bowl","floor":24.0},{"not_picked":["Shrug It Off","Headbutt","Burning Pact+1"],"picked":"Singing Bowl","floor":25.0},{"not_picked":["Dark Embrace","Clash","Warcry+1"],"picked":"Singing Bowl","floor":28.0},{"not_picked":["Clothesline","Dark Embrace"],"picked":"Pummel","floor":29.0},{"not_picked":["Warcry","Flex+1","Armaments"],"picked":"Singing Bowl","floor":31.0},{"not_picked":["Impervious","Bludgeon"],"picked":"Brutality","floor":33.0},{"not_picked":["Iron Wave","Clash+1"],"picked":"Intimidate+1","floor":35.0},{"not_picked":["Heavy Blade","Twin Strike","Iron Wave+1"],"picked":"Singing Bowl","floor":36.0},{"not_picked":["True Grit","Perfected Strike+1"],"picked":"Dual Wield","floor":38.0},{"not_picked":["Warcry+1","Havoc+1","Body Slam"],"picked":"Singing Bowl","floor":39.0},{"not_picked":["Sentinel+1","Headbutt+1","Flame Barrier"],"picked":"Singing Bowl","floor":40.0},{"not_picked":["Feel No Pain+1","Ghostly Armor","Shockwave+1"],"picked":"Singing Bowl","floor":42.0},{"not_picked":["Perfected Strike+1","Shrug It Off+1","Dark Embrace"],"picked":"Singing Bowl","floor":44.0},{"not_picked":["Barricade","Wild Strike+1","Clothesline+1"],"picked":"Singing Bowl","floor":48.0}],"player_experience":398064,"relics_obtained":[{"floor":7.0,"key":"Pear"},{"floor":9.0,"key":"Toy Ornithopter"},{"floor":10.0,"key":"Blood Vial"},{"floor":14.0,"key":"Self Forming Clay"},{"floor":23.0,"key":"Juzu Bracelet"},{"floor":25.0,"key":"Paper Frog"},{"floor":28.0,"key":"Red Mask"},{"floor":40.0,"key":"Whetstone"},{"floor":42.0,"key":"Pen Nib"},{"floor":43.0,"key":"Centennial Puzzle"},{"floor":44.0,"key":"Champion Belt"}],"event_choices":[{"damage_healed":0.0,"max_hp_gain":0.0,"max_hp_loss":0.0,"gold_gain":0.0,"cards_transformed":["Strike_R"],"event_name":"Transmorgrifier","player_choice":"Transformed","floor":12.0,"gold_loss":0.0,"damage_taken":0.0,"cards_obtained":["Dropkick"]},{"damage_healed":0.0,"max_hp_gain":0.0,"max_hp_loss":0.0,"gold_gain":0.0,"event_name":"Ghosts","player_choice":"Ignored","floor":22.0,"gold_loss":0.0,"damage_taken":0.0},{"damage_healed":0.0,"max_hp_gain":0.0,"max_hp_loss":0.0,"gold_gain":0.0,"event_name":"Vampires","player_choice":"Became a vampire (Vial)","floor":27.0,"relics_lost":["Blood Vial"],"gold_loss":0.0,"damage_taken":0.0,"cards_obtained":["Bite","Bite","Bite","Bite","Bite"]},{"damage_healed":0.0,"max_hp_gain":0.0,"max_hp_loss":0.0,"gold_gain":0.0,"event_name":"Masked Bandits","player_choice":"Fought Bandits","floor":28.0,"gold_loss":0.0,"damage_taken":0.0},{"damage_healed":0.0,"max_hp_gain":0.0,"max_hp_loss":6.0,"gold_gain":0.0,"event_name":"Winding Halls","player_choice":"Max HP","floor":37.0,"gold_loss":0.0,"damage_taken":0.0},{"damage_healed":0.0,"max_hp_gain":0.0,"max_hp_loss":0.0,"gold_gain":0.0,"event_name":"Mysterious Sphere","player_choice":"Fight","floor":44.0,"gold_loss":0.0,"damage_taken":0.0},{"damage_healed":0.0,"max_hp_gain":0.0,"max_hp_loss":0.0,"gold_gain":0.0,"cards_transformed":["Dual Wield"],"event_name":"Transmorgrifier","player_choice":"Transformed","floor":45.0,"gold_loss":0.0,"damage_taken":0.0,"cards_obtained":["Pommel Strike"]}],"is_beta":false,"boss_relics":[{"not_picked":["Busted Crown","Sozu"],"picked":"Tiny House"},{"not_picked":["Pandora\u0027s Box","Runic Pyramid"],"picked":"Empty Cage"}],"items_purged_floors":[],"is_endless":false,"potions_floor_spawned":[1,3,4,18,19,25,28,29,33,35,36,39,40],"killed_by":"Awakened One","ascension_level":8}}