{"host":"vd5put2n5b3t1prw","time":1609048019,"event":{"mods":["2.2 Compatiblity","AchievementEnabler","Alarm Clock","BaseMod","Bestiary","Better Altar","Better Match","Better Note","Better Sensory Stone","Better Silent Start","Better Skull","Better Third Choice","Better Vampires","Better-Laid Plans","BetterRewards","Block Reminder","Card Filter","Card Forge","Colored Map","Curses Come First","Custom Start","Downfall","Emptier Cage","Marked Mod","Minty Spire (QoL Compilation)","Quick Restart","Random Character Button","Rare Cards Sparkle","Relic Filter","Relic Stats","Reorder Act Four","Spicy Shops","StSLib","The Marked","Transform Curses","Waifu the Spire"],"gold_per_floor":[114,128,128,148,1,28,43,59,112,112,131,162,162,198,198,302,302,321,255,265,285,78,78,78,3,50,50,50,93,93,124,124,233,233,261,261,284,293,312,347,375,417,417,461,146,193,211,20,20,20,20,175,175,214,214],"floor_reached":56,"playtime":4738,"items_purged":["Slimebound:CorrosiveSpit","Slimebound:Strike_Slimebound","Slimebound:Strike_Slimebound","Slimebound:Defend_Slimebound","hexamod:SixthSeal","Slimebound:Defend_Slimebound+1"],"score":2003,"play_id":"2cab7362-837d-42ba-903a-eea67158d8ed","local_time":"20201226234659","is_ascension_mode":true,"campfire_choices":[{"data":"Slimebound:Recycling","floor":10,"key":"SMITH"},{"data":"Slimebound:MegaLick","floor":13,"key":"SMITH"},{"data":"Slimebound:RejuvenatingLick","floor":15,"key":"SMITH"},{"data":"Slimebound:Schlurp","floor":23,"key":"SMITH"},{"data":"Slimebound:LeechEnergy","floor":28,"key":"SMITH"},{"floor":32,"key":"RECALL"},{"data":"Slimebound:Gluttony","floor":49,"key":"SMITH"},{"floor":53,"key":"REST"}],"circlet_count":0,"master_deck":["Slimebound:Tackle+1","Slimebound:Defend_Slimebound+1","Slimebound:Defend_Slimebound+1","Slimebound:Split+1","Slimebound:DuplicatedForm+1","Slimebound:Recollect+1","Slimebound:Gluttony+1","Slimebound:Schlurp+1","Panache+1","Slimebound:MegaLick+1","Slimebound:Recycling+1","Slimebound:MegaLick+1","Slimebound:RejuvenatingLick+1","Slimebound:Recycling+1","Slimebound:SamplingLick+1","Slimebound:ComboTackle+1","Slimebound:SlimeSpikes+1","Slimebound:LeechEnergy+1","Slimebound:TongueLash+1","Slimebound:Recollect+1","Slimebound:Recycling+1","Slimebound:ComboTackle+1","Master of Strategy+1","Slimebound:Recollect+1","Slimebound:HungryTackle+1","Slimebound:MassFeed+1","Slimebound:Schlurp+1","Slimebound:TongueLash+1","Slimebound:BestDefense+1","Slimebound:ItLooksTasty+1","Slimebound:TongueLash+1","Slimebound:LeechEnergy+1","Panache+1","Madness+1","Madness+1","Slimebound:Gluttony+1","Panache+1","Slimebound:SamplingLick+1"],"relics":["Slimebound:AbsorbEndCombat","Hammer of Thor","Anvil of the Gods","hexamod:BolsterEngine","Singing Bowl","Ice Cream","Membership Card","PreservedInsect","Gremlin Horn","CeramicFish","Slimebound:TarBlob","Mango","Letter Opener","StoneCalendar","Omamori","Nloth\u0027s Gift","WingedGreaves","White Beast Statue","SlaversCollar","Bag of Preparation","Darkstone Periapt","Blue Candle","Juzu Bracelet","Ornamental Fan","Guardian:PocketSentry","Pen Nib","ClockworkSouvenir","Turnip","Pear","DollysMirror","Oddly Smooth Stone","Mummified Hand"],"acts_visited":["Exordium","TheCity","TheBeyond","TheEnding"],"potions_floor_usage":[12,37,55,55],"damage_taken":[{"damage":15,"enemies":"2 Louse","floor":1,"turns":4},{"damage":11,"enemies":"Cultist","floor":2,"turns":4},{"damage":10,"enemies":"Jaw Worm","floor":4,"turns":3},{"damage":38,"enemies":"Lagavulin","floor":6,"turns":5},{"damage":5,"enemies":"Large Slime","floor":7,"turns":5},{"damage":9,"enemies":"Blue Slaver","floor":8,"turns":4},{"damage":2,"enemies":"2 Fungi Beasts","floor":11,"turns":3},{"damage":28,"enemies":"Gremlin Nob","floor":12,"turns":4},{"damage":12,"enemies":"3 Sentries","floor":14,"turns":3},{"damage":49,"enemies":"Hexaghost","floor":16,"turns":6},{"damage":15,"enemies":"3 Byrds","floor":18,"turns":3},{"damage":16,"enemies":"Shell Parasite","floor":20,"turns":4},{"damage":12,"enemies":"Chosen and Byrds","floor":21,"turns":3},{"damage":12,"enemies":"Slavers","floor":29,"turns":2},{"damage":2,"enemies":"Book of Stabbing","floor":31,"turns":3},{"damage":72,"enemies":"Collector","floor":33,"turns":5},{"damage":52,"enemies":"3 Darklings","floor":35,"turns":4},{"damage":26,"enemies":"3 Shapes","floor":37,"turns":5},{"damage":35,"enemies":"Spire Growth","floor":39,"turns":4},{"damage":32,"enemies":"Reptomancer","floor":40,"turns":3},{"damage":39,"enemies":"Nemesis","floor":41,"turns":3},{"damage":24,"enemies":"Giant Head","floor":42,"turns":4},{"damage":12,"enemies":"Reptomancer","floor":44,"turns":2},{"damage":6,"enemies":"2 Orb Walkers","floor":46,"turns":3},{"damage":109,"enemies":"Time Eater","floor":50,"turns":5},{"damage":41,"enemies":"Shield and Spear","floor":54,"turns":3},{"damage":67,"enemies":"The Heart","floor":55,"turns":5}],"seed_played":"835344323652990428","potions_obtained":[{"floor":6,"key":"SkillPotion"},{"floor":7,"key":"SkillPotion"},{"floor":11,"key":"EntropicBrew"},{"floor":14,"key":"Ancient Potion"},{"floor":21,"key":"Swift Potion"},{"floor":29,"key":"Regen Potion"},{"floor":37,"key":"hexamod:EctoCoolerPotion"},{"floor":44,"key":"SkillPotion"}],"is_trial":false,"path_per_floor":["M","M","?","M","$","E","M","M","T","R","M","E","R","E","R","B",null,"M","?","M","M","$","R","?","$","T","?","R","E","?","E","R","B",null,"M","?","M","?","M","E","E","E","T","E","$","?","?","$","R","B",null,"$","R","E","B",null],"character_chosen":"SLIMEBOUND","items_purchased":["hexamod:BolsterEngine","Slimebound:DuplicatedForm","Singing Bowl","Slimebound:Recollect","Ice Cream","Slimebound:Gluttony","Slimebound:Schlurp","Panache","Membership Card","Mango","StoneCalendar","Guardian:PocketSentry","Panache","Pen Nib","ClockworkSouvenir","Pear","Slimebound:Gluttony","DollysMirror","Oddly Smooth Stone"],"campfire_rested":1,"item_purchase_floors":[0,0,0,0,0,0,0,0,5,22,25,45,45,45,45,48,48,52,52],"current_hp_per_floor":[60,57,59,59,59,44,49,56,56,56,60,42,42,46,46,43,68,68,70,72,72,86,86,86,86,86,86,86,86,86,88,88,65,88,73,73,77,77,83,61,67,87,87,97,97,111,97,107,107,59,123,123,123,100,84],"gold":214,"neow_bonus":"","is_daily":false,"chose_seed":false,"campfire_upgraded":6,"win_rate":0.0,"timestamp":1609048019,"path_taken":["M","M","?","M","$","E","M","M","T","R","?","E","R","E","R","BOSS","M","?","M","M","$","R","?","$","T","?","R","E","?","E","R","BOSS","M","?","?","?","M","E","E","E","T","E","$","?","?","$","R","BOSS","$","R","E","BOSS"],"items_purchased_type":["Relic","Card","Relic","Card","Relic","Card","Card","Card","Relic","Relic","Relic","Relic","Card","Relic","Relic","Relic","Card","Relic","Relic"],"build_version":"2020-12-22","purchased_purges":6,"victory":true,"max_hp_per_floor":[60,60,62,62,62,64,64,64,64,64,66,68,68,68,68,68,68,68,70,72,72,86,86,86,86,86,86,86,86,86,88,88,88,88,91,91,91,91,93,97,99,103,103,107,107,113,113,123,123,123,123,123,123,123,123],"relic_stats":{"Darkstone Periapt":0,"Singing Bowl":20,"Gremlin Horn":[18,20],"counters":[59,233],"CeramicFish":297,"Blue Candle":[0],"StoneCalendar":[0],"PreservedInsect":841,"Pen Nib":[12],"Bag of Preparation":[36],"Juzu Bracelet":2,"Letter Opener":[823],"Ornamental Fan":[16],"Mummified Hand":[22],"Turnip":[12],"Nloth\u0027s Gift":4,"obtain_stats":[{"Ice Cream":0,"Gremlin Horn":12,"CeramicFish":22,"Vajra":31,"downfall:HeartBlessingGreen":28,"Hammer of Thor":0,"Centennial Puzzle":52,"HornCleat":48,"DollysMirror":37,"Prayer Wheel":37,"Kunai":7,"champ:Barbells":22,"Slimebound:AggressiveSlimeRelic":31,"Pear":48,"Happy Flower":37,"Blue Candle":42,"Oddly Smooth Stone":52,"Pen Nib":13,"Guardian:PocketSentry":45,"Letter Opener":54,"Question Card":3,"Slimebound:TarBlob":34,"OrangePellets":37,"SlaversCollar":34,"Anvil of the Gods":0,"Bronze Scales":48,"Molten Egg 2":37,"Nloth\u0027s Gift":27,"Darkstone Periapt":41,"Singing Bowl":0,"Mango":22,"StoneCalendar":25,"expansioncontent:StudyCardRelic":17,"Bag of Preparation":31,"Juzu Bracelet":42,"ClockworkSouvenir":45,"downfall:HeartBlessingBlue":45,"Mummified Hand":54,"downfall:KnowingSkull":29,"WingedGreaves":29,"Guardian:BottledAnomaly":12,"InkBottle":54,"downfall:HeartBlessingRed":32,"PreservedInsect":6,"Omamori":6,"Seething Fire":0,"Orichalcum":6,"White Beast Statue":31,"Mercury Hourglass":48,"downfall:GremlinSack":47,"Ornamental Fan":44,"Turnip":24,"Slimebound:AbsorbEndCombat":0,"Bag of Marbles":22,"Art of War":48,"Membership Card":6,"Bottled Lightning":39,"hexamod:BolsterEngine":8,"Toy Ornithopter":26},{"Ice Cream":32,"Gremlin Horn":40,"CeramicFish":17,"Vajra":21,"downfall:HeartBlessingGreen":19,"Hammer of Thor":0,"Centennial Puzzle":31,"HornCleat":29,"DollysMirror":24,"Prayer Wheel":24,"Kunai":4,"champ:Barbells":17,"Slimebound:AggressiveSlimeRelic":21,"Pear":56,"Happy Flower":24,"Blue Candle":54,"Oddly Smooth Stone":57,"Pen Nib":10,"Guardian:PocketSentry":55,"Letter Opener":31,"Question Card":2,"Slimebound:TarBlob":22,"OrangePellets":24,"SlaversCollar":48,"Anvil of the Gods":0,"Bronze Scales":29,"Molten Egg 2":24,"Nloth\u0027s Gift":45,"Darkstone Periapt":53,"Singing Bowl":32,"Mango":45,"StoneCalendar":45,"expansioncontent:StudyCardRelic":12,"Bag of Preparation":21,"Juzu Bracelet":26,"ClockworkSouvenir":55,"downfall:HeartBlessingBlue":28,"Mummified Hand":31,"downfall:KnowingSkull":19,"WingedGreaves":46,"Guardian:BottledAnomaly":9,"InkBottle":31,"downfall:HeartBlessingRed":21,"PreservedInsect":4,"Omamori":4,"Seething Fire":0,"Orichalcum":4,"White Beast Statue":47,"Mercury Hourglass":29,"downfall:GremlinSack":29,"Ornamental Fan":55,"Turnip":17,"Slimebound:AbsorbEndCombat":0,"Bag of Marbles":17,"Art of War":29,"Membership Card":4,"Bottled Lightning":25,"hexamod:BolsterEngine":5,"Toy Ornithopter":18},{"Ice Cream":134,"Gremlin Horn":164,"CeramicFish":76,"Vajra":88,"downfall:HeartBlessingGreen":84,"Hammer of Thor":0,"Centennial Puzzle":124,"HornCleat":117,"DollysMirror":99,"Prayer Wheel":99,"Kunai":16,"champ:Barbells":76,"Slimebound:AggressiveSlimeRelic":88,"Pear":220,"Happy Flower":99,"Blue Candle":215,"Oddly Smooth Stone":225,"Pen Nib":47,"Guardian:PocketSentry":217,"Letter Opener":124,"Question Card":8,"Slimebound:TarBlob":93,"OrangePellets":99,"SlaversCollar":193,"Anvil of the Gods":0,"Bronze Scales":117,"Molten Egg 2":99,"Nloth\u0027s Gift":183,"Darkstone Periapt":211,"Singing Bowl":134,"Mango":183,"StoneCalendar":183,"expansioncontent:StudyCardRelic":56,"Bag of Preparation":88,"Juzu Bracelet":108,"ClockworkSouvenir":217,"downfall:HeartBlessingBlue":115,"Mummified Hand":124,"downfall:KnowingSkull":84,"WingedGreaves":185,"Guardian:BottledAnomaly":44,"InkBottle":124,"downfall:HeartBlessingRed":88,"PreservedInsect":16,"Omamori":16,"Seething Fire":0,"Orichalcum":16,"White Beast Statue":188,"Mercury Hourglass":117,"downfall:GremlinSack":117,"Ornamental Fan":217,"Turnip":76,"Slimebound:AbsorbEndCombat":0,"Bag of Marbles":76,"Art of War":117,"Membership Card":16,"Bottled Lightning":104,"hexamod:BolsterEngine":20,"Toy Ornithopter":80}]},"card_choices":[{"not_picked":["Slimebound:SplitLeeching","Slimebound:FirmFortitude"],"picked":"Slimebound:SamplingLick","floor":1},{"not_picked":["Slimebound:RollThrough","Slimebound:FinishingTackle"],"picked":"Slimebound:ComboTackle","floor":2},{"not_picked":["PanicButton","expansioncontent:YouAreMine","Dramatic Entrance"],"picked":"Singing Bowl","floor":3},{"not_picked":["Slimebound:LeechingTouch","Slimebound:RollThrough"],"picked":"Slimebound:SlimeSpikes","floor":4},{"not_picked":["Slimebound:Prepare","Slimebound:Repurpose","Slimebound:SplitBruiser"],"picked":"Singing Bowl","floor":6},{"not_picked":["Slimebound:FirmFortitude","Slimebound:ViciousTackle"],"picked":"Slimebound:LeechEnergy","floor":7},{"not_picked":["Slimebound:ComboTackle","Slimebound:FinishingTackle"],"picked":"Slimebound:TongueLash","floor":8},{"not_picked":["Slimebound:FlameTackle","Slimebound:ViciousTackle","Slimebound:SplitBruiser"],"picked":"Singing Bowl","floor":11},{"not_picked":["Slimebound:GoopSpray","Slimebound:GoopTackle","Slimebound:SplitLeeching"],"picked":"Singing Bowl","floor":12},{"not_picked":["Slimebound:LeechingTouch","Slimebound:Chomp"],"picked":"Slimebound:Recollect","floor":14},{"not_picked":["Slimebound:SelfFormingGoo","Slimebound:WasteNot"],"picked":"Slimebound:Recycling","floor":16},{"not_picked":["Slimebound:SplitLeeching+1","Slimebound:Prepare"],"picked":"Slimebound:ComboTackle","floor":18},{"not_picked":["Thinking Ahead+1","expansioncontent:Corrupt+1"],"picked":"Master of Strategy+1","floor":19},{"not_picked":["Slimebound:GoopSpray+1","Slimebound:ServeAndProtect+1","Slimebound:LeechingTouch+1"],"picked":"Singing Bowl","floor":19},{"not_picked":["Slimebound:ComboTackle","Slimebound:Chomp","Slimebound:BestDefense"],"picked":"Singing Bowl","floor":20},{"not_picked":["Slimebound:FinishingTackle","Slimebound:ProtectTheBoss"],"picked":"Slimebound:Recollect","floor":21},{"not_picked":["Slimebound:SlimeSpikes","Slimebound:SamplingLick"],"picked":"Slimebound:HungryTackle+1","floor":29},{"not_picked":["Slimebound:FirmFortitude","Slimebound:BestDefense+1","Slimebound:SplitMire"],"picked":"Singing Bowl","floor":31},{"not_picked":["Slimebound:RallyTheTroops","Slimebound:TagTeam"],"picked":"Slimebound:MassFeed","floor":33},{"not_picked":["Slimebound:FormOfPuddle","Slimebound:SpikyOuterGoop"],"picked":"Slimebound:Schlurp+1","floor":35},{"not_picked":["Slimebound:DivideAndConquer+1","Slimebound:SplitLeeching+1"],"picked":"Slimebound:TongueLash+1","floor":37},{"not_picked":["Slimebound:Prepare","Slimebound:SamplingLick","Slimebound:ComboTackle"],"picked":"Singing Bowl","floor":39},{"not_picked":["Slimebound:SpikyOuterGoop","Slimebound:LevelUp"],"picked":"Slimebound:ItLooksTasty+1","floor":40},{"not_picked":["Slimebound:DouseInSlime","Slimebound:SlimeSpikes","Slimebound:CheckThePlaybook"],"picked":"Singing Bowl","floor":41},{"not_picked":["Slimebound:Recollect+1","Slimebound:MassFeed"],"picked":"Slimebound:TongueLash+1","floor":42},{"not_picked":["Slimebound:SplitMire","Slimebound:TongueLash"],"picked":"Slimebound:LeechEnergy+1","floor":44},{"not_picked":["Slimebound:PressTheAttack+1","Slimebound:SlimeSpikes+1","Slimebound:Grow"],"picked":"Singing Bowl","floor":46},{"not_picked":["Slimebound:RallyTheTroops","Slimebound:SlimeSlap"],"picked":"Slimebound:SamplingLick+1","floor":54}],"player_experience":346517,"relics_obtained":[{"floor":6,"key":"PreservedInsect"},{"floor":12,"key":"Gremlin Horn"},{"floor":14,"key":"CeramicFish"},{"floor":24,"key":"Letter Opener"},{"floor":26,"key":"Omamori"},{"floor":29,"key":"WingedGreaves"},{"floor":31,"key":"White Beast Statue"},{"floor":40,"key":"Bag of Preparation"},{"floor":41,"key":"Darkstone Periapt"},{"floor":42,"key":"Blue Candle"},{"floor":43,"key":"Juzu Bracelet"},{"floor":44,"key":"Ornamental Fan"},{"floor":46,"key":"Turnip"},{"floor":54,"key":"Mummified Hand"}],"event_choices":[{"damage_healed":0,"gold_gain":1,"player_choice":"1","damage_taken":0,"max_hp_gain":0,"max_hp_loss":0,"event_name":"betterStone:BetterStone","floor":3,"gold_loss":0},{"damage_healed":0,"gold_gain":0,"player_choice":"2","damage_taken":0,"max_hp_gain":0,"max_hp_loss":0,"event_name":"betterMatch:BetterMatch","floor":19,"gold_loss":0,"cards_obtained":["betterMatch:ColorlessRareCard","betterMatch:CommonCard"]},{"damage_healed":0,"gold_gain":0,"player_choice":"Relic","damage_taken":0,"max_hp_gain":0,"max_hp_loss":0,"event_name":"Wheel of Change","floor":24,"gold_loss":0},{"damage_healed":0,"gold_gain":0,"player_choice":"Traded Relic","damage_taken":0,"relics_obtained":["Nloth\u0027s Gift"],"max_hp_gain":0,"max_hp_loss":0,"event_name":"N\u0027loth","floor":27,"relics_lost":["Seething Fire"],"gold_loss":0},{"damage_healed":0,"gold_gain":0,"player_choice":"Ignored","damage_taken":0,"max_hp_gain":0,"max_hp_loss":0,"event_name":"Ghosts","floor":30,"gold_loss":0},{"damage_healed":0,"gold_gain":0,"player_choice":"Upgraded","damage_taken":0,"max_hp_gain":0,"max_hp_loss":0,"event_name":"Upgrade Shrine","floor":36,"gold_loss":0,"cards_upgraded":["Slimebound:Recollect"]},{"damage_healed":0,"gold_gain":0,"cards_transformed":["Slimebound:Strike_Slimebound"],"player_choice":"Transformed","damage_taken":0,"max_hp_gain":0,"max_hp_loss":0,"event_name":"Transmorgrifier","floor":38,"gold_loss":0,"cards_obtained":["Slimebound:BestDefense"]},{"damage_healed":0,"gold_gain":0,"player_choice":"Fight","damage_taken":0,"max_hp_gain":0,"max_hp_loss":0,"event_name":"Mysterious Sphere","floor":46,"gold_loss":0},{"damage_healed":0,"gold_gain":0,"player_choice":"Embrace Madness","damage_taken":14,"max_hp_gain":0,"max_hp_loss":0,"event_name":"Winding Halls","floor":47,"gold_loss":0,"cards_obtained":["Madness","Madness"]}],"is_beta":false,"boss_relics":[{"not_picked":["Philosopher\u0027s Stone","SacredBark"],"picked":"Slimebound:TarBlob"},{"not_picked":["Coffee Dripper","Velvet Choker"],"picked":"SlaversCollar"}],"items_purged_floors":[0,5,22,25,48,52],"is_endless":false,"potions_floor_spawned":[6,7,11,14,18,21,29,33,35,37,39,40,41,42,44,46,54],"ascension_level":3}}