{"host":"ywt8u9kq80n9hc8s","time":1609091966,"event":{"mods":["AchievementEnabler","Alarm Clock","BaseMod","Better Altar","Better Match","Better Note","Better Sensory Stone","Better Skull","Better Third Choice","BetterRewards","Displayed Cursed Tome","Filter the Spire","Infinite Spire","Minty Spire (QoL Compilation)","Permanent Neow","Quick Restart","Rare Cards Sparkle","StSLib"],"gold_per_floor":[119,137,156,172,186,219,251,251,301,193,193,252,252,324,324,483,483,831,909,984,196,196,289,360,360,360,360,416,485,581,597,597,765,815,834,982,982],"floor_reached":36,"playtime":4571,"items_purged":["Dagger Throw"],"score":790,"play_id":"4a9ecc39-3260-433d-b9f8-c4e22183872b","local_time":"20201227195926","daily_mods":["SealedDeck","Vintage","Diverse","Heirloom","Time Dilation","Flight","DeadlyEvents","Elite Swarm"],"is_ascension_mode":false,"campfire_choices":[{"data":"Echo Form","floor":8,"key":"SMITH"},{"data":"DevaForm","floor":11,"key":"SMITH"},{"data":"Wraith Form v2","floor":13,"key":"SMITH"},{"data":"Wish","floor":15,"key":"SMITH"},{"floor":27,"key":"REST"},{"data":"1","floor":32,"key":"LIFT"}],"circlet_count":0,"master_deck":["Demon Form","Wraith Form v2+1","Echo Form+1","DevaForm+1","LikeWater+1","InnerPeace+1","Pommel Strike","Ball Lightning+1","ForeignInfluence","Inflame","Dash+1","Metallicize+1","Well Laid Plans+1","Brilliance+1","Wish+1","White Noise+1","Capacitor+1","Omniscience","Bludgeon+1","LessonLearned+1","Doom and Gloom+1","Study","Creative AI","Feed+1","Bullet Time","Machine Learning+1","infinitespire:Punishment","Crescendo+1"],"relics":["Snecko Eye","StoneCalendar","Damaru","infinitespire:BottledMercury","Eternal Feather","Akabeko","HornCleat","Regal Pillow","Gambling Chip","Centennial Puzzle","Gremlin Horn","Lantern","Black Star","Old Coin","Blood Vial","CeramicFish","infinitespire:Golems Mask","Tiny Chest","TheAbacus","TungstenRod","Pocketwatch","Anchor","Bottled Flame","CloakClasp","Girya","The Courier","Mango","Bag of Marbles","infinitespire:Magic Flask","Ice Cream","Frozen Egg 2","Tiny House","Letter Opener","Prayer Wheel"],"acts_visited":["Exordium","TheCity","TheBeyond"],"potions_floor_usage":[6,6],"damage_taken":[{"damage":2,"enemies":"2 Louse","floor":1,"turns":3},{"damage":11,"enemies":"Jaw Worm","floor":2,"turns":3},{"damage":0,"enemies":"Small Slimes","floor":3,"turns":3},{"damage":0,"enemies":"Blue Slaver","floor":4,"turns":3},{"damage":10,"enemies":"Looter","floor":5,"turns":3},{"damage":0,"enemies":"Gremlin Nob","floor":6,"turns":3},{"damage":0,"enemies":"3 Sentries","floor":7,"turns":5},{"damage":0,"enemies":"Gremlin Nob","floor":12,"turns":3},{"damage":9,"enemies":"3 Sentries","floor":14,"turns":3},{"damage":0,"enemies":"Hexaghost","floor":16,"turns":4},{"damage":0,"enemies":"Spheric Guardian","floor":18,"turns":3},{"damage":9,"enemies":"Shell Parasite","floor":19,"turns":4},{"damage":0,"enemies":"Snecko","floor":20,"turns":4},{"damage":2,"enemies":"Book of Stabbing","floor":23,"turns":4},{"damage":29,"enemies":"Slavers","floor":24,"turns":4},{"damage":4,"enemies":"Book of Stabbing","floor":28,"turns":4},{"damage":0,"enemies":"Slavers","floor":29,"turns":5},{"damage":0,"enemies":"Nightmare","floor":30,"turns":5},{"damage":0,"enemies":"Centurion and Healer","floor":31,"turns":1},{"damage":12,"enemies":"Collector","floor":33,"turns":4},{"damage":0,"enemies":"3 Shapes","floor":35,"turns":1},{"damage":0,"enemies":"infinitespire:Three Voidlings","floor":36,"turns":3},{"damage":17,"enemies":"Nightmare_Alpha","floor":36,"turns":8}],"seed_played":"5052944462598612235","potions_obtained":[{"floor":1,"key":"LiquidBronze"},{"floor":4,"key":"BottledMiracle"},{"floor":5,"key":"PowerPotion"},{"floor":6,"key":"Block Potion"},{"floor":7,"key":"Ambrosia"},{"floor":19,"key":"Strength Potion"},{"floor":24,"key":"DistilledChaos"},{"floor":29,"key":"infinitespire:BlackPotion"}],"is_trial":true,"path_per_floor":["M","M","M","M","M","E","E","R","T","$","R","E","R","E","R","B",null,"M","M","M","$","?","E","E","AVR","T","R","E","E","NM","M","R","B",null,"M","?"],"character_chosen":"WATCHER","items_purchased":["White Noise","Capacitor","infinitespire:Golems Mask","Doom and Gloom","Tiny Chest","TheAbacus","Study"],"campfire_rested":1,"item_purchase_floors":[10,10,21,21,21,21,21],"current_hp_per_floor":[70,59,59,59,49,49,49,58,58,58,67,67,72,63,72,72,72,72,63,65,65,65,65,38,38,38,72,68,84,86,86,86,77,94,97,83,83],"gold":982,"neow_bonus":"","is_daily":false,"chose_seed":false,"campfire_upgraded":4,"win_rate":0.0,"timestamp":1609091966,"path_taken":["M","M","M","M","M","E","E","R","T","$","R","E","R","E","R","BOSS","M","M","M","$","?","E","E","AVR","T","R","E","E","NM","M","R","BOSS","M","?"],"items_purchased_type":["Card","Card","Relic","Card","Relic","Relic","Card"],"build_version":"2020-12-22","purchased_purges":1,"victory":false,"max_hp_per_floor":[72,72,72,72,72,72,72,72,72,72,72,72,72,72,72,72,72,72,72,72,72,72,72,72,72,72,72,72,86,86,86,86,89,94,97,100,100],"card_choices":[{"not_picked":["Fiend Fire","Venomology"],"picked":"Brilliance","floor":6},{"not_picked":["Exhume","Unload"],"picked":"Wish","floor":7},{"not_picked":["Fiend Fire","Night Terror"],"picked":"Omniscience","floor":12},{"not_picked":["Echo Form","Fiend Fire"],"picked":"Bludgeon","floor":14},{"not_picked":["Unload","Venomology"],"picked":"LessonLearned","floor":16},{"not_picked":["Brilliance","Malaise","Ragnarok"],"picked":"SKIP","floor":23},{"not_picked":["MasterReality","Establishment"],"picked":"Creative AI","floor":24},{"not_picked":["Wish","A Thousand Cuts","Impervious"],"picked":"SKIP","floor":28},{"not_picked":["Phantasmal Killer","Immolate"],"picked":"Feed","floor":29},{"not_picked":["Die Die Die","Thunder Strike"],"picked":"Bullet Time","floor":30},{"not_picked":["Tools of the Trade+1","Wish"],"picked":"Machine Learning+1","floor":33},{"not_picked":["infinitespire:Gouge","infinitespire:SevenWalls"],"picked":"infinitespire:Punishment","floor":36},{"not_picked":["Bane+1","ClearTheMind+1"],"picked":"Crescendo+1","floor":36}],"player_experience":105627,"relics_obtained":[{"floor":1,"key":"Damaru"},{"floor":2,"key":"infinitespire:BottledMercury"},{"floor":3,"key":"Eternal Feather"},{"floor":4,"key":"Akabeko"},{"floor":5,"key":"HornCleat"},{"floor":6,"key":"Regal Pillow"},{"floor":7,"key":"Gambling Chip"},{"floor":9,"key":"Centennial Puzzle"},{"floor":12,"key":"Gremlin Horn"},{"floor":14,"key":"Lantern"},{"floor":18,"key":"Old Coin"},{"floor":19,"key":"Blood Vial"},{"floor":20,"key":"CeramicFish"},{"floor":23,"key":"TungstenRod"},{"floor":23,"key":"Pocketwatch"},{"floor":24,"key":"Anchor"},{"floor":24,"key":"Bottled Flame"},{"floor":26,"key":"CloakClasp"},{"floor":28,"key":"Girya"},{"floor":28,"key":"The Courier"},{"floor":29,"key":"Mango"},{"floor":29,"key":"Bag of Marbles"},{"floor":30,"key":"infinitespire:Magic Flask"},{"floor":30,"key":"Ice Cream"},{"floor":31,"key":"Frozen Egg 2"},{"floor":35,"key":"Letter Opener"},{"floor":36,"key":"Prayer Wheel"}],"event_choices":[{"damage_healed":0,"gold_gain":0,"player_choice":"Ignored","damage_taken":0,"max_hp_gain":0,"max_hp_loss":0,"event_name":"betterNote:BetterNote","floor":22,"gold_loss":0,"cards_obtained":["DevaForm"]}],"is_beta":false,"boss_relics":[{"not_picked":["Runic Dome","VioletLotus"],"picked":"Black Star"},{"not_picked":["Coffee Dripper","Runic Pyramid"],"picked":"Tiny House"}],"items_purged_floors":[21],"is_endless":false,"potions_floor_spawned":[1,4,5,6,7,19,23,24,29,31],"killed_by":"Nightmare_Alpha","ascension_level":0}}