{"host":"l017gercouzhorma","time":1609038255,"event":{"mods":["AchievementEnabler","Aspiration","BaseMod","Challenge The Spire","Conspire","Downfall","Halation","Hermit","Hubris","Infinite Spire","Jorbs\u0027s Wanderer Trilogy","Mad Scientist","Marisa????????","Mimic Mod","Minty Spire (QoL Compilation)","Random Character Button","Rare Cards Sparkle","Relic Stats","Replay The Spire","Shade Mod","StSLib","The Cursed","The Disciple","The Hierophant","The Jungle","The Runesmith","The Servant 0.9.4"],"gold_per_floor":[116,291,291,291,308,308,343,366,366,366,366],"floor_reached":10,"playtime":663,"items_purged":[],"score":91,"play_id":"c67b7c48-4b76-4c96-9640-6ea5f8850271","local_time":"20201226200415","is_ascension_mode":false,"campfire_choices":[{"data":"Echoward","floor":6,"key":"SMITH"}],"circlet_count":0,"master_deck":["Strike_Br","Strike_Br","Strike_Br","Defend_Br","Defend_Br","Defend_Br","SecondHand","PatternShift","LockedMawBank","Doubt","WakeUpCall+1","LockedAnchor","Echoward+1","LockedTurtyl","Goo"],"relics":["Chronometer","NeowsBlessing","halation:BlackBeret"],"acts_visited":["Exordium"],"potions_floor_usage":[10],"damage_taken":[{"damage":0,"enemies":"Jaw Worm","floor":1,"turns":1},{"damage":0,"enemies":"2 Louse","floor":5,"turns":1},{"damage":0,"enemies":"Lagavulin","floor":7,"turns":1},{"damage":33,"enemies":"Cultist","floor":8,"turns":7},{"damage":34,"enemies":"Gremlin Nob","floor":10,"turns":4}],"seed_played":"-7451218158621827500","potions_obtained":[{"floor":1,"key":"Reflective Coating"}],"is_trial":false,"path_per_floor":["M","?","?","?","M","R","E","M","T","E"],"character_chosen":"CHRONO_CLASS","items_purchased":[],"campfire_rested":0,"item_purchase_floors":[],"current_hp_per_floor":[65,65,65,65,65,65,65,32,32,0,0],"gold":366,"neow_bonus":"THREE_ENEMY_KILL","is_daily":false,"chose_seed":false,"campfire_upgraded":1,"win_rate":0.0,"timestamp":1609038255,"path_taken":["M","?","?","?","M","R","E","M","T","E"],"items_purchased_type":[],"build_version":"2020-12-22","purchased_purges":0,"victory":false,"max_hp_per_floor":[65,65,65,65,65,65,65,65,65,65,65],"relic_stats":{"counters":[5,14],"obtain_stats":[{"halation:BlackBeret":7,"NeowsBlessing":0,"Chronometer":0},{"halation:BlackBeret":3,"NeowsBlessing":0,"Chronometer":0},{"halation:BlackBeret":3,"NeowsBlessing":0,"Chronometer":0}]},"card_choices":[{"not_picked":["HandsUpC","Backlash"],"picked":"LockedMawBank","floor":1},{"not_picked":["Accruing","BlueShift"],"picked":"Echoward","floor":5},{"not_picked":["ExoVibe","BlueShift"],"picked":"LockedTurtyl","floor":7},{"not_picked":["LockedThread","HandsUpC"],"picked":"Goo","floor":8}],"player_experience":783687,"relics_obtained":[{"floor":7,"key":"halation:BlackBeret"}],"event_choices":[{"damage_healed":0,"gold_gain":175,"player_choice":"AGREE","damage_taken":0,"max_hp_gain":0,"max_hp_loss":0,"event_name":"Liars Game","floor":2,"gold_loss":0,"cards_obtained":["Doubt"]},{"damage_healed":0,"gold_gain":0,"cards_transformed":["Strike_Br"],"player_choice":"Transformed","damage_taken":0,"max_hp_gain":0,"max_hp_loss":0,"event_name":"Transmorgrifier","floor":4,"gold_loss":0,"cards_obtained":["LockedAnchor"]}],"is_beta":false,"boss_relics":[],"items_purged_floors":[],"is_endless":false,"potions_floor_spawned":[1],"killed_by":"Gremlin Nob","ascension_level":0}}