{"host":"27tk4xseidcli2mr","time":1609081674,"event":{"mods":["2.2 Compatiblity","AchievementEnabler","Aspiration","BaseMod","Better Third Choice","Conspire","Custom Start","Hubris","Jorbs\u0027s Wanderer Trilogy","Minty Spire (QoL Compilation)","Replay The Spire","StSLib","SuperFastMode","[IsaacMod]????"],"gold_per_floor":[117,117,134,134,134,134,168,212,212,228,254,280,280,328,328,435,435,471,489,522,539,546,546],"floor_reached":22,"playtime":650,"items_purged":[],"score":446,"play_id":"d5a5d69e-7725-47a0-b938-8c4dc53d4971","local_time":"20201227160754","is_ascension_mode":true,"campfire_choices":[{"floor":6,"key":"RECALL"},{"data":"1","floor":13,"key":"LIFT"},{"data":"2","floor":15,"key":"LIFT"}],"circlet_count":0,"master_deck":["AscendersBane","Strike_G","Strike_G","Strike_G","Strike_G","Strike_G","Defend_G","Defend_G","Defend_G","Defend_G","Survivor","Neutralize","Corpse Explosion","Slice","Deadly Poison","Backflip","Deadly Poison","Bouncing Flask","ReplayTheSpireMod:Scrap Shanks","ReplayTheSpireMod:Necrosis","Deflect","Replay:Poison Smokescreen+1","Prepared","Noxious Fumes"],"relics":["Ring of the Snake","HushsDoor","NeowsBlessing","SalivaCoin","Girya","Odd Mushroom","The Specimen","hubris:TinFlute","hubris:ScarierMask"],"acts_visited":["Exordium","TheCity"],"potions_floor_usage":[12,14,17,18,19],"damage_taken":[{"damage":0,"enemies":"Small Slimes","floor":1,"turns":1},{"damage":0,"enemies":"Cultist","floor":3,"turns":1},{"damage":0,"enemies":"Gremlin Nob","floor":7,"turns":1},{"damage":9,"enemies":"The Mushroom Lair","floor":8,"turns":3},{"damage":0,"enemies":"2 Louse","floor":10,"turns":2},{"damage":3,"enemies":"Looter","floor":11,"turns":4},{"damage":1,"enemies":"Red Slaver","floor":12,"turns":5},{"damage":9,"enemies":"Lagavulin","floor":14,"turns":6},{"damage":18,"enemies":"The Guardian","floor":16,"turns":9},{"damage":20,"enemies":"Shell Parasite","floor":18,"turns":5},{"damage":6,"enemies":"Spheric Guardian","floor":19,"turns":3},{"damage":29,"enemies":"Cultist and Chosen","floor":20,"turns":5},{"damage":0,"enemies":"3 Cultists","floor":21,"turns":3},{"damage":10,"enemies":"Shelled Parasite and Fungi","floor":22,"turns":1}],"seed_played":"9131236766676482193","potions_obtained":[{"floor":7,"key":"Elixir"},{"floor":10,"key":"LiquidBronze"},{"floor":11,"key":"Fruit Juice"},{"floor":14,"key":"Energy Potion"},{"floor":16,"key":"Fruit Juice"},{"floor":18,"key":"Block Potion"}],"is_trial":false,"path_per_floor":["M","?","M","?","?","R","E","?","T","M","M","M","R","E","R","B",null,"M","M","M","M","M"],"character_chosen":"THE_SILENT","items_purchased":[],"campfire_rested":0,"item_purchase_floors":[],"current_hp_per_floor":[59,59,59,59,59,59,59,50,50,50,47,51,51,42,42,24,64,44,38,9,9,0,0],"gold":546,"neow_bonus":"THREE_ENEMY_KILL","is_daily":false,"chose_seed":false,"campfire_upgraded":0,"win_rate":0.0,"timestamp":1609081674,"path_taken":["M","?","M","?","?","R","E","?","T","M","M","M","R","E","R","BOSS","M","M","M","M","M"],"items_purchased_type":[],"build_version":"2020-12-22","purchased_purges":0,"victory":false,"max_hp_per_floor":[66,66,66,66,66,66,66,66,66,66,66,71,71,71,71,71,76,76,76,76,76,76,76],"card_choices":[{"not_picked":["Deadly Poison","Flechettes"],"picked":"Corpse Explosion","floor":1},{"not_picked":["Reflex","Finisher"],"picked":"Slice","floor":3},{"not_picked":["PiercingWail","Bomb"],"picked":"Deadly Poison","floor":7},{"not_picked":["Sucker Punch","ReplayTheSpireMod:Speed Training"],"picked":"Backflip","floor":8},{"not_picked":["Dagger Throw","Slice"],"picked":"Deadly Poison","floor":10},{"not_picked":["ReplayTheSpireMod:Speed Training","Calculated Gamble"],"picked":"Bouncing Flask","floor":11},{"not_picked":["Slice","hubris:TrickCloak","Accuracy"],"picked":"SKIP","floor":12},{"not_picked":["hubris:Sniper","Underhanded Strike"],"picked":"ReplayTheSpireMod:Scrap Shanks","floor":14},{"not_picked":["Tools of the Trade","Die Die Die"],"picked":"ReplayTheSpireMod:Necrosis","floor":16},{"not_picked":["Dagger Spray","Sucker Punch"],"picked":"Deflect","floor":18},{"not_picked":["Acrobatics","Deflect"],"picked":"Replay:Poison Smokescreen+1","floor":19},{"not_picked":["hubris:SlightOfHand+1","Envenom"],"picked":"Prepared","floor":20},{"not_picked":["Infinite Blades+1","Deflect"],"picked":"Noxious Fumes","floor":21}],"player_experience":1240681,"relics_obtained":[{"floor":7,"key":"Girya"},{"floor":8,"key":"Odd Mushroom"},{"floor":9,"key":"The Specimen"},{"floor":14,"key":"hubris:TinFlute"}],"event_choices":[{"damage_healed":0,"gold_gain":0,"player_choice":"Fought Mushrooms","damage_taken":0,"max_hp_gain":0,"max_hp_loss":0,"event_name":"Mushrooms","floor":8,"gold_loss":0}],"is_beta":false,"boss_relics":[{"not_picked":["Replay:Bronze Core","aspiration:FutureDiary"],"picked":"hubris:ScarierMask"},{"not_picked":[]}],"items_purged_floors":[],"is_endless":false,"potions_floor_spawned":[7,10,11,14,16,18],"killed_by":"Shelled Parasite and Fungi","ascension_level":20}}