{"host":"34w8p723gpcx9kua","time":1609096283,"event":{"mods":["BaseMod","ChefMod","Colored Map","Colored Powertips","Googly Eyes","Lobotomy","Minty Spire (QoL Compilation)","Prisma Mod","StSLib","The IronCluck","The Marked","Yakumo Yukari mod"],"gold_per_floor":[135,154,154,154,329,329,254,254,254,304,304,324,324,357,357,357,357],"floor_reached":16,"playtime":2161,"items_purged":["Doubt"],"score":96,"play_id":"93ceb5cd-63c0-4cb5-8912-354726b1d63f","local_time":"20201227191123","is_ascension_mode":false,"campfire_choices":[{"data":"Shallow_ocean_purpleEX","floor":6,"key":"SMITH"},{"floor":8,"key":"REST"},{"data":"Line_surface_state_purple","floor":11,"key":"SMITH"},{"floor":15,"key":"REST"}],"circlet_count":0,"master_deck":["AT_purpleEX","AT_purpleEX+1","Defend_purpleEX","Defend_purpleEX","Defend_purpleEX","Defend_purpleEX","Observe_purple_1","Observe_purple_2+1","Line_surface_state_purple+1","Shallow_ocean_purpleEX+1","Mirror_WaveAndshot_purple","Anti_communist_purple"],"relics":["Boundary_crack","Memoryfragments_purpleEX","Vajra","Boot","Toy Ornithopter","MealTicket"],"acts_visited":["Exordium"],"potions_floor_usage":[],"damage_taken":[{"damage":2,"enemies":"Small Slimes","floor":1,"turns":4},{"damage":0,"enemies":"Jaw Worm","floor":2,"turns":3},{"damage":0,"enemies":"2 Louse","floor":12,"turns":2},{"damage":33,"enemies":"3 Sentries","floor":14,"turns":11},{"damage":59,"enemies":"The Guardian","floor":16,"turns":15}],"seed_played":"2566896511530187327","potions_obtained":[{"floor":14,"key":"SmokeBomb"}],"is_trial":false,"path_per_floor":["M","M","?","?","?","R","$","R","T","T","R","M","?","E","R","B"],"character_chosen":"Youkari","items_purchased":[],"campfire_rested":2,"item_purchase_floors":[],"current_hp_per_floor":[69,70,70,56,56,56,56,70,70,70,70,70,63,35,56,0,0],"gold":357,"neow_bonus":"RANDOM_COMMON_RELIC","is_daily":false,"chose_seed":false,"campfire_upgraded":2,"win_rate":0.0,"timestamp":1609096283,"path_taken":["M","M","?","?","?","R","?","R","T","?","R","M","?","E","R","BOSS"],"items_purchased_type":[],"build_version":"2020-12-22","purchased_purges":1,"victory":false,"max_hp_per_floor":[70,70,70,70,70,70,70,70,70,70,70,70,70,70,70,70,70],"card_choices":[{"not_picked":["SharpContractionReality_purple","RuptureOfTimeAndSpace_purple"],"picked":"Line_surface_state_purple","floor":1},{"not_picked":["Boundary_DreamRealityDamnation_purple","StateErode_purple"],"picked":"Shallow_ocean_purpleEX","floor":2},{"not_picked":["StateDuplicate_purple","Boundary_LightAndDark_purple"],"picked":"Mirror_WaveAndshot_purple","floor":12},{"not_picked":["Boundary_of_Extermination_purpleEX","UniverseChoice_purple"],"picked":"Anti_communist_purple","floor":14}],"player_experience":17273,"relics_obtained":[{"floor":9,"key":"Boot"},{"floor":10,"key":"Toy Ornithopter"},{"floor":14,"key":"MealTicket"}],"event_choices":[{"cards_removed":["AT_purpleEX"],"damage_healed":0,"gold_gain":0,"player_choice":"Forget","damage_taken":0,"max_hp_gain":0,"max_hp_loss":0,"event_name":"Living Wall","floor":3,"gold_loss":0},{"damage_healed":0,"gold_gain":0,"player_choice":"Entered Light","damage_taken":14,"max_hp_gain":0,"max_hp_loss":0,"event_name":"Shining Light","floor":4,"gold_loss":0,"cards_upgraded":["Observe_purple_2","AT_purpleEX"]},{"damage_healed":0,"gold_gain":175,"player_choice":"AGREE","damage_taken":0,"max_hp_gain":0,"max_hp_loss":0,"event_name":"Liars Game","floor":5,"gold_loss":0,"cards_obtained":["Doubt"]},{"cards_removed":["AT_purpleEX"],"damage_healed":0,"gold_gain":0,"player_choice":"Card Removal","damage_taken":7,"max_hp_gain":0,"max_hp_loss":0,"event_name":"Golden Wing","floor":13,"gold_loss":0}],"is_beta":false,"boss_relics":[],"items_purged_floors":[7],"is_endless":false,"potions_floor_spawned":[14],"killed_by":"The Guardian","ascension_level":0}}