{"host":"o7j6aatxjwpw1421","time":1609056893,"event":{"mods":["2.2 Compatiblity","AchievementEnabler","BaseMod","Colored Map","DeckTracker","Highlight Path","Keyboard Shortcuts","Minty Spire (QoL Compilation)","Permanent Neow","Quick Restart","StSLib","SuperFastMode","everything is the same but u backflip on backflip"],"gold_per_floor":[110,128,203,203,203,246,246,246,246,246,7,47,47,63,63,154,154,178,197,557,570,72,72,72],"floor_reached":23,"playtime":910,"items_purged":[],"score":400,"play_id":"7c8614da-f8f2-4981-83cf-61e1091692a2","local_time":"20201227171453","is_ascension_mode":true,"campfire_choices":[{"floor":8.0,"key":"REST"},{"data":"Deadly Poison","floor":10.0,"key":"SMITH"},{"floor":13.0,"key":"REST"},{"data":"Neutralize","floor":15.0,"key":"SMITH"}],"circlet_count":0,"master_deck":["AscendersBane","Strike_G","Strike_G","Strike_G","Strike_G","Defend_G","Defend_G","Defend_G","Defend_G","Defend_G","Survivor","Neutralize+1","Deadly Poison+1","Deflect","Blade Dance","PiercingWail","Well Laid Plans","Flying Knee","Acrobatics","Corpse Explosion","CurseOfTheBell","Poisoned Stab"],"relics":["Ring of the Snake","NeowsBlessing","Golden Idol","Tiny Chest","Paper Crane","TheAbacus","Pantograph","Calling Bell","Potion Belt","Letter Opener","Thread and Needle","Girya","Lee\u0027s Waffle"],"acts_visited":["Exordium","TheCity"],"potions_floor_usage":[],"damage_taken":[{"damage":0.0,"enemies":"Jaw Worm","floor":1.0,"turns":1.0},{"damage":0.0,"enemies":"2 Louse","floor":2.0,"turns":1.0},{"damage":0.0,"enemies":"Gremlin Nob","floor":6.0,"turns":1.0},{"damage":25.0,"enemies":"3 Sentries","floor":12.0,"turns":11.0},{"damage":0.0,"enemies":"Cultist","floor":14.0,"turns":3.0},{"damage":10.0,"enemies":"Hexaghost","floor":16.0,"turns":12.0},{"damage":8.0,"enemies":"Shell Parasite","floor":18.0,"turns":7.0},{"damage":3.0,"enemies":"2 Thieves","floor":19.0,"turns":2.0},{"damage":1.0,"enemies":"Snecko","floor":21.0,"turns":6.0},{"damage":60,"enemies":"Book of Stabbing","floor":23,"turns":7}],"seed_played":"5351347667166458064","potions_obtained":[{"floor":2.0,"key":"Fire Potion"},{"floor":6.0,"key":"FearPotion"},{"floor":18.0,"key":"SkillPotion"},{"floor":19.0,"key":"SpeedPotion"},{"floor":21.0,"key":"PowerPotion"}],"is_trial":false,"path_per_floor":["M","M","?","?","?","E","?","R","T","R","$","E","R","M","R","B",null,"M","M","?","M","$","E"],"character_chosen":"THE_SILENT","items_purchased":["TheAbacus","Well Laid Plans","Girya","Lee\u0027s Waffle"],"campfire_rested":2,"item_purchase_floors":[11,11,22,22],"current_hp_per_floor":[59,59,48,48,25,25,25,44,44,44,44,19,38,38,38,53,63,55,52,16,15,73,13,13],"gold":72,"neow_bonus":"THREE_ENEMY_KILL","is_daily":false,"chose_seed":false,"campfire_upgraded":2,"win_rate":0.0,"timestamp":1609056893,"path_taken":["M","M","?","?","?","E","?","R","T","R","$","E","R","M","R","BOSS","M","M","?","M","$","E"],"items_purchased_type":["Relic","Card","Relic","Relic"],"build_version":"2020-12-22","purchased_purges":0,"victory":false,"max_hp_per_floor":[66,66,66,66,66,66,66,66,66,66,66,66,66,66,66,66,66,66,66,66,66,73,73,73],"card_choices":[{"not_picked":["Flying Knee","Dagger Throw"],"picked":"Deadly Poison","floor":1.0},{"not_picked":["Eviscerate","Backstab"],"picked":"Deflect","floor":2.0},{"not_picked":["Caltrops","Heel Hook"],"picked":"Blade Dance","floor":6.0},{"not_picked":["Endless Agony","Blade Dance"],"picked":"Flying Knee","floor":12.0},{"not_picked":["Quick Slash","Slice"],"picked":"Acrobatics","floor":14.0},{"not_picked":["Night Terror","Phantasmal Killer"],"picked":"Corpse Explosion","floor":16.0},{"not_picked":["Flying Knee","Masterful Stab"],"picked":"Poisoned Stab","floor":18.0},{"not_picked":["Flying Knee+1","Dodge and Roll","Concentrate"],"picked":"SKIP","floor":19.0},{"not_picked":["Deflect+1","Dagger Throw","Caltrops"],"picked":"SKIP","floor":21.0}],"player_experience":396751,"relics_obtained":[{"floor":6.0,"key":"Tiny Chest"},{"floor":9.0,"key":"Paper Crane"},{"floor":12.0,"key":"Pantograph"},{"floor":17.0,"key":"Potion Belt"},{"floor":17.0,"key":"Letter Opener"},{"floor":17.0,"key":"Thread and Needle"}],"event_choices":[{"damage_healed":0.0,"max_hp_gain":0.0,"max_hp_loss":0.0,"gold_gain":75.0,"event_name":"World of Goop","player_choice":"Gather Gold","floor":3.0,"gold_loss":0.0,"damage_taken":11.0},{"cards_removed":["Strike_G"],"damage_healed":0.0,"max_hp_gain":0.0,"max_hp_loss":0.0,"gold_gain":0.0,"event_name":"Living Wall","player_choice":"Forget","floor":4.0,"gold_loss":0.0,"damage_taken":0.0},{"damage_healed":0.0,"max_hp_gain":0.0,"max_hp_loss":0.0,"gold_gain":0.0,"event_name":"Golden Idol","player_choice":"Take Damage","floor":5.0,"gold_loss":0.0,"damage_taken":23.0,"relics_obtained":["Golden Idol"]},{"damage_healed":0.0,"max_hp_gain":0.0,"max_hp_loss":0.0,"gold_gain":0.0,"event_name":"Match and Keep!","player_choice":"1 cards matched","floor":7.0,"gold_loss":0.0,"damage_taken":0.0,"cards_obtained":["PiercingWail"]},{"damage_healed":0.0,"max_hp_gain":0.0,"max_hp_loss":0.0,"gold_gain":360.0,"event_name":"Knowing Skull","player_choice":"GOLD GOLD GOLD GOLD ","floor":20.0,"potions_obtained":[],"gold_loss":0.0,"damage_taken":36.0,"cards_obtained":[]}],"is_beta":false,"boss_relics":[{"not_picked":["Fusion Hammer","Runic Dome"],"picked":"Calling Bell"}],"items_purged_floors":[],"is_endless":false,"potions_floor_spawned":[2,6,14,16,18,19,21],"killed_by":"Book of Stabbing","ascension_level":16}}