{"host":"u2grshebrc5rdzdn","time":1609027720,"event":{"mods":["AchievementEnabler","BaseMod","Minty Spire (QoL Compilation)","StSLib"],"gold_per_floor":[118,135,37,50,70,70,87,112,112,132,132,132,175,229,229,353,353,376,376,376,16,67,101,101,142,142,177,201,6,6,24,24,127,127,141,141,141,157,174,206,206,239,304,346,370,397,422,452,464,476],"floor_reached":51,"playtime":2692,"items_purged":["Strike_R","Strike_R","Strike_R"],"score":1290,"play_id":"46e27a98-eada-4c00-93e1-9a4004d8fcff","local_time":"20201227010840","is_ascension_mode":true,"campfire_choices":[{"data":"Bash","floor":6,"key":"SMITH"},{"floor":15,"key":"REST"},{"floor":24,"key":"REST"},{"floor":32,"key":"REST"},{"data":"Demon Form","floor":41,"key":"SMITH"},{"data":"Barricade","floor":49,"key":"SMITH"}],"circlet_count":0,"master_deck":["Defend_R","Defend_R","Defend_R","Bash+1","Pommel Strike","Clothesline","Corruption","Cleave","Spot Weakness","Feel No Pain","Shrug It Off","Immolate","Havoc+1","Demon Form+1","Metallicize+1","Shockwave","Whirlwind+1","Feel No Pain+1","Disarm+1","Metallicize","Impervious+1","Madness+1","Demon Form+1","Armaments+1","Heavy Blade+1","Barricade+1"],"relics":["Sozu","InkBottle","Torii","Bloody Idol","Prayer Wheel","HornCleat","Astrolabe","Enchiridion","Singing Bowl","Red Skull","StoneCalendar","Thread and Needle","Self Forming Clay","Toxic Egg 2","Runic Pyramid","Turnip","MawBank","Potion Belt","StrikeDummy"],"acts_visited":["Exordium","TheCity","TheBeyond"],"potions_floor_usage":[],"damage_taken":[{"damage":0,"enemies":"2 Louse","floor":1,"turns":2},{"damage":2,"enemies":"Jaw Worm","floor":2,"turns":3},{"damage":0,"enemies":"Small Slimes","floor":4,"turns":3},{"damage":6,"enemies":"Exordium Wildlife","floor":5,"turns":3},{"damage":1,"enemies":"2 Fungi Beasts","floor":7,"turns":3},{"damage":6,"enemies":"Gremlin Nob","floor":8,"turns":3},{"damage":13,"enemies":"3 Louse","floor":10,"turns":3},{"damage":25,"enemies":"Lagavulin","floor":13,"turns":5},{"damage":20,"enemies":"The Guardian","floor":16,"turns":9},{"damage":12,"enemies":"2 Thieves","floor":18,"turns":3},{"damage":6,"enemies":"Gremlin Leader","floor":23,"turns":5},{"damage":31,"enemies":"Slavers","floor":25,"turns":3},{"damage":8,"enemies":"Gremlin Leader","floor":27,"turns":4},{"damage":0,"enemies":"Shell Parasite","floor":28,"turns":5},{"damage":1,"enemies":"Shelled Parasite and Fungi","floor":31,"turns":4},{"damage":20,"enemies":"Champ","floor":33,"turns":7},{"damage":7,"enemies":"Orb Walker","floor":35,"turns":4},{"damage":0,"enemies":"3 Darklings","floor":38,"turns":4},{"damage":21,"enemies":"4 Shapes","floor":39,"turns":5},{"damage":0,"enemies":"Giant Head","floor":40,"turns":7},{"damage":29,"enemies":"Reptomancer","floor":42,"turns":5},{"damage":0,"enemies":"Nemesis","floor":44,"turns":7},{"damage":7,"enemies":"Sphere and 2 Shapes","floor":45,"turns":6},{"damage":6,"enemies":"3 Darklings","floor":46,"turns":3},{"damage":0,"enemies":"Spire Growth","floor":47,"turns":6},{"damage":1,"enemies":"Writhing Mass","floor":48,"turns":6},{"damage":51,"enemies":"Time Eater","floor":50,"turns":7}],"seed_played":"-6440285138715226678","potions_obtained":[],"is_trial":false,"path_per_floor":["M","M","$","M","M","R","M","E","T","M","?","T","E","?","R","B",null,"M","?","?","$","T","E","R","E","T","E","M","$","?","M","R","B",null,"M","?","?","M","M","E","R","E","T","E","M","M","M","M","R","B",null],"character_chosen":"IRONCLAD","items_purchased":["Clothesline","Singing Bowl","Metallicize"],"campfire_rested":3,"item_purchase_floors":[3,21,29],"current_hp_per_floor":[72,70,70,70,64,64,63,57,57,44,44,44,19,19,43,23,66,54,54,38,38,38,32,56,25,25,17,21,21,21,29,55,40,76,78,66,66,75,63,68,68,46,56,68,73,79,91,104,109,63],"gold":488,"neow_bonus":"BOSS_RELIC","is_daily":false,"chose_seed":false,"campfire_upgraded":3,"win_rate":0.0,"timestamp":1609027720,"path_taken":["M","M","$","M","M","R","M","E","T","M","?","?","E","?","R","BOSS","M","?","?","$","?","E","R","E","T","E","M","$","?","M","R","BOSS","M","?","?","M","M","E","R","E","T","E","M","M","M","M","R","BOSS"],"items_purchased_type":["Card","Relic","Card"],"build_version":"2020-12-22","purchased_purges":3,"victory":true,"max_hp_per_floor":[80,80,80,80,80,80,80,80,80,80,80,80,80,80,80,80,80,80,80,80,80,80,80,80,80,80,80,84,84,84,88,88,88,88,92,92,92,96,100,100,100,102,102,104,106,108,110,114,114,114],"card_choices":[{"not_picked":["Infernal Blade","Clash","Thunderclap"],"picked":"SKIP","floor":1},{"not_picked":["Headbutt","Power Through"],"picked":"Pommel Strike","floor":2},{"not_picked":["Entrench","Body Slam","Seeing Red"],"picked":"SKIP","floor":4},{"not_picked":["Feel No Pain","True Grit"],"picked":"Corruption","floor":5},{"not_picked":["Combust","Shrug It Off"],"picked":"Cleave","floor":7},{"not_picked":["Body Slam","Heavy Blade"],"picked":"Spot Weakness","floor":8},{"not_picked":["Pommel Strike","Twin Strike"],"picked":"Feel No Pain","floor":10},{"not_picked":["Flame Barrier","Flex"],"picked":"Shrug It Off","floor":13},{"not_picked":["Brutality","Bludgeon"],"picked":"Immolate","floor":16},{"not_picked":["Headbutt+1","Pommel Strike"],"picked":"Shockwave","floor":18},{"not_picked":["Clash","Iron Wave+1","Headbutt+1"],"picked":"SKIP","floor":18},{"not_picked":["Flex","Wild Strike"],"picked":"Whirlwind+1","floor":23},{"not_picked":["Sword Boomerang+1","Dual Wield"],"picked":"Feel No Pain+1","floor":25},{"not_picked":["Rupture+1","Iron Wave"],"picked":"Disarm+1","floor":27},{"not_picked":["Body Slam","Perfected Strike","Clothesline"],"picked":"Singing Bowl","floor":28},{"not_picked":["Impervious+1","Infernal Blade+1","Clothesline"],"picked":"Singing Bowl","floor":28},{"not_picked":["Twin Strike","Body Slam","Rampage"],"picked":"Singing Bowl","floor":31},{"not_picked":["Carnage","Twin Strike","Sword Boomerang+1"],"picked":"Singing Bowl","floor":31},{"not_picked":["Limit Break+1","Berserk"],"picked":"Impervious+1","floor":33},{"not_picked":["Dark Embrace","Clash+1","Wild Strike"],"picked":"Singing Bowl","floor":35},{"not_picked":["Blood for Blood","Rampage+1","Fire Breathing+1"],"picked":"Singing Bowl","floor":35},{"not_picked":["Twin Strike","True Grit+1","Wild Strike"],"picked":"Singing Bowl","floor":38},{"not_picked":["Rupture+1","Searing Blow","Havoc+1"],"picked":"Singing Bowl","floor":38},{"not_picked":["Headbutt","Pommel Strike+1","Flame Barrier+1"],"picked":"Singing Bowl","floor":39},{"not_picked":["Body Slam","Clash+1","Hemokinesis"],"picked":"Singing Bowl","floor":39},{"not_picked":["Pommel Strike","Shrug It Off+1"],"picked":"Demon Form","floor":40},{"not_picked":["Anger+1","Dark Embrace","Armaments+1"],"picked":"Singing Bowl","floor":42},{"not_picked":["Flame Barrier+1","Searing Blow+1","Sword Boomerang"],"picked":"Singing Bowl","floor":44},{"not_picked":["Shrug It Off+1","Spot Weakness+1"],"picked":"Armaments+1","floor":45},{"not_picked":["Pummel","Limit Break+1","Twin Strike"],"picked":"Singing Bowl","floor":45},{"not_picked":["Sword Boomerang","Anger+1"],"picked":"Heavy Blade+1","floor":46},{"not_picked":["Sword Boomerang","Thunderclap+1","Anger+1"],"picked":"Singing Bowl","floor":46},{"not_picked":["Flex+1","Rage+1"],"picked":"Barricade","floor":47},{"not_picked":["Anger","Twin Strike","Havoc+1"],"picked":"Singing Bowl","floor":47},{"not_picked":["Shrug It Off+1","Dark Embrace+1","Clash+1"],"picked":"Singing Bowl","floor":48},{"not_picked":["Whirlwind","Clothesline+1","Dark Embrace+1"],"picked":"Singing Bowl","floor":48}],"player_experience":381779,"relics_obtained":[{"floor":8,"key":"InkBottle"},{"floor":9,"key":"Torii"},{"floor":12,"key":"Prayer Wheel"},{"floor":13,"key":"HornCleat"},{"floor":20,"key":"Enchiridion"},{"floor":22,"key":"Red Skull"},{"floor":23,"key":"StoneCalendar"},{"floor":25,"key":"Thread and Needle"},{"floor":26,"key":"Self Forming Clay"},{"floor":27,"key":"Toxic Egg 2"},{"floor":40,"key":"Turnip"},{"floor":42,"key":"MawBank"},{"floor":43,"key":"Potion Belt"},{"floor":44,"key":"StrikeDummy"}],"event_choices":[{"damage_healed":0,"gold_gain":0,"player_choice":"Take Wound","damage_taken":0,"relics_obtained":["Golden Idol"],"max_hp_gain":0,"max_hp_loss":0,"event_name":"Golden Idol","floor":11,"gold_loss":0,"cards_obtained":["Injury"]},{"damage_healed":0,"gold_gain":54,"player_choice":"Gained Gold","damage_taken":0,"max_hp_gain":0,"max_hp_loss":0,"event_name":"Golden Wing","floor":14,"gold_loss":0},{"cards_removed":["Injury"],"damage_healed":0,"gold_gain":0,"player_choice":"Elegance","damage_taken":0,"max_hp_gain":0,"max_hp_loss":0,"event_name":"Back to Basics","floor":19,"gold_loss":0},{"damage_healed":0,"gold_gain":0,"player_choice":"Obtained Book","damage_taken":16,"max_hp_gain":0,"max_hp_loss":0,"event_name":"Cursed Tome","floor":20,"gold_loss":0},{"damage_healed":0,"gold_gain":0,"player_choice":"Gave Idol","damage_taken":0,"relics_obtained":["Bloody Idol"],"max_hp_gain":0,"max_hp_loss":0,"event_name":"Forgotten Altar","floor":30,"relics_lost":["Golden Idol"],"gold_loss":0},{"damage_healed":0,"gold_gain":0,"player_choice":"Embrace Madness","damage_taken":12,"max_hp_gain":0,"max_hp_loss":0,"event_name":"Winding Halls","floor":36,"gold_loss":0,"cards_obtained":["Madness","Madness"]},{"cards_removed":["Madness"],"damage_healed":0,"gold_gain":0,"player_choice":"Removed Skill","damage_taken":0,"max_hp_gain":0,"max_hp_loss":0,"event_name":"Falling","floor":37,"gold_loss":0}],"is_beta":false,"boss_relics":[{"not_picked":["SacredBark","Ectoplasm"],"picked":"Astrolabe"},{"not_picked":["Empty Cage","Calling Bell"],"picked":"Runic Pyramid"}],"items_purged_floors":[3,21,29],"is_endless":false,"potions_floor_spawned":[1,2,16,18,28,35,38,47,48],"ascension_level":8}}