{"host":"x565ttcahk6mfbvs","time":1609032801,"event":{"mods":["AchievementEnabler","BaseMod","BetterRewards","Downfall","Minty Spire (QoL Compilation)","Permanent Neow","Remove Card Discount Mod","StSLib"],"gold_per_floor":[110,90,107,107,64,90,90,100,126,137,172,172,172,192,192,271,271,271,271,271,34,34,34,34,34,34,34,34,34,34,34,34,34,34,34,34,34,34,34,34,34,34,34,34,34,34,34,34,34,34,34,34,34,34,34,34],"floor_reached":57,"playtime":2221,"items_purged":["Strike_R","Strike_R","Defend_R","Strike_R","Bash","Defend_R","Defend_R","Defend_R","Strike_R","Strike_R","Decay"],"score":3093,"play_id":"ad4e1492-4782-43ad-b90b-baaec805874e","local_time":"20201226193321","is_ascension_mode":true,"campfire_choices":[{"floor":7,"key":"RECALL"},{"floor":15,"key":"REST"},{"floor":23,"key":"REST"},{"floor":32,"key":"REST"},{"floor":40,"key":"REST"},{"floor":42,"key":"REST"},{"floor":49,"key":"REST"},{"floor":53,"key":"REST"}],"circlet_count":0,"master_deck":["AscendersBane","Feed+1","Feed+1","Feed+1","Feed+1","Feed+1","Feed+1","Feed+1","Feed+1","Feed+1","Feed+1","Demon Form+1","Demon Form+1","Rampage+1","Pommel Strike+1","Thunderclap+1","Bludgeon+1","Inflame+1","Inflame+1","Double Tap+1","Rupture+1","Dark Embrace+1","MasterReality+1","Feed+1","Feed+1","Feed+1","Feed+1","Feed+1","Feed+1","Feed+1","Feed+1","Feed+1","Feed+1","Feed+1","Feed+1","Feed+1","Feed+1","Feed+1","Feed+1","Demon Form+1"],"relics":["Black Blood","Dead Branch","Unceasing Top","Toxic Egg 2","Molten Egg 2","Frozen Egg 2","PreservedInsect","Gremlin Horn","Du-Vu Doll","Ectoplasm","Bag of Preparation","Red Skull","Peace Pipe","Mummified Hand","Sundial","Bottled Lightning","Bottled Tornado","Pen Nib"],"acts_visited":["Exordium","TheCity","TheBeyond","TheEnding"],"potions_floor_usage":[55],"damage_taken":[{"damage":1,"enemies":"Cultist","floor":1,"turns":3},{"damage":0,"enemies":"Small Slimes","floor":3,"turns":2},{"damage":0,"enemies":"3 Sentries","floor":6,"turns":2},{"damage":0,"enemies":"2 Louse","floor":8,"turns":2},{"damage":18,"enemies":"Lots of Slimes","floor":10,"turns":2},{"damage":4,"enemies":"Gremlin Nob","floor":11,"turns":2},{"damage":0,"enemies":"3 Louse","floor":14,"turns":1},{"damage":8,"enemies":"Slime Boss","floor":16,"turns":1},{"damage":18,"enemies":"Shell Parasite","floor":18,"turns":2},{"damage":6,"enemies":"3 Byrds","floor":19,"turns":2},{"damage":9,"enemies":"Centurion and Healer","floor":20,"turns":2},{"damage":0,"enemies":"Gremlin Leader","floor":24,"turns":1},{"damage":2,"enemies":"Chosen and Byrds","floor":28,"turns":1},{"damage":0,"enemies":"Snecko","floor":30,"turns":2},{"damage":0,"enemies":"3 Cultists","floor":31,"turns":2},{"damage":8,"enemies":"Collector","floor":33,"turns":3},{"damage":0,"enemies":"Orb Walker","floor":35,"turns":1},{"damage":25,"enemies":"3 Shapes","floor":36,"turns":2},{"damage":0,"enemies":"Maw","floor":38,"turns":2},{"damage":35,"enemies":"4 Shapes","floor":41,"turns":1},{"damage":18,"enemies":"Writhing Mass","floor":45,"turns":2},{"damage":0,"enemies":"Maw","floor":46,"turns":1},{"damage":58,"enemies":"Donu and Deca","floor":50,"turns":3},{"damage":4,"enemies":"Awakened One","floor":51,"turns":2},{"damage":0,"enemies":"Shield and Spear","floor":55,"turns":2},{"damage":138,"enemies":"The Heart","floor":56,"turns":4}],"seed_played":"542692333525457182","potions_obtained":[{"floor":1,"key":"Fire Potion"},{"floor":10,"key":"Strength Potion"},{"floor":41,"key":"FairyPotion"},{"floor":45,"key":"Block Potion"}],"is_trial":false,"path_per_floor":["M","$","M","?","$","E","R","M","T","M","E","?","?","M","R","B",null,"M","M","M","$","?","R","E","$","T","?","M","$","M","M","R","B",null,"M","M","?","M","?","R","M","R","T","$","M","M","T","M","R","B","B",null,"R","$","E","B",null],"character_chosen":"IRONCLAD","items_purchased":["Infernal Blade+1","Inflame+1","Bag of Preparation"],"campfire_rested":7,"item_purchase_floors":[5,21,21],"current_hp_per_floor":[73,73,83,83,83,91,91,99,99,99,101,75,75,81,111,109,111,103,107,112,112,112,127,127,127,127,127,131,131,131,143,143,141,143,143,138,138,150,150,151,132,155,155,155,149,159,159,159,159,121,137,166,175,175,179,57],"gold":34,"neow_bonus":"THREE_CARDS","is_daily":false,"chose_seed":false,"campfire_upgraded":0,"win_rate":0.0,"timestamp":1609032801,"path_taken":["M","$","M","?","$","E","R","M","T","?","E","?","?","M","R","BOSS","M","M","?","$","?","R","E","$","T","?","?","?","M","M","R","BOSS","M","M","?","?","?","R","M","R","T","?","?","M","?","M","R","BOSS","BOSS","R","$","E","BOSS"],"items_purchased_type":["Card","Card","Relic"],"build_version":"2020-12-22","purchased_purges":11,"victory":true,"max_hp_per_floor":[75,75,83,83,83,91,91,99,99,111,111,111,111,111,111,111,111,115,119,127,127,127,127,127,127,127,127,131,131,131,143,143,143,143,143,151,151,151,151,151,155,155,155,155,155,159,159,159,159,167,175,175,175,175,179,183],"card_choices":[{"not_picked":["Metallicize","Warcry","Ghostly Armor"],"picked":"SKIP","floor":1},{"not_picked":["Bloodletting+1","True Grit+1","Armaments+1"],"picked":"SKIP","floor":3},{"not_picked":["Cleave+1","Flame Barrier+1"],"picked":"Rampage+1","floor":6},{"not_picked":["Rupture+1","Disarm+1","Warcry+1"],"picked":"SKIP","floor":8},{"not_picked":["Body Slam+1","Seeing Red+1","Flame Barrier+1"],"picked":"SKIP","floor":10},{"not_picked":["Rampage+1","Hemokinesis+1"],"picked":"Pommel Strike+1","floor":11},{"not_picked":["Twin Strike+1","Infernal Blade+1"],"picked":"Thunderclap+1","floor":14},{"not_picked":["Juggernaut+1","Offering+1"],"picked":"Bludgeon+1","floor":16},{"not_picked":["Flame Barrier+1","Headbutt+1","Thunderclap+1"],"picked":"SKIP","floor":18},{"not_picked":["True Grit+1","Rampage+1","Clothesline+1"],"picked":"SKIP","floor":19},{"not_picked":["Second Wind+1","Blood for Blood+1","Pommel Strike+1"],"picked":"SKIP","floor":20},{"not_picked":["Body Slam+1","Sword Boomerang+1","Heavy Blade+1"],"picked":"SKIP","floor":24},{"not_picked":["Wild Strike+1","Intimidate+1"],"picked":"Double Tap+1","floor":28},{"not_picked":["Dropkick+1","Sentinel+1"],"picked":"Rupture+1","floor":30},{"not_picked":["Flex+1","Whirlwind+1","Thunderclap+1"],"picked":"SKIP","floor":31},{"not_picked":["Iron Wave+1","Warcry+1","Carnage+1"],"picked":"SKIP","floor":35},{"not_picked":["Body Slam+1","Rupture+1"],"picked":"Dark Embrace+1","floor":36},{"not_picked":["Wild Strike+1","Shrug It Off+1","Heavy Blade+1"],"picked":"SKIP","floor":38},{"not_picked":["Sword Boomerang+1","Clothesline+1","Burning Pact+1"],"picked":"SKIP","floor":41},{"not_picked":["Warcry+1","Pummel+1","Shockwave+1"],"picked":"SKIP","floor":45},{"not_picked":["Spot Weakness+1","Reaper+1","Flex+1"],"picked":"SKIP","floor":46},{"not_picked":["Armaments+1","Reckless Charge+1"],"picked":"Demon Form+1","floor":55}],"player_experience":296027,"relics_obtained":[{"floor":9,"key":"PreservedInsect"},{"floor":11,"key":"Gremlin Horn"},{"floor":24,"key":"Red Skull"},{"floor":43,"key":"Mummified Hand"},{"floor":47,"key":"Sundial"},{"floor":55,"key":"Pen Nib"}],"event_choices":[{"damage_healed":0,"gold_gain":0,"player_choice":"Cursed","damage_taken":0,"max_hp_gain":0,"max_hp_loss":0,"event_name":"Wheel of Change","floor":4,"gold_loss":0,"cards_obtained":["Decay"]},{"damage_healed":0,"gold_gain":0,"player_choice":"Success","damage_taken":26,"relics_obtained":["Du-Vu Doll"],"max_hp_gain":0,"max_hp_loss":0,"event_name":"Scrap Ooze","floor":12,"gold_loss":0},{"cards_removed":["Infernal Blade"],"damage_healed":0,"gold_gain":0,"player_choice":"Purged","damage_taken":0,"max_hp_gain":0,"max_hp_loss":0,"event_name":"Purifier","floor":13,"gold_loss":0},{"damage_healed":0,"gold_gain":0,"player_choice":"Simplicity","damage_taken":0,"max_hp_gain":0,"max_hp_loss":0,"event_name":"Back to Basics","floor":22,"gold_loss":0,"cards_upgraded":[]},{"damage_healed":0,"gold_gain":0,"player_choice":"Copied","damage_taken":0,"max_hp_gain":0,"max_hp_loss":0,"event_name":"Duplicator","floor":27,"gold_loss":0,"cards_obtained":["Inflame"]},{"damage_healed":0,"gold_gain":0,"player_choice":"Gave Potion","damage_taken":0,"relics_obtained":["Peace Pipe"],"max_hp_gain":0,"max_hp_loss":0,"event_name":"WeMeetAgain","floor":37,"gold_loss":0},{"damage_healed":0,"gold_gain":0,"player_choice":"Ignored","damage_taken":0,"max_hp_gain":0,"max_hp_loss":0,"event_name":"Transmorgrifier","floor":39,"gold_loss":0}],"is_beta":false,"boss_relics":[{"not_picked":["Empty Cage","Runic Dome"],"picked":"Ectoplasm"},{"not_picked":["Velvet Choker","Astrolabe"],"picked":"Black Blood"}],"items_purged_floors":[2,2,2,2,2,2,2,2,2,2,5],"is_endless":false,"potions_floor_spawned":[1,3,6,10,18,19,24,30,31,35,38,41,45],"ascension_level":20}}