{"host":"jewdtr7eremy7cl3","time":1609082790,"event":{"mods":["ATMod(阿瑾Mod)","Act Like it!","Arknights The Spire","BaseMod","Dota2Spire","Gensokyo","Lobotomy","LobotomyExtend","Minty Spire (QoL Compilation)","Remilia（蕾米莉亚）","Spicy Shops","StSLib","The Alterego","The Forsaken","The Servant 0.9.4","TheWitcher","WarShipGirlsR/战舰少女R mod","Yakumo Yukari mod","残留之物"],"gold_per_floor":[114,114,127,5,5,5,5,17,44,58,58,78,89,268,268,399,399,417,5,5,5,23,82,95,95,95],"floor_reached":25,"playtime":2135,"items_purged":[],"score":248,"play_id":"e4bb40ba-4e93-44c3-8cd1-30c8d363f9e9","local_time":"20201227232630","is_ascension_mode":false,"campfire_choices":[{"floor":6,"key":"REST"},{"floor":15,"key":"REST"}],"circlet_count":0,"master_deck":["ats:Strike C","ats:Strike G","ats:Strike S","ats:Strike V","ats:Armor Crushing Shot","ats:Defend","ats:Defend","ats:Defend","ats:Emotion Absorption","ShyLook","ats:Hammer On","WallGazer","ats:Part Time Job","Injury","ats:Defend Order","UniverseFragment","ats:Ignite","Scorched","ats:Volcano","OldLady","ats:Curse Doll","MHz","ats:Chain Hook","ats:Dogmatic Field","BlackSwan","ats:Explosion Area Strengthen+1","BlackSwan","OSAHOGD","ats:Poison Spread","ats:Spore Proliferation+1","DespairKnight","ats:Calcification"],"relics":["ats:Sanity","AT_ATBox","CogitoBucket","LetterFromLob","ats:Spiritual Recovery","MagicBullet_r","ats:Berate","Gensokyo:PortableGap","theForsaken:Gavel","BackwardClock","PlaceholderMod:DaolothFragment","ats:Originium","Dota2Spire:HandOfMidas","AT_TrinityForce","AT_EbonyIvory","Dota2Spire:BlackKingBar","ats:Originium","ats:Bonebreaker","TreeSap"],"acts_visited":["Gensokyo:Gensokyo","Gensokyo:Gensokyoer"],"potions_floor_usage":[16,16,16,16,16,24],"damage_taken":[{"damage":12,"enemies":"Gensokyo:Gryphon","floor":1,"turns":4},{"damage":11,"enemies":"Gensokyo:Python","floor":3,"turns":4},{"damage":2,"enemies":"Gensokyo:2_Kodama","floor":8,"turns":3},{"damage":0,"enemies":"Gensokyo:LivingMonolith","floor":10,"turns":3},{"damage":12,"enemies":"Gensokyo:CorruptedTreant","floor":12,"turns":2},{"damage":35,"enemies":"Gensokyo:Gryphon_and_Rabbit","floor":13,"turns":3},{"damage":21,"enemies":"Gensokyo:Cirno","floor":14,"turns":5},{"damage":35,"enemies":"Gensokyo:Reimu","floor":16,"turns":9},{"damage":0,"enemies":"Gensokyo:2_Gloops","floor":18,"turns":2},{"damage":39,"enemies":"Gensokyo:AngelMirror","floor":22,"turns":2},{"damage":2,"enemies":"Gensokyo:Koishi","floor":23,"turns":4},{"damage":34,"enemies":"Gensokyo:Wraith","floor":24,"turns":2},{"damage":8,"enemies":"Gensokyo:Tenshi","floor":25,"turns":1}],"seed_played":"4127838433630826984","potions_obtained":[{"floor":1,"key":"EntropicBrew"},{"floor":8,"key":"EssenceOfSteel"},{"floor":12,"key":"FearPotion"},{"floor":24,"key":"DuplicationPotion"}],"is_trial":false,"path_per_floor":["M","?","M","COS","?","R","E","M","T","M","?","M","M","E","R","B",null,"M","$","?","COS","M","E","M","E"],"character_chosen":"DOCTOR_CLASS","items_purchased":["AT_EbonyIvory","Dota2Spire:BlackKingBar"],"campfire_rested":2,"item_purchase_floors":[19,19],"current_hp_per_floor":[60,68,57,57,57,72,72,70,70,72,65,54,25,10,29,9,65,65,65,65,65,40,38,4,0,0],"gold":95,"neow_bonus":"","is_daily":false,"chose_seed":false,"campfire_upgraded":0,"win_rate":0.0,"timestamp":1609082790,"path_taken":["M","?","M","COS","?","R","E","M","T","?","?","M","M","E","R","BOSS","M","?","?","COS","?","E","M","E"],"items_purchased_type":["Relic","Relic"],"build_version":"2020-12-22","purchased_purges":0,"victory":false,"max_hp_per_floor":[72,72,72,72,72,72,72,72,72,72,65,65,65,65,65,65,65,65,65,65,65,65,62,62,62,62],"card_choices":[{"not_picked":["FairyFestival","SpiderBud"],"picked":"ShyLook","floor":1},{"not_picked":["ats:Childhood Dance","ats:Encircling Forest"],"picked":"ats:Hammer On","floor":1},{"not_picked":["BigBird","PunishingBird"],"picked":"WallGazer","floor":3},{"not_picked":["ats:Explosion Area Strengthen","ats:Cat Scratch"],"picked":"ats:Part Time Job","floor":3},{"not_picked":["CrumblingArmor","CherryBlossoms","Murderer"],"picked":"Singing Bowl","floor":8},{"not_picked":["CrumblingArmor","MHz"],"picked":"Bloodbath","floor":8},{"not_picked":["ats:Support Order","ats:Hammer On"],"picked":"ats:Defend Order","floor":8},{"not_picked":["CherryBlossoms","PunishingBird"],"picked":"UniverseFragment","floor":10},{"not_picked":["ats:Flame Of Heaven","ats:Very Hot Blade"],"picked":"ats:Ignite","floor":10},{"not_picked":["Scarecrow","SnowQueen"],"picked":"Scorched","floor":12},{"not_picked":["ats:LN2 Cannon","ats:Rapid Magazine"],"picked":"ats:Volcano","floor":12},{"not_picked":["GalaxyChild","OSAHOGD"],"picked":"OldLady","floor":13},{"not_picked":["ats:Rapid Magazine","ats:Steam Pump"],"picked":"ats:Curse Doll","floor":13},{"not_picked":["SpiderBud","FairyFestival"],"picked":"MHz","floor":14},{"not_picked":["ats:Hammer On","ats:Directed Diagnosis"],"picked":"ats:Chain Hook","floor":14},{"not_picked":["CherryBlossoms","Laetitia"],"picked":"CENSORED","floor":16},{"not_picked":["ats:Rat Pack","ats:Calcification"],"picked":"ats:Dogmatic Field","floor":16},{"not_picked":["QueenOfHatred","MeatLantern"],"picked":"BlackSwan","floor":18},{"not_picked":["ats:Collapsing Strike","ats:Guardian Obelisk+1"],"picked":"ats:Explosion Area Strengthen+1","floor":18},{"not_picked":["FieryBird","WhitesApple","DespairKnight"],"picked":"Singing Bowl","floor":22},{"not_picked":["WhitesApple","Wellcheers"],"picked":"OSAHOGD","floor":22},{"not_picked":["ats:Encircling Forest","ats:Consecutive Shot Auto+1"],"picked":"ats:Poison Spread","floor":22},{"not_picked":["CrumblingArmor","FieryBird","MeatLantern"],"picked":"Singing Bowl","floor":23},{"not_picked":["ats:Assault Order","ats:Rapid Magazine"],"picked":"ats:Spore Proliferation+1","floor":23},{"not_picked":["LittleHelper","Funeral"],"picked":"DespairKnight","floor":24},{"not_picked":["ats:Shell Defense","ats:Revitalization"],"picked":"ats:Calcification","floor":24}],"player_experience":131997,"relics_obtained":[{"floor":1,"key":"LetterFromLob"},{"floor":9,"key":"ats:Berate"},{"floor":14,"key":"ats:Originium"},{"floor":14,"key":"Dota2Spire:HandOfMidas"},{"floor":23,"key":"ats:Originium"},{"floor":23,"key":"ats:Bonebreaker"}],"event_choices":[],"is_beta":false,"boss_relics":[{"not_picked":["Black Star","Tiny House"],"picked":"AT_TrinityForce"}],"items_purged_floors":[],"is_endless":false,"potions_floor_spawned":[1,8,12,24],"killed_by":"Gensokyo:Tenshi","ascension_level":0}}