{"host":"y76clbnovzmw9ubx","time":1609076907,"event":{"mods":["AchievementEnabler","BaseMod","Minty Spire (QoL Compilation)","Permanent Neow","Relic Stats"],"gold_per_floor":[115,130,148,167,167,199,213,244,294,294,294],"floor_reached":10,"playtime":462,"items_purged":[],"score":160,"play_id":"34c14928-a3ee-44d9-b71a-453b7b9e752e","local_time":"20201227084827","is_ascension_mode":true,"campfire_choices":[],"circlet_count":0,"master_deck":["AscendersBane","Strike_R+1","Strike_R","Strike_R","Strike_R","Defend_R","Defend_R","Defend_R","Defend_R","Bash","Demon Form","Twin Strike","Pommel Strike","True Grit","Heavy Blade+1","Sword Boomerang"],"relics":["Burning Blood","Oddly Smooth Stone","Whetstone","Ancient Tea Set"],"acts_visited":["Exordium"],"potions_floor_usage":[4,8,10],"damage_taken":[{"damage":2,"enemies":"Cultist","floor":1,"turns":4},{"damage":3,"enemies":"2 Louse","floor":2,"turns":3},{"damage":14,"enemies":"Small Slimes","floor":3,"turns":3},{"damage":9,"enemies":"Red Slaver","floor":4,"turns":4},{"damage":35,"enemies":"Lagavulin","floor":6,"turns":7},{"damage":2,"enemies":"Looter","floor":7,"turns":5},{"damage":20,"enemies":"3 Sentries","floor":8,"turns":7},{"damage":32,"enemies":"Gremlin Nob","floor":10,"turns":3}],"seed_played":"-2688559856586606737","potions_obtained":[{"floor":2,"key":"LiquidMemories"},{"floor":6,"key":"LiquidBronze"},{"floor":7,"key":"Block Potion"},{"floor":8,"key":"Fire Potion"}],"is_trial":false,"path_per_floor":["M","M","M","M","?","E","M","E","T","E"],"character_chosen":"IRONCLAD","items_purchased":[],"campfire_rested":0,"item_purchase_floors":[],"current_hp_per_floor":[72,75,67,64,57,28,32,18,18,0,0],"gold":294,"neow_bonus":"ONE_RANDOM_RARE_CARD","is_daily":false,"chose_seed":false,"campfire_upgraded":0,"win_rate":0.0,"timestamp":1609076907,"path_taken":["M","M","M","M","?","E","M","E","T","E"],"items_purchased_type":[],"build_version":"2020-12-22","purchased_purges":0,"victory":false,"max_hp_per_floor":[75,75,75,75,75,75,75,75,75,75,75],"relic_stats":{"counters":[8,36],"Whetstone":["Heavy Blade","Strike_R"],"obtain_stats":[{"Oddly Smooth Stone":6,"Whetstone":8,"Ancient Tea Set":9,"Burning Blood":0},{"Oddly Smooth Stone":5,"Whetstone":7,"Ancient Tea Set":7,"Burning Blood":0},{"Oddly Smooth Stone":21,"Whetstone":33,"Ancient Tea Set":33,"Burning Blood":0}],"Burning Blood":42},"card_choices":[{"not_picked":["Clash","Perfected Strike"],"picked":"Twin Strike","floor":1},{"not_picked":["Havoc","Iron Wave"],"picked":"Pommel Strike","floor":2},{"not_picked":["Burning Pact","Sentinel","Rampage"],"picked":"SKIP","floor":3},{"not_picked":["Clash","Sentinel"],"picked":"True Grit","floor":4},{"not_picked":["True Grit","Berserk","Pommel Strike"],"picked":"SKIP","floor":6},{"not_picked":["Cleave","Pommel Strike"],"picked":"Heavy Blade","floor":7},{"not_picked":["Body Slam","Pommel Strike"],"picked":"Sword Boomerang","floor":8}],"player_experience":3004120,"relics_obtained":[{"floor":6,"key":"Oddly Smooth Stone"},{"floor":8,"key":"Whetstone"},{"floor":9,"key":"Ancient Tea Set"}],"event_choices":[{"cards_removed":["Strike_R"],"damage_healed":0,"gold_gain":0,"player_choice":"Card Removal","damage_taken":7,"max_hp_gain":0,"max_hp_loss":0,"event_name":"Golden Wing","floor":5,"gold_loss":0}],"is_beta":false,"boss_relics":[],"items_purged_floors":[],"is_endless":false,"potions_floor_spawned":[2,6,7,8],"killed_by":"Gremlin Nob","ascension_level":20}}