{"host":"rqd50iigewdjy74u","time":1609066295,"event":{"mods":["AchievementEnabler","BaseMod","BetterRewards","Custom Start","Minty Spire (QoL Compilation)","StSLib"],"gold_per_floor":[111,125,137,137,137,160,160,160,230,230,268,281,281,90,90,216,216,237,88,102,102,52,52,72,96,96,96,96,96],"floor_reached":28,"playtime":1135,"items_purged":["Strike_G","Strike_G"],"score":218,"play_id":"6e69556d-dc43-4837-b6d9-c4c4f64c6772","local_time":"20201227045135","is_ascension_mode":false,"campfire_choices":[{"data":"Deadly Poison","floor":7,"key":"SMITH"},{"data":"Caltrops","floor":13,"key":"SMITH"},{"data":"Noxious Fumes","floor":15,"key":"SMITH"},{"data":"Noxious Fumes","floor":23,"key":"SMITH"},{"data":"Bouncing Flask","floor":27,"key":"SMITH"}],"circlet_count":0,"master_deck":["Strike_G","Strike_G","Strike_G","Defend_G","Defend_G","Defend_G","Defend_G","Defend_G","Survivor","Neutralize","Deadly Poison+1","Deflect","Deadly Poison+1","Caltrops+1","Noxious Fumes+1","Wraith Form v2","CurseOfTheBell","Noxious Fumes+1","PiercingWail+1","Bouncing Flask+1"],"relics":["SacredBark","Golden Idol","InkBottle","Eternal Feather","Snake Skull","Membership Card","Calling Bell","Blood Vial","Pantograph","Ginger","Art of War","Unceasing Top"],"acts_visited":["Exordium","TheCity"],"potions_floor_usage":[11,24,24,28,28],"damage_taken":[{"damage":0,"enemies":"Small Slimes","floor":1,"turns":4},{"damage":3,"enemies":"Jaw Worm","floor":2,"turns":4},{"damage":0,"enemies":"2 Louse","floor":3,"turns":3},{"damage":2,"enemies":"Looter","floor":6,"turns":4},{"damage":24,"enemies":"Lagavulin","floor":11,"turns":6},{"damage":12,"enemies":"2 Fungi Beasts","floor":12,"turns":5},{"damage":45,"enemies":"Slime Boss","floor":16,"turns":9},{"damage":16,"enemies":"3 Byrds","floor":18,"turns":2},{"damage":19,"enemies":"Shell Parasite","floor":20,"turns":4},{"damage":18,"enemies":"3 Cultists","floor":24,"turns":5},{"damage":39,"enemies":"Centurion and Healer","floor":25,"turns":6},{"damage":31,"enemies":"Cultist and Chosen","floor":28,"turns":4}],"seed_played":"834824049875928439","potions_obtained":[{"floor":6,"key":"Regen Potion"},{"floor":11,"key":"BlessingOfTheForge"},{"floor":16,"key":"ColorlessPotion"},{"floor":18,"key":"ColorlessPotion"},{"floor":25,"key":"Energy Potion"}],"is_trial":false,"path_per_floor":["M","M","M","?","T","M","R","?","T","?","E","M","R","$","R","B",null,"M","$","M","?","$","R","M","M","T","R","M"],"character_chosen":"THE_SILENT","items_purchased":["Membership Card","Noxious Fumes","Noxious Fumes","Art of War"],"campfire_rested":0,"item_purchase_floors":[14,14,19,19],"current_hp_per_floor":[70,67,67,50,50,48,48,48,48,48,61,49,58,58,67,22,70,54,54,37,60,60,69,52,15,15,27,0,0],"gold":96,"neow_bonus":"BOSS_RELIC","is_daily":false,"chose_seed":false,"campfire_upgraded":5,"win_rate":0.0,"timestamp":1609066295,"path_taken":["M","M","M","?","?","M","R","?","T","?","E","M","R","?","R","BOSS","M","$","M","?","$","R","M","M","T","R","M"],"items_purchased_type":["Relic","Card","Card","Relic"],"build_version":"2020-12-22","purchased_purges":2,"victory":false,"max_hp_per_floor":[70,70,70,70,70,70,70,70,70,70,70,70,70,70,70,70,70,70,70,70,70,70,70,70,70,70,70,70,70],"card_choices":[{"not_picked":["Dodge and Roll","Underhanded Strike"],"picked":"Deadly Poison","floor":1},{"not_picked":["Escape Plan","Terror"],"picked":"Deflect","floor":2},{"not_picked":["Blade Dance","Backstab"],"picked":"Deadly Poison","floor":3},{"not_picked":["Cloak And Dagger","Terror","All Out Attack"],"picked":"SKIP","floor":6},{"not_picked":["Predator","Dodge and Roll","Footwork"],"picked":"SKIP","floor":11},{"not_picked":["Predator","Sucker Punch"],"picked":"Caltrops","floor":12},{"not_picked":["Storm of Steel","Unload"],"picked":"Wraith Form v2","floor":16},{"not_picked":["Skewer+1","Riddle With Holes","Slice+1"],"picked":"SKIP","floor":18},{"not_picked":["Backflip","Dagger Throw+1","Cloak And Dagger"],"picked":"SKIP","floor":20},{"not_picked":["Flying Knee","Eviscerate"],"picked":"PiercingWail+1","floor":24},{"not_picked":["Finisher","Dagger Spray"],"picked":"Bouncing Flask","floor":25}],"player_experience":116570,"relics_obtained":[{"floor":5,"key":"InkBottle"},{"floor":9,"key":"Eternal Feather"},{"floor":11,"key":"Snake Skull"},{"floor":17,"key":"Blood Vial"},{"floor":17,"key":"Pantograph"},{"floor":17,"key":"Ginger"},{"floor":26,"key":"Unceasing Top"}],"event_choices":[{"damage_healed":0,"gold_gain":0,"player_choice":"Take Damage","damage_taken":17,"relics_obtained":["Golden Idol"],"max_hp_gain":0,"max_hp_loss":0,"event_name":"Golden Idol","floor":4,"gold_loss":0},{"damage_healed":0,"gold_gain":0,"player_choice":"Grow","damage_taken":0,"max_hp_gain":0,"max_hp_loss":0,"event_name":"Living Wall","floor":8,"gold_loss":0,"cards_upgraded":["Deadly Poison"]},{"damage_healed":0,"gold_gain":0,"player_choice":"Ignored","damage_taken":0,"max_hp_gain":0,"max_hp_loss":0,"event_name":"Liars Game","floor":10,"gold_loss":0},{"damage_healed":23,"gold_gain":0,"player_choice":"Heal","damage_taken":0,"max_hp_gain":0,"max_hp_loss":0,"event_name":"The Library","floor":21,"gold_loss":0}],"is_beta":false,"boss_relics":[{"not_picked":["Fusion Hammer","Philosopher\u0027s Stone"],"picked":"Calling Bell"}],"items_purged_floors":[19,22],"is_endless":false,"potions_floor_spawned":[6,11,16,18,25],"killed_by":"Cultist and Chosen","ascension_level":0}}