{"host":"ilxricga2547gmyy","time":1609103698,"event":{"mods":["AchievementEnabler","BaseMod","Minty Spire (QoL Compilation)","Quick Restart","StSLib"],"gold_per_floor":[99,99,99,49,49,49,49,49,49,49,49,49,49,49,49,49,49,49,49,49,49,49,49,49],"floor_reached":23,"playtime":880,"items_purged":[],"score":320,"play_id":"dacd774c-9b07-4d5d-aebc-9409816b7253","local_time":"20201227221458","is_ascension_mode":true,"campfire_choices":[{"floor":10,"key":"REST"},{"data":"Armaments","floor":13,"key":"SMITH"},{"floor":15,"key":"REST"}],"circlet_count":0,"master_deck":["AscendersBane","Strike_R","Strike_R+1","Strike_R","Strike_R","Defend_R","Defend_R+1","Defend_R+1","Defend_R+1","Bash","Power Through","Intimidate","Twin Strike","Reaper","Armaments+1","Warcry","Spot Weakness","Immolate","Searing Blow+1","Cleave","Flame Barrier+1","Armaments"],"relics":["Ectoplasm","Strawberry","Letter Opener","War Paint","Regal Pillow","Happy Flower","SacredBark"],"acts_visited":["Exordium","TheCity"],"potions_floor_usage":[6,8,14,20,22,23],"damage_taken":[{"damage":6,"enemies":"Small Slimes","floor":1,"turns":4},{"damage":20,"enemies":"3 Sentries","floor":6,"turns":9},{"damage":0,"enemies":"Jaw Worm","floor":7,"turns":3},{"damage":19,"enemies":"Lagavulin","floor":8,"turns":6},{"damage":1,"enemies":"2 Louse","floor":11,"turns":2},{"damage":5,"enemies":"Blue Slaver","floor":12,"turns":4},{"damage":24,"enemies":"Gremlin Nob","floor":14,"turns":4},{"damage":18,"enemies":"Slime Boss","floor":16,"turns":15},{"damage":8,"enemies":"Spheric Guardian","floor":18,"turns":4},{"damage":38,"enemies":"Shell Parasite","floor":19,"turns":5},{"damage":0,"enemies":"Centurion and Healer","floor":20,"turns":8},{"damage":3,"enemies":"Chosen and Byrds","floor":21,"turns":5},{"damage":44,"enemies":"Snecko","floor":22,"turns":6},{"damage":36,"enemies":"Book of Stabbing","floor":23,"turns":4}],"seed_played":"8703944351205425136","potions_obtained":[{"floor":1,"key":"PowerPotion"},{"floor":6,"key":"Swift Potion"},{"floor":7,"key":"SteroidPotion"},{"floor":11,"key":"ElixirPotion"},{"floor":18,"key":"Regen Potion"},{"floor":22,"key":"ColorlessPotion"}],"is_trial":false,"path_per_floor":["M","?","T","?","$","E","M","E","T","R","M","M","R","E","R","B",null,"M","M","M","M","M","E"],"character_chosen":"IRONCLAD","items_purchased":[],"campfire_rested":2,"item_purchase_floors":[],"current_hp_per_floor":[66,50,57,57,57,37,37,18,18,59,66,66,66,48,87,74,84,79,41,51,54,33,0,0],"gold":49,"neow_bonus":"BOSS_RELIC","is_daily":false,"chose_seed":false,"campfire_upgraded":1,"win_rate":0.0,"timestamp":1609103698,"path_taken":["M","?","?","?","?","E","M","E","T","R","M","?","R","E","R","BOSS","M","M","M","M","M","E"],"items_purchased_type":[],"build_version":"2020-12-22","purchased_purges":0,"victory":false,"max_hp_per_floor":[80,80,87,87,87,87,87,87,87,87,87,87,87,87,87,87,87,87,87,87,87,87,87,87],"card_choices":[{"not_picked":["Evolve","Flex"],"picked":"Power Through","floor":1},{"not_picked":["Hemokinesis","Body Slam"],"picked":"Intimidate","floor":6},{"not_picked":["Battle Trance","Iron Wave"],"picked":"Twin Strike","floor":7},{"not_picked":["Evolve","Heavy Blade"],"picked":"Reaper","floor":8},{"not_picked":["Body Slam","Sentinel"],"picked":"Armaments","floor":11},{"not_picked":["Anger","Rupture"],"picked":"Warcry","floor":12},{"not_picked":["Bloodletting","Power Through"],"picked":"Spot Weakness","floor":14},{"not_picked":["Barricade","Feed"],"picked":"Immolate","floor":16},{"not_picked":["Disarm","Thunderclap"],"picked":"Searing Blow+1","floor":18},{"not_picked":["Perfected Strike","Sever Soul","Second Wind"],"picked":"SKIP","floor":19},{"not_picked":["Entrench+1","Battle Trance"],"picked":"Cleave","floor":20},{"not_picked":["Burning Pact","Thunderclap"],"picked":"Flame Barrier+1","floor":21},{"not_picked":["Rampage+1","Perfected Strike"],"picked":"Armaments","floor":22}],"player_experience":256749,"relics_obtained":[{"floor":3,"key":"Strawberry"},{"floor":6,"key":"Letter Opener"},{"floor":8,"key":"War Paint"},{"floor":9,"key":"Regal Pillow"},{"floor":14,"key":"Happy Flower"}],"event_choices":[{"damage_healed":0,"gold_gain":0,"player_choice":"Entered Light","damage_taken":16,"max_hp_gain":0,"max_hp_loss":0,"event_name":"Shining Light","floor":2,"gold_loss":0,"cards_upgraded":["Strike_R","Defend_R"]},{"cards_removed":["Strike_R"],"damage_healed":0,"gold_gain":0,"player_choice":"Card Removal","damage_taken":0,"max_hp_gain":0,"max_hp_loss":0,"event_name":"The Cleric","floor":4,"gold_loss":50}],"is_beta":false,"boss_relics":[{"not_picked":["Mark of Pain","Calling Bell"],"picked":"SacredBark"}],"items_purged_floors":[],"is_endless":false,"potions_floor_spawned":[1,6,7,11,18,22],"killed_by":"Book of Stabbing","ascension_level":10}}