{"host":"6vv0uythevi5qk1w","time":1609066601,"event":{"mods":["Act Like it!","BaseMod","Downfall","Gensokyo","Minty Spire (QoL Compilation)","Remilia£®¿Ÿ√◊¿Ú—«£©","Replay The Spire","StSLib"],"gold_per_floor":[117,134,134,134,35,35,54,54,107,107,107,370,0,182,182,278,278,289,289,302,110,110,110,138,138,138,138,138,138,138,138],"floor_reached":30,"playtime":1529,"items_purged":["Clumsy"],"score":362,"play_id":"574d40e5-7f29-4edd-8512-2d35421f991b","local_time":"20201227185641","is_ascension_mode":true,"campfire_choices":[{"data":"Dualcast","floor":6.0,"key":"SMITH"},{"data":"Zap","floor":11.0,"key":"SMITH"},{"data":"Strike_B","floor":15.0,"key":"PURGE"},{"data":"Writhe","floor":23,"key":"PURGE"},{"data":"ReplayTheSpireMod:Omega Cannon","floor":29,"key":"SMITH"}],"circlet_count":0,"master_deck":["Strike_B","Dualcast+1","Buffer+1","Undo+1","All For One","Coolheaded","ReplayTheSpireMod:Omega Cannon+1","Gensokyo:Shovel","Gensokyo:BlemishedSteel","Gensokyo:RustyChest","Echo Form"],"relics":["Astrolabe","Gensokyo:NagashiBinaDoll","Gensokyo:PortableGap","Gensokyo:Justice","Peace Pipe","Replay:Rubber Ducky","Runic Pyramid","Replay:Wax Seal","ReplayTheSpireMod:Ninjato","Frozen Egg 2","ReplayFunnel"],"acts_visited":["Exordium","Gensokyo:Gensokyo"],"potions_floor_usage":[],"damage_taken":[{"damage":0.0,"enemies":"Gensokyo:Gryphon","floor":1.0,"turns":4.0},{"damage":4.0,"enemies":"Gensokyo:2_Kodama","floor":2.0,"turns":4.0},{"damage":0.0,"enemies":"Gensokyo:Python","floor":7.0,"turns":8.0},{"damage":10.0,"enemies":"Gensokyo:CorruptedTreant","floor":12.0,"turns":5.0},{"damage":0.0,"enemies":"Gensokyo:Cirno","floor":14.0,"turns":4.0},{"damage":12.0,"enemies":"Gensokyo:Kokoro","floor":16.0,"turns":13.0},{"damage":0.0,"enemies":"Gensokyo:Chomper","floor":18.0,"turns":4.0},{"damage":0.0,"enemies":"Gensokyo:CosmicMonolith","floor":20.0,"turns":4.0},{"damage":29,"enemies":"Gensokyo:Reisen","floor":24,"turns":7},{"damage":42,"enemies":"Gensokyo:Tenshi","floor":30,"turns":3}],"seed_played":"2166625483074124464","potions_obtained":[{"floor":1.0,"key":"Swift Potion"},{"floor":2.0,"key":"Dexterity Potion"},{"floor":7.0,"key":"AttackPotion"},{"floor":14.0,"key":"Explosive Potion"}],"is_trial":false,"path_per_floor":["M","M","$","?","COS","R","M","?","T","?","R","M","$","E","R","B",null,"M","?","M","COS","?","R","E","?","T","$","T","R","E"],"character_chosen":"DEFECT","items_purchased":["Peace Pipe"],"campfire_rested":0,"item_purchase_floors":[13],"current_hp_per_floor":[68,64,64,64,64,64,64,64,64,64,64,54,54,54,54,42,62,62,62,62,62,62,62,33,33,33,33,33,33,0,0],"gold":138,"neow_bonus":"BOSS_RELIC","is_daily":false,"chose_seed":false,"campfire_upgraded":3,"win_rate":0.0,"timestamp":1609066601,"path_taken":["M","?","?","?","COS","R","M","?","T","?","R","M","$","E","R","BOSS","M","?","M","COS","?","R","E","?","T","?","?","R","E"],"items_purchased_type":["Relic"],"build_version":"2020-12-22","purchased_purges":1,"victory":false,"max_hp_per_floor":[75,75,75,75,75,75,75,68,68,68,68,68,68,68,68,68,68,68,68,68,68,68,68,68,68,68,68,68,68,68,68],"card_choices":[{"not_picked":["ReplayTheSpireMod:Reroute Power","Stack","Melter"],"picked":"SKIP","floor":1.0},{"not_picked":["Stack","BasicCrystalCard","Ball Lightning"],"picked":"SKIP","floor":2.0},{"not_picked":["ReplayTheSpireMod:System Scan","Ball Lightning","Steam"],"picked":"SKIP","floor":7.0},{"not_picked":["Reboot","Meteor Strike"],"picked":"All For One","floor":12.0},{"not_picked":["Streamline","Gash"],"picked":"Coolheaded","floor":12.0},{"not_picked":["Genetic Algorithm","Hyperbeam","BasicCrystalCard"],"picked":"SKIP","floor":14.0},{"not_picked":["Multi-Cast","Reboot"],"picked":"ReplayTheSpireMod:Omega Cannon","floor":16.0},{"not_picked":["Go for the Eyes","Auto Shields","Ball Lightning"],"picked":"SKIP","floor":18.0},{"not_picked":["Sweeping Beam+1","BasicCrystalCard","Streamline"],"picked":"SKIP","floor":20.0},{"not_picked":["Gash","ReplaySolidLightProjector","Melter"],"picked":"SKIP","floor":24}],"player_experience":429349,"relics_obtained":[{"floor":14.0,"key":"Replay:Rubber Ducky"},{"floor":24,"key":"Replay:Wax Seal"},{"floor":26,"key":"ReplayTheSpireMod:Ninjato"},{"floor":28,"key":"Frozen Egg 2"}],"event_choices":[],"is_beta":false,"boss_relics":[{"not_picked":["Empty Cage","ReplayTheSpireMod:DimensionalGlitch"],"picked":"Runic Pyramid"}],"items_purged_floors":[13],"is_endless":false,"potions_floor_spawned":[1,2,7,14],"killed_by":"Gensokyo:Tenshi","ascension_level":8}}