{"host":"p6s16n2sj7zvsuor","time":1609087532,"event":{"mods":["BaseMod","Minty Spire (QoL Compilation)"],"gold_per_floor":[119,132,57,75,95,95,95,95,168,178,194,205,205,215,215,320,320,336,198,213,213,14,45,45,58,104,67,79,79,90,123,123,123,123],"floor_reached":33,"playtime":1650,"items_purged":["Pain","Strike_G","Strike_G"],"score":326,"play_id":"c2e7d912-8e4e-4d0a-b3fd-590fc93c4473","local_time":"20201227184532","is_ascension_mode":true,"campfire_choices":[{"data":"Sucker Punch","floor":6,"key":"SMITH"},{"data":"Footwork","floor":8,"key":"SMITH"},{"data":"Blur","floor":13,"key":"SMITH"},{"data":"Deadly Poison","floor":15,"key":"SMITH"},{"floor":24,"key":"REST"},{"data":"Footwork","floor":29,"key":"SMITH"},{"floor":32,"key":"REST"}],"circlet_count":0,"master_deck":["Strike_G","Defend_G","Defend_G","Defend_G","Defend_G","Defend_G","Survivor","Neutralize+1","Sucker Punch+1","Deadly Poison+1","Deadly Poison","Footwork+1","Poisoned Stab","Blur+1","Footwork+1","Outmaneuver","Adrenaline","Blur","Blur","Flechettes","Caltrops","Outmaneuver","Escape Plan"],"relics":["Ring of the Snake","Bottled Flame","Busted Crown","Bag of Preparation","Art of War","Red Mask"],"acts_visited":["Exordium","TheCity"],"potions_floor_usage":[4,23,23,23,25],"damage_taken":[{"damage":1,"enemies":"Cultist","floor":1,"turns":4},{"damage":2,"enemies":"Jaw Worm","floor":2,"turns":4},{"damage":10,"enemies":"2 Louse","floor":4,"turns":3},{"damage":25,"enemies":"Large Slime","floor":5,"turns":8},{"damage":0,"enemies":"Looter","floor":10,"turns":3},{"damage":7,"enemies":"3 Louse","floor":11,"turns":4},{"damage":0,"enemies":"Exordium Wildlife","floor":12,"turns":5},{"damage":0,"enemies":"Blue Slaver","floor":14,"turns":5},{"damage":17,"enemies":"The Guardian","floor":16,"turns":10},{"damage":10,"enemies":"Shell Parasite","floor":18,"turns":6},{"damage":0,"enemies":"Spheric Guardian","floor":20,"turns":5},{"damage":30,"enemies":"Gremlin Leader","floor":23,"turns":9},{"damage":7,"enemies":"Centurion and Healer","floor":25,"turns":10},{"damage":15,"enemies":"Shelled Parasite and Fungi","floor":28,"turns":5},{"damage":2,"enemies":"Chosen and Byrds","floor":30,"turns":5},{"damage":23,"enemies":"Masked Bandits","floor":31,"turns":8},{"damage":36,"enemies":"Champ","floor":33,"turns":15}],"seed_played":"8069303155280266590","potions_obtained":[{"floor":1,"key":"Weak Potion"},{"floor":4,"key":"GhostInAJar"},{"floor":5,"key":"SkillPotion"},{"floor":11,"key":"ColorlessPotion"},{"floor":23,"key":"Regen Potion"}],"is_trial":false,"path_per_floor":["M","M","$","M","M","R","?","R","T","M","M","M","R","M","R","B",null,"M","$","M","?","$","E","R","M","T","$","M","R","M","?","R","B"],"character_chosen":"THE_SILENT","items_purchased":["Blur","Blur","Caltrops"],"campfire_rested":2,"item_purchase_floors":[19,22,27],"current_hp_per_floor":[69,67,67,57,32,32,32,32,32,32,25,25,25,25,25,8,55,45,45,45,45,45,15,36,44,44,44,29,29,27,4,25,0,0],"gold":123,"neow_bonus":"TRANSFORM_TWO_CARDS","is_daily":false,"chose_seed":false,"campfire_upgraded":5,"win_rate":0.0,"timestamp":1609087532,"path_taken":["M","M","$","M","M","R","?","R","T","M","M","?","R","M","R","BOSS","M","$","?","?","$","E","R","M","T","?","M","R","?","?","R","BOSS"],"items_purchased_type":["Card","Card","Card"],"build_version":"2020-12-22","purchased_purges":3,"victory":false,"max_hp_per_floor":[70,70,70,70,70,70,70,70,70,70,70,70,70,70,70,70,70,70,70,70,70,70,70,70,70,70,70,70,70,70,70,70,70,70],"card_choices":[{"not_picked":["Distraction","Slice"],"picked":"Deadly Poison","floor":1},{"not_picked":["Accuracy","Finisher","Flying Knee"],"picked":"SKIP","floor":2},{"not_picked":["Flechettes","Escape Plan"],"picked":"Footwork","floor":4},{"not_picked":["PiercingWail","Outmaneuver"],"picked":"Poisoned Stab","floor":5},{"not_picked":["Acrobatics","Prepared"],"picked":"Blur","floor":10},{"not_picked":["Outmaneuver","Flying Knee","Slice"],"picked":"SKIP","floor":11},{"not_picked":["Flying Knee","Reflex"],"picked":"Footwork","floor":12},{"not_picked":["Slice","Dodge and Roll"],"picked":"Outmaneuver","floor":14},{"not_picked":["Tools of the Trade","Unload"],"picked":"Adrenaline","floor":16},{"not_picked":["Dagger Throw"],"picked":"SKIP","floor":18},{"not_picked":["Endless Agony"],"picked":"SKIP","floor":20},{"not_picked":["Flying Knee"],"picked":"SKIP","floor":23},{"not_picked":[],"picked":"Flechettes","floor":25},{"not_picked":[],"picked":"Outmaneuver","floor":28},{"not_picked":[],"picked":"Escape Plan","floor":30}],"player_experience":772138,"relics_obtained":[{"floor":9,"key":"Bottled Flame"},{"floor":23,"key":"Bag of Preparation"},{"floor":26,"key":"Art of War"},{"floor":31,"key":"Red Mask"}],"event_choices":[{"damage_healed":0,"gold_gain":0,"player_choice":"Forge","damage_taken":0,"max_hp_gain":0,"max_hp_loss":0,"event_name":"Accursed Blacksmith","floor":7,"gold_loss":0,"cards_upgraded":["Neutralize"]},{"damage_healed":0,"gold_gain":0,"player_choice":"Ignored","damage_taken":0,"max_hp_gain":0,"max_hp_loss":0,"event_name":"Ghosts","floor":21,"gold_loss":0},{"damage_healed":0,"gold_gain":0,"player_choice":"Fought Bandits","damage_taken":0,"max_hp_gain":0,"max_hp_loss":0,"event_name":"Masked Bandits","floor":31,"gold_loss":0}],"is_beta":false,"boss_relics":[{"not_picked":["SacredBark","Snecko Eye"],"picked":"Busted Crown"}],"items_purged_floors":[3,19,22],"is_endless":false,"potions_floor_spawned":[1,4,5,11,14,23],"killed_by":"Champ","ascension_level":5}}