{"host":"e4wnmsyty9uvvtwf","time":1609050241,"event":{"mods":["Aspiration","BaseMod","Colored Map","Colored Powertips","Marisa£®ÏF”Í°°ƒß¿Ì…≥£©","Minty Spire (QoL Compilation)","Rare Cards Sparkle","Replay The Spire","StSLib"],"gold_per_floor":[113,113,12,27,37,37,52,102,127,127,155,135,148,166,166,241,241,258,278,278,278,87,87,87,98,178,178,178,228,228,242,242,321,321,338,355,355,380,380,380],"floor_reached":39,"playtime":1405,"items_purged":["Pain"],"score":1005,"play_id":"89aa9b6d-410e-430d-a4ff-c71324cf1b85","local_time":"20201227142401","is_ascension_mode":true,"campfire_choices":[{"data":"ReplayTheSpireMod:Muscle Training","floor":6.0,"key":"SMITH"},{"data":"Spot Weakness","floor":10.0,"key":"SMITH"},{"data":"Flame Barrier","floor":15.0,"key":"SMITH"},{"floor":23.0,"key":"REST"},{"floor":27.0,"key":"REST"},{"data":"Demon Form","floor":30.0,"key":"SMITH"},{"floor":32,"key":"REST"}],"circlet_count":0,"master_deck":["AscendersBane","Strike_R","Strike_R","Defend_R","Defend_R","Defend_R","Defend_R","ReplayTheSpireMod:Muscle Training+1","Inflame","Flex","Metallicize","Spot Weakness+1","Flame Barrier+1","Impervious","Metallicize","Thunderclap","Demon Form+1","Reckless Charge","Flash of Steel","ReplayTheSpireMod:LeadingStrike","Seeing Red","Body Slam","Eclipse","Bash","Demonic Infusion"],"relics":["Burning Blood","WarpedTongs","Juzu Bracelet","Orichalcum","Busted Crown","MutagenicStrength","Enchiridion","Gremlin Horn","Replay:Drink Me","Ginger"],"acts_visited":["Exordium","TheCity","TheBeyond"],"potions_floor_usage":[33],"damage_taken":[{"damage":14.0,"enemies":"Small Slimes","floor":1.0,"turns":7.0},{"damage":1.0,"enemies":"Cultist","floor":4.0,"turns":3.0},{"damage":4.0,"enemies":"Jaw Worm","floor":5.0,"turns":5.0},{"damage":25.0,"enemies":"Gremlin Gang","floor":7.0,"turns":6.0},{"damage":4.0,"enemies":"Lagavulin","floor":11.0,"turns":9.0},{"damage":4.0,"enemies":"Red Slaver","floor":13.0,"turns":5.0},{"damage":9.0,"enemies":"Large Slime","floor":14.0,"turns":7.0},{"damage":21.0,"enemies":"Hexaghost","floor":16.0,"turns":13.0},{"damage":17.0,"enemies":"Spheric Guardian","floor":18.0,"turns":6.0},{"damage":16.0,"enemies":"Shell Parasite","floor":19.0,"turns":7.0},{"damage":16.0,"enemies":"Snake Plant","floor":25.0,"turns":5.0},{"damage":19,"enemies":"Shelled Parasite and Fungi","floor":31,"turns":4},{"damage":43,"enemies":"Pondfish","floor":33,"turns":8},{"damage":10,"enemies":"Orb Walker","floor":35,"turns":3},{"damage":25,"enemies":"3 Darklings","floor":36,"turns":6},{"damage":6,"enemies":"Mind Bloom Boss Battle","floor":38,"turns":8},{"damage":36,"enemies":"Jaw Worm Horde","floor":39,"turns":2}],"seed_played":"6454938417254447565","potions_obtained":[{"floor":4.0,"key":"ColorlessPotion"},{"floor":5.0,"key":"LiquidBronze"},{"floor":12.0,"key":"Toxic Potion"},{"floor":13.0,"key":"Weak Potion"},{"floor":19.0,"key":"Elixir"},{"floor":33,"key":"Fire Potion"}],"is_trial":false,"path_per_floor":["M","?","$","M","M","R","M","?","T","R","E","?","M","M","R","B",null,"M","M","?","?","$","R","?","M","T","R","?","?","R","M","R","B",null,"M","M","?","?","M"],"character_chosen":"IRONCLAD","items_purchased":["Flex","Flash of Steel","ReplayTheSpireMod:LeadingStrike"],"campfire_rested":3,"item_purchase_floors":[3,22,22],"current_hp_per_floor":[60,60,60,65,67,67,48,41,41,41,43,43,45,42,42,27,63,52,42,42,21,21,43,43,33,33,55,34,34,34,21,45,8,47,43,24,24,24,0,0],"gold":380,"neow_bonus":"TRANSFORM_CARD","is_daily":false,"chose_seed":false,"campfire_upgraded":4,"win_rate":0.0,"timestamp":1609050241,"path_taken":["M","?","$","?","M","R","M","?","T","R","E","?","M","M","R","BOSS","M","M","?","?","$","R","?","M","T","R","?","?","R","M","R","BOSS","M","M","?","?","M"],"items_purchased_type":["Card","Card","Card"],"build_version":"2020-12-22","purchased_purges":1,"victory":false,"max_hp_per_floor":[75,75,75,75,75,75,75,75,75,75,75,75,75,75,75,75,75,75,75,75,75,75,75,75,75,75,75,80,80,80,80,80,80,60,60,60,60,60,60,60],"card_choices":[{"not_picked":["Shrug It Off","Blood for Blood"],"picked":"Inflame","floor":1.0},{"not_picked":["ReplayTheSpireMod:Strike From Hell","Cleave"],"picked":"Metallicize","floor":4.0},{"not_picked":["Warcry","Body Slam"],"picked":"Spot Weakness","floor":5.0},{"not_picked":["Headbutt","Second Wind"],"picked":"Flame Barrier","floor":7.0},{"not_picked":["Rampage","Infernal Blade"],"picked":"Impervious","floor":11.0},{"not_picked":["Thunderclap","Abandon"],"picked":"Metallicize","floor":13.0},{"not_picked":["Abandon","Hemokinesis"],"picked":"Thunderclap","floor":14.0},{"not_picked":["Juggernaut","Double Tap"],"picked":"Demon Form","floor":16.0},{"not_picked":["Havoc"],"picked":"SKIP","floor":18.0},{"not_picked":[],"picked":"Reckless Charge","floor":19.0},{"not_picked":[],"picked":"Seeing Red","floor":25.0},{"not_picked":[],"picked":"Body Slam","floor":31},{"not_picked":[],"picked":"Eclipse","floor":33},{"not_picked":["Thunderclap"],"picked":"SKIP","floor":35},{"not_picked":["ReplayTheSpireMod:Strike From Hell+1"],"picked":"SKIP","floor":36}],"player_experience":656017,"relics_obtained":[{"floor":9.0,"key":"Juzu Bracelet"},{"floor":11.0,"key":"Orichalcum"},{"floor":21.0,"key":"Enchiridion"},{"floor":26.0,"key":"Gremlin Horn"},{"floor":38,"key":"Ginger"}],"event_choices":[{"damage_healed":0.0,"max_hp_gain":0.0,"max_hp_loss":0.0,"gold_gain":0.0,"event_name":"Accursed Blacksmith","player_choice":"Rummage","floor":2.0,"gold_loss":0.0,"damage_taken":0.0,"relics_obtained":["WarpedTongs"],"cards_obtained":["Pain"]},{"damage_healed":0.0,"max_hp_gain":0.0,"max_hp_loss":0.0,"gold_gain":50.0,"event_name":"FaceTrader","player_choice":"Touch","floor":8.0,"gold_loss":0.0,"damage_taken":7.0},{"damage_healed":0.0,"max_hp_gain":0.0,"max_hp_loss":0.0,"gold_gain":0.0,"event_name":"The Woman in Blue","player_choice":"Bought 1 Potion","floor":12.0,"gold_loss":0.0,"damage_taken":0.0},{"damage_healed":0.0,"max_hp_gain":0.0,"max_hp_loss":0.0,"gold_gain":0.0,"event_name":"Drug Dealer","player_choice":"Inject Mutagens","floor":20.0,"gold_loss":0.0,"damage_taken":0.0,"relics_obtained":["MutagenicStrength"]},{"damage_healed":0.0,"max_hp_gain":0.0,"max_hp_loss":0.0,"gold_gain":0.0,"event_name":"Cursed Tome","player_choice":"Obtained Book","floor":21.0,"gold_loss":0.0,"damage_taken":21.0},{"damage_healed":0.0,"max_hp_gain":5.0,"max_hp_loss":0.0,"gold_gain":0.0,"event_name":"Forgotten Altar","player_choice":"Shed Blood","floor":28.0,"gold_loss":0.0,"damage_taken":26.0},{"damage_healed":0.0,"max_hp_gain":0.0,"max_hp_loss":0.0,"gold_gain":100.0,"event_name":"The Joust","player_choice":"Bet on Murderer","floor":29.0,"gold_loss":50.0,"damage_taken":0.0},{"damage_healed":0,"gold_gain":0,"player_choice":"2 cards matched","damage_taken":0,"max_hp_gain":0,"max_hp_loss":0,"event_name":"Match and Keep!","floor":37,"gold_loss":0,"cards_obtained":["Bash","Demonic Infusion"]},{"damage_healed":0,"gold_gain":0,"player_choice":"Fight","damage_taken":0,"max_hp_gain":0,"max_hp_loss":0,"event_name":"MindBloom","floor":38,"gold_loss":0}],"is_beta":false,"boss_relics":[{"not_picked":["Tiny House","SlaversCollar"],"picked":"Busted Crown"},{"not_picked":["Runic Pyramid","Ooze Armor"],"picked":"Replay:Drink Me"}],"items_purged_floors":[3],"is_endless":false,"potions_floor_spawned":[4,5,13,16,19,33,36],"killed_by":"Jaw Worm Horde","ascension_level":18}}