{"host":"uyrebrj0204enqpc","time":1609082290,"event":{"mods":["Act Like it!","Bard","BaseMod","Block Reminder","Challenge The Spire","Colored Map","Colored Powertips","DeckTracker","Downfall","GifTheSpireLib","HexUI Lib","Highlight Path","Hubris","Infinite Spire","Minty Spire (QoL Compilation)","Pale of the Ancients","Quick Restart","Random Character Button","Relic Sorter","Relic Stats","Replay The Spire","Shop Mod","StSLib","The Blue Laboratory","The Bug Knight","The Cursed","The Jungle","The Marked","Wandering Minibosses"],"gold_per_floor":[112,13,13,13,27,27,46,81,134,134,148,148,148],"floor_reached":12,"playtime":779,"items_purged":["TheCursedMod:Defend_TheCursed"],"score":94,"play_id":"7e2e5285-7937-48f3-bd8e-4c1feaba068d","local_time":"20201227101810","is_ascension_mode":true,"campfire_choices":[{"data":"TheCursedMod:ForbiddenAlchemy","floor":6.0,"key":"SMITH"},{"data":"TheCursedMod:CleanUpWorkshop","floor":10.0,"key":"SMITH"}],"circlet_count":0,"master_deck":["TheCursedMod:Strike_TheCursed","TheCursedMod:Strike_TheCursed","TheCursedMod:Strike_TheCursed","TheCursedMod:Strike_TheCursed","TheCursedMod:Defend_TheCursed","TheCursedMod:Defend_TheCursed","TheCursedMod:Defend_TheCursed","TheCursedMod:CursedWand","TheCursedMod:CleanUpWorkshop+1","TheCursedMod:Dregs","TheCursedMod:ForbiddenAlchemy+1","TheCursedMod:SmokeScreen","Injury","TheCursedMod:SmokeScreen","TheCursedMod:ManaCirculation","TheCursedMod:CursedSpellbook"],"relics":["TheCursedMod:BlackMagic101","Golden Idol","ReplayTheSpireMod:TigerMarble","TungstenRod","Strawberry"],"acts_visited":["Exordium"],"potions_floor_usage":[12,12,12],"damage_taken":[{"damage":8.0,"enemies":"Cultist","floor":1.0,"turns":4.0},{"damage":17.0,"enemies":"2 Louse","floor":5.0,"turns":5.0},{"damage":0.0,"enemies":"Small Slimes","floor":7.0,"turns":3.0},{"damage":33.0,"enemies":"Lagavulin","floor":8.0,"turns":11.0},{"damage":3.0,"enemies":"Gremlin Gang","floor":11.0,"turns":8.0},{"damage":17,"enemies":"Replay:BlueRogue","floor":12,"turns":7}],"seed_played":"-3218875574758892288","potions_obtained":[{"floor":5.0,"key":"Ancient Potion"}],"is_trial":false,"path_per_floor":["M","$","?","?","M","R","M","E","T","R","M","E"],"character_chosen":"THE_CURSED","items_purchased":["TheCursedMod:FleshFromBone"],"campfire_rested":0,"item_purchase_floors":[2],"current_hp_per_floor":[67,67,67,67,58,58,58,25,32,32,29,12,12],"gold":148,"neow_bonus":"ONE_RANDOM_RARE_CARD","is_daily":false,"chose_seed":false,"campfire_upgraded":2,"win_rate":0.0,"timestamp":1609082290,"path_taken":["M","?","?","?","?","R","M","E","T","R","?","E"],"items_purchased_type":["Card"],"build_version":"2020-12-22","purchased_purges":1,"victory":false,"max_hp_per_floor":[75,75,75,75,75,75,75,75,82,82,82,82,82],"relic_stats":{"counters":[6,38],"Golden Idol":17,"obtain_stats":[{"TheCursedMod:BlackMagic101":0,"Golden Idol":3,"Strawberry":9,"ReplayTheSpireMod:TigerMarble":4,"TungstenRod":8},{"TheCursedMod:BlackMagic101":0,"Golden Idol":1,"Strawberry":4,"ReplayTheSpireMod:TigerMarble":1,"TungstenRod":4},{"TheCursedMod:BlackMagic101":0,"Golden Idol":4,"Strawberry":23,"ReplayTheSpireMod:TigerMarble":4,"TungstenRod":23}],"TungstenRod":12},"card_choices":[{"not_picked":["TheCursedMod:Stretching","TheCursedMod:CircleOfFlame"],"picked":"TheCursedMod:SmokeScreen","floor":1.0},{"not_picked":["TheCursedMod:CursedBlade","TheCursedMod:Obscuration"],"picked":"TheCursedMod:SmokeScreen","floor":5.0},{"not_picked":["TheCursedMod:SmokeScreen","TheCursedMod:SpitefulStrike"],"picked":"TheCursedMod:ManaCirculation","floor":7.0},{"not_picked":["TheCursedMod:Stretching","TheCursedMod:CursedMace","TheCursedMod:CursedArmor"],"picked":"SKIP","floor":8.0},{"not_picked":["TheCursedMod:Stretching","TheCursedMod:VitalStrike"],"picked":"TheCursedMod:CursedSpellbook","floor":11.0}],"player_experience":938857,"relics_obtained":[{"floor":8.0,"key":"TungstenRod"},{"floor":9.0,"key":"Strawberry"}],"event_choices":[{"damage_healed":0.0,"max_hp_gain":0.0,"max_hp_loss":0.0,"gold_gain":0.0,"event_name":"Golden Idol","player_choice":"Take Wound","floor":3.0,"gold_loss":0.0,"damage_taken":0.0,"relics_obtained":["Golden Idol"],"cards_obtained":["Injury"]},{"cards_removed":["TheCursedMod:FleshFromBone"],"damage_healed":0.0,"max_hp_gain":0.0,"max_hp_loss":0.0,"gold_gain":0.0,"event_name":"WeMeetAgain","player_choice":"Gave Card","floor":4.0,"gold_loss":0.0,"damage_taken":0.0,"relics_obtained":["ReplayTheSpireMod:TigerMarble"]}],"is_beta":false,"boss_relics":[],"items_purged_floors":[2],"is_endless":false,"potions_floor_spawned":[5],"killed_by":"Replay:BlueRogue","ascension_level":4}}