{"host":"baymyijz6sxaqj5s","time":1609055802,"event":{"mods":["AchievementEnabler","BaseMod","Colored Map","Colored Powertips","DeckTracker","KOR Keyword Fix","Keyboard Shortcuts","Minty Spire (QoL Compilation)","Quick Restart","StSLib","SuperFastMode"],"gold_per_floor":[117,117,130,130,110,110,124,124,124,124,139,139,151,151,151,255,255,272,272,289,362,379,379,399,399,424,434,434,449,459,459,459,459,459],"floor_reached":33,"playtime":757,"items_purged":[],"score":263,"play_id":"f3d0cd54-650f-43ac-acb8-6c815d16736d","local_time":"20201227165642","is_ascension_mode":true,"campfire_choices":[{"data":"Body Slam","floor":6,"key":"SMITH"},{"data":"Inflame","floor":8,"key":"SMITH"},{"data":"Twin Strike","floor":10,"key":"SMITH"},{"data":"Heavy Blade","floor":12,"key":"SMITH"},{"data":"Bash","floor":15,"key":"SMITH"},{"floor":23,"key":"REST"},{"floor":25,"key":"REST"},{"floor":28,"key":"REST"},{"data":"Power Through","floor":32,"key":"SMITH"}],"circlet_count":0,"master_deck":["Strike_R","Strike_R","Strike_R","Strike_R","Defend_R","Defend_R","Defend_R","Defend_R","Bash+1","Body Slam+1","Inflame+1","Twin Strike+1","Heavy Blade+1","Dark Embrace","Impervious","Power Through+1","Armaments+1","Spot Weakness"],"relics":["Burning Blood","TungstenRod","Mark of Pain","Mummified Hand","Anchor"],"acts_visited":["Exordium","TheCity"],"potions_floor_usage":[16,16,16,24,29],"damage_taken":[{"damage":10,"enemies":"Jaw Worm","floor":1,"turns":5},{"damage":7,"enemies":"2 Louse","floor":3,"turns":4},{"damage":1,"enemies":"Cultist","floor":7,"turns":3},{"damage":4,"enemies":"2 Fungi Beasts","floor":11,"turns":3},{"damage":6,"enemies":"Red Slaver","floor":13,"turns":4},{"damage":12,"enemies":"The Guardian","floor":16,"turns":8},{"damage":10,"enemies":"2 Thieves","floor":18,"turns":4},{"damage":27,"enemies":"3 Byrds","floor":20,"turns":7},{"damage":28,"enemies":"Snake Plant","floor":22,"turns":4},{"damage":18,"enemies":"Centurion and Healer","floor":24,"turns":4},{"damage":33,"enemies":"Sentry and Sphere","floor":27,"turns":6},{"damage":21,"enemies":"Cultist and Chosen","floor":29,"turns":7},{"damage":34,"enemies":"Centurion and Healer","floor":30,"turns":7},{"damage":124,"enemies":"Automaton","floor":33,"turns":12}],"seed_played":"5161155110412114212","potions_obtained":[{"floor":3,"key":"SkillPotion"},{"floor":5,"key":"BlessingOfTheForge"},{"floor":7,"key":"CultistPotion"},{"floor":13,"key":"EssenceOfSteel"},{"floor":20,"key":"SkillPotion"},{"floor":27,"key":"SpeedPotion"}],"is_trial":false,"path_per_floor":["M","?","M","?","?","R","M","R","T","R","M","R","M","?","R","B",null,"M","$","M","T","M","R","M","R","T","M","R","M","M","?","R","B"],"character_chosen":"IRONCLAD","items_purchased":[],"campfire_rested":3,"item_purchase_floors":[],"current_hp_per_floor":[84,89,88,88,88,88,93,93,93,93,93,93,93,93,93,87,93,89,89,68,68,46,73,61,88,88,61,88,73,45,76,76,0,0],"gold":459,"neow_bonus":"TEN_PERCENT_HP_BONUS","is_daily":false,"chose_seed":false,"campfire_upgraded":6,"win_rate":0.0,"timestamp":1609055802,"path_taken":["M","?","M","?","?","R","?","R","T","R","M","R","M","?","R","BOSS","M","$","M","?","M","R","M","R","T","M","R","M","M","?","R","BOSS"],"items_purchased_type":[],"build_version":"2020-12-22","purchased_purges":0,"victory":false,"max_hp_per_floor":[88,93,93,93,93,93,93,93,93,93,93,93,93,93,93,93,93,93,93,93,93,93,93,93,93,93,93,93,93,93,93,93,93,93],"card_choices":[{"not_picked":["Cleave","Blood for Blood"],"picked":"Body Slam","floor":1},{"not_picked":["Iron Wave","Pommel Strike"],"picked":"Inflame","floor":3},{"not_picked":["Wild Strike","Reckless Charge"],"picked":"Twin Strike","floor":7},{"not_picked":["Warcry","Clothesline"],"picked":"Heavy Blade","floor":11},{"not_picked":["Clash","Perfected Strike","Wild Strike"],"picked":"SKIP","floor":13},{"not_picked":["Brutality","Juggernaut"],"picked":"Impervious","floor":16},{"not_picked":["Bloodletting","Searing Blow","Evolve"],"picked":"SKIP","floor":18},{"not_picked":["Pommel Strike","Iron Wave","Headbutt"],"picked":"SKIP","floor":20},{"not_picked":["Twin Strike+1","Heavy Blade"],"picked":"Power Through","floor":22},{"not_picked":["Pommel Strike+1","Warcry"],"picked":"Armaments+1","floor":24},{"not_picked":["Flex","Pommel Strike"],"picked":"Spot Weakness","floor":27},{"not_picked":["Bludgeon","Iron Wave","Headbutt"],"picked":"SKIP","floor":29},{"not_picked":["Warcry","Headbutt","Armaments+1"],"picked":"SKIP","floor":30}],"player_experience":254282,"relics_obtained":[{"floor":9,"key":"TungstenRod"},{"floor":21,"key":"Mummified Hand"},{"floor":26,"key":"Anchor"}],"event_choices":[{"damage_healed":0,"gold_gain":0,"player_choice":"Donut","damage_taken":0,"max_hp_gain":5,"max_hp_loss":0,"event_name":"Big Fish","floor":2,"gold_loss":0},{"damage_healed":0,"gold_gain":0,"player_choice":"Ignored","damage_taken":0,"max_hp_gain":0,"max_hp_loss":0,"event_name":"Liars Game","floor":4,"gold_loss":0},{"damage_healed":0,"gold_gain":0,"player_choice":"Bought 1 Potion","damage_taken":0,"max_hp_gain":0,"max_hp_loss":0,"event_name":"The Woman in Blue","floor":5,"gold_loss":0},{"damage_healed":0,"gold_gain":0,"cards_transformed":["Strike_R"],"player_choice":"Transformed","damage_taken":0,"max_hp_gain":0,"max_hp_loss":0,"event_name":"Transmorgrifier","floor":14,"gold_loss":0,"cards_obtained":["Dark Embrace"]},{"damage_healed":31,"gold_gain":0,"player_choice":"Heal","damage_taken":0,"max_hp_gain":0,"max_hp_loss":0,"event_name":"The Library","floor":31,"gold_loss":0}],"is_beta":false,"boss_relics":[{"not_picked":["Runic Dome","Snecko Eye"],"picked":"Mark of Pain"}],"items_purged_floors":[],"is_endless":false,"potions_floor_spawned":[3,7,13,20,27],"killed_by":"Automaton","ascension_level":2}}