{"host":"4lebci84u2l5u89t","time":1609040879,"event":{"mods":["AchievementEnabler","Aspiration","Bard","BaseMod","Beaked The Cultist","Better Altar","Better Match","Better Note","Better Sensory Stone","Better Skull","Better Third Choice","BetterRewards","CCEM","Colored Map","Conspire","GifTheSpireLib","Googly Eyes","Halation","Hermit","Highlight Path","Hubris","Jedi Mod","Jorbs\u0027s Wanderer Trilogy","Lobotomy","LobotomyExtend","Mad Scientist","Marisa????????","Mimic Mod","Minty Spire (QoL Compilation)","Permanent Neow","Replay The Spire","Shade Mod","Spicy Shops","StSLib","Stuff the Spire","The Administrix","The Mystic","Unceasing Turn Reminder"],"gold_per_floor":[116,131,131,148,196,196,229,249,249,269,299,311,326,338,338,440,440,454,469,22,22,22,22,22,22,22,22,40,40,40,14,14,14,14],"floor_reached":33,"playtime":2048,"items_purged":["jedi:BattleThirst"],"score":332,"play_id":"e7ef22b8-6f75-4f1a-aa54-0f51015dda2f","local_time":"20201227044759","is_ascension_mode":false,"campfire_choices":[],"circlet_count":0,"master_deck":["SpecialBullet","SpecialBullet","SpecialBullet","SpecialBullet","SpecialBullet","SpecialBullet","SpecialBullet","SpecialBullet","CentralCode","InformationCode","SecurityCode","QueenBee","BearPaw","RedEyes","Regret_ego","Porccubus","RedShoes","MeatLantern","TheSmile","beaked:MaddeningMurmurs","BigBird","beaked:Overpower","OSAHOGD","beaked:Evade","DisciplinaryCode","LongBird","SpiderBud","beaked:BraceForImpact","ExtractionCode","SoundOfStar","DreamingCurrent","CherryBlossom","NakedNest","FeatherOfHonor","Scarecrow","beaked:Brace","Twilight","StuffTheSpire:PestControl","WelfareCode","LittleHelper","Regret_ego+1","WristCuter+1","TrainingCode"],"relics":["CogitoBucket","NeowsBlessing","LetterFromLob","hubris:DisguiseKit","Meat on the Bone","Replay:Baseball","LuminousBracelet","conspire:GlowingRock","jedi:shrinkray","FleshIdol","hubris:BlackHole","CCEMRelics:BiPhaseBiplane","Bag of Marbles","hubris:Icosahedron"],"acts_visited":["Exordium","TheCity"],"potions_floor_usage":[7,11,14],"damage_taken":[{"damage":0,"enemies":"Jaw Worm","floor":1,"turns":1},{"damage":0,"enemies":"2 Louse","floor":2,"turns":1},{"damage":0,"enemies":"Small Slimes","floor":4,"turns":1},{"damage":40,"enemies":"conspire:MimicChest","floor":5,"turns":9},{"damage":18,"enemies":"Lagavulin","floor":7,"turns":5},{"damage":34,"enemies":"Gremlin Gang","floor":8,"turns":4},{"damage":11,"enemies":"3 Louse","floor":10,"turns":2},{"damage":14,"enemies":"3 Sentries","floor":11,"turns":5},{"damage":0,"enemies":"Looter","floor":12,"turns":1},{"damage":2,"enemies":"Large Slime","floor":13,"turns":4},{"damage":49,"enemies":"2 Fungi Beasts","floor":14,"turns":5},{"damage":11,"enemies":"Fading Forest","floor":16,"turns":11},{"damage":24,"enemies":"Chosen","floor":18,"turns":6},{"damage":19,"enemies":"3 Byrds","floor":19,"turns":4},{"damage":18,"enemies":"Snake Plant","floor":28,"turns":2},{"damage":163,"enemies":"Champ","floor":33,"turns":14}],"seed_played":"5459920050867664980","potions_obtained":[{"floor":2,"key":"PowerPotion"},{"floor":10,"key":"LiquidBronze"},{"floor":13,"key":"Energy Potion"}],"is_trial":false,"path_per_floor":["M","M","?","M","?","R","E","M","T","M","E","M","M","M","R","B",null,"M","M","$","?","?","R","?","?","T","R","M","?","?","$","R","B"],"character_chosen":"Angela","items_purchased":["CCEMRelics:BiPhaseBiplane","Twilight","WristCuter+1"],"campfire_rested":0,"item_purchase_floors":[20,20,31],"current_hp_per_floor":[70,70,70,70,38,38,40,41,41,50,55,67,80,90,90,105,105,91,86,86,86,66,66,66,66,66,66,78,78,78,78,78,0,0],"gold":14,"neow_bonus":"THREE_ENEMY_KILL","is_daily":false,"chose_seed":false,"campfire_upgraded":0,"win_rate":0.0,"timestamp":1609040879,"path_taken":["M","M","?","M","?","R","E","M","T","M","E","M","M","M","R","BOSS","M","M","$","?","?","R","?","?","T","R","?","?","?","?","R","BOSS"],"items_purchased_type":["Relic","Card","Card"],"build_version":"2020-12-22","purchased_purges":1,"victory":false,"max_hp_per_floor":[70,70,70,70,70,70,70,85,85,85,89,93,97,101,101,105,105,109,113,113,113,113,113,113,113,113,113,117,117,117,117,117,117,117],"card_choices":[{"not_picked":["Bloodbath","BeautyBeast"],"picked":"QueenBee","floor":1},{"not_picked":["Lantern"],"picked":"BearPaw","floor":1},{"not_picked":["RapturousDream"],"picked":"RedEyes","floor":2},{"not_picked":["Wingbeat","beaked:CursingBlood"],"picked":"Regret_ego","floor":4},{"not_picked":["OSAHOGD","VoidDream"],"picked":"Porccubus","floor":5},{"not_picked":["MeatLantern","Funeral"],"picked":"RedShoes","floor":7},{"not_picked":["BearPaw","SomewhereSpear","beaked:DigDeep"],"picked":"SKIP","floor":7},{"not_picked":["ShyLook","Laetitia"],"picked":"MeatLantern","floor":8},{"not_picked":["Tough","beaked:SacrificialAttack"],"picked":"TheSmile","floor":8},{"not_picked":["TodaysExpression","Soda"],"picked":"beaked:MaddeningMurmurs","floor":10},{"not_picked":["UniverseFragment","Freischutz"],"picked":"BigBird","floor":11},{"not_picked":["SoundOfStar","Wingbeat"],"picked":"beaked:Overpower","floor":11},{"not_picked":["ShyLook","CherryBlossoms"],"picked":"OSAHOGD","floor":12},{"not_picked":["Moonlight","Lantern"],"picked":"beaked:Evade","floor":12},{"not_picked":["Mercenary","VoidDream"],"picked":"LongBird","floor":13},{"not_picked":["TheSmile","RapturousDream","beaked:WindBringer"],"picked":"SKIP","floor":13},{"not_picked":["Scorched","BigBadWolf"],"picked":"SpiderBud","floor":14},{"not_picked":["BlueScar","CUTE"],"picked":"beaked:BraceForImpact","floor":14},{"not_picked":["GoldRush","beaked:FullHouse"],"picked":"SoundOfStar","floor":16},{"not_picked":["Wellcheers","OldLady"],"picked":"DreamingCurrent","floor":16},{"not_picked":["BlackSwan_ego","beaked:MimicMachine"],"picked":"CherryBlossom","floor":18},{"not_picked":["LittleHelper","SingingMachine"],"picked":"NakedNest","floor":18},{"not_picked":["Beak+1","beaked:Pecker"],"picked":"FeatherOfHonor","floor":18},{"not_picked":["LittleHelper","MHz"],"picked":"Scarecrow","floor":19},{"not_picked":["RedEyes","Penitence","Noise"],"picked":"beaked:Brace","floor":19},{"not_picked":["WallGazer","FairyFestival","CherryBlossoms"],"picked":"Singing Bowl","floor":28},{"not_picked":["Wellcheers","GalaxyChild"],"picked":"LittleHelper","floor":28},{"not_picked":["Pleasure+1","GreenStem+1","beaked:Flinch"],"picked":"Regret_ego+1","floor":28}],"player_experience":249373,"relics_obtained":[{"floor":1,"key":"LetterFromLob"},{"floor":5,"key":"Meat on the Bone"},{"floor":7,"key":"Replay:Baseball"},{"floor":9,"key":"conspire:GlowingRock"},{"floor":11,"key":"jedi:shrinkray"},{"floor":26,"key":"Bag of Marbles"}],"event_choices":[{"damage_healed":0,"gold_gain":0,"player_choice":"Ignored","damage_taken":0,"max_hp_gain":0,"max_hp_loss":0,"event_name":"betterNote:BetterNote","floor":21,"gold_loss":0,"cards_obtained":["beaked:VolatileMisfortune"]},{"damage_healed":0,"gold_gain":0,"player_choice":"Leave","damage_taken":0,"max_hp_gain":0,"max_hp_loss":0,"event_name":"conspire:Investor","floor":25,"gold_loss":0},{"damage_healed":0,"gold_gain":0,"player_choice":"Ignored","damage_taken":0,"max_hp_gain":0,"max_hp_loss":0,"event_name":"Vampires","floor":30,"gold_loss":0}],"is_beta":false,"boss_relics":[{"not_picked":["conspire:SeveredTorchhead","hubris:HollowSoul"],"picked":"hubris:BlackHole"}],"items_purged_floors":[20],"is_endless":false,"potions_floor_spawned":[2,10,13],"killed_by":"Champ","ascension_level":0}}