{"host":"3jpwrwmmgyabjceh","time":1609082646,"event":{"mods":["AchievementEnabler","BaseMod","Colored Map","Colored Powertips","Highlight Path","Minty Spire (QoL Compilation)","Quick Restart","StSLib"],"gold_per_floor":[116,116,126,152,167,200,200,233,259,259,259,81,81,95,95,196,196,214,214,233,251,187,187,199,199,270,305,305,305,323,18,18,122,122,141,490,1489,1504,1504,1504,1504,1504,1504,1530,1544,702,702,719,719,719],"floor_reached":51,"playtime":1417,"items_purged":["Strike_R","Strike_R"],"score":884,"play_id":"9131a96e-9019-4074-8855-7344a80bc104","local_time":"20201227182406","is_ascension_mode":true,"campfire_choices":[{"data":"Whirlwind","floor":7.0,"key":"SMITH"},{"data":"Fire Breathing","floor":11,"key":"SMITH"},{"floor":13,"key":"REST"},{"data":"Burning Pact","floor":15,"key":"SMITH"},{"data":"Evolve","floor":23,"key":"SMITH"},{"floor":25,"key":"REST"},{"floor":28,"key":"REST"},{"data":"Demon Form","floor":32,"key":"SMITH"},{"floor":40,"key":"REST"},{"data":"Shrug It Off","floor":42,"key":"SMITH"},{"floor":47,"key":"REST"},{"data":"Shrug It Off","floor":49,"key":"SMITH"}],"circlet_count":0,"master_deck":["Strike_R","Strike_R","Strike_R","Defend_R","Defend_R+1","Defend_R+1","Defend_R+1","Bash+1","Cleave","Regret","Fire Breathing+1","Whirlwind+1","Burning Pact+1","Evolve+1","Shrug It Off+1","Spot Weakness","Demon Form+1","Shame","Wild Strike","Impervious","Normality","Normality","Writhe","Flame Barrier","Shrug It Off+1","Finesse"],"relics":["Mark of Pain","War Paint","Ancient Tea Set","Art of War","Shuriken","Pen Nib","Busted Crown","Orichalcum","Bag of Preparation","Self Forming Clay","Lantern","Pantograph","Runic Cube","Old Coin","Potion Belt","Red Skull","Blue Candle","Cauldron"],"acts_visited":["Exordium","TheCity","TheBeyond"],"potions_floor_usage":[8,16,20,27,38,45,48,50,50],"damage_taken":[{"damage":6.0,"enemies":"Jaw Worm","floor":1.0,"turns":3.0},{"damage":0.0,"enemies":"2 Louse","floor":3.0,"turns":2.0},{"damage":0.0,"enemies":"Small Slimes","floor":5.0,"turns":3.0},{"damage":12.0,"enemies":"3 Sentries","floor":6.0,"turns":4.0},{"damage":7,"enemies":"Gremlin Nob","floor":8,"turns":3},{"damage":2,"enemies":"Gremlin Gang","floor":14,"turns":2},{"damage":31,"enemies":"Hexaghost","floor":16,"turns":6},{"damage":13,"enemies":"3 Byrds","floor":18,"turns":4},{"damage":2,"enemies":"Chosen","floor":20,"turns":4},{"damage":20,"enemies":"Centurion and Healer","floor":21,"turns":5},{"damage":11,"enemies":"Sentry and Sphere","floor":24,"turns":3},{"damage":30,"enemies":"Book of Stabbing","floor":27,"turns":4},{"damage":2,"enemies":"Snecko","floor":30,"turns":3},{"damage":48,"enemies":"Collector","floor":33,"turns":6},{"damage":4,"enemies":"3 Darklings","floor":35,"turns":4},{"damage":48,"enemies":"2 Orb Walkers","floor":36,"turns":4},{"damage":0,"enemies":"3 Shapes","floor":38,"turns":3},{"damage":27,"enemies":"Nemesis","floor":44,"turns":5},{"damage":14,"enemies":"Writhing Mass","floor":45,"turns":5},{"damage":1,"enemies":"Sphere and 2 Shapes","floor":48,"turns":4},{"damage":10,"enemies":"Donu and Deca","floor":50,"turns":4}],"seed_played":"2242581979426987842","potions_obtained":[{"floor":5.0,"key":"Swift Potion"},{"floor":6.0,"key":"Strength Potion"},{"floor":8,"key":"Strength Potion"},{"floor":18,"key":"EssenceOfSteel"},{"floor":24,"key":"SkillPotion"},{"floor":36,"key":"SkillPotion"},{"floor":44,"key":"Swift Potion"},{"floor":46,"key":"Energy Potion"},{"floor":46,"key":"Energy Potion"},{"floor":46,"key":"PowerPotion"},{"floor":46,"key":"Weak Potion"},{"floor":46,"key":"Energy Potion"}],"is_trial":false,"path_per_floor":["M","?","M","T","M","E","R","E","T","?","R","$","R","M","R","B",null,"M","?","M","M","?","R","M","R","T","E","R","?","M","$","R","B",null,"M","?","?","M","?","R","?","R","T","E","M","$","R","M","R","B",null],"character_chosen":"IRONCLAD","items_purchased":["Evolve","Shrug It Off","Wild Strike","Pantograph","Flame Barrier","Shrug It Off","Red Skull","Blue Candle","Cauldron","Finesse"],"campfire_rested":5,"item_purchase_floors":[12,12,31,31,46,46,46,46,46,46],"current_hp_per_floor":[74,74,74,74,74,62,62,55,55,39,39,39,63,61,61,30,80,67,67,65,45,45,45,34,58,58,28,52,52,50,50,50,27,80,76,28,28,28,28,52,72,72,72,45,31,31,55,54,54,69],"gold":719,"neow_bonus":"BOSS_RELIC","is_daily":false,"chose_seed":false,"campfire_upgraded":7,"win_rate":0.0,"timestamp":1609082646,"path_taken":["M","?","M","?","M","E","R","E","T","?","R","$","R","M","R","BOSS","M","?","M","M","?","R","?","R","T","E","R","?","M","$","R","BOSS","M","?","?","M","?","R","?","R","T","E","M","$","R","M","R","BOSS"],"items_purchased_type":["Card","Card","Card","Relic","Card","Card","Relic","Relic","Relic","Card"],"build_version":"2020-12-22","purchased_purges":2,"victory":true,"max_hp_per_floor":[80,80,80,80,80,80,80,80,80,80,80,80,80,80,80,80,80,80,80,80,80,80,80,80,80,80,80,80,80,80,80,80,80,80,80,80,80,80,80,80,80,80,80,80,80,80,80,80,80,80],"card_choices":[{"not_picked":["Feel No Pain","Clothesline"],"picked":"Cleave","floor":1.0},{"not_picked":["Intimidate","Combust","Entrench"],"picked":"SKIP","floor":3.0},{"not_picked":["Anger","Flex"],"picked":"Fire Breathing","floor":5.0},{"not_picked":["Dropkick","Entrench"],"picked":"Whirlwind","floor":6.0},{"not_picked":["Shrug It Off","Impervious"],"picked":"Burning Pact","floor":8},{"not_picked":["Anger","Clash"],"picked":"Spot Weakness","floor":14},{"not_picked":["Feed","Juggernaut"],"picked":"Demon Form","floor":16},{"not_picked":["Cleave"],"picked":"SKIP","floor":18},{"not_picked":["Cleave"],"picked":"SKIP","floor":20},{"not_picked":["Clash"],"picked":"SKIP","floor":21},{"not_picked":["Pommel Strike"],"picked":"SKIP","floor":24},{"not_picked":["Anger"],"picked":"SKIP","floor":27},{"not_picked":["Sever Soul"],"picked":"SKIP","floor":30},{"not_picked":[],"picked":"Impervious","floor":33},{"not_picked":["Clash+1"],"picked":"SKIP","floor":35},{"not_picked":["Havoc"],"picked":"SKIP","floor":38},{"not_picked":["Body Slam"],"picked":"SKIP","floor":44},{"not_picked":["Sever Soul"],"picked":"SKIP","floor":45},{"not_picked":["Rupture"],"picked":"SKIP","floor":48}],"player_experience":221540,"relics_obtained":[{"floor":4.0,"key":"Ancient Tea Set"},{"floor":6.0,"key":"Art of War"},{"floor":8,"key":"Shuriken"},{"floor":9,"key":"Pen Nib"},{"floor":26,"key":"Self Forming Clay"},{"floor":27,"key":"Lantern"},{"floor":36,"key":"Old Coin"},{"floor":44,"key":"Potion Belt"}],"event_choices":[{"damage_healed":0.0,"max_hp_gain":0.0,"max_hp_loss":0.0,"gold_gain":0.0,"event_name":"Big Fish","player_choice":"Box","floor":2.0,"gold_loss":0.0,"damage_taken":0.0,"relics_obtained":["War Paint"],"cards_obtained":["Regret"]},{"damage_healed":0,"gold_gain":0,"player_choice":"Entered Light","damage_taken":16,"max_hp_gain":0,"max_hp_loss":0,"event_name":"Shining Light","floor":10,"gold_loss":0,"cards_upgraded":["Bash","Defend_R"]},{"damage_healed":0,"gold_gain":0,"player_choice":"Stole Relic","damage_taken":0,"relics_obtained":["Orichalcum"],"max_hp_gain":0,"max_hp_loss":0,"event_name":"Addict","floor":19,"gold_loss":0,"cards_obtained":["Shame"]},{"damage_healed":0,"gold_gain":0,"player_choice":"Paid Gold","damage_taken":0,"relics_obtained":["Bag of Preparation"],"max_hp_gain":0,"max_hp_loss":0,"event_name":"WeMeetAgain","floor":22,"gold_loss":64},{"damage_healed":0,"gold_gain":0,"player_choice":"Bought 0 Potions","damage_taken":0,"max_hp_gain":0,"max_hp_loss":0,"event_name":"The Woman in Blue","floor":29,"gold_loss":0},{"damage_healed":0,"gold_gain":0,"player_choice":"Fight","damage_taken":0,"max_hp_gain":0,"max_hp_loss":0,"event_name":"Mysterious Sphere","floor":36,"gold_loss":0},{"damage_healed":0,"gold_gain":999,"player_choice":"Gold","damage_taken":0,"max_hp_gain":0,"max_hp_loss":0,"event_name":"MindBloom","floor":37,"gold_loss":0,"cards_obtained":["Normality","Normality"]},{"damage_healed":0,"gold_gain":0,"player_choice":"Ignored","damage_taken":0,"max_hp_gain":0,"max_hp_loss":0,"event_name":"Tomb of Lord Red Mask","floor":39,"gold_loss":0},{"damage_healed":20,"gold_gain":0,"player_choice":"Writhe","damage_taken":0,"max_hp_gain":0,"max_hp_loss":0,"event_name":"Winding Halls","floor":41,"gold_loss":0,"cards_obtained":["Writhe"]}],"is_beta":false,"boss_relics":[{"not_picked":["Fusion Hammer","Tiny House"],"picked":"Busted Crown"},{"not_picked":["Snecko Eye","SlaversCollar"],"picked":"Runic Cube"}],"items_purged_floors":[12,46],"is_endless":false,"potions_floor_spawned":[5,6,8,18,24,36,44],"ascension_level":1}}