{"host":"d1ko3fbbyfpftrlc","time":1609087266,"event":{"mods":["BaseMod","Curses Come First","Minty Spire (QoL Compilation)","StSLib","The Animator"],"gold_per_floor":[359,534,547,328,347,382,382,399,399,414,414,430,444,469,469,469,469],"floor_reached":16,"playtime":569,"items_purged":["Doubt"],"score":106,"play_id":"0fd34dc0-5534-48d3-920a-81c3350822f6","local_time":"20201227234106","is_ascension_mode":false,"campfire_choices":[{"floor":7,"key":"REST"},{"floor":15,"key":"REST"}],"circlet_count":0,"master_deck":["Strike_R","Strike_R","Strike_R","Strike_R","Strike_R","Defend_R","Defend_R","Defend_R","Defend_R","Bash","animator:Curse_Nutcracker","Clash","Perfected Strike","Pummel","Havoc","Thunderclap","Warcry+1","Intimidate+1","Warcry+1","Demon Form"],"relics":["Burning Blood","Chemical X","Happy Flower","Toxic Egg 2","Golden Idol"],"acts_visited":["Exordium"],"potions_floor_usage":[12,12,16,16],"damage_taken":[{"damage":8,"enemies":"2 Louse","floor":1,"turns":4},{"damage":15,"enemies":"Jaw Worm","floor":3,"turns":5},{"damage":6,"enemies":"Cultist","floor":5,"turns":3},{"damage":62,"enemies":"3 Sentries","floor":6,"turns":10},{"damage":21,"enemies":"3 Louse","floor":8,"turns":3},{"damage":11,"enemies":"Red Slaver","floor":10,"turns":3},{"damage":15,"enemies":"Large Slime","floor":12,"turns":5},{"damage":1,"enemies":"2 Fungi Beasts","floor":13,"turns":3},{"damage":1,"enemies":"Lots of Slimes","floor":14,"turns":3},{"damage":47,"enemies":"Slime Boss","floor":16,"turns":8}],"seed_played":"672307184454799566","potions_obtained":[{"floor":6,"key":"Energy Potion"},{"floor":8,"key":"Energy Potion"},{"floor":10,"key":"LiquidMemories"},{"floor":14,"key":"Block Potion"}],"is_trial":false,"path_per_floor":["M","?","M","$","M","E","R","M","T","M","?","M","M","M","R","B"],"character_chosen":"IRONCLAD","items_purchased":["Chemical X"],"campfire_rested":2,"item_purchase_floors":[4],"current_hp_per_floor":[78,78,69,69,69,13,37,22,22,17,17,8,13,18,40,0,0],"gold":469,"neow_bonus":"TWO_FIFTY_GOLD","is_daily":false,"chose_seed":false,"campfire_upgraded":0,"win_rate":0.0,"timestamp":1609087266,"path_taken":["M","?","M","$","M","E","R","M","T","M","?","M","M","M","R","BOSS"],"items_purchased_type":["Relic"],"build_version":"2020-12-22","purchased_purges":1,"victory":false,"max_hp_per_floor":[80,80,80,80,80,80,80,80,80,80,74,74,74,74,74,74,74],"card_choices":[{"not_picked":["Armaments","Power Through"],"picked":"Clash","floor":1},{"not_picked":["Searing Blow","Shrug It Off"],"picked":"Perfected Strike","floor":3},{"not_picked":["Heavy Blade","Flex"],"picked":"Pummel","floor":5},{"not_picked":["Warcry","Wild Strike"],"picked":"Havoc","floor":6},{"not_picked":["Body Slam","Dual Wield"],"picked":"Thunderclap","floor":8},{"not_picked":["Heavy Blade","Perfected Strike"],"picked":"Warcry+1","floor":10},{"not_picked":["Shrug It Off+1","Spot Weakness+1"],"picked":"Intimidate+1","floor":12},{"not_picked":["Shrug It Off+1","Rupture"],"picked":"Warcry+1","floor":13},{"not_picked":["Rupture","Anger"],"picked":"Demon Form","floor":14}],"player_experience":28181,"relics_obtained":[{"floor":6,"key":"Happy Flower"},{"floor":9,"key":"Toxic Egg 2"}],"event_choices":[{"damage_healed":0,"gold_gain":175,"player_choice":"AGREE","damage_taken":0,"max_hp_gain":0,"max_hp_loss":0,"event_name":"Liars Game","floor":2,"gold_loss":0,"cards_obtained":["Doubt"]},{"damage_healed":0,"gold_gain":0,"player_choice":"Lose Max HP","damage_taken":0,"relics_obtained":["Golden Idol"],"max_hp_gain":0,"max_hp_loss":6,"event_name":"Golden Idol","floor":11,"gold_loss":0}],"is_beta":false,"boss_relics":[],"items_purged_floors":[4],"is_endless":false,"potions_floor_spawned":[6,8,10,14],"killed_by":"Slime Boss","ascension_level":0}}