{"host":"abdxwahegzejqccj","time":1609048893,"event":{"mods":["BaseMod","Better Note","BetterRewards","Colored Powertips","Downfall","Hermit","Minty Spire (QoL Compilation)","Replay The Spire","StSLib","The Cursed","The Hierophant"],"gold_per_floor":[119,132,145,156,172,172,206,223,270,14,14,14,14,43,43,139,139,149,149,149,165,165,165,165,165],"floor_reached":24,"playtime":1117,"items_purged":[],"score":427,"play_id":"26074b1c-1b28-4118-aebc-ce212993a3c2","local_time":"20201227170133","is_ascension_mode":true,"campfire_choices":[{"floor":6,"key":"REST"},{"data":"BasicCrystalCard","floor":11,"key":"SMITH"},{"data":"Barricade","floor":15,"key":"SMITH"},{"data":"Defragment","floor":23,"key":"SMITH"}],"circlet_count":0,"master_deck":["Strike_B","Strike_B","Strike_B","Strike_B","Defend_B","Defend_B","Defend_B","Defend_B","Zap","Replay:SS_forest_6","Go for the Eyes","Rebound","BasicCrystalCard+1","Cold Snap","Gash","Coolheaded","Fusion","Undo","Leap","Gash","Cold Snap","Bash","Barricade+1","Juggernaut","Capacitor","Defragment+1"],"relics":["Toy Ornithopter","Replay:Antivirus Software","PreservedInsect","HandDrill","Iron Core","ReplayTheSpireMod:Lightbulb","Black Star","InkBottle"],"acts_visited":["Exordium","TheCity"],"potions_floor_usage":[7,7,14,16,16,16,18,21],"damage_taken":[{"damage":6,"enemies":"2 Louse","floor":1,"turns":3},{"damage":5,"enemies":"Small Slimes","floor":2,"turns":3},{"damage":0,"enemies":"Cultist","floor":3,"turns":3},{"damage":0,"enemies":"2 Fungi Beasts","floor":4,"turns":4},{"damage":30,"enemies":"Exordium Wildlife","floor":5,"turns":5},{"damage":16,"enemies":"Gremlin Nob","floor":7,"turns":4},{"damage":4,"enemies":"Exordium Thugs","floor":8,"turns":4},{"damage":14,"enemies":"3 Sentries","floor":14,"turns":5},{"damage":0,"enemies":"Fading Forest","floor":16,"turns":11},{"damage":18,"enemies":"2 Thieves","floor":18,"turns":4},{"damage":36,"enemies":"3 Byrds","floor":21,"turns":5},{"damage":47,"enemies":"Slavers","floor":24,"turns":3}],"seed_played":"7270098730067904585","potions_obtained":[{"floor":2,"key":"Venom Potion"},{"floor":5,"key":"champ:CounterPotion"},{"floor":7,"key":"champ:CounterPotion"},{"floor":14,"key":"EntropicBrew"},{"floor":16,"key":"Fire Potion"}],"is_trial":false,"path_per_floor":["M","M","M","M","M","R","E","M","T","$","R","?","$","E","R","B",null,"M","?","$","M","?","R","E"],"character_chosen":"DEFECT","items_purchased":["Toy Ornithopter","Replay:SS_forest_6","Go for the Eyes","Rebound","BasicCrystalCard","HandDrill","Cold Snap","Strength Potion"],"campfire_rested":1,"item_purchase_floors":[0,0,0,0,0,10,10,10],"current_hp_per_floor":[56,51,51,59,29,51,53,49,49,49,49,49,49,40,40,63,75,70,70,70,39,39,39,0,0],"gold":165,"neow_bonus":"","is_daily":false,"chose_seed":false,"campfire_upgraded":3,"win_rate":0.0,"timestamp":1609048893,"path_taken":["M","M","M","M","M","R","E","M","T","$","R","?","$","E","R","BOSS","M","?","?","M","?","R","E"],"items_purchased_type":["Relic","Card","Card","Card","Card","Relic","Card","Potion"],"build_version":"2020-12-22","purchased_purges":0,"victory":false,"max_hp_per_floor":[75,75,75,75,75,75,75,75,75,75,75,75,75,75,75,75,75,75,75,75,75,75,75,75,75],"card_choices":[{"not_picked":["BasicCrystalCard","Turbo"],"picked":"Cold Snap","floor":1},{"not_picked":["ReplayGash","Capacitor"],"picked":"Gash","floor":2},{"not_picked":["Sweeping Beam","ReplayTheSpireMod:GoodbyeWorld"],"picked":"Coolheaded","floor":3},{"not_picked":["Lockon","Redo"],"picked":"Fusion","floor":4},{"not_picked":["Barrage","Streamline"],"picked":"Undo","floor":5},{"not_picked":["ReplayTheSpireMod:GoodbyeWorld","Streamline"],"picked":"Leap","floor":7},{"not_picked":["Cold Snap","Stack"],"picked":"Gash","floor":8},{"not_picked":["BasicCrystalCard","Headbutt"],"picked":"Barricade","floor":14},{"not_picked":["Hyperbeam","Firewall"],"picked":"Juggernaut","floor":16},{"not_picked":["Reinforced Body+1","Compile Driver"],"picked":"Capacitor","floor":18},{"not_picked":["Hologram+1","Conserve Battery"],"picked":"Defragment","floor":21}],"player_experience":386358,"relics_obtained":[{"floor":7,"key":"Replay:Antivirus Software"},{"floor":9,"key":"PreservedInsect"},{"floor":14,"key":"ReplayTheSpireMod:Lightbulb"}],"event_choices":[{"damage_healed":0,"gold_gain":0,"player_choice":"Gave Potion","damage_taken":0,"relics_obtained":["InkBottle"],"max_hp_gain":0,"max_hp_loss":0,"event_name":"WeMeetAgain","floor":19,"gold_loss":0}],"is_beta":false,"boss_relics":[{"not_picked":["Astrolabe","Runic Dome"],"picked":"Black Star"}],"items_purged_floors":[],"is_endless":false,"potions_floor_spawned":[2,5,7,14,16],"killed_by":"Slavers","ascension_level":4}}