{"host":"sav7uxregyirlf69","time":1609055282,"event":{"mods":["AchievementEnabler","BaseMod","Colored Map","DeckTracker","Keyboard Shortcuts","Minty Spire (QoL Compilation)","READ ME - Guardian Mod","StSLib","SuperFastMode"],"gold_per_floor":[18,30,48,59,59,91,91,116,116,129,129,129,129,14,14,14,14],"floor_reached":16,"playtime":281,"items_purged":["Strike_G"],"score":245,"play_id":"b37e41b5-c603-4e2a-8e32-feee189a3550","local_time":"20201227164802","is_ascension_mode":true,"campfire_choices":[{"floor":13,"key":"REST"},{"data":"Noxious Fumes","floor":15,"key":"SMITH"}],"circlet_count":0,"master_deck":["AscendersBane","Strike_G","Strike_G","Strike_G","Strike_G","Defend_G","Defend_G","Defend_G","Defend_G","Defend_G","Survivor","Neutralize","Crippling Poison","Bouncing Flask","Escape Plan","Phantasmal Killer","Parasite","Dagger Throw","Acrobatics","Noxious Fumes+1"],"relics":["Ring of the Snake","Mango","Shovel","PreservedInsect","Regal Pillow"],"acts_visited":["Exordium"],"potions_floor_usage":[6,8],"damage_taken":[{"damage":0,"enemies":"2 Louse","floor":1,"turns":4},{"damage":2,"enemies":"Small Slimes","floor":2,"turns":4},{"damage":4,"enemies":"Jaw Worm","floor":3,"turns":3},{"damage":20,"enemies":"3 Louse","floor":4,"turns":4},{"damage":35,"enemies":"3 Sentries","floor":6,"turns":11},{"damage":45,"enemies":"Lagavulin","floor":8,"turns":9},{"damage":8,"enemies":"2 Fungi Beasts","floor":10,"turns":4},{"damage":46,"enemies":"Slime Boss","floor":16,"turns":7}],"seed_played":"-630925886517964599","potions_obtained":[{"floor":1,"key":"FairyPotion"},{"floor":3,"key":"CultistPotion"},{"floor":6,"key":"LiquidMemories"}],"is_trial":false,"path_per_floor":["M","M","M","M","$","E","?","E","T","M","?","?","R","$","R","B"],"character_chosen":"THE_SILENT","items_purchased":["Noxious Fumes"],"campfire_rested":1,"item_purchase_floors":[14],"current_hp_per_floor":[73,71,67,47,47,12,32,11,11,3,3,8,48,48,48,2,2],"gold":14,"neow_bonus":"ONE_RARE_RELIC","is_daily":false,"chose_seed":false,"campfire_upgraded":1,"win_rate":0.0,"timestamp":1609055282,"path_taken":["M","M","M","M","$","E","?","E","T","M","?","?","R","?","R","BOSS"],"items_purchased_type":["Card"],"build_version":"2020-12-22","purchased_purges":1,"victory":false,"max_hp_per_floor":[80,80,80,80,80,80,80,80,80,80,80,85,85,85,85,85,85],"card_choices":[{"not_picked":["Escape Plan","Bane"],"picked":"Crippling Poison","floor":1},{"not_picked":["Deflect","Blur"],"picked":"Bouncing Flask","floor":2},{"not_picked":["Finisher","Outmaneuver"],"picked":"Escape Plan","floor":3},{"not_picked":["Slice","Quick Slash","Expertise"],"picked":"SKIP","floor":4},{"not_picked":["Flechettes","Infinite Blades"],"picked":"Phantasmal Killer","floor":6},{"not_picked":["Quick Slash","Deflect"],"picked":"Dagger Throw","floor":8},{"not_picked":["Backflip","Eviscerate"],"picked":"Acrobatics","floor":10}],"player_experience":1021002,"relics_obtained":[{"floor":6,"key":"Shovel"},{"floor":8,"key":"PreservedInsect"},{"floor":9,"key":"Regal Pillow"}],"event_choices":[{"damage_healed":20,"gold_gain":0,"player_choice":"Healed and dodged fight","damage_taken":0,"max_hp_gain":0,"max_hp_loss":0,"event_name":"Mushrooms","floor":7,"gold_loss":0,"cards_obtained":["Parasite"]},{"damage_healed":0,"gold_gain":0,"player_choice":"Fled","damage_taken":0,"max_hp_gain":0,"max_hp_loss":0,"event_name":"Scrap Ooze","floor":11,"gold_loss":0},{"damage_healed":0,"gold_gain":0,"player_choice":"Donut","damage_taken":0,"max_hp_gain":5,"max_hp_loss":0,"event_name":"Big Fish","floor":12,"gold_loss":0}],"is_beta":false,"boss_relics":[],"items_purged_floors":[14],"is_endless":false,"potions_floor_spawned":[1,3,6],"killed_by":"Slime Boss","ascension_level":20}}