{"host":"1tkoe3l8wf0xx8if","time":1609086166,"event":{"mods":["AchievementEnabler","BaseMod","Colored Map","Minty Spire (QoL Compilation)","Quick Restart","StSLib","SuperFastMode"],"gold_per_floor":[13,24,36,111,211,211,226,226,226,81,110,130,143,154,154,258,258,269,135,151,164,184,184,184],"floor_reached":23,"playtime":689,"items_purged":["Strike_B","Strike_B"],"score":144,"play_id":"0d9ce111-286d-4ea9-bce4-cad54e6fb23b","local_time":"20201228012246","is_ascension_mode":true,"campfire_choices":[{"data":"Dualcast","floor":6,"key":"SMITH"},{"data":"Zap","floor":8,"key":"SMITH"},{"data":"Loop","floor":15,"key":"SMITH"}],"circlet_count":0,"master_deck":["Strike_B","Defend_B","Defend_B","Defend_B","Zap+1","Dualcast+1","Ball Lightning","BootSequence","Loop+1","Rebound","Biased Cognition","Melter","Lockon","Hologram","All For One","Turbo+1","Capacitor","Static Discharge","Chill"],"relics":["Cracked Core","Potion Belt","Eternal Feather","Black Star"],"acts_visited":["Exordium","TheCity"],"potions_floor_usage":[11,16,22,23],"damage_taken":[{"damage":1.0,"enemies":"Cultist","floor":1.0,"turns":3.0},{"damage":4,"enemies":"Small Slimes","floor":2,"turns":3},{"damage":0,"enemies":"Jaw Worm","floor":3,"turns":2},{"damage":1,"enemies":"Looter","floor":7,"turns":3},{"damage":5,"enemies":"3 Sentries","floor":11,"turns":3},{"damage":14,"enemies":"Exordium Wildlife","floor":12,"turns":3},{"damage":5,"enemies":"Exordium Thugs","floor":13,"turns":3},{"damage":0,"enemies":"2 Fungi Beasts","floor":14,"turns":2},{"damage":19,"enemies":"Hexaghost","floor":16,"turns":6},{"damage":0,"enemies":"Spheric Guardian","floor":18,"turns":1},{"damage":9,"enemies":"Chosen","floor":20,"turns":4},{"damage":13,"enemies":"Snecko","floor":21,"turns":5},{"damage":21,"enemies":"Shelled Parasite and Fungi","floor":22,"turns":4},{"damage":21,"enemies":"Slavers","floor":23,"turns":2}],"seed_played":"5167254978670220705","potions_obtained":[{"floor":1.0,"key":"SkillPotion"},{"floor":3,"key":"EssenceOfSteel"},{"floor":7,"key":"Dexterity Potion"},{"floor":18,"key":"Weak Potion"},{"floor":22,"key":"Strength Potion"}],"is_trial":false,"path_per_floor":["M","M","M","?","?","R","M","R","T","$","E","M","M","M","R","B",null,"M","$","M","M","M","E"],"character_chosen":"DEFECT","items_purchased":["Biased Cognition","Capacitor"],"campfire_rested":0,"item_purchase_floors":[10,19],"current_hp_per_floor":[74,70,70,59,59,59,58,58,58,58,53,39,34,34,43,24,62,62,62,53,40,19,0,0],"gold":184,"neow_bonus":"REMOVE_TWO","is_daily":false,"chose_seed":false,"campfire_upgraded":3,"win_rate":0.0,"timestamp":1609086166,"path_taken":["M","M","M","?","?","R","M","R","T","$","E","M","?","M","R","BOSS","M","$","M","M","M","E"],"items_purchased_type":["Card","Card"],"build_version":"2020-12-22","purchased_purges":2,"victory":false,"max_hp_per_floor":[75,75,75,75,75,75,75,75,75,75,75,75,75,75,75,75,75,75,75,75,75,75,75,75],"card_choices":[{"not_picked":["Lockon","White Noise"],"picked":"Ball Lightning","floor":1.0},{"not_picked":["Compile Driver","Conserve Battery"],"picked":"BootSequence","floor":2},{"not_picked":["Conserve Battery","Leap"],"picked":"Loop","floor":3},{"not_picked":["Heatsinks","Hologram"],"picked":"Rebound","floor":7},{"not_picked":["Gash","Rebound"],"picked":"Melter","floor":11},{"not_picked":["Barrage","Gash"],"picked":"Lockon","floor":12},{"not_picked":["Machine Learning","Darkness","Barrage"],"picked":"SKIP","floor":13},{"not_picked":["Auto Shields","Stack"],"picked":"Hologram","floor":14},{"not_picked":["Hyperbeam","Meteor Strike"],"picked":"All For One","floor":16},{"not_picked":["Stack","Lockon"],"picked":"Turbo+1","floor":18},{"not_picked":["Recycle+1","Chill"],"picked":"Static Discharge","floor":20},{"not_picked":["Compile Driver+1","Undo","Reprogram+1"],"picked":"SKIP","floor":21},{"not_picked":["Lockon","Sweeping Beam"],"picked":"Chill","floor":22}],"player_experience":319135,"relics_obtained":[{"floor":9,"key":"Potion Belt"},{"floor":11,"key":"Eternal Feather"}],"event_choices":[{"damage_healed":0,"gold_gain":75,"player_choice":"Gather Gold","damage_taken":11,"max_hp_gain":0,"max_hp_loss":0,"event_name":"World of Goop","floor":4,"gold_loss":0},{"damage_healed":0,"gold_gain":100,"player_choice":"Pray","damage_taken":0,"max_hp_gain":0,"max_hp_loss":0,"event_name":"Golden Shrine","floor":5,"gold_loss":0}],"is_beta":false,"boss_relics":[{"not_picked":["SacredBark","Coffee Dripper"],"picked":"Black Star"}],"items_purged_floors":[10,19],"is_endless":false,"potions_floor_spawned":[1,3,7,18,22],"killed_by":"Slavers","ascension_level":5}}