{"host":"5fasz840ryq7obdf","time":1609078066,"event":{"mods":["AchievementEnabler","BaseMod","Bestiary","Better Altar","Better Skull","Better Third Choice","BetterRewards","Block Reminder","Colored Powertips","Curses Come First","Minty Spire (QoL Compilation)","Quick Restart","Relic Stats","Shop Mod","Spicy Shops","StSLib"],"gold_per_floor":[130,130,280,314,314,314,353,404,431,465,501,545,575,619,619,693,693,737,6,44,61,61,117,156,171,171,227,227,275,287,299,311,397,409,459,471,521,18,42,101,13,65,65,65,99,114,154,10,10,10,10,10,10,10,38,38,38],"floor_reached":56,"playtime":5234,"items_purged":["Strike_G","Strike_G"],"score":2918,"play_id":"bfcfa47e-8843-4156-9464-de303a456b6d","local_time":"20201227140746","is_ascension_mode":true,"campfire_choices":[{"data":"HandOfGreed","floor":6.0,"key":"SMITH"},{"data":"Catalyst","floor":15.0,"key":"SMITH"},{"data":"Adrenaline","floor":30.0,"key":"SMITH"},{"data":"Envenom","floor":32.0,"key":"SMITH"},{"data":"Envenom","floor":44.0,"key":"SMITH"},{"floor":49.0,"key":"RECALL"},{"data":"Apotheosis","floor":53.0,"key":"SMITH"}],"circlet_count":0,"master_deck":["AscendersBane","Strike_G+1","Strike_G","Strike_G","Defend_G","Defend_G","Defend_G","Defend_G","Defend_G","Survivor","Neutralize","Blade Dance","Venomology","Envenom+1","Blade Dance","Phantasmal Killer","HandOfGreed+1","Catalyst+1","Blur","Noxious Fumes","Slice","Backflip","Footwork","Blade Dance","Terror","Cloak And Dagger","Catalyst","Adrenaline+1","CurseOfTheBell","Prepared","Cloak And Dagger","Footwork","Trip","Backflip","Blade Dance","Cloak And Dagger","PiercingWail","Accuracy","Doppelganger","Cloak And Dagger+1","Leg Sweep","Infinite Blades","Envenom+1","Finisher+1","Corpse Explosion","Blur","Accuracy+1","Calculated Gamble+1","Catalyst","A Thousand Cuts","Pain","Decay","Envenom","Parasite","Well Laid Plans+1","Parasite","Well Laid Plans","Prepared+1","Sucker Punch+1","Apotheosis+1","Leg Sweep"],"relics":["Ring of the Snake","Orrery","Gremlin Horn","Meat on the Bone","Shuriken","Regal Pillow","Spirit Poop","Vajra","PreservedInsect","Matryoshka","Du-Vu Doll","Calling Bell","Pen Nib","Question Card","Prayer Wheel","White Beast Statue","Tiny Chest","TwistedFunnel","Centennial Puzzle","InkBottle","Potion Belt","Bottled Lightning","Pear","MawBank","The Courier","Cursed Key","Singing Bowl","Nunchaku","Oddly Smooth Stone","Whetstone","Blue Candle","Unceasing Top","Calipers","Sundial","Orichalcum"],"acts_visited":["Exordium","TheCity","TheBeyond","TheEnding"],"potions_floor_usage":[56,56,56],"damage_taken":[{"damage":0.0,"enemies":"Cultist","floor":1.0,"turns":2.0},{"damage":0.0,"enemies":"Jaw Worm","floor":4.0,"turns":1.0},{"damage":5.0,"enemies":"2 Louse","floor":7.0,"turns":3.0},{"damage":10.0,"enemies":"Gremlin Nob","floor":8.0,"turns":3.0},{"damage":6.0,"enemies":"Lagavulin","floor":10.0,"turns":4.0},{"damage":1.0,"enemies":"Exordium Thugs","floor":11.0,"turns":3.0},{"damage":8.0,"enemies":"Lots of Slimes","floor":12.0,"turns":3.0},{"damage":3.0,"enemies":"3 Sentries","floor":13.0,"turns":4.0},{"damage":17.0,"enemies":"2 Fungi Beasts","floor":14.0,"turns":5.0},{"damage":21.0,"enemies":"Hexaghost","floor":16.0,"turns":5.0},{"damage":0.0,"enemies":"2 Thieves","floor":18.0,"turns":2.0},{"damage":10.0,"enemies":"Spheric Guardian","floor":20.0,"turns":4.0},{"damage":21.0,"enemies":"Snecko","floor":21.0,"turns":4.0},{"damage":2.0,"enemies":"Book of Stabbing","floor":23.0,"turns":5.0},{"damage":1.0,"enemies":"Sentry and Sphere","floor":24.0,"turns":3.0},{"damage":17.0,"enemies":"Snake Plant","floor":25.0,"turns":3.0},{"damage":0.0,"enemies":"Gremlin Leader","floor":27.0,"turns":4.0},{"damage":0.0,"enemies":"Centurion and Healer","floor":29.0,"turns":2.0},{"damage":28.0,"enemies":"Collector","floor":33.0,"turns":4.0},{"damage":7.0,"enemies":"3 Shapes","floor":35.0,"turns":4.0},{"damage":13.0,"enemies":"Orb Walker","floor":37.0,"turns":5.0},{"damage":0.0,"enemies":"Reptomancer","floor":40.0,"turns":2.0},{"damage":38.0,"enemies":"Nemesis","floor":42.0,"turns":5.0},{"damage":8.0,"enemies":"Reptomancer","floor":45.0,"turns":4.0},{"damage":2.0,"enemies":"Writhing Mass","floor":46.0,"turns":7.0},{"damage":1.0,"enemies":"Jaw Worm Horde","floor":47.0,"turns":2.0},{"damage":18.0,"enemies":"Time Eater","floor":50.0,"turns":5.0},{"damage":36.0,"enemies":"Donu and Deca","floor":51.0,"turns":4.0},{"damage":0,"enemies":"Shield and Spear","floor":55,"turns":2},{"damage":114,"enemies":"The Heart","floor":56,"turns":5}],"seed_played":"810040858943779629","potions_obtained":[{"floor":7.0,"key":"CunningPotion"},{"floor":8.0,"key":"AttackPotion"},{"floor":10.0,"key":"Block Potion"},{"floor":11.0,"key":"CunningPotion"},{"floor":20.0,"key":"Ancient Potion"},{"floor":21.0,"key":"EntropicBrew"},{"floor":23.0,"key":"FairyPotion"},{"floor":27.0,"key":"Explosive Potion"},{"floor":37.0,"key":"Fire Potion"},{"floor":40.0,"key":"SteroidPotion"},{"floor":46.0,"key":"FairyPotion"},{"floor":55,"key":"Strength Potion"}],"is_trial":false,"path_per_floor":["M","?","?","M","?","R","M","E","T","E","M","M","E","M","R","B",null,"M","$","M","M","?","E","M","M","T","E","T","M","R","$","R","B",null,"M","?","M","$","T","E","$","E","T","R","E","M","M","$","R","B","B",null,"R","$","E","B"],"character_chosen":"THE_SILENT","items_purchased":["Orrery","HandOfGreed","Catalyst","Blur","Noxious Fumes","Gremlin Horn","Meat on the Bone","Shuriken","Slice","White Beast Statue","Tiny Chest","TwistedFunnel","Footwork","Trip","A Thousand Cuts","Nunchaku","Oddly Smooth Stone","Blue Candle","Apotheosis"],"campfire_rested":0,"item_purchase_floors":[0,0,0,0,0,0,0,0,0,19,19,19,19,19,38,38,38,41,48],"current_hp_per_floor":[29,18,18,30,30,30,37,39,39,45,44,36,45,40,40,31,57,57,57,47,38,38,36,35,30,30,52,52,52,52,52,52,36,66,59,59,46,46,46,48,48,22,22,22,26,36,49,49,49,43,19,65,65,65,65,0,0],"gold":38,"neow_bonus":"","is_daily":false,"chose_seed":false,"campfire_upgraded":6,"win_rate":0.0,"timestamp":1609078066,"path_taken":["M","?","?","M","?","R","?","E","T","E","?","M","E","M","R","BOSS","M","$","M","?","?","E","M","?","T","E","?","M","R","?","R","BOSS","M","?","?","$","?","E","$","E","T","R","E","M","M","$","R","BOSS","BOSS","R","$","E","BOSS"],"items_purchased_type":["Relic","Card","Card","Card","Card","Relic","Relic","Relic","Card","Relic","Relic","Relic","Card","Card","Card","Relic","Relic","Relic","Card"],"build_version":"2020-12-22","purchased_purges":2,"victory":false,"max_hp_per_floor":[66,66,66,66,66,66,66,66,66,66,66,66,66,66,66,66,66,66,66,66,66,66,66,66,66,66,76,76,76,76,76,76,76,76,76,76,76,76,76,78,78,78,78,78,78,78,80,80,80,80,80,80,80,80,80,80,80],"relic_stats":{"Regal Pillow":45,"Gremlin Horn":[28,29],"Singing Bowl":4,"counters":[96,501],"Blue Candle":[9],"PreservedInsect":403,"Pen Nib":[17],"Whetstone":["Finisher","Strike_G"],"Orichalcum":[24],"Question Card":27,"MawBank":120,"Cursed Key":2,"Centennial Puzzle":[37],"Nunchaku":[7],"Shuriken":[53],"Sundial":[0],"Prayer Wheel":10,"Tiny Chest":4,"obtain_stats":[{"TwistedFunnel":19,"Tiny House":17,"Calipers":43,"Gremlin Horn":0,"CeramicFish":44,"Vajra":0,"HoveringKite":34,"Spirit Poop":5,"Whetstone":40,"Bottled Tornado":0,"Sling":0,"Boot":3,"Blood Vial":48,"Centennial Puzzle":22,"Sundial":11,"MealTicket":0,"Prayer Wheel":17,"Kunai":26,"Toxic Egg 2":7,"Pear":27,"Blue Candle":41,"Oddly Smooth Stone":11,"Tingsha":0,"Pen Nib":36,"Letter Opener":40,"Paper Crane":36,"War Paint":0,"Question Card":17,"Akabeko":2,"Du-Vu Doll":13,"Shuriken":25,"Unceasing Top":0,"Ring of the Serpent":17,"Pocketwatch":14,"Meat on the Bone":0,"Darkstone Periapt":9,"Lantern":23,"Regal Pillow":28,"Singing Bowl":36,"Snake Skull":0,"Bag of Preparation":6,"Juzu Bracelet":30,"Smiling Mask":20,"Empty Cage":34,"Cursed Key":34,"Nunchaku":43,"Dream Catcher":26,"Matryoshka":8,"Tiny Chest":6,"Red Mask":36,"InkBottle":21,"Ring of the Snake":0,"Runic Pyramid":17,"Potion Belt":9,"Golden Idol":2,"PreservedInsect":9,"The Courier":28,"Orichalcum":55,"MawBank":14,"White Beast Statue":19,"Mercury Hourglass":8,"Calling Bell":17,"Orrery":0,"Art of War":40,"Membership Card":8,"Bottled Lightning":26,"Toy Ornithopter":9},{"TwistedFunnel":77,"Tiny House":9,"Calipers":89,"Gremlin Horn":0,"CeramicFish":25,"Vajra":0,"HoveringKite":20,"Spirit Poop":68,"Whetstone":88,"Bottled Tornado":42,"Sling":29,"Boot":43,"Blood Vial":27,"Centennial Puzzle":79,"Sundial":37,"MealTicket":32,"Prayer Wheel":76,"Kunai":16,"Toxic Egg 2":36,"Pear":83,"Blue Candle":88,"Oddly Smooth Stone":7,"Tingsha":29,"Pen Nib":21,"Letter Opener":24,"Paper Crane":21,"War Paint":32,"Question Card":76,"Akabeko":33,"Du-Vu Doll":74,"Shuriken":16,"Unceasing Top":29,"Ring of the Serpent":40,"Pocketwatch":8,"Meat on the Bone":66,"Darkstone Periapt":46,"Lantern":14,"Regal Pillow":17,"Singing Bowl":86,"Snake Skull":32,"Bag of Preparation":4,"Juzu Bracelet":18,"Smiling Mask":51,"Empty Cage":58,"Cursed Key":85,"Nunchaku":24,"Dream Catcher":55,"Matryoshka":46,"Tiny Chest":45,"Red Mask":59,"InkBottle":51,"Ring of the Snake":0,"Runic Pyramid":50,"Potion Belt":46,"Golden Idol":1,"PreservedInsect":70,"The Courier":83,"Orichalcum":95,"MawBank":39,"White Beast Statue":77,"Mercury Hourglass":5,"Calling Bell":76,"Orrery":29,"Art of War":61,"Membership Card":36,"Bottled Lightning":82,"Toy Ornithopter":5},{"TwistedFunnel":427,"Tiny House":46,"Calipers":472,"Gremlin Horn":0,"CeramicFish":136,"Vajra":0,"HoveringKite":115,"Spirit Poop":395,"Whetstone":467,"Bottled Tornado":241,"Sling":179,"Boot":244,"Blood Vial":148,"Centennial Puzzle":435,"Sundial":209,"MealTicket":186,"Prayer Wheel":425,"Kunai":93,"Toxic Egg 2":204,"Pear":450,"Blue Candle":467,"Oddly Smooth Stone":32,"Tingsha":179,"Pen Nib":120,"Letter Opener":132,"Paper Crane":120,"War Paint":186,"Question Card":425,"Akabeko":190,"Du-Vu Doll":415,"Shuriken":93,"Unceasing Top":179,"Ring of the Serpent":230,"Pocketwatch":39,"Meat on the Bone":392,"Darkstone Periapt":260,"Lantern":82,"Regal Pillow":97,"Singing Bowl":460,"Snake Skull":186,"Bag of Preparation":20,"Juzu Bracelet":102,"Smiling Mask":286,"Empty Cage":333,"Cursed Key":456,"Nunchaku":132,"Dream Catcher":308,"Matryoshka":260,"Tiny Chest":254,"Red Mask":338,"InkBottle":286,"Ring of the Snake":0,"Runic Pyramid":281,"Potion Belt":260,"Golden Idol":2,"PreservedInsect":401,"The Courier":450,"Orichalcum":496,"MawBank":219,"White Beast Statue":427,"Mercury Hourglass":24,"Calling Bell":425,"Orrery":179,"Art of War":353,"Membership Card":204,"Bottled Lightning":446,"Toy Ornithopter":24}],"InkBottle":[86],"Unceasing Top":[5],"Ring of the Snake":[108],"Meat on the Bone":216},"card_choices":[{"not_picked":["PiercingWail","Acrobatics"],"picked":"Blade Dance","floor":0.0},{"not_picked":["PiercingWail","Outmaneuver"],"picked":"Venomology","floor":0.0},{"not_picked":["Blade Dance","Dodge and Roll"],"picked":"Envenom","floor":0.0},{"not_picked":["Bane","Acrobatics"],"picked":"Blade Dance","floor":0.0},{"not_picked":["Flying Knee","Prepared"],"picked":"Phantasmal Killer","floor":0.0},{"not_picked":["Dagger Throw","PiercingWail"],"picked":"Backflip","floor":1.0},{"not_picked":["Quick Slash","Flechettes","Dagger Throw"],"picked":"SKIP","floor":4.0},{"not_picked":["Backflip","Finisher"],"picked":"Footwork","floor":7.0},{"not_picked":["Eviscerate","Poisoned Stab","Deadly Poison"],"picked":"SKIP","floor":8.0},{"not_picked":["Poisoned Stab","Choke"],"picked":"Blade Dance","floor":10.0},{"not_picked":["Bane","Flechettes"],"picked":"Terror","floor":11.0},{"not_picked":["Underhanded Strike","Poisoned Stab"],"picked":"Cloak And Dagger","floor":12.0},{"not_picked":["Leg Sweep","Outmaneuver"],"picked":"Catalyst","floor":13.0},{"not_picked":["Outmaneuver","Underhanded Strike","Deadly Poison"],"picked":"SKIP","floor":14.0},{"not_picked":["Wraith Form v2","Unload"],"picked":"Adrenaline","floor":16.0},{"not_picked":["Poisoned Stab","Flechettes+1","Outmaneuver"],"picked":"Prepared","floor":18.0},{"not_picked":["Distraction","Terror+1","Acrobatics"],"picked":"Cloak And Dagger","floor":18.0},{"not_picked":["Bane","Deflect+1","Flying Knee+1"],"picked":"Backflip","floor":20.0},{"not_picked":["Terror+1","Escape Plan","Prepared"],"picked":"Blade Dance","floor":20.0},{"not_picked":["Backflip","Endless Agony","Quick Slash"],"picked":"Cloak And Dagger","floor":21.0},{"not_picked":["All Out Attack","Glass Knife","Outmaneuver"],"picked":"PiercingWail","floor":21.0},{"not_picked":["Dodge and Roll","Cloak And Dagger","Dagger Spray"],"picked":"Accuracy","floor":23.0},{"not_picked":["Dagger Throw","All Out Attack","Quick Slash"],"picked":"Doppelganger","floor":24.0},{"not_picked":["Poisoned Stab+1","Reflex","Eviscerate"],"picked":"Cloak And Dagger+1","floor":24.0},{"not_picked":["Glass Knife","Bouncing Flask","Acrobatics"],"picked":"Leg Sweep","floor":25.0},{"not_picked":["PiercingWail","Reflex","Slice+1"],"picked":"Infinite Blades","floor":25.0},{"not_picked":["Grand Finale","Slice","Deflect"],"picked":"Envenom","floor":27.0},{"not_picked":["Riddle With Holes","Dash","Skewer"],"picked":"Finisher","floor":29.0},{"not_picked":["Outmaneuver","Cloak And Dagger","PiercingWail","Distraction"],"picked":"SKIP","floor":29.0},{"not_picked":["Night Terror","Glass Knife","Phantasmal Killer"],"picked":"Corpse Explosion","floor":33.0},{"not_picked":["Poisoned Stab","Prepared","Caltrops+1"],"picked":"Blur","floor":35.0},{"not_picked":["Dodge and Roll","Dagger Throw","Blur"],"picked":"Accuracy+1","floor":35.0},{"not_picked":["Poisoned Stab+1","Slice","Sucker Punch+1"],"picked":"Calculated Gamble+1","floor":37.0},{"not_picked":["Dagger Throw","Blade Dance","Backflip"],"picked":"Catalyst","floor":37.0},{"not_picked":["Dodge and Roll","Outmaneuver","Riddle With Holes+1","Flying Knee+1"],"picked":"Singing Bowl","floor":40.0},{"not_picked":["A Thousand Cuts","Catalyst","Blade Dance"],"picked":"Envenom","floor":42.0},{"not_picked":["Dagger Spray","Dodge and Roll+1","Sucker Punch"],"picked":"Well Laid Plans+1","floor":45.0},{"not_picked":["Bane","Heel Hook","Underhanded Strike"],"picked":"Well Laid Plans","floor":46.0},{"not_picked":["Terror","All Out Attack","Quick Slash"],"picked":"Prepared+1","floor":46.0},{"not_picked":["Bane","Riddle With Holes","Blade Dance","Deflect"],"picked":"Singing Bowl","floor":47.0},{"not_picked":["Poisoned Stab","Glass Knife","Heel Hook"],"picked":"Sucker Punch+1","floor":47.0},{"not_picked":["Corpse Explosion","Underhanded Strike","All Out Attack"],"picked":"Leg Sweep","floor":55}],"player_experience":1150676,"relics_obtained":[{"floor":8.0,"key":"Vajra"},{"floor":9.0,"key":"PreservedInsect"},{"floor":10.0,"key":"Matryoshka"},{"floor":13.0,"key":"Du-Vu Doll"},{"floor":17.0,"key":"Pen Nib"},{"floor":17.0,"key":"Question Card"},{"floor":17.0,"key":"Prayer Wheel"},{"floor":23.0,"key":"InkBottle"},{"floor":26.0,"key":"Potion Belt"},{"floor":26.0,"key":"Bottled Lightning"},{"floor":27.0,"key":"Pear"},{"floor":28.0,"key":"MawBank"},{"floor":28.0,"key":"The Courier"},{"floor":36.0,"key":"Singing Bowl"},{"floor":40.0,"key":"Whetstone"},{"floor":42.0,"key":"Unceasing Top"},{"floor":43.0,"key":"Calipers"},{"floor":45.0,"key":"Sundial"},{"floor":55,"key":"Orichalcum"}],"event_choices":[{"damage_healed":0.0,"max_hp_gain":0.0,"max_hp_loss":0.0,"gold_gain":0.0,"event_name":"betterThird:BetterScrap","player_choice":"Relic ","floor":2.0,"gold_loss":0.0,"damage_taken":11.0,"cards_obtained":["Weave"]},{"damage_healed":0.0,"max_hp_gain":0.0,"max_hp_loss":0.0,"gold_gain":150.0,"event_name":"betterThird:BetterSerpent","player_choice":"AGREE","floor":3.0,"gold_loss":0.0,"damage_taken":130.0},{"cards_removed":["Doubt"],"damage_healed":0.0,"max_hp_gain":0.0,"max_hp_loss":0.0,"gold_gain":0.0,"event_name":"Bonfire Elementals","player_choice":"Offered Curse","floor":5.0,"gold_loss":0.0,"damage_taken":0.0,"relics_obtained":["Spirit Poop"]},{"damage_healed":0.0,"max_hp_gain":0.0,"max_hp_loss":0.0,"gold_gain":0.0,"event_name":"WeMeetAgain","player_choice":"Gave Potion","floor":22.0,"gold_loss":0.0,"damage_taken":0.0,"relics_obtained":["Centennial Puzzle"]},{"damage_healed":0.0,"max_hp_gain":0.0,"max_hp_loss":0.0,"gold_gain":0.0,"event_name":"Wheel of Change","player_choice":"Relic","floor":36.0,"gold_loss":0.0,"damage_taken":0.0}],"is_beta":false,"boss_relics":[{"not_picked":["Runic Dome","SacredBark"],"picked":"Calling Bell"},{"not_picked":["WristBlade","Pandora\u0027s Box"],"picked":"Cursed Key"}],"items_purged_floors":[19,38],"is_endless":false,"potions_floor_spawned":[7,8,10,11,14,20,21,23,24,25,27,29,33,35,37,40,42,45,46,47,55],"killed_by":"The Heart","ascension_level":20}}