{"host":"j6locglyv7e0c0tm","time":1609031827,"event":{"mods":["BaseMod","Better Altar","Better Match","Better Note","Better Sensory Stone","Better Skull","Better Third Choice","Better Vampires","BetterRewards","Card Forge","Colored Powertips","Custom Start","DeckTracker","Downfall","Googly Eyes","Hermit","Highlight Path","Jorbs\u0027s Wanderer Trilogy","Marked Mod","Minty Spire (QoL Compilation)","Relic Stats","Replay The Spire","Shade Mod","Shop Mod","StSLib","Swap Starting Deck Mod","The Runesmith","TheFirefly"],"gold_per_floor":[112,287,2,22,36,36,36,81,81],"floor_reached":8,"playtime":332,"items_purged":["Doubt"],"score":46,"play_id":"6f9f9c57-89d4-46b2-b26a-e16d59ec5a26","local_time":"20201227121707","is_ascension_mode":false,"campfire_choices":[{"floor":6,"key":"RECALL"}],"circlet_count":0,"master_deck":["Strike_B","Strike_B","Strike_B","Strike_B","Defend_B","Defend_B","Defend_B","Defend_B","Zap","Dualcast","Loop","Ball Lightning","BasicCrystalCard","Doom and Gloom","Bandage Up","Leap","Leap","BootSequence","Hallucinations"],"relics":["Cracked Core","Hammer of Thor","Seething Fire","Anvil of the Gods","Raider\u0027s Mask","ReplayTheSpireMod:Ring of Challenge","Ring of Panic"],"acts_visited":["Exordium"],"potions_floor_usage":[8],"damage_taken":[{"damage":0,"enemies":"Small Slimes","floor":1,"turns":3},{"damage":6,"enemies":"Jaw Worm","floor":4,"turns":2},{"damage":0,"enemies":"2 Louse","floor":5,"turns":3},{"damage":70,"enemies":"Gremlin Nob","floor":8,"turns":5}],"seed_played":"7257853909892412345","potions_obtained":[{"floor":5,"key":"DistilledChaos"}],"is_trial":false,"path_per_floor":["M","?","$","M","M","R","?","E"],"character_chosen":"DEFECT","items_purchased":["Raider\u0027s Mask","Loop","Ball Lightning","Doom and Gloom","Bandage Up","Leap"],"campfire_rested":0,"item_purchase_floors":[0,0,0,3,3,3],"current_hp_per_floor":[67,67,67,65,65,65,65,0,0],"gold":81,"neow_bonus":"","is_daily":false,"chose_seed":false,"campfire_upgraded":0,"win_rate":0.0,"timestamp":1609031827,"path_taken":["M","?","$","M","M","R","?","E"],"items_purchased_type":["Relic","Card","Card","Card","Card","Card"],"build_version":"2020-12-22","purchased_purges":1,"victory":false,"max_hp_per_floor":[75,75,75,75,75,75,75,75,75],"relic_stats":{"counters":[21,104],"obtain_stats":[{"NeowsBlessing":0,"Hammer of Thor":0,"Juzu Bracelet":10,"Seething Fire":0,"Raider\u0027s Mask":0,"FrozenCore":17,"Nunchaku":25,"Anvil of the Gods":0,"Mummified Hand":14,"Pantograph":27,"Molten Egg 2":7,"Grinning Jar":26,"ReplayTheSpireMod:Ring of Challenge":7,"Ring of Panic":7,"Cracked Core":0},{"NeowsBlessing":0,"Hammer of Thor":0,"Juzu Bracelet":7,"Seething Fire":0,"Raider\u0027s Mask":17,"FrozenCore":9,"Nunchaku":14,"Anvil of the Gods":0,"Mummified Hand":8,"Pantograph":15,"Molten Egg 2":6,"Grinning Jar":14,"ReplayTheSpireMod:Ring of Challenge":20,"Ring of Panic":20,"Cracked Core":0},{"NeowsBlessing":0,"Hammer of Thor":0,"Juzu Bracelet":29,"Seething Fire":0,"Raider\u0027s Mask":92,"FrozenCore":44,"Nunchaku":76,"Anvil of the Gods":0,"Mummified Hand":33,"Pantograph":83,"Molten Egg 2":23,"Grinning Jar":76,"ReplayTheSpireMod:Ring of Challenge":99,"Ring of Panic":99,"Cracked Core":0}]},"card_choices":[{"not_picked":["Conserve Battery","Panic Button"],"picked":"BasicCrystalCard","floor":1},{"not_picked":["Conserve Battery","White Noise"],"picked":"Leap","floor":4},{"not_picked":["Skim","Conserve Battery"],"picked":"BootSequence","floor":5}],"player_experience":795770,"relics_obtained":[{"floor":7,"key":"ReplayTheSpireMod:Ring of Challenge"},{"floor":7,"key":"Ring of Panic"}],"event_choices":[{"damage_healed":0,"gold_gain":175,"player_choice":"AGREE","damage_taken":112,"max_hp_gain":0,"max_hp_loss":0,"event_name":"betterThird:BetterSerpent","floor":2,"gold_loss":0}],"is_beta":false,"boss_relics":[],"items_purged_floors":[3],"is_endless":false,"potions_floor_spawned":[5],"killed_by":"Gremlin Nob","ascension_level":0}}