{"host":"sh8ot41fo7a0kahq","time":1609050750,"event":{"mods":["ATMod(°¢èªMod)","BaseMod","Better Third Choice","Colored Powertips","Displayed Cursed Tome","Minty Spire (QoL Compilation)","Quick Restart","Spicy Shops","StSLib","UnlockEverythingMod","¡¾ÒÅÎï¿¨ÅÆ¡¿REMEMod"],"gold_per_floor":[111,111,122,132,144,144,144,144],"floor_reached":7,"playtime":197,"items_purged":[],"score":54,"play_id":"4ca185ee-4e39-4083-9d21-1df5966c79d9","local_time":"20201227143230","is_ascension_mode":true,"campfire_choices":[{"data":"Riddle With Holes","floor":6.0,"key":"SMITH"}],"circlet_count":0,"master_deck":["Strike_G","Strike_G","Strike_G","Strike_G","Strike_G","Defend_G","Defend_G","Defend_G","Defend_G","Defend_G","Survivor","Neutralize","Core Surge","Riddle With Holes+1","AT_FocusSwordFire"],"relics":["Ring of the Snake","AT_ATBox","REME_ComplimentaryCards","Ginger"],"acts_visited":["Exordium"],"potions_floor_usage":[7,7],"damage_taken":[{"damage":3.0,"enemies":"Jaw Worm","floor":1.0,"turns":4.0},{"damage":0.0,"enemies":"Small Slimes","floor":3.0,"turns":3.0},{"damage":0.0,"enemies":"Cultist","floor":4.0,"turns":3.0},{"damage":5.0,"enemies":"2 Fungi Beasts","floor":5.0,"turns":3.0},{"damage":67,"enemies":"Lagavulin","floor":7,"turns":10}],"seed_played":"4428350676628192963","potions_obtained":[{"floor":1.0,"key":"SneckoOil"},{"floor":4.0,"key":"DistilledChaos"}],"is_trial":false,"path_per_floor":["M","?","M","M","M","R","E"],"character_chosen":"THE_SILENT","items_purchased":[],"campfire_rested":0,"item_purchase_floors":[],"current_hp_per_floor":[46,69,69,69,64,64,0,0],"gold":144,"neow_bonus":"ONE_RARE_RELIC","is_daily":false,"chose_seed":false,"campfire_upgraded":1,"win_rate":0.0,"timestamp":1609050750,"path_taken":["M","?","M","M","M","R","E"],"items_purchased_type":[],"build_version":"2020-12-22","purchased_purges":0,"victory":false,"max_hp_per_floor":[70,70,70,70,70,70,70,70],"card_choices":[{"not_picked":["Poisoned Stab","Underhanded Strike","Bane"],"picked":"SKIP","floor":1.0},{"not_picked":["PiercingWail","Deadly Poison"],"picked":"Riddle With Holes","floor":3.0},{"not_picked":["Sucker Punch","Bane","Caltrops"],"picked":"SKIP","floor":4.0},{"not_picked":["Deflect","Crippling Poison"],"picked":"AT_FocusSwordFire","floor":5.0}],"player_experience":281668,"relics_obtained":[],"event_choices":[{"damage_healed":23.0,"max_hp_gain":0.0,"max_hp_loss":0.0,"gold_gain":0.0,"event_name":"Big Fish","player_choice":"Banana","floor":2.0,"gold_loss":0.0,"damage_taken":0.0}],"is_beta":false,"boss_relics":[],"items_purged_floors":[],"is_endless":false,"potions_floor_spawned":[1,4],"killed_by":"Lagavulin","ascension_level":5}}