{"host":"8k64rvi83ijr822k","time":1609093376,"event":{"mods":["BaseMod","Downfall","Googly Eyes","Hermit","Hero for Fun","Minty Spire (QoL Compilation)","Quick Restart","Replay The Spire","Shop Mod","StSLib","The Animator","The Bug Knight","The Construct","The Wild Card","everything is the same but u backflip on backflip"],"gold_per_floor":[99,116,128,140,159,159,159,169,25,25,25,37,56,106,135,241,241,241,260,374,10,10,10,10,36,56,83,83,183,207,229,249,359,359,359,376,401,427,450,450,450,450,450,488,488,24,24,24,49,65],"floor_reached":51,"playtime":4605,"items_purged":[],"score":897,"play_id":"03ccbb86-4615-43dd-9043-d96bdfbafeb0","local_time":"20201227132256","is_ascension_mode":false,"campfire_choices":[{"data":"hexamod:FastForward","floor":6,"key":"SMITH"},{"data":"hexamod:FastForward","floor":10,"key":"SMITH"},{"data":"hexamod:Float","floor":18,"key":"SMITH"},{"floor":23,"key":"REST"},{"data":"hexamod:RainOfEmbers","floor":28,"key":"SMITH"},{"floor":40,"key":"REST"},{"floor":48,"key":"REST"}],"circlet_count":0,"master_deck":["hexamod:Strike","hexamod:Strike","hexamod:Strike","hexamod:Defend","hexamod:Defend","hexamod:Defend","hexamod:Defend","hexamod:Sear+1","hexamod:Float+1","hexamod:ShieldOfDarkness+1","hexamod:SwordOfDarkness","hexamod:FourthSeal","hexamod:FastForward+1","hexamod:FastForward+1","hexamod:SoulSteal+1","hexamod:ThirdSeal","hexamod:FourthSeal","hexamod:Hexaguard","hexamod:HauntingEcho","Regret","hexamod:FirstSeal","hexamod:FirstSeal","hexamod:RecurringNightmare+1","hexamod:AdvancingGuard","hexamod:GhostOfSpireFuture+1","hexamod:CrushingStance+1","ReplayTheSpireMod:IOU","hexamod:ParanormalForm+1","hexamod:BacktrackSmack+1","hexamod:SpectersWail","CommonCold","hexamod:SkipABeat+1","hexamod:FastForward+1","hexamod:GhostflameInferno+1","hexamod:Firestarter+1","Discovery+1","Magnetism+1","hexamod:EtherealExpedition+1","hexamod:NightmareStrike+1","Slimebound:CheckThePlaybook+1","Slimebound:Icky","hexamod:RainOfEmbers+1","hexamod:ThirdSeal","hexamod:GhostOfSpirePast","hexamod:UnleashSpirits+1","hexamod:RainOfEmbers+1","Delirium","hexamod:RetreatToShadows","hexamod:RainOfEmbers+1","hexamod:ExtraCrispy","hexamod:Again+1","hexamod:SearingWound+1","hexamod:HeatMetal+1","hexamod:FastForward+1","animator:Curse_GriefSeed","hexamod:SixthSeal","hexamod:FifthSeal","hexamod:UnleashSpirits+1","CurseOfTheBell","animator:Curse_Nutcracker","hexamod:PhantomFireball+1","hexamod:DynamicBlow+1","hexamod:FirstSeal","hexamod:Rewind+1","hexamod:HeatCrush+1","hexamod:NecessarySacrifice+1","hexamod:GhostOfSpirePresent+1","ReplayTheSpireMod:IOU","hexamod:FastForward+1","hexamod:FirstSeal","hexamod:FirstSeal","hexamod:ExtraCrispy","hexamod:ThermalTransfer+1","Jack Of All Trades+1","hexamod:TurnItUp+1","hexamod:TurnItUp+1","hexamod:DynamicBlow+1","hexamod:GhostLash+1","hexamod:TimeWarp+1","hexamod:DynamicBlow+1"],"relics":["hexamod:SpiritBrand","Sundial","Ring of Greed","Golden Egg","Replay:Bandana","ReplayTheSpireMod:Ring of Addiction","SacredBark","Chameleon Ring","Honey Jar","CaptainsWheel","Mummified Hand","Replay:Bottled Snecko","Calling Bell","Pen Nib","Garlic","Lizard Tail","Oddly Smooth Stone","Guide Book"],"acts_visited":["Exordium","TheCity","TheBeyond"],"potions_floor_usage":[13,15,15,16,20,20,21,26,27,30,31,32,33,33,36,37,50,50,50,50],"damage_taken":[{"damage":0,"enemies":"Cultist","floor":2,"turns":4},{"damage":2,"enemies":"Small Slimes","floor":3,"turns":3},{"damage":0,"enemies":"2 Louse","floor":4,"turns":3},{"damage":1,"enemies":"Large Slime","floor":5,"turns":7},{"damage":5,"enemies":"Exordium Wildlife","floor":8,"turns":4},{"damage":0,"enemies":"downfall:FleeingMerchant","floor":9,"turns":4},{"damage":1,"enemies":"2 Fungi Beasts","floor":12,"turns":3},{"damage":5,"enemies":"3 Louse","floor":13,"turns":3},{"damage":6,"enemies":"Gremlin Gang","floor":15,"turns":3},{"damage":56,"enemies":"downfall:Defect","floor":16,"turns":9},{"damage":36,"enemies":"Chosen","floor":19,"turns":8},{"damage":31,"enemies":"downfall:Ironclad","floor":20,"turns":6},{"damage":3,"enemies":"downfall:FleeingMerchant","floor":21,"turns":5},{"damage":5,"enemies":"Snecko","floor":25,"turns":4},{"damage":2,"enemies":"Snake Plant","floor":26,"turns":3},{"damage":2,"enemies":"Sentry and Sphere","floor":27,"turns":4},{"damage":20,"enemies":"Centurion and Healer","floor":30,"turns":4},{"damage":4,"enemies":"Snecko","floor":31,"turns":5},{"damage":10,"enemies":"Snake Plant","floor":32,"turns":2},{"damage":34,"enemies":"downfall:Watcher","floor":33,"turns":9},{"damage":6,"enemies":"Orb Walker","floor":36,"turns":4},{"damage":12,"enemies":"3 Shapes","floor":37,"turns":2},{"damage":76,"enemies":"Writhing Mass","floor":38,"turns":7},{"damage":61,"enemies":"Maw","floor":39,"turns":8},{"damage":36,"enemies":"Spire Growth","floor":44,"turns":4},{"damage":10,"enemies":"downfall:FleeingMerchant","floor":46,"turns":4},{"damage":54,"enemies":"Transient","floor":49,"turns":5},{"damage":0,"enemies":"downfall:Ironclad","floor":50,"turns":7}],"seed_played":"6827803075916232848","potions_obtained":[{"floor":4,"key":"hexamod:DoubleChargePotion"},{"floor":4,"key":"EssenceOfSteel"},{"floor":5,"key":"DistilledChaos"},{"floor":5,"key":"BlessingOfTheForge"},{"floor":8,"key":"Venom Potion"},{"floor":12,"key":"Fire Potion"},{"floor":12,"key":"LifebloodPotion"},{"floor":13,"key":"DistilledChaos"},{"floor":15,"key":"DistilledChaos"},{"floor":15,"key":"ColorlessPotion"},{"floor":16,"key":"BlessingOfTheForge"},{"floor":16,"key":"Energy Potion"},{"floor":19,"key":"FairyPotion"},{"floor":19,"key":"Slimebound:ThreeZeroPotion"},{"floor":20,"key":"construct:ShiftPotion"},{"floor":20,"key":"Flashbang"},{"floor":21,"key":"Venom Potion"},{"floor":25,"key":"Reflective Coating"},{"floor":26,"key":"Toxic Potion"},{"floor":26,"key":"Guardian:BlockOnCardUsePotion"},{"floor":27,"key":"SpeedPotion"},{"floor":30,"key":"Adrenaline Potion"},{"floor":31,"key":"Death Potion"},{"floor":31,"key":"LiquidMemories"},{"floor":32,"key":"Explosive Potion"},{"floor":32,"key":"Doom Potion"},{"floor":33,"key":"Venom Potion"},{"floor":33,"key":"hexamod:InfernoChargePotion"},{"floor":38,"key":"Venom Potion"},{"floor":38,"key":"LifebloodPotion"},{"floor":39,"key":"PowerPotion"},{"floor":44,"key":"Languid Potion"},{"floor":46,"key":"Swift Potion"},{"floor":49,"key":"hexamod:EctoCoolerPotion"},{"floor":49,"key":"LifebloodPotion"}],"is_trial":false,"path_per_floor":["R","M","M","M","M","R","T","M","$","R","?","M","M","?","M","B",null,"R","M","?","$","?","R","T","M","M","M","R","?","M","M","M","B",null,"R","M","M","M","M","R","T","?","?","M","?","$","?","R","M","B",null],"character_chosen":"THE_SPIRIT","items_purchased":["hexamod:FourthSeal","hexamod:Hexaguard","hexamod:HauntingEcho","Discovery","Magnetism","hexamod:EtherealExpedition","hexamod:NightmareStrike","Jack Of All Trades","hexamod:TurnItUp","Guide Book","hexamod:DynamicBlow","hexamod:GhostLash"],"campfire_rested":3,"item_purchase_floors":[9,9,9,21,21,21,21,46,46,46,46,46],"current_hp_per_floor":[77,77,75,75,74,74,74,69,69,69,69,68,77,77,77,28,77,77,48,31,42,42,64,64,66,71,69,69,69,56,66,63,36,73,73,67,62,73,19,40,40,33,33,41,41,52,52,67,20,34],"gold":65,"neow_bonus":"TEN_PERCENT_HP_BONUS","is_daily":false,"chose_seed":false,"campfire_upgraded":4,"win_rate":0.0,"timestamp":1609093376,"path_taken":["R","M","M","?","M","R","T","M","$","R","?","M","M","?","M","BOSS","R","M","?","$","?","R","T","M","M","M","R","?","?","M","M","BOSS","R","M","M","M","M","R","T","?","?","?","?","?","?","R","M","BOSS"],"items_purchased_type":["Card","Card","Card","Card","Card","Card","Card","Card","Card","Relic","Card","Card"],"build_version":"2020-12-22","purchased_purges":0,"victory":true,"max_hp_per_floor":[77,77,77,77,77,77,77,77,77,77,77,77,77,77,77,77,77,77,77,75,75,75,75,75,73,73,73,73,73,73,73,73,73,73,73,73,73,73,73,73,71,71,71,69,69,69,67,67,67,65],"card_choices":[{"not_picked":["hexamod:GhostLash","hexamod:ThermalTransfer"],"picked":"hexamod:SwordOfDarkness","floor":2},{"not_picked":["hexamod:ExtraCrispy","hexamod:NightmareGuise"],"picked":"hexamod:FourthSeal","floor":3},{"not_picked":["hexamod:SwordOfDarkness","hexamod:EmpoweredFlame"],"picked":"hexamod:FastForward","floor":4},{"not_picked":["hexamod:ShieldOfDarkness","hexamod:SwordOfDarkness"],"picked":"hexamod:FastForward","floor":5},{"not_picked":["hexamod:FastForward","hexamod:DynamicBlow"],"picked":"hexamod:SoulSteal","floor":8},{"not_picked":["hexamod:NightmareStrike","hexamod:DynamicBlow"],"picked":"hexamod:ThirdSeal","floor":9},{"not_picked":["hexamod:BurningTouch","hexamod:Rewind"],"picked":"hexamod:FirstSeal","floor":12},{"not_picked":["hexamod:GhostLash","hexamod:BurningTouch"],"picked":"hexamod:FirstSeal","floor":12},{"not_picked":["hexamod:NightmareGuise","hexamod:EmpoweredFlame"],"picked":"hexamod:RecurringNightmare","floor":13},{"not_picked":["hexamod:FastForward","hexamod:BurningTouch"],"picked":"hexamod:AdvancingGuard","floor":15},{"not_picked":["hexamod:ThermalTransfer","hexamod:RainOfEmbers"],"picked":"hexamod:GhostOfSpireFuture","floor":15},{"not_picked":["hexamod:HexaLevel","hexamod:UnleashSpirits"],"picked":"hexamod:CrushingStance","floor":16},{"not_picked":["hexamod:CrushingStance","hexamod:EmpoweringStance"],"picked":"hexamod:ParanormalForm","floor":16},{"not_picked":["hexamod:ThermalTransfer+1","hexamod:AdvancingGuard+1","hexamod:Hexaguard"],"picked":"hexamod:BacktrackSmack+1","floor":19},{"not_picked":["hexamod:NightmareStrike","hexamod:RetreatToShadows","hexamod:Rewind"],"picked":"hexamod:SpectersWail","floor":19},{"not_picked":["hexamod:SwordOfDarkness","hexamod:BurningTouch","hexamod:ThermalTransfer"],"picked":"hexamod:SkipABeat+1","floor":20},{"not_picked":["hexamod:GhostflameBarrier","hexamod:SpectersWail+1","hexamod:NightmareStrike+1"],"picked":"hexamod:FastForward+1","floor":20},{"not_picked":["hexamod:HeatShield+1","hexamod:Hexaguard","hexamod:HeatCrush"],"picked":"hexamod:GhostflameInferno","floor":21},{"not_picked":["hexamod:SoulSteal+1","hexamod:FastForward","hexamod:Incineration"],"picked":"hexamod:Firestarter+1","floor":21},{"not_picked":["hexamod:BurningTouch","hexamod:HauntingEcho","hexamod:ExtraCrispy"],"picked":"hexamod:RainOfEmbers+1","floor":25},{"not_picked":["hexamod:NightmareStrike+1","hexamod:ShieldOfDarkness","hexamod:DynamicBlow"],"picked":"hexamod:ThirdSeal","floor":26},{"not_picked":["hexamod:BurningTouch","hexamod:BacktrackSmack","hexamod:ExtraCrispy+1"],"picked":"hexamod:GhostOfSpirePast","floor":26},{"not_picked":["hexamod:FirstSeal","hexamod:AdvancingGuard+1","hexamod:Again"],"picked":"hexamod:UnleashSpirits","floor":27},{"not_picked":["hexamod:FastForward","hexamod:GhostflameBarrier+1","hexamod:Hexaguard"],"picked":"hexamod:RainOfEmbers","floor":27},{"not_picked":["hexamod:HauntingEcho+1","hexamod:BacktrackSmack","hexamod:Firestarter+1"],"picked":"hexamod:RetreatToShadows","floor":30},{"not_picked":["hexamod:GhostflameBarrier","hexamod:RetreatToShadows","hexamod:GhostOfSpirePresent"],"picked":"hexamod:RainOfEmbers+1","floor":30},{"not_picked":["hexamod:Firestarter","hexamod:InspiringFlames+1","hexamod:SpectersWail"],"picked":"hexamod:ExtraCrispy","floor":30},{"not_picked":["hexamod:GhostOfSpirePast","hexamod:InspiringFlames","hexamod:BurningTouch"],"picked":"hexamod:Again","floor":31},{"not_picked":["hexamod:SpectralAdrenaline","hexamod:GhostLash","hexamod:InspiringFlames"],"picked":"hexamod:SearingWound","floor":31},{"not_picked":["hexamod:AdvancingGuard+1","hexamod:EmpoweredFlame","hexamod:StepThrough"],"picked":"hexamod:HeatMetal","floor":32},{"not_picked":["hexamod:ShieldOfDarkness","hexamod:SpectersWail+1","hexamod:Hexaguard"],"picked":"hexamod:FastForward","floor":32},{"not_picked":["hexamod:UnleashSpirits","hexamod:FifthSeal","hexamod:WildfireWeapon"],"picked":"hexamod:SixthSeal","floor":33},{"not_picked":["hexamod:SixthSeal","hexamod:CrushingStance","hexamod:TimeWarp"],"picked":"hexamod:FifthSeal","floor":33},{"not_picked":["hexamod:TurnItUp","hexamod:WildfireWeapon","hexamod:TimeOfNeed"],"picked":"hexamod:UnleashSpirits","floor":33},{"not_picked":["hexamod:ShieldOfDarkness+1","hexamod:PhantomCloak","hexamod:SwordOfDarkness+1"],"picked":"hexamod:PhantomFireball+1","floor":36},{"not_picked":["hexamod:HauntingEcho","hexamod:StepThrough+1","hexamod:GhostShield"],"picked":"hexamod:DynamicBlow+1","floor":36},{"not_picked":["hexamod:FourthSeal","hexamod:SecondSeal","hexamod:ThirdSeal"],"picked":"hexamod:FirstSeal","floor":36},{"not_picked":["hexamod:ChargedBarrage+1","hexamod:ThermalTransfer","hexamod:GhostOfSpireFuture"],"picked":"hexamod:Rewind+1","floor":36},{"not_picked":["hexamod:NightmareStrike","hexamod:BacktrackSmack","hexamod:RetreatToShadows+1"],"picked":"hexamod:HeatCrush+1","floor":37},{"not_picked":["hexamod:Hexaguard+1","hexamod:NightmareGuise","hexamod:ShieldOfDarkness+1"],"picked":"hexamod:NecessarySacrifice+1","floor":38},{"not_picked":["hexamod:HauntingEcho","hexamod:GhostLash","hexamod:SwordOfDarkness+1"],"picked":"hexamod:GhostOfSpirePresent","floor":38},{"not_picked":["hexamod:GhostOfSpireFuture","hexamod:ShieldOfDarkness+1","hexamod:Firestarter+1"],"picked":"hexamod:FastForward","floor":39},{"not_picked":["hexamod:SpectralAdrenaline","hexamod:PhantomFireball","hexamod:SpectersWail+1"],"picked":"hexamod:FirstSeal","floor":44},{"not_picked":["hexamod:StepThrough","hexamod:BurningTouch+1","hexamod:SoulSteal+1"],"picked":"hexamod:ExtraCrispy","floor":44},{"not_picked":["hexamod:AdvancingGuard","hexamod:BacktrackSmack","hexamod:FastForward"],"picked":"hexamod:ThermalTransfer","floor":46},{"not_picked":["hexamod:FirstSeal","hexamod:SpectralAdrenaline","hexamod:ThirdSeal"],"picked":"hexamod:TimeWarp","floor":49},{"not_picked":["hexamod:SecondSeal","hexamod:BacktrackSmack","hexamod:BurningTouch+1"],"picked":"hexamod:DynamicBlow+1","floor":49}],"player_experience":90923,"relics_obtained":[{"floor":7,"key":"Sundial"},{"floor":14,"key":"Ring of Greed"},{"floor":14,"key":"Golden Egg"},{"floor":14,"key":"Replay:Bandana"},{"floor":14,"key":"ReplayTheSpireMod:Ring of Addiction"},{"floor":14,"key":"SacredBark"},{"floor":14,"key":"Chameleon Ring"},{"floor":20,"key":"CaptainsWheel"},{"floor":20,"key":"Mummified Hand"},{"floor":24,"key":"Replay:Bottled Snecko"},{"floor":34,"key":"Pen Nib"},{"floor":34,"key":"Garlic"},{"floor":34,"key":"Lizard Tail"},{"floor":41,"key":"Oddly Smooth Stone"}],"event_choices":[{"damage_healed":0,"gold_gain":0,"player_choice":"Forge","damage_taken":0,"max_hp_gain":0,"max_hp_loss":0,"event_name":"Accursed Blacksmith","floor":43,"gold_loss":0,"cards_upgraded":["hexamod:FastForward"]},{"damage_healed":0,"gold_gain":0,"player_choice":"Upgraded","damage_taken":0,"max_hp_gain":0,"max_hp_loss":0,"event_name":"Upgrade Shrine","floor":47,"gold_loss":0,"cards_upgraded":["hexamod:GhostOfSpirePresent"]}],"is_beta":false,"boss_relics":[{"not_picked":["Runic Dome","Runic Pyramid"],"picked":"Honey Jar"},{"not_picked":["construct:WeddingRing","Velvet Choker"],"picked":"Calling Bell"}],"items_purged_floors":[],"is_endless":false,"potions_floor_spawned":[4,5,16,25,27,32,39,44,49],"ascension_level":0}}