{"host":"Brewing","time":1609092821,"event":{"mods":["Act Like it!","BaseMod","Downfall","Hallownest","Hermit","Hunter ??","Minty Spire (QoL Compilation)","Potionbrewer","Quick Restart","StSLib","The Necromancer"],"gold_per_floor":[99,114,114,128,141,141,211,237,94,114,126,156,31,31,48,152,152,152,167,167,3,22,22,46,46,64,49,49,49,49,49,49],"floor_reached":30,"playtime":1701,"items_purged":[],"score":228,"play_id":"6b6181cf-9e2a-487e-bc6e-e69618d1f925","local_time":"20201228071341","is_ascension_mode":false,"campfire_choices":[{"floor":1,"key":"RECALL"},{"data":"Slimebound:Split","floor":6,"key":"SMITH"},{"data":"Slimebound:MassFeed","floor":18,"key":"SMITH"},{"floor":25,"key":"REST"},{"data":"Slimebound:SelfFormingGoo","floor":28,"key":"SMITH"},{"data":"Slimebound:FirmFortitude","floor":29,"key":"SMITH"}],"circlet_count":0,"master_deck":["Slimebound:Strike_Slimebound","Slimebound:Strike_Slimebound","Slimebound:Strike_Slimebound","Slimebound:Tackle","Slimebound:Defend_Slimebound","Slimebound:Defend_Slimebound","Slimebound:Defend_Slimebound","Slimebound:Split+1","Slimebound:CorrosiveSpit","Slimebound:SplitAcid","Slimebound:GoopSpray","Slimebound:SplitBruiser","Slimebound:Nibble","Slimebound:SlimeSpikes","Slimebound:LeechingTouch","Slimebound:SplitLeeching","Slimebound:RejuvenatingLick","Slimebound:SamplingLick","Slimebound:RainOfGoop","Slimebound:AcidTongue+1","Slimebound:Equalize","Slimebound:MassFeed+1","Slimebound:PressTheAttack+1","Slimebound:FirmFortitude+1","Slimebound:GrowthPunch","Slimebound:RollThrough","Slimebound:SelfFormingGoo+1"],"relics":["Slimebound:AbsorbEndCombat","potionbrewer:BottledElixir","WingedGreaves","Nunchaku","Slimebound:TarBlob","Anchor"],"acts_visited":["Exordium","TheCity"],"potions_floor_usage":[4,4,8,8,9,10,13,16,22,22,26,26],"damage_taken":[{"damage":13,"enemies":"Jaw Worm","floor":2,"turns":4},{"damage":8,"enemies":"Cultist","floor":4,"turns":3},{"damage":7,"enemies":"Small Slimes","floor":5,"turns":3},{"damage":28,"enemies":"Gremlin Nob","floor":8,"turns":3},{"damage":16,"enemies":"downfall:FleeingMerchant","floor":9,"turns":4},{"damage":17,"enemies":"Blue Slaver","floor":10,"turns":2},{"damage":19,"enemies":"2 Fungi Beasts","floor":11,"turns":3},{"damage":32,"enemies":"downfall:FleeingMerchant","floor":13,"turns":4},{"damage":14,"enemies":"Red Slaver","floor":15,"turns":3},{"damage":67,"enemies":"downfall:Silent","floor":16,"turns":7},{"damage":50,"enemies":"Shell Parasite","floor":19,"turns":5},{"damage":45,"enemies":"downfall:FleeingMerchant","floor":21,"turns":4},{"damage":12,"enemies":"Chosen","floor":22,"turns":4},{"damage":16,"enemies":"3 Cultists","floor":26,"turns":4},{"damage":25,"enemies":"downfall:FleeingMerchant","floor":27,"turns":4},{"damage":57,"enemies":"Slavers","floor":30,"turns":2}],"seed_played":"-1167295462545219255","potions_obtained":[{"floor":3,"key":"Dexterity Potion"},{"floor":3,"key":"hexamod:EctoCoolerPotion"},{"floor":3,"key":"AttackPotion"},{"floor":4,"key":"potionbrewer:QuicksilverPotion"},{"floor":5,"key":"Explosive Potion"},{"floor":11,"key":"Weak Potion"},{"floor":15,"key":"Strength Potion"},{"floor":22,"key":"potionbrewer:SplittingPotion"}],"is_trial":false,"path_per_floor":["R","M","?","M","M","R","T","E","$","M","M","?","$","?","M","B",null,"R","M","?","$","M","?","T","R","M","$","R","R","E"],"character_chosen":"SLIMEBOUND","items_purchased":["potionbrewer:MidasPotion","Slimebound:LeechingTouch","Slimebound:RainOfGoop","Slimebound:AcidTongue","hexamod:EctoCoolerPotion","Block Potion","Slimebound:GrowthPunch"],"campfire_rested":1,"item_purchase_floors":[9,9,13,13,21,21,21],"current_hp_per_floor":[66,59,59,61,62,62,62,52,58,59,60,60,62,62,58,27,66,66,54,35,32,46,46,46,65,64,51,51,51,0,0,0],"gold":49,"neow_bonus":"TEN_PERCENT_HP_BONUS","is_daily":false,"chose_seed":false,"campfire_upgraded":4,"win_rate":0.0,"timestamp":1609092821,"path_taken":["R","M","?","M","M","R","T","E","?","M","M","?","?","?","M","BOSS","R","M","?","?","M","?","T","R","?","$","R","R","E"],"items_purchased_type":["Potion","Card","Card","Card","Potion","Potion","Card"],"build_version":"2020-12-18","purchased_purges":0,"victory":false,"max_hp_per_floor":[66,66,66,66,66,66,66,66,66,66,66,66,66,66,66,66,66,66,66,66,66,66,66,66,66,66,66,66,66,66,66,66],"card_choices":[{"not_picked":["Slimebound:MegaLick","Slimebound:ItLooksTasty"],"picked":"Slimebound:SplitAcid","floor":2},{"not_picked":["Slimebound:ViciousTackle","Slimebound:SplitBruiser"],"picked":"Slimebound:GoopSpray","floor":4},{"not_picked":["Slimebound:SlimeBrawl","Slimebound:ViciousTackle"],"picked":"Slimebound:SplitBruiser","floor":5},{"not_picked":["Slimebound:Chomp","Slimebound:PrepareCrush"],"picked":"Slimebound:Nibble","floor":8},{"not_picked":["Slimebound:Schlurp","Slimebound:PressTheAttack"],"picked":"Slimebound:SlimeSpikes","floor":9},{"not_picked":["Slimebound:SplitBruiser","Slimebound:DisruptingSlam"],"picked":"Slimebound:SplitLeeching","floor":10},{"not_picked":["Slimebound:LeechingTouch","Slimebound:PressTheAttack"],"picked":"Slimebound:RejuvenatingLick","floor":11},{"not_picked":["Slimebound:ForwardTackle","Slimebound:SlimeSpikes"],"picked":"Slimebound:SamplingLick","floor":13},{"not_picked":["Slimebound:SlimeSpikes","Slimebound:GrowthPunch"],"picked":"Slimebound:Equalize","floor":15},{"not_picked":["Slimebound:RallyTheTroops","Slimebound:Overexert"],"picked":"Slimebound:MassFeed","floor":16},{"not_picked":["Slimebound:Schlurp+1","Slimebound:SlimeSpikes"],"picked":"Slimebound:PressTheAttack+1","floor":19},{"not_picked":["Slimebound:SlimeSpikes","Slimebound:Dissolve+1"],"picked":"Slimebound:FirmFortitude","floor":21},{"not_picked":["Slimebound:SplitMire","Slimebound:Dissolve+1","Slimebound:RollThrough"],"picked":"SKIP","floor":22},{"not_picked":["Slimebound:SplitMire+1","Slimebound:RejuvenatingLick"],"picked":"Slimebound:SelfFormingGoo","floor":26},{"not_picked":["Slimebound:Chomp","Slimebound:SplitLeeching","Slimebound:PressTheAttack"],"picked":"SKIP","floor":27}],"player_experience":144431,"relics_obtained":[{"floor":7,"key":"potionbrewer:BottledElixir"},{"floor":8,"key":"WingedGreaves"},{"floor":24,"key":"Anchor"}],"event_choices":[{"damage_healed":0,"gold_gain":0,"player_choice":"Got Potions","damage_taken":0,"max_hp_gain":0,"max_hp_loss":0,"event_name":"Lab","floor":3,"gold_loss":0},{"damage_healed":0,"gold_gain":0,"player_choice":"Forge","damage_taken":0,"max_hp_gain":0,"max_hp_loss":0,"event_name":"Accursed Blacksmith","floor":14,"gold_loss":0,"cards_upgraded":["Slimebound:AcidTongue"]},{"damage_healed":0,"gold_gain":0,"cards_transformed":["Slimebound:Defend_Slimebound"],"player_choice":"Transformed","damage_taken":0,"max_hp_gain":0,"max_hp_loss":0,"event_name":"Transmorgrifier","floor":23,"gold_loss":0,"cards_obtained":["Slimebound:RollThrough"]}],"is_beta":true,"boss_relics":[{"not_picked":["Coffee Dripper","Calling Bell"],"picked":"Slimebound:TarBlob"}],"items_purged_floors":[],"is_endless":false,"potions_floor_spawned":[4,5,11,15,22],"killed_by":"Slavers","ascension_level":0}}