{"host":"vydapxfau6612551","time":1609066970,"event":{"mods":["AchievementEnabler","BaseMod","Minty Spire (QoL Compilation)","StSLib","SuperFastMode"],"gold_per_floor":[115,125,143,68,68,94,94,119,173,203,221,238,89,103,103,203,203,213,226,237,250,263,293,293,293],"floor_reached":24,"playtime":1040,"items_purged":[],"score":374,"play_id":"ae994d03-4d16-42d7-8e64-581e0de4fad2","local_time":"20201227200250","is_ascension_mode":true,"campfire_choices":[{"data":"Perfected Strike","floor":7.0,"key":"SMITH"},{"data":"Perfected Strike","floor":15.0,"key":"SMITH"}],"circlet_count":0,"master_deck":["Strike_R","Strike_R","Strike_R","Strike_R","Strike_R+1","Defend_R","Defend_R","Defend_R","Bash+1","Impervious","Perfected Strike+1","Flame Barrier","Perfected Strike+1","Armaments","Pummel","Body Slam","Twin Strike","Metallicize","Body Slam","Disarm+1","Body Slam+1","Twin Strike+1","Twin Strike"],"relics":["Burning Blood","Mercury Hourglass","Oddly Smooth Stone","Nunchaku","MealTicket","Whetstone","SlaversCollar","Matryoshka"],"acts_visited":["Exordium","TheCity"],"potions_floor_usage":[24],"damage_taken":[{"damage":7.0,"enemies":"Jaw Worm","floor":1.0,"turns":3.0},{"damage":1.0,"enemies":"Cultist","floor":2.0,"turns":4.0},{"damage":8.0,"enemies":"Small Slimes","floor":3.0,"turns":3.0},{"damage":37.0,"enemies":"Gremlin Nob","floor":6.0,"turns":5.0},{"damage":0.0,"enemies":"3 Sentries","floor":8.0,"turns":5.0},{"damage":20.0,"enemies":"Lagavulin","floor":10.0,"turns":5.0},{"damage":0.0,"enemies":"Looter","floor":11.0,"turns":2.0},{"damage":0.0,"enemies":"2 Fungi Beasts","floor":12.0,"turns":2.0},{"damage":2.0,"enemies":"Red Slaver","floor":14.0,"turns":3.0},{"damage":26.0,"enemies":"The Guardian","floor":16.0,"turns":8.0},{"damage":12.0,"enemies":"Shell Parasite","floor":18.0,"turns":4.0},{"damage":6.0,"enemies":"Chosen","floor":19.0,"turns":5.0},{"damage":21.0,"enemies":"Snake Plant","floor":20.0,"turns":4.0},{"damage":9.0,"enemies":"Shelled Parasite and Fungi","floor":21.0,"turns":5.0},{"damage":21.0,"enemies":"Snecko","floor":22.0,"turns":5.0},{"damage":27.0,"enemies":"Gremlin Leader","floor":23.0,"turns":6.0},{"damage":0,"enemies":"Sentry and Sphere","floor":24,"turns":3}],"seed_played":"-5132548296956197346","potions_obtained":[{"floor":2.0,"key":"EssenceOfSteel"},{"floor":6.0,"key":"EntropicBrew"},{"floor":8.0,"key":"AttackPotion"},{"floor":14.0,"key":"DistilledChaos"},{"floor":19.0,"key":"Ancient Potion"},{"floor":20.0,"key":"Block Potion"},{"floor":23.0,"key":"Swift Potion"}],"is_trial":false,"path_per_floor":["M","M","M","$","?","E","R","E","T","E","M","M","$","M","R","B",null,"M","M","M","M","M","E","M"],"character_chosen":"IRONCLAD","items_purchased":["Perfected Strike","Armaments","Whetstone"],"campfire_rested":0,"item_purchase_floors":[4,4,13],"current_hp_per_floor":[71,76,74,74,74,43,43,49,49,35,41,47,62,66,66,46,72,66,66,51,48,33,12,12,12],"gold":293,"neow_bonus":"ONE_RANDOM_RARE_CARD","is_daily":false,"chose_seed":false,"campfire_upgraded":2,"win_rate":0.0,"timestamp":1609066970,"path_taken":["M","M","M","$","?","E","R","E","T","E","M","M","$","M","R","BOSS","M","?","?","M","M","E","M"],"items_purchased_type":["Card","Card","Relic"],"build_version":"2020-12-22","purchased_purges":0,"victory":false,"max_hp_per_floor":[80,80,80,80,80,80,80,80,80,80,80,80,80,80,80,80,80,80,80,80,80,80,80,80,80],"card_choices":[{"not_picked":["Sword Boomerang","Headbutt"],"picked":"Perfected Strike","floor":1.0},{"not_picked":["Heavy Blade","Iron Wave","Flex"],"picked":"SKIP","floor":2.0},{"not_picked":["Dropkick","Sword Boomerang"],"picked":"Flame Barrier","floor":3.0},{"not_picked":["Thunderclap","Wild Strike"],"picked":"Body Slam","floor":6.0},{"not_picked":["Clash","Whirlwind"],"picked":"Twin Strike","floor":8.0},{"not_picked":["Intimidate","Iron Wave"],"picked":"Metallicize","floor":10.0},{"not_picked":["Flex","Feel No Pain","True Grit"],"picked":"SKIP","floor":11.0},{"not_picked":["Intimidate","True Grit"],"picked":"Body Slam","floor":12.0},{"not_picked":["Ghostly Armor","Fire Breathing","Flex"],"picked":"SKIP","floor":14.0},{"not_picked":["Intimidate","Cleave"],"picked":"Disarm+1","floor":18.0},{"not_picked":["Clothesline","True Grit","Heavy Blade"],"picked":"SKIP","floor":19.0},{"not_picked":["Thunderclap","Cleave"],"picked":"Body Slam+1","floor":20.0},{"not_picked":["Body Slam","Reckless Charge+1"],"picked":"Twin Strike+1","floor":21.0},{"not_picked":["Sever Soul","Body Slam"],"picked":"Twin Strike","floor":22.0},{"not_picked":["Wild Strike","Juggernaut","Headbutt+1"],"picked":"SKIP","floor":23.0}],"player_experience":394187,"relics_obtained":[{"floor":6.0,"key":"Mercury Hourglass"},{"floor":8.0,"key":"Oddly Smooth Stone"},{"floor":9.0,"key":"Nunchaku"},{"floor":10.0,"key":"MealTicket"},{"floor":23.0,"key":"Matryoshka"}],"event_choices":[{"damage_healed":0.0,"max_hp_gain":0.0,"max_hp_loss":0.0,"gold_gain":0.0,"cards_transformed":["Defend_R"],"event_name":"Transmorgrifier","player_choice":"Transformed","floor":5.0,"gold_loss":0.0,"damage_taken":0.0,"cards_obtained":["Pummel"]}],"is_beta":false,"boss_relics":[{"not_picked":["Pandora\u0027s Box","Calling Bell"],"picked":"SlaversCollar"}],"items_purged_floors":[],"is_endless":false,"potions_floor_spawned":[2,6,8,14,19,20,23],"killed_by":"Sentry and Sphere","ascension_level":8}}