{"host":"98ajcw3do3zsggh8","time":1609108924,"event":{"mods":["BaseMod","Minty Spire (QoL Compilation)","Replay The Spire","StSLib"],"gold_per_floor":[113,113,124,143,161,161,206,206,206,206,223,173,173,184,184,284,284,300,300,320,331,331,331],"floor_reached":22,"playtime":577,"items_purged":[],"score":228,"play_id":"3acfcbf7-0e14-4647-974b-7f298e0aaae3","local_time":"20201227234204","is_ascension_mode":false,"campfire_choices":[{"data":"SignatureMove","floor":6,"key":"SMITH"},{"floor":13,"key":"REST"},{"floor":15,"key":"REST"}],"circlet_count":0,"master_deck":["Strike_P","Strike_P+1","Defend_P","Defend_P","Defend_P","Defend_P","Eruption","Vigilance","Consecrate","FollowUp+1","Consecrate","SignatureMove+1","SandsOfTime","Blasphemy","Consecrate","Alpha","TalkToTheHand"],"relics":["Velvet Choker","Dream Catcher","StoneCalendar","Ring of Peace","Black Star"],"acts_visited":["Exordium","TheCity"],"potions_floor_usage":[11,11,22],"damage_taken":[{"damage":25,"enemies":"Small Slimes","floor":1,"turns":2},{"damage":0,"enemies":"2 Louse","floor":3,"turns":2},{"damage":0,"enemies":"Jaw Worm","floor":4,"turns":3},{"damage":0,"enemies":"Looter","floor":5,"turns":2},{"damage":0,"enemies":"Large Slime","floor":11,"turns":2},{"damage":0,"enemies":"2 Fungi Beasts","floor":14,"turns":3},{"damage":0,"enemies":"Slime Boss","floor":16,"turns":7},{"damage":41,"enemies":"3 Byrds","floor":18,"turns":4},{"damage":0,"enemies":"Chosen","floor":20,"turns":4},{"damage":24,"enemies":"Shelled Parasite and Fungi","floor":21,"turns":7},{"damage":22,"enemies":"Snecko","floor":22,"turns":5}],"seed_played":"-148862709791209945","potions_obtained":[{"floor":3,"key":"Block Potion"},{"floor":5,"key":"Block Potion"},{"floor":7,"key":"BlessingOfTheForge"},{"floor":16,"key":"FearPotion"},{"floor":18,"key":"SteroidPotion"},{"floor":21,"key":"Regen Potion"}],"is_trial":false,"path_per_floor":["M","?","M","M","M","R","?","?","T","?","M","?","R","M","R","B",null,"M","?","M","M","M"],"character_chosen":"WATCHER","items_purchased":[],"campfire_rested":2,"item_purchase_floors":[],"current_hp_per_floor":[47,47,47,47,47,47,19,5,5,5,5,5,26,26,47,47,72,31,31,31,7,0,0],"gold":331,"neow_bonus":"BOSS_RELIC","is_daily":false,"chose_seed":false,"campfire_upgraded":1,"win_rate":0.0,"timestamp":1609108924,"path_taken":["M","?","M","M","M","R","?","?","T","?","M","?","R","M","R","BOSS","M","?","M","M","M"],"items_purchased_type":[],"build_version":"2020-12-22","purchased_purges":0,"victory":false,"max_hp_per_floor":[72,72,72,72,72,72,72,72,72,72,72,72,72,72,72,72,72,72,72,72,72,72,72],"card_choices":[{"not_picked":["FlyingSleeves","Replay:ManipulateFuture"],"picked":"Consecrate","floor":1},{"not_picked":["FlyingSleeves","FollowUp"],"picked":"Consecrate","floor":3},{"not_picked":["Vengeance","PathToVictory"],"picked":"SignatureMove","floor":4},{"not_picked":["Replay:ManipulateFuture","Wallop"],"picked":"SandsOfTime","floor":5},{"not_picked":["FlurryOfBlows","Replay:Hum"],"picked":"Blasphemy","floor":7},{"not_picked":["InnerPeace","CrushJoints","Prostrate"],"picked":"SKIP","floor":11},{"not_picked":["FlurryOfBlows","Devotion"],"picked":"Consecrate","floor":13},{"not_picked":["Crescendo","ClearTheMind","EmptyFist"],"picked":"SKIP","floor":14},{"not_picked":["MasterReality","Devotion"],"picked":"Alpha","floor":16},{"not_picked":["PathToVictory","Replay:BluntJabs","Halt"],"picked":"SKIP","floor":18},{"not_picked":["Protect","Replay:Vibes","Weave"],"picked":"SKIP","floor":20},{"not_picked":["FollowUp+1","CutThroughFate","PathToVictory"],"picked":"SKIP","floor":21}],"player_experience":281507,"relics_obtained":[{"floor":7,"key":"Dream Catcher"},{"floor":9,"key":"StoneCalendar"},{"floor":10,"key":"Ring of Peace"}],"event_choices":[{"damage_healed":0,"gold_gain":0,"cards_transformed":["Strike_P"],"player_choice":"Change","damage_taken":0,"max_hp_gain":0,"max_hp_loss":0,"event_name":"Living Wall","floor":2,"gold_loss":0,"cards_obtained":["FollowUp"]},{"damage_healed":0,"gold_gain":0,"player_choice":"Entered Light","damage_taken":14,"max_hp_gain":0,"max_hp_loss":0,"event_name":"Shining Light","floor":8,"gold_loss":0,"cards_upgraded":["Strike_P","FollowUp"]},{"cards_removed":["Strike_P"],"damage_healed":0,"gold_gain":0,"player_choice":"Card Removal","damage_taken":0,"max_hp_gain":0,"max_hp_loss":0,"event_name":"The Cleric","floor":12,"gold_loss":50},{"damage_healed":0,"gold_gain":0,"player_choice":"Read","damage_taken":0,"max_hp_gain":0,"max_hp_loss":0,"event_name":"The Library","floor":19,"gold_loss":0,"cards_obtained":["TalkToTheHand"]}],"is_beta":false,"boss_relics":[{"not_picked":["VioletLotus","Philosopher\u0027s Stone"],"picked":"Black Star"}],"items_purged_floors":[],"is_endless":false,"potions_floor_spawned":[3,5,16,18,21],"killed_by":"Snecko","ascension_level":0}}