{"host":"69jhlqjftaiagc7t","time":1609036873,"event":{"mods":["BaseMod","Colored Map","Downfall","Hubris","Mimic Mod","Minty Spire (QoL Compilation)","Replay The Spire","StSLib","The Bug Knight","The Construct","The Hierophant","The Mystic","The Necromancer","The Runesmith","The Servant 0.9.4","Wandering Minibosses"],"gold_per_floor":[113,113,133,152,173,173,208,288,288,134,134,158,194,213,213,343,443,463,463,479,498,398,398,439,389,389],"floor_reached":25,"playtime":2261,"items_purged":["Runesmith:Defend_RS","Runesmith:Defend_RS"],"score":271,"play_id":"8b3a5caf-fed3-400a-9924-e79ce76db439","local_time":"20201227104113","is_ascension_mode":true,"campfire_choices":[{"floor":6,"key":"RECALL"},{"data":"Runesmith:Grindstone","floor":11,"key":"SMITH"},{"floor":15,"key":"REST"},{"data":"Runesmith:FieryHammer","floor":23,"key":"SMITH"}],"circlet_count":0,"master_deck":["Runesmith:Strike_RS","Runesmith:Strike_RS","Runesmith:Strike_RS","Runesmith:Strike_RS","Runesmith:Defend_RS","Runesmith:Defend_RS","Runesmith:CraftFirestone","Runesmith:Fortify+1","Runesmith:HeatExchange","Runesmith:Discharge","Runesmith:FrozenChisel","Runesmith:Grindstone+1","Runesmith:RuneHurl","Runesmith:Firestorm+1","Runesmith:CraftMagma","Runesmith:RunicBlueprint","Runesmith:CraftProtectio","Runesmith:CraftMedicinae","Runesmith:FieryHammer+1","Runesmith:Permafrost+1","Runesmith:PoweredAnvil+1"],"relics":["Runesmith:BrokenRuby","Golden Idol","Frozen Egg 2","Tiny Chest","Replay:Wanted Poster","MealTicket","Art of War"],"acts_visited":["Exordium","TheCity"],"potions_floor_usage":[13,13,24],"damage_taken":[{"damage":0,"enemies":"Jaw Worm","floor":1,"turns":4},{"damage":2,"enemies":"2 Louse","floor":3,"turns":3},{"damage":5,"enemies":"Small Slimes","floor":4,"turns":3},{"damage":0,"enemies":"2 Fungi Beasts","floor":5,"turns":2},{"damage":10,"enemies":"HollowMod:MossKnight","floor":7,"turns":4},{"damage":14,"enemies":"3 Louse","floor":12,"turns":2},{"damage":0,"enemies":"3 Sentries","floor":13,"turns":5},{"damage":3,"enemies":"2 Fungi Beasts","floor":14,"turns":3},{"damage":24,"enemies":"Slime Boss","floor":16,"turns":10},{"damage":12,"enemies":"Shell Parasite","floor":18,"turns":4},{"damage":18,"enemies":"2 Thieves","floor":20,"turns":3},{"damage":6,"enemies":"Centurion and Healer","floor":21,"turns":8},{"damage":29,"enemies":"Replay:Snechameleon","floor":24,"turns":5},{"damage":21,"enemies":"Shelled Parasite and Fungi","floor":25,"turns":3}],"seed_played":"1129230673546398230","potions_obtained":[{"floor":4,"key":"Swift Potion"},{"floor":12,"key":"AttackPotion"},{"floor":13,"key":"LiquidBronze"}],"is_trial":false,"path_per_floor":["M","?","M","M","M","R","E","?","T","$","R","M","E","M","R","B",null,"M","?","M","M","$","R","E","M"],"character_chosen":"RUNESMITH_CLASS","items_purchased":["Runesmith:Firestorm+1"],"campfire_rested":1,"item_purchase_floors":[10],"current_hp_per_floor":[70,53,51,46,46,46,36,36,36,36,36,22,22,19,40,16,70,58,58,40,34,49,49,20,0,0],"gold":389,"neow_bonus":"UPGRADE_CARD","is_daily":false,"chose_seed":false,"campfire_upgraded":2,"win_rate":0.0,"timestamp":1609036873,"path_taken":["M","?","M","M","M","R","E","?","T","$","R","M","E","M","R","BOSS","M","?","M","?","$","R","E","M"],"items_purchased_type":["Card"],"build_version":"2020-12-22","purchased_purges":2,"victory":false,"max_hp_per_floor":[70,70,70,70,70,70,70,70,70,70,70,70,70,70,70,70,70,70,70,70,70,70,70,70,70,70],"card_choices":[{"not_picked":["Runesmith:MakeshiftArmor","Runesmith:ChiselStab"],"picked":"Runesmith:HeatExchange","floor":1},{"not_picked":["Runesmith:CraftMagma","Runesmith:StaticCage"],"picked":"Runesmith:Discharge","floor":3},{"not_picked":["Runesmith:Superposition","Runesmith:CraftProtectio"],"picked":"Runesmith:FrozenChisel","floor":4},{"not_picked":["Runesmith:Malloc","Runesmith:HammerThrow"],"picked":"Runesmith:Grindstone","floor":5},{"not_picked":["Runesmith:StaticCage","Runesmith:LastStand"],"picked":"Runesmith:RuneHurl","floor":7},{"not_picked":["Runesmith:EnergizedChisel","Runesmith:Repurpose"],"picked":"Runesmith:CraftMagma","floor":12},{"not_picked":["Runesmith:Empowerment","Runesmith:ChiselStab"],"picked":"Runesmith:RunicBlueprint","floor":13},{"not_picked":["Runesmith:HeatExchange","Runesmith:CraftProtectio","Runesmith:CraftMagma"],"picked":"SKIP","floor":14},{"not_picked":["Runesmith:HeatExchange","Runesmith:CraftMagma"],"picked":"Runesmith:CraftProtectio","floor":14},{"not_picked":["Runesmith:GenerateForcefield","Runesmith:Duplicate"],"picked":"Runesmith:CraftMedicinae","floor":16},{"not_picked":["Runesmith:BackupBattery","Runesmith:HammerThrow"],"picked":"Runesmith:FieryHammer","floor":18},{"not_picked":["Runesmith:HeatExchange+1","Runesmith:Attraction"],"picked":"Runesmith:Permafrost+1","floor":20},{"not_picked":["Runesmith:ShiftingStrike+1","Runesmith:ChiselStab"],"picked":"Runesmith:PoweredAnvil+1","floor":21},{"not_picked":["Runesmith:HeatedChisel+1","Runesmith:Empowerment+1","Runesmith:Superposition"],"picked":"SKIP","floor":24}],"player_experience":224965,"relics_obtained":[{"floor":7,"key":"Frozen Egg 2"},{"floor":13,"key":"Tiny Chest"},{"floor":24,"key":"Art of War"}],"event_choices":[{"damage_healed":0,"gold_gain":0,"player_choice":"Take Damage","damage_taken":17,"relics_obtained":["Golden Idol"],"max_hp_gain":0,"max_hp_loss":0,"event_name":"Golden Idol","floor":2,"gold_loss":0},{"damage_healed":0,"gold_gain":80,"player_choice":"Gained Gold","damage_taken":0,"max_hp_gain":0,"max_hp_loss":0,"event_name":"Golden Wing","floor":8,"gold_loss":0}],"is_beta":false,"boss_relics":[{"not_picked":["SacredBark","hubris:Stopwatch"],"picked":"Replay:Wanted Poster"}],"items_purged_floors":[10,22],"is_endless":false,"potions_floor_spawned":[4,12,13],"killed_by":"Shelled Parasite and Fungi","ascension_level":1}}