{"host":"odz7g4gpgch153rb","time":1609099291,"event":{"mods":["AchievementEnabler","BaseMod","Better Match","Better Third Choice","BetterRewards","GifTheSpireLib","Infinite Spire","Jedi Mod","Minty Spire (QoL Compilation)","Quick Restart","Replay The Spire","Spikes Relics","StSLib","Stuff the Spire","The Blue Laboratory","Trackpad"],"gold_per_floor":[114,114,132,6,6,40,40,66,66,83,147,167,167,197,197,271,271,281,296,296,148,148,148,180,180,234,254,264,264,283,300,300,373,373,391,142,142,215,90,90,121,121,121,132,151,151,151,167,167,167,167],"floor_reached":50,"playtime":2382,"items_purged":["Strike_B","Strike_B","Defend_B"],"score":931,"play_id":"9fa88bb5-d2a4-4475-9f91-6feed77fe675","local_time":"20201227150131","is_ascension_mode":true,"campfire_choices":[{"data":"Zap","floor":7,"key":"SMITH"},{"floor":15,"key":"REST"},{"floor":23,"key":"REST"},{"floor":25,"key":"REST"},{"floor":32,"key":"REST"},{"floor":40,"key":"REST"},{"floor":46,"key":"REST"},{"floor":49,"key":"REST"}],"circlet_count":0,"master_deck":["AscendersBane","Defend_B+1","Defend_B","Defend_B+1","Zap+1","Dualcast+1","jedi:locknload","Ball Lightning+1","jedi:BurstFrost+1","jedi:reiji","jedi:locknload+1","Thunder Strike","Ball Lightning","StuffTheSpire:BrainWave+1","Leap+1","StuffTheSpire:ForEach+1","jedi:blockon+1","FIFO Queue","Static Discharge"],"relics":["Cracked Core","NeowsBlessing","infinitespire:Bottled Soul","Gremlin Food","trackpad:AdjectivePendant","DataDisk","infinitespire:FocusingShard","Letter Opener","Divine Protection","StuffTheSpire:Gunfinga","War Paint","SacredBark","Replay:Antivirus Software","StuffTheSpire:EmeraldSignet","SuspiciousGoo","infinitespire:Eraser"],"acts_visited":["Exordium","TheCity","TheBeyond"],"potions_floor_usage":[8,11,18,33,33,50],"damage_taken":[{"damage":0,"enemies":"2 Louse","floor":1,"turns":1},{"damage":0,"enemies":"Small Slimes","floor":3,"turns":1},{"damage":0,"enemies":"Gremlin Nob","floor":6,"turns":1},{"damage":5,"enemies":"Lagavulin","floor":8,"turns":6},{"damage":0,"enemies":"Cultist","floor":10,"turns":2},{"damage":1,"enemies":"3 Sentries","floor":11,"turns":4},{"damage":0,"enemies":"Blue Slaver","floor":12,"turns":3},{"damage":26,"enemies":"3 Sentries","floor":14,"turns":6},{"damage":13,"enemies":"The Guardian","floor":16,"turns":5},{"damage":14,"enemies":"Spheric Guardian","floor":18,"turns":4},{"damage":22,"enemies":"2 Thieves","floor":19,"turns":2},{"damage":24,"enemies":"Slavers","floor":24,"turns":3},{"damage":0,"enemies":"Snake Plant","floor":27,"turns":2},{"damage":0,"enemies":"Centurion and Healer","floor":28,"turns":4},{"damage":19,"enemies":"Snecko","floor":30,"turns":4},{"damage":0,"enemies":"Chosen and Byrds","floor":31,"turns":3},{"damage":22,"enemies":"Champ","floor":33,"turns":6},{"damage":12,"enemies":"Orb Walker","floor":35,"turns":3},{"damage":21,"enemies":"R_Hoarder","floor":41,"turns":7},{"damage":0,"enemies":"3 Shapes","floor":44,"turns":2},{"damage":6,"enemies":"3 Darklings","floor":45,"turns":3},{"damage":47,"enemies":"Jaw Worm Horde","floor":48,"turns":4},{"damage":44,"enemies":"Awakened One","floor":50,"turns":3}],"seed_played":"-7210765132988134624","potions_obtained":[{"floor":3,"key":"blueLaboratory:BubblePotion"},{"floor":6,"key":"blueLaboratory:FrostheartPotion"},{"floor":8,"key":"blueLaboratory:RecallPotion"},{"floor":12,"key":"blueLaboratory:PhilterOfMotion"},{"floor":27,"key":"FearPotion"},{"floor":28,"key":"Dexterity Potion"},{"floor":45,"key":"blueLaboratory:SystemWipe"},{"floor":48,"key":"blueLaboratory:BiasPotion"}],"is_trial":false,"path_per_floor":["M","?","M","$","?","E","R","E","T","M","?","M","T","E","R","B",null,"M","M","?","?","?","R","E","R","T","M","M","?","M","M","R","B",null,"M","$","?","T","$","R","E","$","T","M","M","R","?","M","R","B"],"character_chosen":"DEFECT","items_purchased":["Ball Lightning","Replay:Antivirus Software"],"campfire_rested":7,"item_purchase_floors":[4,36],"current_hp_per_floor":[64,57,57,57,57,57,57,52,52,52,51,51,51,25,46,33,62,48,26,26,26,26,47,23,44,44,44,44,44,25,25,46,24,59,47,47,47,47,47,68,47,47,47,47,41,62,62,15,36,0,0],"gold":167,"neow_bonus":"THREE_ENEMY_KILL","is_daily":false,"chose_seed":false,"campfire_upgraded":1,"win_rate":0.0,"timestamp":1609099291,"path_taken":["M","?","M","$","?","E","R","E","T","M","?","M","?","E","R","BOSS","M","M","?","?","?","R","E","R","T","M","?","?","M","?","R","BOSS","M","$","?","?","?","R","E","$","T","?","M","R","?","M","R","BOSS"],"items_purchased_type":["Card","Relic"],"build_version":"2020-12-22","purchased_purges":3,"victory":false,"max_hp_per_floor":[71,71,71,71,71,71,71,71,71,71,71,71,71,71,71,71,71,71,71,71,71,71,71,71,71,71,71,71,71,71,71,71,71,71,71,71,71,71,71,71,71,71,71,71,71,71,71,71,71,71,71],"card_choices":[{"not_picked":["jedi:blockon","Conserve Battery"],"picked":"jedi:locknload","floor":1},{"not_picked":["Barrage","ReplaySort","Hologram"],"picked":"SKIP","floor":3},{"not_picked":["jedi:blockon","Reinforced Body"],"picked":"jedi:BurstFrost","floor":6},{"not_picked":["FTL","Sweeping Beam","jedi:spotbugs"],"picked":"SKIP","floor":8},{"not_picked":["Coolheaded","Sweeping Beam","Steam Power"],"picked":"SKIP","floor":10},{"not_picked":["ReplaySort","jedi:BurstFrost"],"picked":"jedi:reiji","floor":12},{"not_picked":["Ball Lightning","BasicCrystalCard"],"picked":"jedi:locknload","floor":14},{"not_picked":["Rainbow","StuffTheSpire:EventHorizon"],"picked":"Thunder Strike","floor":16},{"not_picked":["StuffTheSpire:LoadUp","Chill"],"picked":"Ball Lightning","floor":18},{"not_picked":["Sweeping Beam","Sunder","Rebound"],"picked":"SKIP","floor":19},{"not_picked":["Panic Button+1","Meteor Strike"],"picked":"Leap","floor":24},{"not_picked":["Steam Power","Sweeping Beam","Rebound"],"picked":"SKIP","floor":27},{"not_picked":["Stack","jedi:sharpshooter","ReplayTheSpireMod:Repulse"],"picked":"SKIP","floor":28},{"not_picked":["StuffTheSpire:SnapShoot","ReplayRNGCard","Conserve Battery"],"picked":"SKIP","floor":30},{"not_picked":["Rebound","StuffTheSpire:LoadUp","Rip and Tear"],"picked":"SKIP","floor":31},{"not_picked":["jedi:bruteforce","Buffer"],"picked":"StuffTheSpire:ForEach","floor":33},{"not_picked":["jedi:BurstLightning","Tempest+1","Streamline"],"picked":"SKIP","floor":35},{"not_picked":["BasicCrystalCard","Sweeping Beam","jedi:BurstFrost"],"picked":"SKIP","floor":41},{"not_picked":["Coolheaded","Streamline"],"picked":"jedi:blockon+1","floor":44},{"not_picked":["StuffTheSpire:Plugnplay","jedi:spotbugs"],"picked":"FIFO Queue","floor":45},{"not_picked":["Cold Snap","Genetic Algorithm"],"picked":"Static Discharge","floor":48}],"player_experience":942869,"relics_obtained":[{"floor":6,"key":"infinitespire:Bottled Soul"},{"floor":8,"key":"Gremlin Food"},{"floor":9,"key":"trackpad:AdjectivePendant"},{"floor":13,"key":"infinitespire:FocusingShard"},{"floor":14,"key":"Letter Opener"},{"floor":24,"key":"StuffTheSpire:Gunfinga"},{"floor":26,"key":"War Paint"},{"floor":38,"key":"StuffTheSpire:EmeraldSignet"},{"floor":41,"key":"SuspiciousGoo"},{"floor":43,"key":"infinitespire:Eraser"}],"event_choices":[{"cards_removed":["Strike_B"],"damage_healed":0,"gold_gain":0,"player_choice":"Card Removal","damage_taken":7,"max_hp_gain":0,"max_hp_loss":0,"event_name":"Golden Wing","floor":2,"gold_loss":0},{"damage_healed":0,"gold_gain":0,"player_choice":"Searched \u00272\u0027 times","damage_taken":0,"relics_obtained":["DataDisk"],"max_hp_gain":0,"max_hp_loss":0,"event_name":"Dead Adventurer","floor":11,"gold_loss":0},{"cards_removed":["Strike_B"],"damage_healed":0,"gold_gain":0,"player_choice":"Elegance","damage_taken":0,"max_hp_gain":0,"max_hp_loss":0,"event_name":"betterThird:BetterWriting","floor":20,"gold_loss":0},{"damage_healed":0,"gold_gain":0,"player_choice":"Opened","damage_taken":0,"relics_obtained":["Divine Protection"],"max_hp_gain":0,"max_hp_loss":0,"event_name":"The Mausoleum","floor":22,"gold_loss":0},{"damage_healed":0,"gold_gain":0,"player_choice":"Leave","damage_taken":0,"max_hp_gain":0,"max_hp_loss":0,"event_name":"FaceTrader","floor":29,"gold_loss":0}],"is_beta":false,"boss_relics":[{"not_picked":["Cursed Key","Abe\u0027s Treasure","CosmicIsotope"]},{"not_picked":["Philosopher\u0027s Stone","jedi:battlestandard"],"picked":"SacredBark"}],"items_purged_floors":[4,36,39],"is_endless":false,"potions_floor_spawned":[3,6,8,12,18,27,28,45,48],"killed_by":"Awakened One","ascension_level":14}}