{"host":"tzyzz5n7hg2ni9q2","time":1609065251,"event":{"mods":["BaseMod","Minty Spire (QoL Compilation)","Quick Restart"],"gold_per_floor":[109,127,143,143,158,193,193,213,213,288,288,28,48,81,81,183,183,193,193,193],"floor_reached":19,"playtime":1140,"items_purged":["Bash"],"score":251,"play_id":"493f6fc8-b521-43c1-8bc6-5f63eab9425c","local_time":"20201227113411","is_ascension_mode":true,"campfire_choices":[{"floor":7.0,"key":"REST"},{"floor":11.0,"key":"REST"},{"floor":15.0,"key":"REST"}],"circlet_count":0,"master_deck":["Strike_R","Strike_R","Strike_R","Strike_R","Defend_R","Defend_R","Defend_R","Defend_R","Spot Weakness","True Grit","Double Tap+1","Uppercut","Shrug It Off+1","Limit Break+1"],"relics":["Burning Blood","NeowsBlessing","Toxic Egg 2","Letter Opener","PreservedInsect","Ornamental Fan","Cursed Key"],"acts_visited":["Exordium","TheCity"],"potions_floor_usage":[19],"damage_taken":[{"damage":0.0,"enemies":"2 Louse","floor":1.0,"turns":1.0},{"damage":0.0,"enemies":"Small Slimes","floor":2.0,"turns":1.0},{"damage":0.0,"enemies":"Jaw Worm","floor":3.0,"turns":1.0},{"damage":8.0,"enemies":"Lots of Slimes","floor":5.0,"turns":3.0},{"damage":55.0,"enemies":"Lagavulin","floor":6.0,"turns":8.0},{"damage":10.0,"enemies":"2 Fungi Beasts","floor":8.0,"turns":3.0},{"damage":25.0,"enemies":"Exordium Wildlife","floor":13.0,"turns":6.0},{"damage":18.0,"enemies":"3 Sentries","floor":14.0,"turns":7.0},{"damage":36,"enemies":"The Guardian","floor":16,"turns":17},{"damage":24,"enemies":"Chosen","floor":18,"turns":6},{"damage":44,"enemies":"Masked Bandits","floor":19,"turns":5}],"seed_played":"-6849698541083632293","potions_obtained":[{"floor":1.0,"key":"Explosive Potion"},{"floor":2.0,"key":"Ancient Potion"},{"floor":3.0,"key":"PowerPotion"}],"is_trial":false,"path_per_floor":["M","M","M","?","M","E","R","M","T","?","R","$","M","E","R","B",null,"M","?"],"character_chosen":"IRONCLAD","items_purchased":["PreservedInsect","Uppercut"],"campfire_rested":3,"item_purchase_floors":[12,12],"current_hp_per_floor":[78,80,80,73,71,22,46,42,42,31,55,55,36,24,48,18,65,47,3,3],"gold":193,"neow_bonus":"THREE_ENEMY_KILL","is_daily":false,"chose_seed":false,"campfire_upgraded":0,"win_rate":0.0,"timestamp":1609065251,"path_taken":["M","M","M","?","M","E","R","M","T","?","R","$","M","E","R","BOSS","M","?"],"items_purchased_type":["Relic","Card"],"build_version":"2020-12-22","purchased_purges":1,"victory":false,"max_hp_per_floor":[80,80,80,80,80,80,80,80,80,80,80,80,80,80,80,80,80,80,80,80],"card_choices":[{"not_picked":["Iron Wave","True Grit"],"picked":"Spot Weakness","floor":1.0},{"not_picked":["Headbutt","Armaments","Iron Wave"],"picked":"SKIP","floor":2.0},{"not_picked":["Dark Embrace","Dual Wield"],"picked":"True Grit","floor":3.0},{"not_picked":["Perfected Strike","Havoc","Power Through"],"picked":"SKIP","floor":5.0},{"not_picked":["Flex+1","Iron Wave","Metallicize"],"picked":"SKIP","floor":6.0},{"not_picked":["Iron Wave","Flame Barrier+1"],"picked":"Double Tap+1","floor":8.0},{"not_picked":["Bloodletting+1","Body Slam"],"picked":"Shrug It Off+1","floor":13.0},{"not_picked":["Spot Weakness+1","Flame Barrier+1","Clothesline"],"picked":"SKIP","floor":14.0},{"not_picked":["Double Tap+1","Brutality"],"picked":"Limit Break+1","floor":16},{"not_picked":["Power Through+1","Rampage","Flex+1"],"picked":"SKIP","floor":18}],"player_experience":198204,"relics_obtained":[{"floor":6.0,"key":"Toxic Egg 2"},{"floor":9.0,"key":"Letter Opener"},{"floor":14.0,"key":"Ornamental Fan"}],"event_choices":[{"cards_removed":["Strike_R"],"damage_healed":0.0,"max_hp_gain":0.0,"max_hp_loss":0.0,"gold_gain":0.0,"event_name":"Golden Wing","player_choice":"Card Removal","floor":4.0,"gold_loss":0.0,"damage_taken":7.0},{"damage_healed":0.0,"max_hp_gain":0.0,"max_hp_loss":0.0,"gold_gain":75.0,"event_name":"World of Goop","player_choice":"Gather Gold","floor":10.0,"gold_loss":0.0,"damage_taken":11.0},{"damage_healed":0,"gold_gain":0,"player_choice":"Fought Bandits","damage_taken":0,"max_hp_gain":0,"max_hp_loss":0,"event_name":"Masked Bandits","floor":19,"gold_loss":0}],"is_beta":false,"boss_relics":[{"not_picked":["Black Blood","Fusion Hammer"],"picked":"Cursed Key"}],"items_purged_floors":[12],"is_endless":false,"potions_floor_spawned":[1,2,3],"killed_by":"Masked Bandits","ascension_level":8}}