{"host":"7sni158j623xchr2","time":1609054887,"event":{"mods":["BaseMod","Colored Map","Highlight Path","Minty Spire (QoL Compilation)","Permanent Neow","Potion Indicator Mod","Rare Cards Sparkle","Relic Sorter","Relic Stats","StSLib","everything is the same but u backflip on backflip"],"gold_per_floor":[55,105,136,136,231,297,472,472,499,553,553,603,635,692,692,692,692],"floor_reached":16,"playtime":590,"items_purged":[],"score":140,"play_id":"504cd687-1f7c-4b69-9ce0-ecf64fc11635","local_time":"20201227014127","is_ascension_mode":true,"campfire_choices":[{"data":"Eruption","floor":8.0,"key":"SMITH"},{"floor":11.0,"key":"REST"},{"data":"Adaptation","floor":15.0,"key":"SMITH"}],"circlet_count":0,"master_deck":["Strike_P","Strike_P","Strike_P","Strike_P","Defend_P+1","Defend_P","Defend_P","Defend_P","Eruption+1","Vigilance","HandOfGreed","Adaptation+1","Consecrate","DeusExMachina+1","Doubt","InnerPeace","EmptyFist","Halt"],"relics":["PureWater","Toy Ornithopter","PreservedInsect","Lantern","Unceasing Top"],"acts_visited":["Exordium"],"potions_floor_usage":[16,16,16],"damage_taken":[{"damage":0.0,"enemies":"2 Louse","floor":1.0,"turns":3.0},{"damage":5.0,"enemies":"Small Slimes","floor":2.0,"turns":3.0},{"damage":7.0,"enemies":"Cultist","floor":3.0,"turns":5.0},{"damage":11.0,"enemies":"Lots of Slimes","floor":5.0,"turns":10.0},{"damage":10.0,"enemies":"3 Sentries","floor":6.0,"turns":3.0},{"damage":15.0,"enemies":"Gremlin Nob","floor":10.0,"turns":3.0},{"damage":5.0,"enemies":"2 Fungi Beasts","floor":12.0,"turns":4.0},{"damage":7.0,"enemies":"Lagavulin","floor":13.0,"turns":4.0},{"damage":8.0,"enemies":"3 Louse","floor":14.0,"turns":4.0},{"damage":45,"enemies":"The Guardian","floor":16,"turns":7}],"seed_played":"9072267346599074690","potions_obtained":[{"floor":1.0,"key":"AttackPotion"},{"floor":2.0,"key":"SkillPotion"},{"floor":5.0,"key":"SteroidPotion"},{"floor":13.0,"key":"Weak Potion"},{"floor":14.0,"key":"AttackPotion"}],"is_trial":false,"path_per_floor":["M","M","M","?","M","E","?","R","T","E","R","M","E","M","R","B"],"character_chosen":"WATCHER","items_purchased":[],"campfire_rested":1,"item_purchase_floors":[],"current_hp_per_floor":[72,67,60,46,35,25,25,25,25,10,31,26,19,11,11,0,0],"gold":692,"neow_bonus":"RANDOM_COLORLESS_2","is_daily":false,"chose_seed":false,"campfire_upgraded":2,"win_rate":0.0,"timestamp":1609054887,"path_taken":["M","M","M","?","M","E","?","R","T","E","R","M","E","M","R","BOSS"],"items_purchased_type":[],"build_version":"2020-12-22","purchased_purges":0,"victory":false,"max_hp_per_floor":[72,72,72,72,72,72,72,72,72,72,72,72,72,72,72,72,72],"relic_stats":{"counters":[10,46],"PreservedInsect":49,"obtain_stats":[{"Lantern":10,"PreservedInsect":9,"PureWater":0,"Toy Ornithopter":6,"Unceasing Top":13},{"Lantern":6,"PreservedInsect":5,"PureWater":0,"Toy Ornithopter":5,"Unceasing Top":8},{"Lantern":27,"PreservedInsect":24,"PureWater":0,"Toy Ornithopter":24,"Unceasing Top":35}],"Toy Ornithopter":15,"Unceasing Top":[0]},"card_choices":[{"not_picked":["Violence","Sadistic Nature"],"picked":"HandOfGreed","floor":0.0},{"not_picked":["CutThroughFate","FlyingSleeves"],"picked":"Adaptation","floor":1.0},{"not_picked":["CrushJoints","PathToVictory"],"picked":"Consecrate","floor":2.0},{"not_picked":["Collect","FlurryOfBlows"],"picked":"DeusExMachina","floor":3.0},{"not_picked":["ForeignInfluence","SashWhip","Crescendo"],"picked":"SKIP","floor":5.0},{"not_picked":["SignatureMove","BowlingBash","PathToVictory"],"picked":"SKIP","floor":6.0},{"not_picked":["Protect","Adaptation"],"picked":"InnerPeace","floor":10.0},{"not_picked":["Pray","FlurryOfBlows"],"picked":"EmptyFist","floor":12.0},{"not_picked":["ReachHeaven","Alpha","FlyingSleeves"],"picked":"SKIP","floor":13.0},{"not_picked":["WaveOfTheHand","CrushJoints"],"picked":"Halt","floor":14.0}],"player_experience":1540306,"relics_obtained":[{"floor":6.0,"key":"Toy Ornithopter"},{"floor":9.0,"key":"PreservedInsect"},{"floor":10.0,"key":"Lantern"},{"floor":13.0,"key":"Unceasing Top"}],"event_choices":[{"damage_healed":0.0,"max_hp_gain":0.0,"max_hp_loss":0.0,"gold_gain":0.0,"event_name":"Shining Light","player_choice":"Entered Light","floor":4.0,"gold_loss":0.0,"damage_taken":14.0,"cards_upgraded":["DeusExMachina","Defend_P"]},{"damage_healed":0.0,"max_hp_gain":0.0,"max_hp_loss":0.0,"gold_gain":175.0,"event_name":"Liars Game","player_choice":"AGREE","floor":7.0,"gold_loss":0.0,"damage_taken":0.0,"cards_obtained":["Doubt"]}],"is_beta":false,"boss_relics":[],"items_purged_floors":[],"is_endless":false,"potions_floor_spawned":[1,2,5,13,14],"killed_by":"The Guardian","ascension_level":3}}