{"host":"93x13jgem5w43hjr","time":1609105034,"event":{"mods":["AchievementEnabler","BaseMod","Better Note","Better Third Choice","Colored Map","Colored Powertips","Hermit","Minty Spire (QoL Compilation)","Rare Cards Sparkle","Relic Stats","StSLib","Waifu the Spire"],"gold_per_floor":[210,32,107,407,427,427,443,443,443,463,5,16,29,40,40,144,144,155,155,70,115,130,156,156,195,219,219,255,354,354,369,369,369,369],"floor_reached":33,"playtime":1720,"items_purged":["Regret"],"score":286,"play_id":"5e1be7ae-0595-48fa-b9c0-7566a130e51d","local_time":"20201227143714","is_ascension_mode":false,"campfire_choices":[{"data":"The Bomb","floor":6,"key":"SMITH"},{"data":"hermit:Manifest","floor":8,"key":"SMITH"},{"floor":15,"key":"REST"},{"floor":24,"key":"REST"},{"floor":27,"key":"REST"},{"floor":32,"key":"REST"}],"circlet_count":0,"master_deck":["hermit:Strike_Hermit","hermit:Strike_Hermit","hermit:Strike_Hermit","hermit:Strike_Hermit","hermit:Defend_Hermit+1","hermit:Defend_Hermit","hermit:Defend_Hermit","hermit:Defend_Hermit","hermit:Snapshot","hermit:Covet","hermit:TrackingShot","The Bomb+1","hermit:LowProfile+1","hermit:Manifest+1","hermit:Dissolve","hermit:Vantage","hermit:Coalescence","hermit:Maintenance","hermit:Manifest","hermit:BlackWind","hermit:LowProfile","HandOfGreed+1","hermit:LowProfile+1","hermit:BodyArmor","hermit:HighNoon","hermit:Quickdraw","The Bomb+1","hermit:Cheat+1"],"relics":["hermit:Momento","Old Coin","War Paint","Ice Cream","Sozu","Meat on the Bone","Ginger","Nunchaku"],"acts_visited":["Exordium","TheCity"],"potions_floor_usage":[12,16,16],"damage_taken":[{"damage":6,"enemies":"Jaw Worm","floor":1,"turns":2},{"damage":10,"enemies":"Small Slimes","floor":5,"turns":4},{"damage":1,"enemies":"Cultist","floor":7,"turns":4},{"damage":1,"enemies":"2 Fungi Beasts","floor":10,"turns":3},{"damage":14,"enemies":"Exordium Thugs","floor":12,"turns":5},{"damage":5,"enemies":"Blue Slaver","floor":13,"turns":3},{"damage":0,"enemies":"Looter","floor":14,"turns":4},{"damage":24,"enemies":"Hexaghost","floor":16,"turns":13},{"damage":14,"enemies":"Chosen","floor":18,"turns":6},{"damage":1,"enemies":"Shell Parasite","floor":21,"turns":7},{"damage":24,"enemies":"Sentry and Sphere","floor":22,"turns":6},{"damage":39,"enemies":"Gremlin Leader","floor":23,"turns":8},{"damage":12,"enemies":"Cultist and Chosen","floor":25,"turns":10},{"damage":5,"enemies":"Chosen and Byrds","floor":28,"turns":4},{"damage":36,"enemies":"3 Cultists","floor":31,"turns":5},{"damage":71,"enemies":"Automaton","floor":33,"turns":10}],"seed_played":"-6417941546417782322","potions_obtained":[{"floor":1,"key":"SkillPotion"},{"floor":5,"key":"hermit:BlackBile"},{"floor":13,"key":"PowerPotion"}],"is_trial":false,"path_per_floor":["M","$","?","?","M","R","M","R","T","M","$","M","M","M","R","B",null,"M","?","?","M","M","E","R","M","T","R","M","?","?","M","R","B"],"character_chosen":"HERMIT","items_purchased":["The Bomb","hermit:Vantage","hermit:Coalescence","Ice Cream"],"campfire_rested":4,"item_purchase_floors":[2,11,11,11],"current_hp_per_floor":[69,69,58,58,48,48,47,47,47,46,46,32,27,27,49,25,75,61,61,61,60,48,21,43,43,43,65,60,60,60,36,58,0,0],"gold":369,"neow_bonus":"HUNDRED_GOLD","is_daily":false,"chose_seed":false,"campfire_upgraded":2,"win_rate":0.0,"timestamp":1609105034,"path_taken":["M","$","?","?","M","R","M","R","T","M","$","M","M","M","R","BOSS","M","?","?","M","M","E","R","?","T","R","M","?","?","M","R","BOSS"],"items_purchased_type":["Card","Card","Card","Relic"],"build_version":"2020-12-22","purchased_purges":1,"victory":false,"max_hp_per_floor":[75,75,75,75,75,75,75,75,75,75,75,75,75,75,75,75,75,75,75,75,75,75,75,75,75,75,75,75,75,75,75,75,75,75],"relic_stats":{"Sozu":2,"Nunchaku":[2],"counters":[16,94],"Ginger":[9],"War Paint":["hermit:LowProfile","hermit:Defend_Hermit"],"obtain_stats":[{"Ice Cream":11,"Sozu":17,"Nunchaku":26,"Ginger":23,"War Paint":9,"hermit:Momento":0,"Old Coin":4,"Meat on the Bone":20},{"Ice Cream":4,"Sozu":8,"Nunchaku":13,"Ginger":12,"War Paint":3,"hermit:Momento":0,"Old Coin":1,"Meat on the Bone":9},{"Ice Cream":13,"Sozu":38,"Nunchaku":75,"Ginger":65,"War Paint":10,"hermit:Momento":0,"Old Coin":2,"Meat on the Bone":44}],"Meat on the Bone":48},"card_choices":[{"not_picked":["hermit:Combo","hermit:WideOpen"],"picked":"hermit:TrackingShot","floor":1},{"not_picked":["hermit:SprayPray","hermit:TrackingShot"],"picked":"hermit:LowProfile","floor":5},{"not_picked":["hermit:Glare","hermit:Vantage"],"picked":"hermit:Manifest","floor":7},{"not_picked":["hermit:CalledShot","hermit:LuckOfTheDraw"],"picked":"hermit:Dissolve","floor":10},{"not_picked":["hermit:PistolWhip","hermit:HighCaliber","hermit:Malice"],"picked":"SKIP","floor":12},{"not_picked":["hermit:LowProfile","hermit:Coalescence"],"picked":"hermit:Maintenance","floor":13},{"not_picked":["hermit:LuckOfTheDraw","hermit:Maintenance"],"picked":"hermit:Manifest","floor":14},{"not_picked":["hermit:Magnum","hermit:Purgatory"],"picked":"hermit:BlackWind","floor":16},{"not_picked":["hermit:CursedWeapon","hermit:Roulette"],"picked":"hermit:LowProfile","floor":18},{"not_picked":["hermit:Snipe+1","hermit:Deadeye"],"picked":"hermit:LowProfile+1","floor":21},{"not_picked":["hermit:Enervate","hermit:Desperado"],"picked":"hermit:BodyArmor","floor":22},{"not_picked":["hermit:Manifest","hermit:Shortfuse","hermit:SprayPray+1"],"picked":"SKIP","floor":23},{"not_picked":["hermit:CalledShot","hermit:Misfire"],"picked":"hermit:HighNoon","floor":25},{"not_picked":["hermit:Ricochet+1","hermit:CalledShot"],"picked":"hermit:Quickdraw","floor":28},{"not_picked":["hermit:Glare+1","hermit:BodyArmor"],"picked":"hermit:Cheat+1","floor":31}],"player_experience":94569,"relics_obtained":[{"floor":9,"key":"War Paint"},{"floor":23,"key":"Ginger"},{"floor":26,"key":"Nunchaku"}],"event_choices":[{"damage_healed":0,"gold_gain":75,"player_choice":"Gold","damage_taken":11,"max_hp_gain":0,"max_hp_loss":0,"event_name":"betterThird:BetterGoop","floor":3,"gold_loss":0},{"damage_healed":0,"gold_gain":0,"player_choice":"Box","damage_taken":0,"relics_obtained":["Old Coin"],"max_hp_gain":0,"max_hp_loss":0,"event_name":"Big Fish","floor":4,"gold_loss":0,"cards_obtained":["Regret"]},{"cards_removed":["hermit:Snapshot"],"damage_healed":0,"gold_gain":0,"player_choice":"Take \u0026 Give","damage_taken":0,"max_hp_gain":0,"max_hp_loss":0,"event_name":"betterNote:BetterNote","floor":19,"gold_loss":0,"cards_obtained":["HandOfGreed"]},{"damage_healed":0,"gold_gain":0,"player_choice":"Obtained Relic","damage_taken":0,"relics_obtained":["Meat on the Bone"],"max_hp_gain":0,"max_hp_loss":0,"event_name":"Addict","floor":20,"gold_loss":85},{"damage_healed":0,"gold_gain":99,"player_choice":"Steal","damage_taken":0,"max_hp_gain":0,"max_hp_loss":0,"event_name":"betterThird:BetterNest","floor":29,"gold_loss":0},{"damage_healed":0,"gold_gain":0,"player_choice":"Copied","damage_taken":0,"max_hp_gain":0,"max_hp_loss":0,"event_name":"Duplicator","floor":30,"gold_loss":0,"cards_obtained":["The Bomb"]}],"is_beta":false,"boss_relics":[{"not_picked":["Ectoplasm","Empty Cage"],"picked":"Sozu"}],"items_purged_floors":[11],"is_endless":false,"potions_floor_spawned":[1,5,13,23,28],"killed_by":"Automaton","ascension_level":0}}