{"host":"e48gchmu8shm63ip","time":1609074966,"event":{"mods":["Abigail Mod","AchievementEnabler","Act Like it!","Bartender","BaseMod","Better Match","Better Note","Better Vampires","CapriCore","DeckTracker","Exacting","Fireblade Mod","Gensokyo","Googly Eyes","Hallownest","Hermit","HololiveMod","Infinite Spire","Jorbs\u0027s Wanderer Trilogy","Koishi","Marisa????????","Minty Spire (QoL Compilation)","Railgun Mod","Rare Cards Sparkle","Relic Filter","Robot Space Explorer","Shade Mod","StSLib","The Animator","The Caster","The Construct","The Death Knight","The Dragon Tamer","The Forsaken","The Immortal","The Judge","The Marked","The Poker Player","The Servant 0.9.4","TheFirefly","TheLocksmith","TheSwordswoman","Waifu the Spire"],"gold_per_floor":[117,129,204,204,204,236,236,269,269,269,279,292,292,325,325,428,428,438,454,454,364,376,376,441,441,441,366,391,391,418,434,434,538,538,549,549,567,154,154,154,180,196,196,227,227,256,256,268,268,313],"floor_reached":51,"playtime":2395,"items_purged":[],"score":1012,"play_id":"b6566dc5-fe35-4a51-8f3d-f5d506eb3d5a","local_time":"20201227141606","is_ascension_mode":true,"campfire_choices":[{"data":"AbbyMod:ForeheadBeam","floor":7,"key":"SMITH"},{"floor":10,"key":"REST"},{"floor":15,"key":"REST"},{"floor":23,"key":"REST"},{"floor":25,"key":"REST"},{"floor":32,"key":"REST"},{"data":"AbbyMod:DemonPancake","floor":40,"key":"SMITH"},{"floor":45,"key":"REST"},{"data":"AbbyMod:Kinoko","floor":49,"key":"SMITH"}],"circlet_count":0,"master_deck":["AbbyMod:Ab_Strike","AbbyMod:Ab_Strike","AbbyMod:Ab_Strike","AbbyMod:Ab_Strike","AbbyMod:Ab_Defend","AbbyMod:Ab_Defend","AbbyMod:Ab_Defend","AbbyMod:FleetingSanity","AbbyMod:ForeheadBeam+1","AbbyMod:DemonPancake+1","AbbyMod:PapaProtection","AbbyMod:Kinoko+1","AbbyMod:Ab_FiveStars+1","AbbyMod:SilverKey+1"],"relics":["AbbyMod:Salem_Diary","infinitespire:PuzzleCube","construct:WeddingRing","infinitespire:BottledMercury","TungstenRod","theForsaken:PaleLantern","Kunai","Pen Nib","Ginger","Frozen Egg 2","construct:ClawGrip","HornCleat","PreservedInsect","DeathKnight:SindragosasSkull","Molten Egg 2","CeramicFish"],"acts_visited":["Exordium","Exordium","Hallownest:CityofTears"],"potions_floor_usage":[],"damage_taken":[{"damage":1,"enemies":"Jaw Worm","floor":1,"turns":3},{"damage":9,"enemies":"2 Louse","floor":2,"turns":3},{"damage":6,"enemies":"Lagavulin","floor":6,"turns":6},{"damage":9,"enemies":"Gremlin Nob","floor":8,"turns":4},{"damage":0,"enemies":"Small Slimes","floor":11,"turns":2},{"damage":12,"enemies":"Blue Slaver","floor":12,"turns":3},{"damage":6,"enemies":"Lagavulin","floor":14,"turns":5},{"damage":14,"enemies":"Hexaghost","floor":16,"turns":8},{"damage":0,"enemies":"Hallownest:Guard_and_Sentry","floor":18,"turns":3},{"damage":0,"enemies":"Hallownest:2_Mistakes","floor":19,"turns":7},{"damage":41,"enemies":"Hallownest:3_Mistakes","floor":22,"turns":10},{"damage":16,"enemies":"Hallownest:eliteWatcherKnight","floor":24,"turns":11},{"damage":0,"enemies":"Hallownest:Nosk","floor":28,"turns":7},{"damage":13,"enemies":"Hallownest:eliteSoulWarrior","floor":30,"turns":4},{"damage":7,"enemies":"Hallownest:2_Husk_Sentries","floor":31,"turns":3},{"damage":15,"enemies":"Hallownest:BossSoulMaster","floor":33,"turns":6},{"damage":14,"enemies":"Hallownest:3_Siblings","floor":35,"turns":4},{"damage":8,"enemies":"Hallownest:Shield_Heavy","floor":37,"turns":3},{"damage":14,"enemies":"Hallownest:2_Wing_and_1_Kings","floor":41,"turns":5},{"damage":7,"enemies":"Hallownest:Xero_Hu_Marmu","floor":42,"turns":4},{"damage":7,"enemies":"Hallownest:eliteCollector","floor":44,"turns":5},{"damage":22,"enemies":"Hallownest:2_Soldiers_and_1_Guardian","floor":46,"turns":5},{"damage":0,"enemies":"Hallownest:2_Wing_and_1_Kings","floor":48,"turns":4},{"damage":0,"enemies":"Hallownest:BossGreyPrinceZote","floor":50,"turns":8}],"seed_played":"858844387012428404","potions_obtained":[{"floor":2,"key":"Explosive Potion"},{"floor":14,"key":"DuplicationPotion"},{"floor":16,"key":"Fruit Juice"}],"is_trial":false,"path_per_floor":["M","M","?","?","?","E","R","E","T","R","M","M","?","E","R","B",null,"M","M","AVR","?","M","R","E","R","T","?","E","?","E","M","R","B",null,"M","T","M","$","?","R","M","M","T","E","R","M","?","M","R","B",null],"character_chosen":"Ab_Foreigner","items_purchased":["PreservedInsect","DeathKnight:SindragosasSkull"],"campfire_rested":6,"item_purchase_floors":[38,38],"current_hp_per_floor":[65,56,45,50,50,44,44,35,35,56,56,44,44,38,59,45,71,71,71,71,77,36,59,43,66,66,66,66,66,53,46,69,54,77,63,63,55,55,70,70,56,49,49,42,65,65,65,65,65,65],"gold":313,"neow_bonus":"TEN_PERCENT_HP_BONUS","is_daily":false,"chose_seed":false,"campfire_upgraded":3,"win_rate":0.0,"timestamp":1609074966,"path_taken":["M","M","?","?","?","E","R","E","T","R","M","M","?","E","R","BOSS","M","M","AVR","?","M","R","E","R","T","?","E","?","E","M","R","BOSS","M","?","M","$","?","R","M","?","T","E","R","M","?","M","R","BOSS"],"items_purchased_type":["Relic","Relic"],"build_version":"2020-12-22","purchased_purges":0,"victory":true,"max_hp_per_floor":[66,66,66,71,71,71,71,71,71,71,71,71,71,71,71,71,71,71,71,71,77,77,77,77,77,77,77,77,77,77,77,77,77,77,77,77,77,77,77,77,77,77,77,77,77,77,72,72,72,72],"card_choices":[{"not_picked":["AbbyMod:Ab_SwirlOfMadness","AbbyMod:LossOfSanity","AbbyMod:EyesOfMadness"],"picked":"SKIP","floor":1},{"not_picked":["AbbyMod:HeroCreationA","AbbyMod:LiftSkirt","AbbyMod:AdultWords"],"picked":"SKIP","floor":2},{"not_picked":["AbbyMod:MindCleanse","AbbyMod:LargeTentacle"],"picked":"AbbyMod:DemonPancake","floor":6},{"not_picked":["AbbyMod:Ygna","AbbyMod:LiftSkirt"],"picked":"AbbyMod:PapaProtection","floor":8},{"not_picked":["AbbyMod:WormHole","AbbyMod:RecklessSlam","AbbyMod:Keyblade"],"picked":"SKIP","floor":11},{"not_picked":["AbbyMod:FatalEntropy","AbbyMod:AceInTheHole","AbbyMod:StarRadiance"],"picked":"SKIP","floor":12},{"not_picked":["AbbyMod:SweetPancakes","AbbyMod:PapaProtection","AbbyMod:FatalEntropy"],"picked":"SKIP","floor":14},{"not_picked":["AbbyMod:EyesOfMadness+1","AbbyMod:AdultWords","AbbyMod:WitchTrial"],"picked":"SKIP","floor":18},{"not_picked":["AbbyMod:AceInTheHole","AbbyMod:WitchTrial"],"picked":"AbbyMod:Kinoko","floor":19},{"not_picked":["AbbyMod:FatalEntropy","AbbyMod:LargeTentacle","AbbyMod:ChocoKey"],"picked":"SKIP","floor":22},{"not_picked":["AbbyMod:ConsumeFlesh","AbbyMod:LifeSentence"],"picked":"AbbyMod:Ab_FiveStars+1","floor":24},{"not_picked":["AbbyMod:Keyblade","AbbyMod:ExposeNavel","AbbyMod:Hitomi"],"picked":"SKIP","floor":28},{"not_picked":["AbbyMod:EquivalentExchange","AbbyMod:Meteo","AbbyMod:LargeTentacle+1"],"picked":"SKIP","floor":30},{"not_picked":["AbbyMod:AceInTheHole","AbbyMod:ConsumeFlesh+1","AbbyMod:Kuroboshi"],"picked":"SKIP","floor":31},{"not_picked":["AbbyMod:AttoSecond+1","AbbyMod:WorldStrongest+1","AbbyMod:Ab_DarkestPact+1"],"picked":"SKIP","floor":35},{"not_picked":["AbbyMod:FamiliarShield+1","AbbyMod:SuperMuscular+1"],"picked":"AbbyMod:CommandSpell+1","floor":37},{"not_picked":["AbbyMod:SanityCheck+1","AbbyMod:ExposeNavel","AbbyMod:EyesOfMadness+1"],"picked":"SKIP","floor":41},{"not_picked":["AbbyMod:DemonPancake+1","AbbyMod:LossOfSanity"],"picked":"AbbyMod:SilverKey+1","floor":42},{"not_picked":["AbbyMod:FatalEntropy+1","AbbyMod:FamiliarShield+1","AbbyMod:WitchTrial+1"],"picked":"SKIP","floor":44},{"not_picked":["AbbyMod:LargeTentacle+1","AbbyMod:AttoSecond+1","AbbyMod:FamiliarShield"],"picked":"SKIP","floor":46},{"not_picked":["AbbyMod:CloneArmy","AbbyMod:HeroCreationA+1","AbbyMod:AlignStars+1"],"picked":"SKIP","floor":48}],"player_experience":598777,"relics_obtained":[{"floor":6,"key":"infinitespire:PuzzleCube"},{"floor":8,"key":"construct:WeddingRing"},{"floor":9,"key":"infinitespire:BottledMercury"},{"floor":14,"key":"TungstenRod"},{"floor":24,"key":"Kunai"},{"floor":26,"key":"Pen Nib"},{"floor":28,"key":"Ginger"},{"floor":30,"key":"Frozen Egg 2"},{"floor":36,"key":"HornCleat"},{"floor":43,"key":"Molten Egg 2"},{"floor":44,"key":"CeramicFish"}],"event_choices":[{"damage_healed":0,"gold_gain":75,"player_choice":"Gather Gold","damage_taken":11,"max_hp_gain":0,"max_hp_loss":0,"event_name":"World of Goop","floor":3,"gold_loss":0},{"damage_healed":0,"gold_gain":0,"player_choice":"Donut","damage_taken":0,"max_hp_gain":5,"max_hp_loss":0,"event_name":"Big Fish","floor":4,"gold_loss":0},{"damage_healed":0,"gold_gain":0,"player_choice":"Ignored","damage_taken":0,"max_hp_gain":0,"max_hp_loss":0,"event_name":"Golden Wing","floor":5,"gold_loss":0},{"damage_healed":0,"gold_gain":0,"player_choice":"3","damage_taken":0,"max_hp_gain":0,"max_hp_loss":0,"event_name":"betterMatch:BetterMatch","floor":27,"gold_loss":0,"cards_obtained":[]}],"is_beta":false,"boss_relics":[{"not_picked":["Hololive_TopUpMoneyS","Runic Dome"],"picked":"theForsaken:PaleLantern"},{"not_picked":["Busted Crown","Velvet Choker"],"picked":"construct:ClawGrip"}],"items_purged_floors":[],"is_endless":false,"potions_floor_spawned":[2,14,16,22,30,31,42],"ascension_level":1}}