{"host":"i73ch23exsqar74a","time":1609054761,"event":{"mods":["AchievementEnabler","Aspiration","Astrologer","Bard","Bartender","BaseMod","Beaked The Cultist","Better Sensory Stone","CCEM","CapriCore","Challenge The Spire","ChefMod","Chen","Colored Map","Colored Powertips","Conjunction","Conspire","Downfall","Fireblade Mod","FutureSeer","GifTheSpireLib","Glutton Mod","Gremlin Mod","Halation","Hermit","Highlight Path","HololiveMod","Hubris","Infinite Spire","Jedi Mod","Lobotomy","LobotomyExtend","Luminous","Marked Mod","Minty Spire (QoL Compilation)","Prisma Mod","Quarter Circle Forward PUNCH!","Quick Restart","Random Character Button","RatMod","Relic Sorter","Replay The Spire","SOS???????","Shade Mod","Spicy Shops","Spikes Relics","StSLib","Stuff the Spire","The Alterego","The Animator","The Bug Knight","The Construct","The Cursed","The Druid","The Exalted","The Immortal","The Judge","The Poker Player","The Sage","The Wild Card","TheHero","TheSwordswoman","TheVacant","TheVelvet","Thieving Mod","Yuri Mod","vexMod","???Mod??????Boss","???mod?????"],"gold_per_floor":[99,99,99,99,99,99,125,225,236,251,251,367,382,498,517,619,619,544,555,540,540,540],"floor_reached":20,"playtime":907,"items_purged":[],"score":226,"play_id":"d3bec95e-f493-4753-86e1-15bc0395241c","local_time":"20201227113921","is_ascension_mode":true,"campfire_choices":[{"data":"champ:Taunt","floor":1,"key":"SMITH"},{"data":"champ:FaceSlap","floor":6,"key":"SMITH"},{"data":"champ:Control","floor":11,"key":"SMITH"},{"data":"champ:PerfectForm","floor":18,"key":"SMITH"}],"circlet_count":0,"master_deck":["champ:Strike","champ:Strike","champ:Strike","champ:Strike","champ:Defend","champ:Defend","champ:Defend","champ:Defend","champ:Execute","champ:Taunt+1","champ:FlashCut","champ:FaceSlap+1","champ:LastStand","champ:Control+1","champ:BringItOn","champ:Aggression","champ:Backstep","champ:EnragedBash","champ:BerserkerStyle","champ:PerfectForm+1","beaked:AwakenedForm","champ:CrookedStrike","champ:GladiatorsShout+1"],"relics":["champ:ChampionCrown","downfall:HeartsMalice","LetterFromLob","hubris:Towel","StuffTheSpire:TintedRock","Juzu Bracelet","Bronze Scales","Ancient Tea Set","beaked:SacredDeck","downfall:HeartBlessingGreen"],"acts_visited":["Exordium","TheCity"],"potions_floor_usage":[16,16,16],"damage_taken":[{"damage":0,"enemies":"Small Slimes","floor":2,"turns":1},{"damage":0,"enemies":"conspire:RoseBush","floor":5,"turns":1},{"damage":0,"enemies":"Gremlin Nob","floor":8,"turns":1},{"damage":5,"enemies":"2 Louse","floor":9,"turns":2},{"damage":30,"enemies":"Large Slime","floor":10,"turns":5},{"damage":38,"enemies":"Lagavulin","floor":12,"turns":6},{"damage":2,"enemies":"Blue Slaver","floor":13,"turns":2},{"damage":6,"enemies":"Gremlin Nob","floor":14,"turns":4},{"damage":12,"enemies":"Red Slaver","floor":15,"turns":2},{"damage":33,"enemies":"downfall:Silent","floor":16,"turns":6},{"damage":14,"enemies":"Chosen","floor":19,"turns":3},{"damage":10,"enemies":"downfall:FleeingMerchant","floor":20,"turns":4}],"seed_played":"2622310685592219286","potions_obtained":[{"floor":8,"key":"Dexterity Potion"},{"floor":9,"key":"AttackPotion"},{"floor":12,"key":"Toxic Potion"}],"is_trial":false,"path_per_floor":["R","M","?","?","M","R","T","E","M","M","R","E","M","E","M","B",null,"R","M","$"],"character_chosen":"THE_CHAMP","items_purchased":[],"campfire_rested":0,"item_purchase_floors":[],"current_hp_per_floor":[90,90,90,90,90,90,90,90,90,70,70,44,42,41,34,17,90,90,90,90,90,90],"gold":540,"neow_bonus":"THREE_ENEMY_KILL","is_daily":false,"chose_seed":false,"campfire_upgraded":4,"win_rate":0.0,"timestamp":1609054761,"path_taken":["R","M","?","?","M","R","T","E","M","M","R","E","M","E","M","BOSS","R","M","$"],"items_purchased_type":[],"build_version":"2020-12-22","purchased_purges":0,"victory":false,"max_hp_per_floor":[90,90,90,90,90,90,90,90,90,90,90,90,90,90,90,90,90,90,90,90,90,90],"card_choices":[{"not_picked":["champ:BringItOn","champ:DefensiveShout"],"picked":"champ:FlashCut","floor":2},{"not_picked":["champ:GutPunch","champ:Haymaker"],"picked":"champ:FaceSlap","floor":5},{"not_picked":["champ:StanceDance","champ:FocusedDefense"],"picked":"champ:LastStand","floor":8},{"not_picked":["champ:BringItOn","champ:PreciseThrust"],"picked":"champ:Control","floor":9},{"not_picked":["champ:FlashCut","champ:ShieldWall"],"picked":"champ:BringItOn","floor":10},{"not_picked":["champ:Riposte","champ:HeartStrike"],"picked":"champ:Aggression","floor":12},{"not_picked":["champ:BerserkersShout","champ:CrookedStrike"],"picked":"champ:Backstep","floor":13},{"not_picked":["champ:TornadoPunch","champ:Aggression"],"picked":"champ:EnragedBash","floor":14},{"not_picked":["champ:TornadoPunch","champ:PerfectedStrike"],"picked":"champ:BerserkerStyle","floor":15},{"not_picked":["champ:ShieldThrow","champ:Improvising"],"picked":"champ:PerfectForm","floor":16},{"not_picked":["champ:ViciousMockery","champ:BladeFlurry"],"picked":"champ:CrookedStrike","floor":19},{"not_picked":["champ:FocusedBerserking","champ:AdrenalArmor"],"picked":"champ:GladiatorsShout+1","floor":20}],"player_experience":1392381,"relics_obtained":[{"floor":2,"key":"LetterFromLob"},{"floor":7,"key":"StuffTheSpire:TintedRock"},{"floor":8,"key":"Juzu Bracelet"},{"floor":12,"key":"Bronze Scales"},{"floor":14,"key":"Ancient Tea Set"}],"event_choices":[],"is_beta":false,"boss_relics":[{"not_picked":["Black Star","vexMod:MegatonBomb"],"picked":"beaked:SacredDeck"}],"items_purged_floors":[],"is_endless":false,"potions_floor_spawned":[8,9,12],"ascension_level":1}}