{"host":"ormi09wwzv7sq47a","time":1609034614,"event":{"mods":["2.2 Compatiblity","AchievementEnabler","Act Like it!","BaseMod","Bestiary","Better Altar","Better Note","Better Sensory Stone","Better Skull","Better Third Choice","Better Vampires","BetterRewards","Block Reminder","Card Forge","Colored Map","Colored Powertips","Curses Come First","DeckTracker","Downfall","Highlight Path","Minty Spire (QoL Compilation)","Permanent Neow","Quick Restart","Rare Cards Sparkle","Relic Stats","Shop Mod","StSLib","The Jungle","The Servant 0.9.4"],"gold_per_floor":[110,110,121,140,151,151,177,197,197,147,147,322,322,333,333,432,432,449,95,110,121,121,121,136,136,136,165,182,182,182,194,194,299,299,319,330,342,355,373,400,400,412,466,466,483,483,518,536,536,536,536],"floor_reached":50,"playtime":2539,"items_purged":["Strike_R","Doubt"],"score":860,"play_id":"cffc8a04-490d-45e5-9267-322290ca7195","local_time":"20201226230334","is_ascension_mode":true,"campfire_choices":[{"data":"Whirlwind","floor":6.0,"key":"SMITH"},{"data":"expansioncontent:StudyTheSpire","floor":11.0,"key":"SMITH"},{"data":"True Grit","floor":13.0,"key":"SMITH"},{"data":"Thunderclap","floor":15.0,"key":"SMITH"},{"data":"Offering","floor":23.0,"key":"SMITH"},{"data":"Fire Breathing","floor":25.0,"key":"SMITH"},{"data":"Evolve","floor":30.0,"key":"SMITH"},{"data":"Spot Weakness","floor":32.0,"key":"SMITH"},{"data":"Double Tap","floor":41.0,"key":"SMITH"},{"data":"Burning Pact","floor":44.0,"key":"SMITH"},{"floor":49,"key":"RECALL"}],"circlet_count":0,"master_deck":["AscendersBane","Strike_R","Strike_R","Strike_R","Defend_R","Defend_R","Defend_R","Defend_R","Bash","Shrug It Off","expansioncontent:StudyTheSpire+1","Wild Strike","Whirlwind+1","True Grit+1","Thunderclap+1","Offering+1","Warcry+1","Fire Breathing+1","Battle Trance","Metallicize+1","Bloodletting+1","Evolve+1","Spot Weakness+1","Writhe","Burning Pact+1","Double Tap+1","CurseOfTheBell","Shrug It Off+1","Metallicize+1","Headbutt+1","True Grit+1","Battle Trance","Writhe","Dark Embrace"],"relics":["Burning Blood","Hammer of Thor","Seething Fire","Anvil of the Gods","TungstenRod","Vajra","Meat on the Bone","hexamod:BolsterEngine","Mark of Pain","Anchor","Blood Vial","Ancient Tea Set","Nunchaku","The Courier","Calling Bell","Red Skull","Ornamental Fan","Torii","Happy Flower","Blue Candle"],"acts_visited":["Exordium","TheCity","TheBeyond"],"potions_floor_usage":[50,50],"damage_taken":[{"damage":7.0,"enemies":"Jaw Worm","floor":1.0,"turns":4.0},{"damage":6.0,"enemies":"Small Slimes","floor":3.0,"turns":6.0},{"damage":1.0,"enemies":"2 Louse","floor":4.0,"turns":3.0},{"damage":10.0,"enemies":"Looter","floor":5.0,"turns":4.0},{"damage":38.0,"enemies":"Lagavulin","floor":7.0,"turns":6.0},{"damage":4.0,"enemies":"Blue Slaver","floor":8.0,"turns":5.0},{"damage":5.0,"enemies":"2 Fungi Beasts","floor":14.0,"turns":3.0},{"damage":41.0,"enemies":"Hexaghost","floor":16.0,"turns":12.0},{"damage":12.0,"enemies":"2 Thieves","floor":18.0,"turns":2.0},{"damage":0.0,"enemies":"3 Byrds","floor":20.0,"turns":3.0},{"damage":0.0,"enemies":"Cultist and Chosen","floor":21.0,"turns":3.0},{"damage":17.0,"enemies":"Snake Plant","floor":24.0,"turns":4.0},{"damage":25.0,"enemies":"Book of Stabbing","floor":27.0,"turns":5.0},{"damage":5.0,"enemies":"Centurion and Healer","floor":28.0,"turns":3.0},{"damage":0.0,"enemies":"Cultist and Chosen","floor":31.0,"turns":2.0},{"damage":13.0,"enemies":"Champ","floor":33.0,"turns":4.0},{"damage":5.0,"enemies":"3 Darklings","floor":35.0,"turns":3.0},{"damage":7.0,"enemies":"Orb Walker","floor":36.0,"turns":2.0},{"damage":7.0,"enemies":"Sphere and 2 Shapes","floor":37.0,"turns":2.0},{"damage":5.0,"enemies":"3 Darklings","floor":38.0,"turns":2.0},{"damage":7.0,"enemies":"Spire Growth","floor":39.0,"turns":4.0},{"damage":45.0,"enemies":"Reptomancer","floor":40.0,"turns":7.0},{"damage":14.0,"enemies":"Maw","floor":42.0,"turns":7.0},{"damage":5.0,"enemies":"Sphere and 2 Shapes","floor":45.0,"turns":3.0},{"damage":7.0,"enemies":"Giant Head","floor":47.0,"turns":6.0},{"damage":13,"enemies":"Writhing Mass","floor":48,"turns":6},{"damage":69,"enemies":"Time Eater","floor":50,"turns":6}],"seed_played":"-2493298559204442519","potions_obtained":[{"floor":1.0,"key":"Regen Potion"},{"floor":4.0,"key":"PowerPotion"},{"floor":16.0,"key":"Weak Potion"},{"floor":18.0,"key":"PowerPotion"},{"floor":27.0,"key":"SteroidPotion"},{"floor":28.0,"key":"DistilledChaos"},{"floor":37.0,"key":"FearPotion"},{"floor":38.0,"key":"PowerPotion"},{"floor":42.0,"key":"ColorlessPotion"},{"floor":45.0,"key":"SteroidPotion"}],"is_trial":false,"path_per_floor":["M","?","M","M","M","R","E","M","T","?","R","?","R","M","R","B",null,"M","$","M","M","?","R","M","R","T","E","M","?","R","M","R","B",null,"M","M","M","M","M","E","R","M","T","R","M","?","E","M","R","B"],"character_chosen":"IRONCLAD","items_purchased":["TungstenRod","Vajra","BloodPotion","Fire Breathing","Anchor","Battle Trance"],"campfire_rested":0,"item_purchase_floors":[0,0,0,19,19,19],"current_hp_per_floor":[63,63,78,80,76,76,60,62,62,62,62,62,62,63,63,40,70,64,64,70,76,56,56,47,47,47,42,57,57,57,65,65,60,75,78,79,79,80,79,53,53,47,47,47,50,70,71,66,66,0,0],"gold":536,"neow_bonus":"","is_daily":false,"chose_seed":false,"campfire_upgraded":10,"win_rate":0.0,"timestamp":1609034614,"path_taken":["M","?","M","M","M","R","E","M","T","?","R","?","R","M","R","BOSS","M","$","M","M","?","R","M","R","T","E","M","?","R","M","R","BOSS","M","M","M","M","M","E","R","M","T","R","M","?","E","M","R","BOSS"],"items_purchased_type":["Relic","Relic","Potion","Card","Relic","Card"],"build_version":"2020-12-22","purchased_purges":2,"victory":false,"max_hp_per_floor":[80,80,80,80,80,80,80,80,80,80,80,80,80,80,80,80,80,80,80,80,80,80,80,80,80,80,80,80,80,80,80,80,80,80,80,80,80,80,80,80,80,80,80,80,80,80,80,80,80,80,80],"relic_stats":{"Blood Vial":45,"Nunchaku":[15],"Torii":19,"Happy Flower":[9],"counters":[54,236],"Ornamental Fan":[48],"Blue Candle":[2],"obtain_stats":[{"Torii":34,"Vajra":0,"Hammer of Thor":0,"Ancient Tea Set":26,"Burning Blood":0,"Sozu":17,"Blood Vial":26,"Nunchaku":43,"Matryoshka":22,"Mummified Hand":10,"Prayer Wheel":9,"Red Skull":34,"Happy Flower":40,"Blue Candle":47,"Oddly Smooth Stone":46,"Charon\u0027s Ashes":54,"The Courier":29,"Seething Fire":0,"Question Card":5,"Akabeko":36,"Peace Pipe":26,"Calling Bell":34,"Anchor":19,"Shuriken":44,"Ornamental Fan":34,"Anvil of the Gods":0,"Bronze Scales":45,"Mark of Pain":17,"Coffee Dripper":34,"Champion Belt":21,"hexamod:BolsterEngine":9,"Unceasing Top":38,"TungstenRod":0,"Pocketwatch":24,"Meat on the Bone":7},{"Torii":43,"Vajra":27,"Hammer of Thor":0,"Ancient Tea Set":39,"Burning Blood":0,"Sozu":8,"Blood Vial":12,"Nunchaku":21,"Matryoshka":11,"Mummified Hand":5,"Prayer Wheel":4,"Red Skull":43,"Happy Flower":49,"Blue Candle":52,"Oddly Smooth Stone":23,"Charon\u0027s Ashes":26,"The Courier":41,"Seething Fire":0,"Question Card":4,"Akabeko":18,"Peace Pipe":12,"Calling Bell":43,"Anchor":36,"Shuriken":22,"Ornamental Fan":43,"Anvil of the Gods":0,"Bronze Scales":22,"Mark of Pain":35,"Coffee Dripper":17,"Champion Belt":11,"hexamod:BolsterEngine":33,"Unceasing Top":20,"TungstenRod":27,"Pocketwatch":12,"Meat on the Bone":32},{"Torii":188,"Vajra":119,"Hammer of Thor":0,"Ancient Tea Set":174,"Burning Blood":0,"Sozu":31,"Blood Vial":48,"Nunchaku":90,"Matryoshka":41,"Mummified Hand":21,"Prayer Wheel":16,"Red Skull":188,"Happy Flower":208,"Blue Candle":224,"Oddly Smooth Stone":101,"Charon\u0027s Ashes":114,"The Courier":182,"Seething Fire":0,"Question Card":16,"Akabeko":77,"Peace Pipe":48,"Calling Bell":188,"Anchor":164,"Shuriken":96,"Ornamental Fan":188,"Anvil of the Gods":0,"Bronze Scales":96,"Mark of Pain":162,"Coffee Dripper":74,"Champion Belt":41,"hexamod:BolsterEngine":147,"Unceasing Top":86,"TungstenRod":119,"Pocketwatch":48,"Meat on the Bone":142}],"Burning Blood":296,"TungstenRod":78,"Meat on the Bone":48},"card_choices":[{"not_picked":["Body Slam","Anger"],"picked":"Shrug It Off","floor":1.0},{"not_picked":["expansioncontent:DonusPower","Blind"],"picked":"expansioncontent:StudyTheSpire","floor":2.0},{"not_picked":["Warcry","Hemokinesis"],"picked":"Wild Strike","floor":3.0},{"not_picked":["Twin Strike","Armaments"],"picked":"Whirlwind","floor":4.0},{"not_picked":["Thunderclap","Uppercut"],"picked":"True Grit","floor":5.0},{"not_picked":["Clash","Blood for Blood","Body Slam"],"picked":"SKIP","floor":7.0},{"not_picked":["Seeing Red","Dual Wield"],"picked":"Thunderclap","floor":8.0},{"not_picked":["Bloodletting","Thunderclap","Body Slam"],"picked":"SKIP","floor":14.0},{"not_picked":["Impervious","Barricade"],"picked":"Offering","floor":16.0},{"not_picked":["Flex","True Grit"],"picked":"Warcry+1","floor":18.0},{"not_picked":["Twin Strike","Brutality","Cleave"],"picked":"SKIP","floor":20.0},{"not_picked":["Shockwave","Heavy Blade"],"picked":"Metallicize+1","floor":21.0},{"not_picked":["Pommel Strike","Shrug It Off"],"picked":"Bloodletting+1","floor":24.0},{"not_picked":["Feel No Pain","Perfected Strike"],"picked":"Evolve","floor":27.0},{"not_picked":["Searing Blow","Twin Strike"],"picked":"Spot Weakness","floor":28.0},{"not_picked":["Thunderclap","Entrench"],"picked":"Burning Pact","floor":31.0},{"not_picked":["Reaper","Limit Break"],"picked":"Double Tap","floor":33.0},{"not_picked":["Twin Strike","Pommel Strike"],"picked":"Shrug It Off+1","floor":35.0},{"not_picked":["Armaments","Pommel Strike+1","Anger"],"picked":"SKIP","floor":36.0},{"not_picked":["Iron Wave+1","Barricade"],"picked":"Metallicize+1","floor":37.0},{"not_picked":["Spot Weakness","Ghostly Armor","Armaments+1"],"picked":"SKIP","floor":38.0},{"not_picked":["Uppercut","Cleave+1"],"picked":"Headbutt+1","floor":39.0},{"not_picked":["Body Slam","Twin Strike","Impervious"],"picked":"SKIP","floor":40.0},{"not_picked":["Pommel Strike","Rage"],"picked":"True Grit+1","floor":42.0},{"not_picked":["Thunderclap","Armaments+1"],"picked":"Battle Trance","floor":45.0},{"not_picked":["Intimidate","Cleave+1","Feed"],"picked":"SKIP","floor":47.0},{"not_picked":["Sword Boomerang","Metallicize"],"picked":"Dark Embrace","floor":48}],"player_experience":811112,"relics_obtained":[{"floor":7.0,"key":"Meat on the Bone"},{"floor":9.0,"key":"hexamod:BolsterEngine"},{"floor":26.0,"key":"Ancient Tea Set"},{"floor":27.0,"key":"Nunchaku"},{"floor":34.0,"key":"Red Skull"},{"floor":34.0,"key":"Ornamental Fan"},{"floor":34.0,"key":"Torii"},{"floor":40.0,"key":"Happy Flower"},{"floor":47.0,"key":"Blue Candle"}],"event_choices":[{"damage_healed":0.0,"max_hp_gain":0.0,"max_hp_loss":0.0,"gold_gain":1.0,"event_name":"betterStone:BetterStone","player_choice":"1","floor":2.0,"gold_loss":0.0,"damage_taken":0.0},{"cards_removed":["Strike_R"],"damage_healed":0.0,"max_hp_gain":0.0,"max_hp_loss":0.0,"gold_gain":0.0,"event_name":"The Cleric","player_choice":"Card Removal","floor":10.0,"gold_loss":50.0,"damage_taken":0.0},{"damage_healed":0.0,"max_hp_gain":0.0,"max_hp_loss":0.0,"gold_gain":175.0,"event_name":"betterThird:BetterSerpent","player_choice":"AGREE","floor":12.0,"gold_loss":0.0,"damage_taken":147.0},{"damage_healed":0.0,"max_hp_gain":76.0,"max_hp_loss":56.0,"gold_gain":0.0,"event_name":"betterAltar:BetterAltar","player_choice":" Vial ","floor":22.0,"potions_obtained":[],"relics_lost":[],"gold_loss":0.0,"damage_taken":21.0,"relics_obtained":["Blood Vial"]},{"damage_healed":0.0,"max_hp_gain":0.0,"max_hp_loss":0.0,"gold_gain":0.0,"event_name":"The Mausoleum","player_choice":"Opened","floor":29.0,"gold_loss":0.0,"damage_taken":0.0,"relics_obtained":["The Courier"],"cards_obtained":["Writhe"]},{"damage_healed":20.0,"max_hp_gain":0.0,"max_hp_loss":0.0,"gold_gain":0.0,"event_name":"Winding Halls","player_choice":"Writhe","floor":46.0,"gold_loss":0.0,"damage_taken":0.0,"cards_obtained":["Writhe"]}],"is_beta":false,"boss_relics":[{"not_picked":["Black Star","Tiny House"],"picked":"Mark of Pain"},{"not_picked":["Runic Pyramid","Empty Cage"],"picked":"Calling Bell"}],"items_purged_floors":[0,19],"is_endless":false,"potions_floor_spawned":[1,4,16,18,27,28,37,38,42,45,47],"killed_by":"Time Eater","ascension_level":11}}