{"host":"y89x8uui45kcjy42","time":1609051649,"event":{"mods":["2.2 Compatiblity","BaseMod","CapriCore","Colored Map","Colored Powertips","Custom Start","Friendly Minions","Hermit","Highlight Path","Keyboard Shortcuts","Minty Spire (QoL Compilation)","Relic Stats","Slay the Relics Exporter","StSLib","SuperFastMode","Waifu the Spire"],"gold_per_floor":[111,127,138,152,162,195,195,230,256,256,276,26,39,70,70,168,168,181,195,205,205,217,217,244,244,244,273,273,289,301,301,301,397,397,408,460,460,460,460,460,494,494,494,494,494],"floor_reached":44,"playtime":1523,"items_purged":["hermit:Strike_Hermit"],"score":598,"play_id":"fdad94aa-fc33-4f27-8dbb-09ad1c1b6ea1","local_time":"20201227154729","is_ascension_mode":true,"campfire_choices":[{"data":"hermit:Brawl","floor":7,"key":"SMITH"},{"data":"hermit:GoldenBullet","floor":10,"key":"SMITH"},{"data":"hermit:FlashPowder","floor":15,"key":"SMITH"},{"data":"hermit:TakeAim","floor":23,"key":"SMITH"},{"data":"hermit:FlashPowder","floor":25,"key":"SMITH"},{"data":"hermit:Dive","floor":28,"key":"SMITH"},{"data":"hermit:Covet","floor":32,"key":"SMITH"},{"data":"hermit:Snapshot","floor":40,"key":"SMITH"},{"data":"hermit:Dive","floor":42,"key":"SMITH"}],"circlet_count":0,"master_deck":["hermit:Strike_Hermit","hermit:Strike_Hermit","hermit:Strike_Hermit","hermit:Defend_Hermit+1","hermit:Defend_Hermit","hermit:Defend_Hermit","hermit:Defend_Hermit+1","hermit:Snapshot+1","hermit:Covet+1","hermit:FlashPowder+1","hermit:Dive+1","hermit:FlashPowder+1","hermit:Brawl+1","hermit:GoldenBullet+1","hermit:Dive+1","hermit:Manifest+1","hermit:Strike_Hermit","hermit:TakeAim+1","hermit:Quickdraw+1","hermit:Dive+1","Sadistic Nature+1"],"relics":["hermit:Momento","Coffee Dripper","Vajra","Oddly Smooth Stone","Matryoshka","Art of War","Happy Flower","Lee\u0027s Waffle","Bag of Marbles","Coffee Dripper","StoneCalendar","Oddly Smooth Stone","Blood Vial","Pear","Enchiridion","SacredBark","Ginger","The Courier","War Paint"],"acts_visited":["Exordium","TheCity","TheBeyond"],"potions_floor_usage":[6,6,8,24,41,41],"damage_taken":[{"damage":0,"enemies":"Small Slimes","floor":1,"turns":3},{"damage":0,"enemies":"Cultist","floor":2,"turns":3},{"damage":0,"enemies":"2 Louse","floor":3,"turns":3},{"damage":0,"enemies":"Looter","floor":4,"turns":3},{"damage":7,"enemies":"Exordium Wildlife","floor":5,"turns":8},{"damage":16,"enemies":"Gremlin Nob","floor":6,"turns":3},{"damage":2,"enemies":"Lagavulin","floor":8,"turns":7},{"damage":3,"enemies":"Large Slime","floor":11,"turns":6},{"damage":0,"enemies":"2 Fungi Beasts","floor":13,"turns":4},{"damage":6,"enemies":"3 Sentries","floor":14,"turns":9},{"damage":7,"enemies":"The Guardian","floor":16,"turns":11},{"damage":4,"enemies":"Chosen","floor":18,"turns":5},{"damage":0,"enemies":"Shell Parasite","floor":19,"turns":6},{"damage":36,"enemies":"Chosen and Byrds","floor":20,"turns":8},{"damage":4,"enemies":"Snecko","floor":22,"turns":6},{"damage":16,"enemies":"Slavers","floor":24,"turns":6},{"damage":5,"enemies":"Book of Stabbing","floor":27,"turns":7},{"damage":5,"enemies":"3 Cultists","floor":29,"turns":7},{"damage":0,"enemies":"Snake Plant","floor":30,"turns":4},{"damage":9,"enemies":"Collector","floor":33,"turns":9},{"damage":5,"enemies":"Orb Walker","floor":35,"turns":4},{"damage":52,"enemies":"2 Orb Walkers","floor":36,"turns":7},{"damage":24,"enemies":"Giant Head","floor":41,"turns":9},{"damage":28,"enemies":"3 Shapes","floor":44,"turns":1}],"seed_played":"-4697948800748536995","potions_obtained":[{"floor":1,"key":"Fire Potion"},{"floor":2,"key":"SkillPotion"},{"floor":4,"key":"Swift Potion"},{"floor":5,"key":"PowerPotion"},{"floor":16,"key":"Strength Potion"},{"floor":20,"key":"PowerPotion"},{"floor":24,"key":"PowerPotion"},{"floor":30,"key":"Weak Potion"},{"floor":36,"key":"LiquidMemories"},{"floor":41,"key":"LiquidMemories"}],"is_trial":false,"path_per_floor":["M","M","M","M","M","E","R","E","T","R","M","$","M","E","R","B",null,"M","M","M","?","M","R","E","R","T","E","R","M","M","?","R","B",null,"M","?","?","?","?","R","E","R","T","M"],"character_chosen":"HERMIT","items_purchased":["Lee\u0027s Waffle","hermit:Dive"],"campfire_rested":0,"item_purchase_floors":[12,12],"current_hp_per_floor":[82,82,82,82,75,59,59,57,57,57,54,89,89,83,83,76,89,85,85,49,49,45,45,29,29,29,36,36,33,35,19,19,12,99,94,44,44,44,44,44,22,22,22,0,0],"gold":494,"neow_bonus":"TEN_PERCENT_HP_BONUS","is_daily":false,"chose_seed":false,"campfire_upgraded":9,"win_rate":0.0,"timestamp":1609051649,"path_taken":["M","M","M","M","M","E","R","E","T","R","M","$","M","E","R","BOSS","M","M","M","?","?","R","E","R","T","E","R","M","M","?","R","BOSS","M","?","?","?","?","R","E","R","T","?"],"items_purchased_type":["Relic","Card"],"build_version":"2020-12-22","purchased_purges":1,"victory":false,"max_hp_per_floor":[82,82,82,82,82,82,82,82,82,82,82,89,89,89,89,89,89,89,89,89,89,89,89,89,89,89,99,99,99,99,99,99,99,99,99,99,94,94,94,94,94,94,94,94,94],"relic_stats":{"Blood Vial":14,"Lee\u0027s Waffle":35,"Happy Flower":[36],"counters":[24,139],"StoneCalendar":[226],"Art of War":[11],"Ginger":[2],"War Paint":["hermit:Defend_Hermit","hermit:Defend_Hermit"],"obtain_stats":[{"Lee\u0027s Waffle":12,"Pear":27,"Happy Flower":9,"SacredBark":34,"Vajra":0,"Oddly Smooth Stone":0,"Enchiridion":31,"StoneCalendar":24,"The Courier":41,"Ginger":36,"War Paint":43,"Blood Vial":26,"Matryoshka":6,"Coffee Dripper":0,"Art of War":8,"Bag of Marbles":14,"hermit:Momento":0},{"Lee\u0027s Waffle":8,"Pear":17,"Happy Flower":7,"SacredBark":20,"Vajra":0,"Oddly Smooth Stone":0,"Enchiridion":19,"StoneCalendar":16,"The Courier":23,"Ginger":22,"War Paint":23,"Blood Vial":16,"Matryoshka":6,"Coffee Dripper":0,"Art of War":7,"Bag of Marbles":10,"hermit:Momento":0},{"Lee\u0027s Waffle":36,"Pear":98,"Happy Flower":30,"SacredBark":118,"Vajra":0,"Oddly Smooth Stone":0,"Enchiridion":109,"StoneCalendar":91,"The Courier":138,"Ginger":129,"War Paint":138,"Blood Vial":91,"Matryoshka":23,"Coffee Dripper":0,"Art of War":30,"Bag of Marbles":49,"hermit:Momento":0}]},"card_choices":[{"not_picked":["hermit:Brawl","hermit:NoHoldsBarred"],"picked":"hermit:FlashPowder","floor":1},{"not_picked":["hermit:WideOpen","hermit:Enervate"],"picked":"hermit:Dive","floor":2},{"not_picked":["hermit:Cheat","hermit:HoleUp","hermit:Shortfuse"],"picked":"SKIP","floor":3},{"not_picked":["hermit:SprayPray","hermit:TrackingShot"],"picked":"hermit:FlashPowder","floor":4},{"not_picked":["hermit:Roulette","hermit:Maintenance"],"picked":"hermit:Brawl","floor":5},{"not_picked":["hermit:SprayPray","hermit:Gestalt","hermit:Manifest"],"picked":"SKIP","floor":6},{"not_picked":["hermit:EternalForm","hermit:Ricochet"],"picked":"hermit:GoldenBullet","floor":8},{"not_picked":["hermit:Scavenge","hermit:Combo","hermit:TakeCover"],"picked":"SKIP","floor":11},{"not_picked":["hermit:Coalescence","hermit:Vantage","hermit:Manifest"],"picked":"SKIP","floor":13},{"not_picked":["hermit:Ricochet","hermit:Dissolve","hermit:Dive"],"picked":"SKIP","floor":14},{"not_picked":["hermit:HoleUp","hermit:Snipe","hermit:Vantage+1"],"picked":"SKIP","floor":18},{"not_picked":["hermit:HighCaliber","hermit:Desperado","hermit:Dive"],"picked":"SKIP","floor":19},{"not_picked":["hermit:Desperado","hermit:Cheat"],"picked":"hermit:Manifest+1","floor":20},{"not_picked":["hermit:Roughhouse","hermit:SprayPray"],"picked":"hermit:TakeAim","floor":22},{"not_picked":["hermit:CursedWeapon","hermit:Coalescence","hermit:DeadOrAlive"],"picked":"SKIP","floor":24},{"not_picked":["hermit:BodyArmor","hermit:Coalescence+1"],"picked":"hermit:Quickdraw+1","floor":27},{"not_picked":["hermit:Spite","hermit:Headshot","hermit:BodyArmor"],"picked":"SKIP","floor":29},{"not_picked":["hermit:Vantage+1","hermit:HoleUp","hermit:Manifest+1"],"picked":"SKIP","floor":30},{"not_picked":["hermit:LowProfile+1","hermit:Feint+1"],"picked":"hermit:Dive+1","floor":35},{"not_picked":["Metamorphosis","Enlightenment"],"picked":"Sadistic Nature","floor":38},{"not_picked":["hermit:LowProfile+1","hermit:HighCaliber","hermit:Coalescence"],"picked":"SKIP","floor":41}],"player_experience":534602,"relics_obtained":[{"floor":6,"key":"Matryoshka"},{"floor":8,"key":"Art of War"},{"floor":9,"key":"Happy Flower"},{"floor":14,"key":"Bag of Marbles"},{"floor":24,"key":"StoneCalendar"},{"floor":26,"key":"Oddly Smooth Stone"},{"floor":26,"key":"Blood Vial"},{"floor":27,"key":"Pear"},{"floor":31,"key":"Enchiridion"},{"floor":36,"key":"Ginger"},{"floor":41,"key":"The Courier"},{"floor":43,"key":"War Paint"}],"event_choices":[{"damage_healed":0,"gold_gain":0,"player_choice":"1 cards matched","damage_taken":0,"max_hp_gain":0,"max_hp_loss":0,"event_name":"Match and Keep!","floor":21,"gold_loss":0,"cards_obtained":["hermit:Strike_Hermit"]},{"damage_healed":0,"gold_gain":0,"player_choice":"Obtained Book","damage_taken":16,"max_hp_gain":0,"max_hp_loss":0,"event_name":"Cursed Tome","floor":31,"gold_loss":0},{"damage_healed":0,"gold_gain":0,"player_choice":"Fight","damage_taken":0,"max_hp_gain":0,"max_hp_loss":0,"event_name":"Mysterious Sphere","floor":36,"gold_loss":0},{"damage_healed":0,"gold_gain":0,"player_choice":"Max HP","damage_taken":0,"max_hp_gain":0,"max_hp_loss":5,"event_name":"Winding Halls","floor":37,"gold_loss":0},{"damage_healed":0,"gold_gain":0,"player_choice":"Memory 1","damage_taken":0,"max_hp_gain":0,"max_hp_loss":0,"event_name":"SensoryStone","floor":38,"gold_loss":0},{"damage_healed":0,"gold_gain":0,"player_choice":"Upgraded","damage_taken":0,"max_hp_gain":0,"max_hp_loss":0,"event_name":"Upgrade Shrine","floor":39,"gold_loss":0,"cards_upgraded":["Sadistic Nature"]}],"is_beta":false,"boss_relics":[{"not_picked":["Calling Bell","Ectoplasm"],"picked":"Coffee Dripper"},{"not_picked":["Busted Crown","Philosopher\u0027s Stone"],"picked":"SacredBark"}],"items_purged_floors":[12],"is_endless":false,"potions_floor_spawned":[1,2,4,5,16,20,24,30,33,36,41],"killed_by":"3 Shapes","ascension_level":3}}