{"host":"j019w4cyowrad0mf","time":1609034108,"event":{"mods":["2.2 Compatiblity","Act Like it!","BaseMod","CapriCore","Gensokyo","HololiveMod","Marisa????????","Minty Spire (QoL Compilation)","Reimu??????","StSLib","Waifu the Spire","WarShipGirlsR/????R mod"],"gold_per_floor":[77,92,92,106,37,65,65,91,91,116,128,128,11,11,11,115,115,128,128,128,56,69,98,98,98,98,98,24,37,1,36,36,137,137,156,173,173,143,143,143,161,172,172,172,342,342,268,287,287,315,315,315,121,156,156],"floor_reached":56,"playtime":3918,"items_purged":[],"score":1476,"play_id":"d8ef8231-de25-411c-bd2a-41c23065f5c0","local_time":"20201226175508","is_ascension_mode":false,"campfire_choices":[{"data":"Hololive_CallAmaneKanata","floor":7.0,"key":"SMITH"},{"data":"Hololive_CallYozoraMel","floor":12.0,"key":"SMITH"},{"data":"Hololive_CallShiranuiFlare","floor":15.0,"key":"SMITH"},{"data":"Hololive_CallAZKi","floor":25,"key":"SMITH"},{"data":"Hololive_CallOmaruPolka","floor":27,"key":"SMITH"},{"floor":32,"key":"RECALL"},{"data":"Hololive_CallMurasakiShion","floor":40,"key":"SMITH"},{"data":"Hololive_CallAmaneKanata","floor":44,"key":"SMITH"},{"data":"Hololive_IdolExercise","floor":49,"key":"SMITH"},{"data":"Hololive_CallCivia","floor":52,"key":"SMITH"}],"circlet_count":0,"master_deck":["Hololive_Strike","Hololive_CallAiraniIofifteen","Hololive_CallHoushouMarine","Hololive_CallOzoraSubaru","Hololive_CallHoshimachiSuisei","Hololive_CallCivia+1","Hololive_Psychosis","Hololive_CallAyundaRisu","Hololive_CallNatsuiroMatsuri","Hololive_CocoNews+1","Hololive_CallShiranuiFlare+1","Hololive_CallAmaneKanata+1","Hololive_CallOmaruPolka+1","Hololive_CallKiryuuCoco","Hololive_CallYozoraMel+1","Hololive_FlareMind+1","Hololive_CallTsunomakiWatame+1","Hololive_CallAZKi+1","Hololive_CallMurasakiShion+1","Hololive_IdolExercise+1","Hololive_CallYukihanaLamy","Hololive_CallManoAloe","Hololive_OpenUp+1","Hololive_CocoNews+1","Hololive_StrengthChampion+1","Hololive_CallAmaneKanata+1","Hololive_Breathe","Hololive_CallHimemoriLuna","Mayhem","Hololive_CallShiranuiFlare"],"relics":["Hololive_TheStar","Molten Egg 2","Pocketwatch","RuthlessExorcism:ReiMu","Torii","Potion Belt","Empty Cage","White Beast Statue","Mango","Oddly Smooth Stone","Centennial Puzzle","Letter Opener","Philosopher\u0027s Stone","War Paint","Gensokyo:EmptyGrave","Singing Bowl","Bottled Flame"],"acts_visited":["Exordium","Gensokyo:Gensokyo","Gensokyo:Gensokyoer","TheEnding"],"potions_floor_usage":[39,55,55,55,55,55,55,55,55],"damage_taken":[{"damage":0.0,"enemies":"Gensokyo:3_Fairies","floor":1.0,"turns":3.0},{"damage":0.0,"enemies":"Gensokyo:Gryphon","floor":2.0,"turns":2.0},{"damage":0.0,"enemies":"Gensokyo:2_Kodama","floor":4.0,"turns":2.0},{"damage":0.0,"enemies":"Gensokyo:Mamizou","floor":6.0,"turns":5.0},{"damage":0.0,"enemies":"Gensokyo:Cirno","floor":8.0,"turns":6.0},{"damage":0.0,"enemies":"Gensokyo:Aya","floor":10.0,"turns":3.0},{"damage":0.0,"enemies":"Gensokyo:VengefulSpirit","floor":11.0,"turns":3.0},{"damage":0.0,"enemies":"Gensokyo:Kokoro","floor":16.0,"turns":6.0},{"damage":0.0,"enemies":"Gensokyo:Chomper","floor":18.0,"turns":3.0},{"damage":11.0,"enemies":"Gensokyo:AngelMirror","floor":22.0,"turns":4.0},{"damage":0.0,"enemies":"Gensokyo:Tenshi","floor":23.0,"turns":5.0},{"damage":0,"enemies":"Gensokyo:Slime_Group","floor":29,"turns":3},{"damage":0,"enemies":"Gensokyo:Reisen","floor":31,"turns":4},{"damage":0,"enemies":"Gensokyo:Eiki","floor":33,"turns":11},{"damage":0,"enemies":"Gensokyo:3_Bats","floor":35,"turns":4},{"damage":0,"enemies":"Gensokyo:AncientGuardian","floor":36,"turns":3},{"damage":60,"enemies":"Gensokyo:AncientGuardian","floor":39,"turns":7},{"damage":0,"enemies":"Gensokyo:4_Bats","floor":41,"turns":5},{"damage":0,"enemies":"Gensokyo:AtlasGolem","floor":42,"turns":4},{"damage":0,"enemies":"Gensokyo:SeedOfUnknown","floor":45,"turns":4},{"damage":0,"enemies":"Gensokyo:Rafflesia","floor":48,"turns":4},{"damage":0,"enemies":"Gensokyo:Shinki","floor":50,"turns":8},{"damage":39,"enemies":"Shield and Spear","floor":54,"turns":8},{"damage":0,"enemies":"The Heart","floor":55,"turns":9}],"seed_played":"3734299738873430728","potions_obtained":[{"floor":2.0,"key":"Fruit Juice"},{"floor":8.0,"key":"Block Potion"},{"floor":18.0,"key":"BlessingOfTheForge"},{"floor":22.0,"key":"Strength Potion"},{"floor":23,"key":"GamblersBrew"},{"floor":29,"key":"BlessingOfTheForge"},{"floor":31,"key":"Strength Potion"},{"floor":41,"key":"Fire Potion"},{"floor":42,"key":"EntropicBrew"}],"is_trial":false,"path_per_floor":["M","M","?","M","$","E","R","E","T","E","M","R","COS","$","R","B",null,"M","T","$","$","M","E","?","R","T","R","$","M","COS","E","R","B",null,"M","M","?","COS","?","R","M","M","T","R","M","?","$","M","R","B",null,"R","$","E","B",null],"character_chosen":"Hololive_HololiveCharacter","items_purchased":["Hololive_CallShiranuiFlare","Hololive_CallAZKi","Hololive_CallYukihanaLamy","Hololive_CallHimemoriLuna","Mayhem"],"campfire_rested":0,"item_purchase_floors":[5,21,28,47,53],"current_hp_per_floor":[35,40,32,32,32,32,32,32,32,32,32,32,32,32,32,40,40,40,40,40,40,40,54,59,59,59,59,59,59,59,59,59,59,59,59,59,55,55,55,55,55,55,55,55,57,57,57,59,59,59,59,59,59,59,59],"gold":156,"neow_bonus":"THREE_CARDS","is_daily":false,"chose_seed":false,"campfire_upgraded":9,"win_rate":0.0,"timestamp":1609034108,"path_taken":["M","M","?","?","?","E","R","E","T","E","M","R","COS","?","R","BOSS","M","?","?","$","?","E","?","R","T","R","?","M","COS","E","R","BOSS","M","M","?","COS","?","R","M","M","T","R","?","?","$","M","R","BOSS","R","$","E","BOSS"],"items_purchased_type":["Card","Card","Card","Card","Card"],"build_version":"2020-12-22","purchased_purges":0,"victory":true,"max_hp_per_floor":[35,40,40,40,40,40,40,40,40,40,40,40,40,40,40,40,40,40,40,40,40,40,54,59,59,59,59,59,59,59,59,59,59,59,59,59,55,55,55,55,55,55,55,55,57,57,57,59,59,59,59,59,59,59,59],"card_choices":[{"not_picked":["Hololive_ManjiGathering","Hololive_Sequa"],"picked":"Hololive_Psychosis","floor":0.0},{"not_picked":["Hololive_CallAiraniIofifteen","Hololive_Sequa","Hololive_Psychosis"],"picked":"Hololive_CallAyundaRisu","floor":1.0},{"not_picked":["Hololive_CallRoboco","Hololive_CallYukihanaLamy","Hololive_FlyingPonyTail"],"picked":"Hololive_CallNatsuiroMatsuri","floor":2.0},{"not_picked":["Hololive_CallSpadeEcho","Hololive_Drill+1","Hololive_Rebound"],"picked":"Hololive_CocoNews+1","floor":4.0},{"not_picked":["Hololive_SoulCatcher+1","Hololive_Trident+1","Hololive_Sequa+1"],"picked":"Hololive_CallAmaneKanata","floor":6.0},{"not_picked":["Hololive_CallSpadeEcho","Hololive_CallHoushouMarine","Hololive_Sequa+1"],"picked":"Hololive_CallOmaruPolka","floor":8.0},{"not_picked":["Hololive_AWSL","Hololive_CallAyundaRisu","Hololive_Drill+1"],"picked":"Hololive_CallKiryuuCoco","floor":10.0},{"not_picked":["Hololive_FlyingPonyTail","Hololive_CallRoboco","Hololive_Psychosis+1"],"picked":"Hololive_CallYozoraMel","floor":11.0},{"not_picked":["Hololive_Recruit","Hololive_Rebirth","Hololive_ASMR+1"],"picked":"Hololive_FlareMind","floor":16.0},{"not_picked":["Hololive_RevenueBasedLive","Hololive_CocoNews+1","Hololive_Sequa+1"],"picked":"Hololive_CallTsunomakiWatame+1","floor":18.0},{"not_picked":["Hololive_Trident+1","Hololive_HuntDinosaur","Hololive_OvertimeWork+1"],"picked":"Hololive_CallMurasakiShion","floor":22.0},{"not_picked":["Hololive_StrengthChampion+1","Hololive_OvertimeWork+1","Hololive_HuntDinosaur"],"picked":"Hololive_IdolExercise","floor":23},{"not_picked":["Hololive_CallShirakamiFubuki+1","Hololive_Drill+1","Hololive_Rebound"],"picked":"Hololive_CallManoAloe","floor":29},{"not_picked":["Hololive_FlyingPonyTail","Hololive_HuntDinosaur","Hololive_Rebound","Hololive_StrengthChampion+1"],"picked":"SKIP","floor":31},{"not_picked":["Hololive_MaximGun+1","Hololive_BeCareful","Hololive_FlareMind"],"picked":"Hololive_OpenUp+1","floor":33},{"not_picked":["Hololive_Rebound","Hololive_Spy","Hololive_CallMurasakiShion"],"picked":"Hololive_CocoNews+1","floor":35},{"not_picked":["Hololive_OvertimeWork+1","Hololive_FlyingPonyTail","Hololive_CallHoshimachiSuisei+1"],"picked":"Hololive_StrengthChampion+1","floor":36},{"not_picked":["Hololive_CallNakiriAyame+1","Hololive_Drill+1","Hololive_CallYozoraMel"],"picked":"Hololive_CallAmaneKanata","floor":41},{"not_picked":["Hololive_CocoNews+1","Hololive_CallHoshimachiSuisei+1","Hololive_AWSL"],"picked":"Hololive_Breathe","floor":42},{"not_picked":["Hololive_CallManoAloe","Hololive_Breathe+1","Hololive_Trident+1","Hololive_StrengthChampion+1"],"picked":"Singing Bowl","floor":45},{"not_picked":["Hololive_Trident+1","Hololive_Yoholoon+1","Hololive_CallYozoraMel","Hololive_CallInugamiKorone+1"],"picked":"Singing Bowl","floor":48},{"not_picked":["Hololive_OvertimeWork+1","Hololive_RevenueBasedLive","Hololive_CallTsunomakiWatame+1"],"picked":"Hololive_CallShiranuiFlare","floor":54}],"player_experience":308507,"relics_obtained":[{"floor":6.0,"key":"Pocketwatch"},{"floor":8.0,"key":"RuthlessExorcism:ReiMu"},{"floor":9.0,"key":"Torii"},{"floor":10.0,"key":"Potion Belt"},{"floor":19.0,"key":"White Beast Statue"},{"floor":23,"key":"Centennial Puzzle"},{"floor":31,"key":"Letter Opener"},{"floor":43,"key":"Singing Bowl"},{"floor":54,"key":"Bottled Flame"}],"event_choices":[],"is_beta":false,"boss_relics":[{"not_picked":["Sozu","Tiny House"],"picked":"Empty Cage"},{"not_picked":["Runic Dome","Black Star"],"picked":"Philosopher\u0027s Stone"}],"items_purged_floors":[],"is_endless":false,"potions_floor_spawned":[2,8,18,22,23,29,31,33,35,36,41,42,45,48,54],"ascension_level":0}}