{"host":"wha9hktbkslqvblg","time":1609038028,"event":{"mods":["BaseMod","Colored Map","Minty Spire (QoL Compilation)","Relic Stats","SuperFastMode","everything is the same but u backflip on backflip"],"gold_per_floor":[114,114,39,54,17,17,52,52,52,69,79,89,99,132,132,206,206,206],"floor_reached":17,"playtime":251,"items_purged":["Strike_R"],"score":384,"play_id":"c6f29dd4-03ac-49d5-9910-17951e3ec8cf","local_time":"20201227120028","is_ascension_mode":true,"campfire_choices":[{"data":"Seeing Red","floor":6.0,"key":"SMITH"},{"floor":8.0,"key":"RECALL"},{"data":"Fire Breathing","floor":15,"key":"SMITH"}],"circlet_count":0,"master_deck":["AscendersBane","Strike_R","Strike_R","Strike_R","Strike_R","Defend_R","Defend_R","Defend_R","Defend_R","Bash","Body Slam+1","Seeing Red+1","Carnage","Battle Trance","Fire Breathing+1"],"relics":["Burning Blood","NeowsBlessing","Blood Vial","Bronze Scales","Cursed Key"],"acts_visited":["Exordium","TheCity"],"potions_floor_usage":[],"damage_taken":[{"damage":0.0,"enemies":"2 Louse","floor":1.0,"turns":2.0},{"damage":0.0,"enemies":"Cultist","floor":4.0,"turns":1.0},{"damage":0.0,"enemies":"Gremlin Nob","floor":7.0,"turns":1.0},{"damage":7.0,"enemies":"Jaw Worm","floor":10.0,"turns":4.0},{"damage":5.0,"enemies":"2 Fungi Beasts","floor":11.0,"turns":3.0},{"damage":29.0,"enemies":"Large Slime","floor":12.0,"turns":5.0},{"damage":4.0,"enemies":"Exordium Wildlife","floor":13.0,"turns":4.0},{"damage":10.0,"enemies":"Lagavulin","floor":14.0,"turns":4.0},{"damage":28,"enemies":"Slime Boss","floor":16,"turns":6}],"seed_played":"7923078625627614015","potions_obtained":[{"floor":10.0,"key":"PowerPotion"},{"floor":12.0,"key":"SkillPotion"},{"floor":14,"key":"LiquidBronze"}],"is_trial":false,"path_per_floor":["M","?","$","M","$","R","E","R","T","M","M","M","M","E","R","B",null],"character_chosen":"IRONCLAD","items_purchased":["Seeing Red"],"campfire_rested":0,"item_purchase_floors":[5],"current_hp_per_floor":[74,74,74,75,75,75,75,75,75,74,75,52,56,54,54,34,65,65],"gold":206,"neow_bonus":"THREE_ENEMY_KILL","is_daily":false,"chose_seed":false,"campfire_upgraded":2,"win_rate":0.0,"timestamp":1609038028,"path_taken":["M","?","$","M","$","R","E","R","T","M","?","M","M","E","R","BOSS"],"items_purchased_type":["Card"],"build_version":"2020-12-22","purchased_purges":1,"victory":false,"max_hp_per_floor":[75,75,75,75,75,75,75,75,75,75,75,75,75,75,75,75,75,75],"relic_stats":{"Blood Vial":7,"counters":[9,30],"Bronze Scales":[36],"Cursed Key":0,"obtain_stats":[{"Blood Vial":7,"NeowsBlessing":0,"Bronze Scales":9,"Cursed Key":17,"Burning Blood":0},{"Blood Vial":3,"NeowsBlessing":0,"Bronze Scales":3,"Cursed Key":9,"Burning Blood":0},{"Blood Vial":4,"NeowsBlessing":0,"Bronze Scales":4,"Cursed Key":30,"Burning Blood":0}],"Burning Blood":42},"card_choices":[{"not_picked":["Pommel Strike","Clothesline"],"picked":"Body Slam","floor":1.0},{"not_picked":["Shockwave","Flex","Perfected Strike"],"picked":"SKIP","floor":4.0},{"not_picked":["Pommel Strike","Warcry","Wild Strike"],"picked":"SKIP","floor":7.0},{"not_picked":["Armaments","Rupture"],"picked":"Carnage","floor":10.0},{"not_picked":["Sever Soul","Blood for Blood","Intimidate"],"picked":"SKIP","floor":11.0},{"not_picked":["Cleave","Twin Strike"],"picked":"Battle Trance","floor":12.0},{"not_picked":["Immolate","Intimidate"],"picked":"Fire Breathing","floor":13.0},{"not_picked":["Clothesline","Wild Strike","True Grit"],"picked":"SKIP","floor":14}],"player_experience":899899,"relics_obtained":[{"floor":7.0,"key":"Blood Vial"},{"floor":9.0,"key":"Bronze Scales"}],"event_choices":[{"damage_healed":0.0,"max_hp_gain":0.0,"max_hp_loss":0.0,"gold_gain":0.0,"event_name":"Accursed Blacksmith","player_choice":"Forge","floor":2.0,"gold_loss":0.0,"damage_taken":0.0,"cards_upgraded":["Body Slam"]}],"is_beta":false,"boss_relics":[{"not_picked":["Runic Cube","Black Blood"],"picked":"Cursed Key"}],"items_purged_floors":[3],"is_endless":false,"potions_floor_spawned":[10,12,14],"ascension_level":20}}