{"host":"d1ko3fbbyfpftrlc","time":1609061734,"event":{"mods":["BaseMod","Bestiary","Curses Come First","Minty Spire (QoL Compilation)","StSLib","The Animator","The Marked"],"gold_per_floor":[117,117,134,59,76,76,105,121,171,227,227,238,238,238],"floor_reached":13,"playtime":466,"items_purged":["Doubt"],"score":75,"play_id":"9276f3f7-0cda-48dc-8e27-50021c177fe6","local_time":"20201227163534","is_ascension_mode":false,"campfire_choices":[{"floor":6,"key":"RECALL"}],"circlet_count":0,"master_deck":["theMarked:Strike","theMarked:Strike","theMarked:Strike","theMarked:Strike","theMarked:Strike","theMarked:Defend","theMarked:Defend","theMarked:Defend","theMarked:Defend","theMarked:SoldierOfQuellstein","theMarked:ElectricStrings","Regret","theMarked:ElectricStrings","theMarked:Opportunist","theMarked:Panic","theMarked:Overcharge","theMarked:Electrocute","theMarked:SuspiciousRaven"],"relics":["theMarked:ArtifactOfAir","Pocketwatch","MealTicket","Odd Mushroom","theMarked:DemonDagger","Pear"],"acts_visited":["Exordium"],"potions_floor_usage":[7,10,13],"damage_taken":[{"damage":5,"enemies":"Jaw Worm","floor":1,"turns":4},{"damage":7,"enemies":"2 Louse","floor":3,"turns":3},{"damage":5,"enemies":"Small Slimes","floor":5,"turns":3},{"damage":26,"enemies":"The Mushroom Lair","floor":7,"turns":3},{"damage":18,"enemies":"Looter","floor":8,"turns":3},{"damage":17,"enemies":"Lagavulin Event","floor":10,"turns":5},{"damage":10,"enemies":"Large Slime","floor":12,"turns":4},{"damage":5,"enemies":"Lagavulin","floor":13,"turns":2}],"seed_played":"8247827289224577241","potions_obtained":[{"floor":5,"key":"LiquidBronze"},{"floor":8,"key":"DistilledChaos"},{"floor":12,"key":"FearPotion"}],"is_trial":false,"path_per_floor":["M","?","M","$","M","R","?","M","T","?","T","M","E"],"character_chosen":"THE_DEFAULT","items_purchased":[],"campfire_rested":0,"item_purchase_floors":[],"current_hp_per_floor":[65,65,58,70,65,65,39,21,21,4,14,4,0,0],"gold":238,"neow_bonus":"ONE_RARE_RELIC","is_daily":false,"chose_seed":false,"campfire_upgraded":0,"win_rate":0.0,"timestamp":1609061734,"path_taken":["M","?","M","$","M","R","?","M","T","?","?","M","E"],"items_purchased_type":[],"build_version":"2020-12-22","purchased_purges":1,"victory":false,"max_hp_per_floor":[70,70,70,70,70,70,70,70,70,70,80,80,80,80],"card_choices":[{"not_picked":["theMarked:ChainLightning","theMarked:ShockingTouch"],"picked":"theMarked:ElectricStrings","floor":1},{"not_picked":["theMarked:Improvise","theMarked:Polarize"],"picked":"theMarked:ElectricStrings","floor":3},{"not_picked":["theMarked:Electrify","theMarked:Aftermath"],"picked":"theMarked:Opportunist","floor":5},{"not_picked":["theMarked:Overthink","theMarked:Parkour"],"picked":"theMarked:Panic","floor":7},{"not_picked":["theMarked:Improvise","theMarked:Parkour"],"picked":"theMarked:Overcharge","floor":8},{"not_picked":["theMarked:ChainLightning","theMarked:Electrify"],"picked":"theMarked:Electrocute","floor":10},{"not_picked":["theMarked:BanishingStrike","theMarked:SelfDefenseTraining"],"picked":"theMarked:SuspiciousRaven","floor":12}],"player_experience":27401,"relics_obtained":[{"floor":7,"key":"Odd Mushroom"},{"floor":10,"key":"theMarked:DemonDagger"},{"floor":11,"key":"Pear"}],"event_choices":[{"damage_healed":0,"gold_gain":0,"player_choice":"Box","damage_taken":0,"relics_obtained":["MealTicket"],"max_hp_gain":0,"max_hp_loss":0,"event_name":"Big Fish","floor":2,"gold_loss":0,"cards_obtained":["Regret"]},{"damage_healed":0,"gold_gain":0,"player_choice":"Fought Mushrooms","damage_taken":0,"max_hp_gain":0,"max_hp_loss":0,"event_name":"Mushrooms","floor":7,"gold_loss":0},{"damage_healed":0,"gold_gain":30,"player_choice":"Searched \u00272\u0027 times","damage_taken":0,"max_hp_gain":0,"max_hp_loss":0,"event_name":"Dead Adventurer","floor":10,"gold_loss":0}],"is_beta":false,"boss_relics":[],"items_purged_floors":[4],"is_endless":false,"potions_floor_spawned":[5,8,12],"killed_by":"Lagavulin","ascension_level":0}}