{"host":"lonmk01vm2mxu21j","time":1609072188,"event":{"mods":["BaseMod","Colored Map","Downfall","Infinite Spire","Marisa£®ÏF”Í°°ƒß¿Ì…≥£©","Minty Spire (QoL Compilation)","Remilia£®¿Ÿ√◊¿Ú—«£©","Replay The Spire","StSLib","SuperFastMode","The Bug Knight","The Cursed","The Hierophant","The Poker Player","The Runesmith","Youmu£®ªÍ∆«—˝√Œ£©","[IsaacMod]“‘»ˆº‚À˛"],"gold_per_floor":[114,132,207,220,239,239,264,264,264,289,307,307,307,319,319,419,419,436,452,61,94,118,118,118,159,206,245,282,333,333,378,378,475,475,512,523,523,105,136,136,169,169,169,184,212,228,228,228,228,333,333,358,362,362,369,369,378,378,378,378,410,485,485,523,529,529,476,476],"floor_reached":67,"playtime":11655,"items_purged":["HollowMod:QuickDashStart","HollowMod:NailStrikeStart","HollowMod:QuickDashStart","HollowMod:NailStrikeStart","HollowMod:DashSlash"],"score":994,"play_id":"d4f4e555-4a2b-4cb0-ae5d-4f1eb6a30534","local_time":"20201227202948","is_ascension_mode":false,"campfire_choices":[{"data":"HollowMod:FocusHealStart","floor":6,"key":"SMITH"},{"data":"HollowMod:DoubleDash","floor":8,"key":"SMITH"},{"data":"HollowMod:NailStrikeStart","floor":13,"key":"SMITH"},{"data":"HollowMod:DashSlash","floor":15,"key":"SMITH"},{"data":"HollowMod:DescendingDark","floor":23,"key":"SMITH"},{"data":"infinitespire:Oblivion","floor":30,"key":"SMITH"},{"data":"HollowMod:WraithStrike","floor":32,"key":"SMITH"},{"data":"HollowMod:VoidDash","floor":40,"key":"SMITH"},{"data":"HollowMod:theNailsmith","floor":42,"key":"SMITH"},{"data":"HollowMod:MantisMark","floor":47,"key":"SMITH"},{"data":"infinitespire:Oblivion","floor":49,"key":"SMITH"},{"data":"HollowMod:MantisMark","floor":59,"key":"SMITH"},{"floor":63,"key":"REST"},{"data":"HollowMod:HuntersJournal","floor":66,"key":"SMITH"}],"circlet_count":0,"master_deck":["HollowMod:FocusHealStart+1","HollowMod:PogoStrike","HollowMod:DoubleDash+1","HollowMod:BlackTendrils","HollowMod:SiblingsShadow","HollowMod:DashSlash+1","HandOfGreed","HollowMod:DescendingDark+1","infinitespire:Oblivion+1","HollowMod:WraithStrike+1","HollowMod:VengefulVoid+1","HollowMod:VoidDash+1","HollowMod:SiblingsSouls+1","Master of Strategy","HollowMod:CloakDash","HollowMod:MantisMark+1","infinitespire:Oblivion+1","HollowMod:FallenFury+1","HollowMod:GoodIntentions+1","HollowMod:NewGlowingWomb+1","HollowMod:MantisMark+1","HollowMod:HuntersJournal+1"],"relics":["HalfPhantom","HushsDoor","KeepersGift","NeowsBlessing","Happy Flower","DeadEye","Kunai","GuppysHead","MagicMushroom","Habit","ReplayTheSpireMod:TigerMarble","Lizard Tail","HollowMod:PaleOreRelic","Garlic","Dream Catcher","Empty Cage","ClockworkSouvenir","ReplayTheSpireMod:Lightbulb","Orichalcum","The Courier","Snack Pack","Astrolabe","infinitespire:Cubic Diamond","Golden Idol","ReplayFunnel","AnarchistCookbook","TheBible","Letter Opener"],"acts_visited":["Exordium","TheCity","TheBeyond","Exordium"],"potions_floor_usage":[7,7,21,25,28,29,41,50,50,57,67,67,67],"damage_taken":[{"damage":0,"enemies":"Cultist","floor":1,"turns":1},{"damage":0,"enemies":"Small Slimes","floor":2,"turns":1},{"damage":0,"enemies":"2 Louse","floor":4,"turns":1},{"damage":0,"enemies":"Red Slaver","floor":5,"turns":1},{"damage":12,"enemies":"Gremlin Nob","floor":7,"turns":2},{"damage":11,"enemies":"3 Sentries","floor":10,"turns":2},{"damage":12,"enemies":"Blue Slaver","floor":11,"turns":3},{"damage":0,"enemies":"Exordium Wildlife","floor":14,"turns":3},{"damage":31,"enemies":"Slime Boss","floor":16,"turns":13},{"damage":6,"enemies":"Spheric Guardian","floor":18,"turns":4},{"damage":19,"enemies":"Shell Parasite","floor":19,"turns":4},{"damage":12,"enemies":"Sentry and Sphere","floor":21,"turns":4},{"damage":0,"enemies":"Cultist and Chosen","floor":25,"turns":4},{"damage":0,"enemies":"Centurion and Healer","floor":27,"turns":3},{"damage":0,"enemies":"Snake Plant","floor":28,"turns":2},{"damage":16,"enemies":"Nightmare","floor":29,"turns":5},{"damage":0,"enemies":"Slavers","floor":31,"turns":2},{"damage":18,"enemies":"Automaton","floor":33,"turns":5},{"damage":8,"enemies":"3 Shapes","floor":35,"turns":3},{"damage":8,"enemies":"3 Darklings","floor":36,"turns":3},{"damage":0,"enemies":"Sphere and 2 Shapes","floor":39,"turns":2},{"damage":0,"enemies":"Reptomancer","floor":41,"turns":3},{"damage":0,"enemies":"Jaw Worm Horde","floor":44,"turns":2},{"damage":25,"enemies":"Nemesis","floor":45,"turns":5},{"damage":0,"enemies":"Transient","floor":46,"turns":5},{"damage":42,"enemies":"Donu and Deca","floor":50,"turns":6},{"damage":0,"enemies":"Small Slimes","floor":52,"turns":1},{"damage":8,"enemies":"Jaw Worm","floor":53,"turns":2},{"damage":0,"enemies":"2 Louse","floor":55,"turns":1},{"damage":84,"enemies":"Nightmare","floor":57,"turns":6},{"damage":0,"enemies":"Gremlin Nob","floor":61,"turns":1},{"damage":0,"enemies":"Exordium Wildlife","floor":64,"turns":2},{"damage":0,"enemies":"Blue Slaver","floor":65,"turns":1},{"damage":128,"enemies":"Delirium","floor":67,"turns":10}],"seed_played":"6478771705160918955","potions_obtained":[{"floor":1,"key":"Death Potion"},{"floor":2,"key":"SkillPotion"},{"floor":7,"key":"SmokeBomb"},{"floor":10,"key":"Flashbang"},{"floor":14,"key":"SkillPotion"},{"floor":21,"key":"Energy Potion"},{"floor":27,"key":"FairyPotion"},{"floor":28,"key":"Energy Potion"},{"floor":31,"key":"Weak Potion"},{"floor":33,"key":"Block Potion"},{"floor":41,"key":"SpeedPotion"},{"floor":44,"key":"LiquidMemories"},{"floor":52,"key":"SkillPotion"},{"floor":64,"key":"Fire Potion"},{"floor":65,"key":"EntropicBrew"}],"is_trial":false,"path_per_floor":["M","M","?","M","M","R","E","R","T","E","M","?","R","M","R","B",null,"M","M","$","M","T","R","AVR","M","T","M","M","NM","R","E","R","B",null,"M","M","?","$","M","R","E","R","T","M","E","M","R","AVR","R","B",null,"M","M","?","M","?","NM","T","R","T","E","?","R","M","M","R","B"],"character_chosen":"THE_BUGKNIGHT","items_purchased":["Habit","HandOfGreed","ClockworkSouvenir","Master of Strategy"],"campfire_rested":1,"item_purchase_floors":[20,20,38,38],"current_hp_per_floor":[75,75,64,66,66,66,62,62,62,59,59,47,47,59,59,45,82,76,66,66,57,57,57,57,64,64,73,76,66,66,69,69,54,82,75,73,58,58,61,61,62,62,62,63,49,66,66,66,66,36,77,77,69,69,77,58,25,25,25,25,27,16,39,44,46,46,0,0],"gold":476,"neow_bonus":"THREE_ENEMY_KILL","is_daily":false,"chose_seed":false,"campfire_upgraded":13,"win_rate":0.0,"timestamp":1609072188,"path_taken":["M","M","?","M","M","R","E","R","T","E","M","?","R","M","R","BOSS","M","M","$","M","?","R","AVR","M","T","M","?","NM","R","E","R","BOSS","M","M","?","$","M","R","E","R","T","M","E","M","R","AVR","R","BOSS","M","M","?","?","?","NM","?","R","T","E","?","R","M","M","R","BOSS"],"items_purchased_type":["Relic","Card","Relic","Card"],"build_version":"2020-12-22","purchased_purges":5,"victory":false,"max_hp_per_floor":[75,75,75,75,75,75,75,75,75,75,75,75,75,75,75,75,82,82,82,82,82,82,82,82,82,82,82,82,82,82,82,82,82,82,82,82,82,82,82,82,82,82,82,82,82,82,82,82,82,82,77,77,77,77,77,77,77,77,77,77,77,77,77,77,77,77,77,77],"card_choices":[{"not_picked":[],"picked":"ChaosCard","floor":0},{"not_picked":["HollowMod:NewJinnsSoul","HollowMod:LifebloodCocoon"],"picked":"HollowMod:DoubleDash","floor":1},{"not_picked":["HollowMod:SiblingsShadow","HollowMod:CornifersMapStart"],"picked":"HollowMod:BlackTendrils","floor":2},{"not_picked":["HollowMod:NewJinnsSoul","HollowMod:GreatSlash","HollowMod:MawleksShell"],"picked":"SKIP","floor":4},{"not_picked":["HollowMod:LifebloodCocoon","HollowMod:MonarchWings","Bomb"],"picked":"SKIP","floor":5},{"not_picked":["HollowMod:CoiledNail","HollowMod:MidwifesHunger"],"picked":"Bomb","floor":7},{"not_picked":["HollowMod:CornifersMapStart","HollowMod:TaintedHusks"],"picked":"HollowMod:SiblingsShadow","floor":10},{"not_picked":["HollowMod:ShadowDash","HollowMod:SoulVessel","HollowMod:GrimmsGift"],"picked":"SKIP","floor":11},{"not_picked":["HollowMod:NewLittleFool","HollowMod:TaintedHusks"],"picked":"HollowMod:DashSlash","floor":14},{"not_picked":["HollowMod:AwokenDreamNail","HollowMod:ZotesMagnificence"],"picked":"HollowMod:theNailsmith","floor":16},{"not_picked":["HollowMod:CoiledNail+1","HollowMod:BlackTendrils"],"picked":"HollowMod:DashSlash","floor":18},{"not_picked":["HollowMod:CycloneSlash","HollowMod:LifebloodCocoon","HollowMod:ChannelNail"],"picked":"SKIP","floor":19},{"not_picked":["HollowMod:MawleksShell+1","HollowMod:SoulSplash"],"picked":"HollowMod:DescendingDark","floor":21},{"not_picked":["HollowMod:SiblingsSouls","HollowMod:GoodIntentions","HollowMod:TaintedHusks"],"picked":"SKIP","floor":25},{"not_picked":["HollowMod:MantisMark","HollowMod:GoodIntentions+1"],"picked":"HollowMod:WraithStrike","floor":27},{"not_picked":["HollowMod:ShapeofUnn","HollowMod:InfectedCysts"],"picked":"HollowMod:VengefulVoid+1","floor":28},{"not_picked":["HollowMod:NewGlowingWomb+1","HollowMod:CrystalDash","HollowMod:VengefulSpirit"],"picked":"SKIP","floor":29},{"not_picked":["HollowMod:CycloneSlash+1","HollowMod:NewLittleFool+1","HollowMod:SharpenedNail"],"picked":"SKIP","floor":31},{"not_picked":["HollowMod:LifebloodCore","HollowMod:AwokenDreamNail"],"picked":"HollowMod:VoidDash","floor":33},{"not_picked":["HollowMod:VengefulSpirit+1","HollowMod:InfectedCysts","HollowMod:DesolateDive+1"],"picked":"SKIP","floor":35},{"not_picked":["HollowMod:CornifersMapStart","HollowMod:FallenFury+1"],"picked":"HollowMod:SiblingsSouls+1","floor":36},{"not_picked":["HollowMod:DoubleDash+1","HollowMod:theNailsmith","HollowMod:HowlingWraiths+1"],"picked":"SKIP","floor":39},{"not_picked":["HollowMod:FastStrike","HollowMod:ChannelNail","HollowMod:CycloneSlash"],"picked":"SKIP","floor":41},{"not_picked":["HollowMod:DreamGate+1","HollowMod:ShapeofUnn+1","HollowMod:DescendingDark"],"picked":"SKIP","floor":44},{"not_picked":["HollowMod:HowlingWraiths","HollowMod:DoubleDash+1"],"picked":"HollowMod:CloakDash","floor":45},{"not_picked":["HollowMod:ElderbugsWisdom","HollowMod:VengefulSpirit+1"],"picked":"HollowMod:MantisMark","floor":46},{"not_picked":["HollowMod:SoulStrike","HollowMod:SoulSplash","HollowMod:DescendingDark"],"picked":"SKIP","floor":52},{"not_picked":["HollowMod:BaldurShell","HollowMod:ChannelNail","HollowMod:LifebloodCore"],"picked":"SKIP","floor":53},{"not_picked":["HollowMod:SiblingsSouls","HollowMod:DashSlash","HollowMod:DoubleDash"],"picked":"SKIP","floor":55},{"not_picked":["HollowMod:GoodIntentions","HollowMod:InfectedAttack"],"picked":"HollowMod:MantisMark","floor":57},{"not_picked":["HollowMod:NewJinnsSoul","HollowMod:SoulEater","HollowMod:SiblingsSouls"],"picked":"SKIP","floor":61},{"not_picked":["HollowMod:VengefulVoid","HollowMod:GreatSlash","HollowMod:SoulEater"],"picked":"SKIP","floor":64},{"not_picked":["HollowMod:NewLittleFool","HollowMod:CoiledNail"],"picked":"HollowMod:HuntersJournal","floor":65}],"player_experience":381604,"relics_obtained":[{"floor":7,"key":"Happy Flower"},{"floor":9,"key":"DeadEye"},{"floor":10,"key":"Kunai"},{"floor":22,"key":"ReplayTheSpireMod:TigerMarble"},{"floor":26,"key":"HollowMod:PaleOreRelic"},{"floor":29,"key":"Garlic"},{"floor":31,"key":"Dream Catcher"},{"floor":41,"key":"ReplayTheSpireMod:Lightbulb"},{"floor":43,"key":"Orichalcum"},{"floor":45,"key":"The Courier"},{"floor":57,"key":"ReplayFunnel"},{"floor":58,"key":"AnarchistCookbook"},{"floor":60,"key":"TheBible"},{"floor":61,"key":"Letter Opener"}],"event_choices":[{"damage_healed":0,"gold_gain":75,"player_choice":"Gather Gold","damage_taken":11,"max_hp_gain":0,"max_hp_loss":0,"event_name":"World of Goop","floor":3,"gold_loss":0},{"damage_healed":0,"gold_gain":0,"player_choice":"Success","damage_taken":12,"relics_obtained":["GuppysHead"],"max_hp_gain":0,"max_hp_loss":0,"event_name":"Scrap Ooze","floor":12,"gold_loss":0},{"damage_healed":0,"gold_gain":0,"player_choice":"Take Damage","damage_taken":19,"relics_obtained":["Golden Idol"],"max_hp_gain":0,"max_hp_loss":0,"event_name":"Golden Idol","floor":56,"gold_loss":0},{"damage_healed":0,"gold_gain":75,"player_choice":"Gather Gold","damage_taken":11,"max_hp_gain":0,"max_hp_loss":0,"event_name":"World of Goop","floor":62,"gold_loss":0}],"is_beta":false,"boss_relics":[{"not_picked":["SacredBark","Replay:Bronze Core"],"picked":"MagicMushroom"},{"not_picked":[]},{"not_picked":["Runic Dome","SlaversCollar"],"picked":"Empty Cage"},{"not_picked":[]},{"not_picked":["Runesmith:UraniumAnvil","ReplayTheSpireMod:SealedPack"],"picked":"Astrolabe"},{"not_picked":[]}],"items_purged_floors":[20,24,38,48,51],"is_endless":true,"potions_floor_spawned":[1,2,7,10,14,21,27,28,31,33,36,41,44,52,64,65],"killed_by":"Delirium","ascension_level":0}}