{"host":"121m0oxswv9tg9hk","time":1609079733,"event":{"mods":["AchievementEnabler","BaseMod","Better Third Choice","Downfall","Hermit","Hubris","Infinite Spire","MarisaÅiñ∂âJÅ@ñÇóùçπÅj","Minty Spire (QoL Compilation)","Replay The Spire","Shade Mod","StSLib","The Construct","The Cursed","The Gatherer","The Hierophant","The Mystic"],"gold_per_floor":[99,125,147,166,186,233,258,285,312,354,379,10,51,87,113,224,224,224,252,252,270,299,224,224,228,228,228],"floor_reached":25,"playtime":1680,"items_purged":["hexamod:Strike"],"score":315,"play_id":"c80d4730-c6be-4de1-9015-5679ecf3d30e","local_time":"20201227153533","is_ascension_mode":true,"campfire_choices":[{"data":"hexamod:Strike","floor":1,"key":"SMITH"},{"floor":18,"key":"RECALL"},{"data":"1","floor":23,"key":"LIFT"}],"circlet_count":0,"master_deck":["hexamod:Strike","hexamod:Strike","hexamod:Strike","hexamod:Defend","hexamod:Defend","hexamod:Defend","hexamod:Defend","hexamod:Sear","hexamod:Float","hexamod:PhantomCloak","hexamod:SpectersWail","hexamod:SuperheatedStrike","hexamod:ThirdSeal","hexamod:SkipABeat","hexamod:RecurringNightmare","hexamod:GhostLash","hexamod:SpectersWail","hexamod:RetreatToShadows+1","hexamod:ParanormalForm","ReplayTheSpireMod:Splinters","hexamod:TimeOfNeed+1","hexamod:FlamesFromBeyond+1","hexamod:GhostflameBarrier+1","hexamod:FastForward+1","hexamod:Hexaguard+1"],"relics":["hexamod:SpiritBrand","Replay:Bandana","Simple Rune","War Paint","Bottled Tornado","Toxic Egg 2","Singing Bowl","Girya","Sozu","downfall:RedIOU","downfall:HeartBlessingRed","Replay:Bottled Flurry"],"acts_visited":["Exordium","TheCity"],"potions_floor_usage":[3,16,16,16],"damage_taken":[{"damage":0,"enemies":"Cultist","floor":2,"turns":3},{"damage":0,"enemies":"2 Louse","floor":3,"turns":3},{"damage":0,"enemies":"Jaw Worm","floor":4,"turns":4},{"damage":0,"enemies":"Blue Slaver","floor":5,"turns":3},{"damage":9,"enemies":"Gremlin Nob","floor":6,"turns":4},{"damage":0,"enemies":"Large Slime","floor":9,"turns":3},{"damage":19,"enemies":"3 Sentries","floor":10,"turns":6},{"damage":0,"enemies":"Red Slaver","floor":11,"turns":3},{"damage":0,"enemies":"downfall:FleeingMerchant","floor":12,"turns":4},{"damage":19,"enemies":"Lagavulin","floor":13,"turns":6},{"damage":0,"enemies":"Blue Slaver","floor":15,"turns":3},{"damage":15,"enemies":"downfall:Silent","floor":16,"turns":6},{"damage":3,"enemies":"Spheric Guardian","floor":19,"turns":5},{"damage":15,"enemies":"Snecko","floor":21,"turns":6},{"damage":31,"enemies":"Shelled Parasite and Fungi","floor":22,"turns":5},{"damage":21,"enemies":"Snake Plant","floor":25,"turns":1}],"seed_played":"8236485620535585917","potions_obtained":[{"floor":2,"key":"Adrenaline Potion"},{"floor":10,"key":"LiquidBronze"},{"floor":11,"key":"Languid Potion"},{"floor":15,"key":"hexamod:EctoCoolerPotion"}],"is_trial":false,"path_per_floor":["R","M","M","M","M","E","T","T","M","E","M","$","E","?","M","B",null,"R","M","?","M","M","R","T","M"],"character_chosen":"THE_SPIRIT","items_purchased":["Toxic Egg 2","hexamod:RetreatToShadows+1"],"campfire_rested":0,"item_purchase_floors":[12,12],"current_hp_per_floor":[63,63,63,63,63,54,54,54,54,35,35,35,18,20,22,9,61,61,60,60,47,16,16,16,0,0,0],"gold":228,"neow_bonus":"RANDOM_COMMON_RELIC","is_daily":false,"chose_seed":false,"campfire_upgraded":1,"win_rate":0.0,"timestamp":1609079733,"path_taken":["R","M","M","M","M","E","T","?","M","E","M","$","E","?","M","BOSS","R","M","?","M","M","R","T","M"],"items_purchased_type":["Relic","Card"],"build_version":"2020-12-22","purchased_purges":1,"victory":false,"max_hp_per_floor":[70,70,70,70,70,70,70,70,70,70,70,70,72,74,76,78,78,78,80,80,82,82,82,82,82,82,82],"card_choices":[{"not_picked":["hexamod:GhostShield","hexamod:Haunt"],"picked":"hexamod:PhantomCloak","floor":2},{"not_picked":["hexamod:EmpoweredFlame","hexamod:FastForward"],"picked":"hexamod:SpectersWail","floor":3},{"not_picked":["hexamod:GhostOfSpirePast","hexamod:GhostShield"],"picked":"hexamod:SuperheatedStrike","floor":4},{"not_picked":["hexamod:Firestarter","hexamod:HeatCrush"],"picked":"hexamod:ThirdSeal","floor":5},{"not_picked":["hexamod:ShieldOfDarkness","hexamod:UnlimitedPower"],"picked":"hexamod:SkipABeat","floor":6},{"not_picked":["hexamod:FastForward","hexamod:NightmareGuise","hexamod:ThermalTransfer"],"picked":"SKIP","floor":6},{"not_picked":["hexamod:BurningTouch","hexamod:SuperheatedStrike","hexamod:PowerFromBeyond"],"picked":"SKIP","floor":9},{"not_picked":["hexamod:SpectersWail","hexamod:BurningTouch","hexamod:ThermalTransfer"],"picked":"SKIP","floor":9},{"not_picked":["hexamod:SwordOfDarkness","hexamod:Firestarter"],"picked":"hexamod:RecurringNightmare","floor":10},{"not_picked":["hexamod:AdvancingGuard","hexamod:GhostOfSpirePast"],"picked":"hexamod:GhostLash","floor":11},{"not_picked":["hexamod:Haunt","hexamod:RainOfEmbers","hexamod:ShieldOfDarkness"],"picked":"SKIP","floor":11},{"not_picked":["hexamod:GhostLash","hexamod:AdvancingGuard"],"picked":"hexamod:SpectersWail","floor":12},{"not_picked":["hexamod:InspiringFlames","hexamod:NightmareGuise","hexamod:SpectralAdrenaline"],"picked":"SKIP","floor":12},{"not_picked":["hexamod:DynamicBlow","hexamod:NightmareGuise+1","hexamod:UnlimitedPower+1"],"picked":"Singing Bowl","floor":13},{"not_picked":["hexamod:InspiringFlames+1","hexamod:GhostLash"],"picked":"hexamod:ParanormalForm","floor":13},{"not_picked":["hexamod:FourthSeal","hexamod:RainOfEmbers","hexamod:InspiringFlames+1"],"picked":"Singing Bowl","floor":14},{"not_picked":["hexamod:Firestarter","hexamod:Again+1","hexamod:BurningTouch+1"],"picked":"Singing Bowl","floor":15},{"not_picked":["hexamod:WildfireWeapon","hexamod:SearingWound+1"],"picked":"hexamod:TimeOfNeed+1","floor":16},{"not_picked":["hexamod:HexaLevel","hexamod:VolcanoVisage","hexamod:GhostflameInferno+1"],"picked":"Singing Bowl","floor":16},{"not_picked":["hexamod:BurningTouch+1","hexamod:Hexaguard+1"],"picked":"hexamod:FlamesFromBeyond+1","floor":19},{"not_picked":["hexamod:RetreatToShadows+1","hexamod:ThermalTransfer","hexamod:InspiringFlames+1"],"picked":"Singing Bowl","floor":19},{"not_picked":["hexamod:SpectersWail+1","hexamod:AdvancingGuard+1"],"picked":"hexamod:GhostflameBarrier+1","floor":21},{"not_picked":["hexamod:BurningTouch+1","hexamod:SoulSteal+1","hexamod:HauntingEcho"],"picked":"Singing Bowl","floor":21},{"not_picked":["hexamod:SpectralSpark+1","hexamod:HeatShield+1"],"picked":"hexamod:FastForward+1","floor":22},{"not_picked":["hexamod:GhostOfSpirePast","hexamod:HauntingEcho+1"],"picked":"hexamod:Hexaguard+1","floor":22}],"player_experience":2931506,"relics_obtained":[{"floor":6,"key":"Simple Rune"},{"floor":7,"key":"Anchor"},{"floor":8,"key":"War Paint"},{"floor":10,"key":"Bottled Tornado"},{"floor":13,"key":"Singing Bowl"},{"floor":14,"key":"Girya"},{"floor":24,"key":"Replay:Bottled Flurry"}],"event_choices":[],"is_beta":false,"boss_relics":[{"not_picked":["Empty Cage","SacredBark"],"picked":"Sozu"}],"items_purged_floors":[12],"is_endless":false,"potions_floor_spawned":[2,10,11,15,19],"killed_by":"Snake Plant","ascension_level":8}}