{"host":"f7mgfv1rcbv6ir5v","time":1609053100,"event":{"mods":["BaseMod","Bestiary","Colored Map","Colored Powertips","Highlight Path","Minty Spire (QoL Compilation)","Relic Stats","StSLib"],"gold_per_floor":[109,123,123,136,148,178,178,207,230,242,274,239,251,261,261,359,359,377,377,392,392,408,408,440,440,463,477,70,70,95,106,106,203,203,215,232,232,34,45,79,79,112,112,112,137,147,202,202,202,202],"floor_reached":51,"playtime":5512,"items_purged":["Strike_B"],"score":1090,"play_id":"3d837631-7634-4fd4-afb0-bcea71b00f92","local_time":"20201226231140","is_ascension_mode":true,"campfire_choices":[{"data":"Electrodynamics","floor":7,"key":"SMITH"},{"floor":15,"key":"REST"},{"data":"Seek","floor":23,"key":"SMITH"},{"data":"Aggregate","floor":25,"key":"SMITH"},{"data":"Coolheaded","floor":32,"key":"SMITH"},{"data":"Meteor Strike","floor":41,"key":"SMITH"},{"data":"Turbo","floor":44,"key":"PURGE"},{"data":"Hologram","floor":49,"key":"SMITH"}],"circlet_count":0,"master_deck":["Defend_B","Defend_B","Defend_B","Defend_B","Zap","Dualcast","Aggregate+1","Streamline+1","Leap","Doom and Gloom","Electrodynamics+1","Loop+1","Chaos","Ball Lightning","Coolheaded+1","Seek+1","Meteor Strike","Undo","Compile Driver","Recycle+1","Capacitor+1","Chill","Force Field","Amplify","Meteor Strike+1","Barrage+1","Coolheaded+1","Compile Driver+1","Lockon+1","Conserve Battery+1","Loop+1","Go for the Eyes+1","Hologram+1"],"relics":["Snecko Eye","DataDisk","Dream Catcher","Happy Flower","MealTicket","Empty Cage","Meat on the Bone","Bag of Marbles","Gremlin Horn","Enchiridion","Orichalcum","Coffee Dripper","Orrery","Bottled Lightning","Toy Ornithopter","Peace Pipe","Frozen Egg 2","Lizard Tail"],"acts_visited":["Exordium","TheCity","TheBeyond"],"potions_floor_usage":[6,6,24,33,33,47,50],"damage_taken":[{"damage":0,"enemies":"Cultist","floor":1,"turns":5},{"damage":10,"enemies":"2 Louse","floor":2,"turns":3},{"damage":0,"enemies":"Jaw Worm","floor":4,"turns":1},{"damage":4,"enemies":"Blue Slaver","floor":5,"turns":5},{"damage":8,"enemies":"Gremlin Nob","floor":6,"turns":3},{"damage":21,"enemies":"Lagavulin","floor":8,"turns":4},{"damage":2,"enemies":"Lots of Slimes","floor":10,"turns":2},{"damage":16,"enemies":"Gremlin Nob","floor":11,"turns":3},{"damage":0,"enemies":"Large Slime","floor":13,"turns":3},{"damage":3,"enemies":"Looter","floor":14,"turns":3},{"damage":0,"enemies":"Slime Boss","floor":16,"turns":5},{"damage":8,"enemies":"2 Thieves","floor":18,"turns":2},{"damage":0,"enemies":"3 Byrds","floor":20,"turns":3},{"damage":0,"enemies":"Centurion and Healer","floor":22,"turns":2},{"damage":10,"enemies":"Slavers","floor":24,"turns":3},{"damage":10,"enemies":"Snake Plant","floor":27,"turns":3},{"damage":0,"enemies":"Gremlin Leader","floor":30,"turns":4},{"damage":0,"enemies":"Cultist and Chosen","floor":31,"turns":3},{"damage":14,"enemies":"Collector","floor":33,"turns":9},{"damage":0,"enemies":"3 Shapes","floor":35,"turns":1},{"damage":12,"enemies":"3 Darklings","floor":36,"turns":3},{"damage":0,"enemies":"Jaw Worm Horde","floor":39,"turns":3},{"damage":36,"enemies":"Reptomancer","floor":40,"turns":8},{"damage":0,"enemies":"Giant Head","floor":42,"turns":5},{"damage":0,"enemies":"Nemesis","floor":45,"turns":5},{"damage":0,"enemies":"Spire Growth","floor":46,"turns":4},{"damage":0,"enemies":"2 Orb Walkers","floor":47,"turns":4},{"damage":37,"enemies":"Awakened One","floor":50,"turns":7}],"seed_played":"-3578444044013372605","potions_obtained":[{"floor":1,"key":"DistilledChaos"},{"floor":5,"key":"FearPotion"},{"floor":10,"key":"ColorlessPotion"},{"floor":11,"key":"Dexterity Potion"},{"floor":14,"key":"AttackPotion"},{"floor":24,"key":"BlessingOfTheForge"},{"floor":31,"key":"AttackPotion"},{"floor":35,"key":"CultistPotion"},{"floor":40,"key":"GamblersBrew"}],"is_trial":false,"path_per_floor":["M","M","?","M","M","E","R","E","T","M","E","?","M","M","R","B",null,"M","?","M","?","M","R","E","R","T","M","$","?","E","M","R","B",null,"M","M","?","$","M","E","R","E","T","R","E","M","?","?","R","B",null],"character_chosen":"DEFECT","items_purchased":["Gremlin Horn","Force Field","Orrery","Energy Potion"],"campfire_rested":1,"item_purchase_floors":[28,28,38,38],"current_hp_per_floor":[75,65,65,65,61,53,53,32,32,30,14,14,14,11,33,33,65,57,57,57,57,57,57,47,47,47,49,64,48,48,48,48,46,68,68,56,56,71,71,47,47,47,47,47,47,47,52,52,52,32],"gold":202,"neow_bonus":"BOSS_RELIC","is_daily":false,"chose_seed":false,"campfire_upgraded":6,"win_rate":0.0,"timestamp":1609053100,"path_taken":["M","M","?","M","M","E","R","E","T","?","E","?","M","M","R","BOSS","M","?","M","?","?","R","E","R","T","M","$","?","E","M","R","BOSS","M","M","?","$","?","E","R","E","T","R","E","M","?","?","R","BOSS"],"items_purchased_type":["Relic","Card","Relic","Potion"],"build_version":"2020-12-22","purchased_purges":1,"victory":true,"max_hp_per_floor":[75,75,75,75,75,75,75,75,75,75,75,75,75,75,75,75,75,75,75,75,75,75,75,75,75,75,75,75,75,75,75,75,75,75,75,75,75,75,75,75,75,75,75,75,75,75,75,75,75,75],"relic_stats":{"Peace Pipe":1,"Dream Catcher":1,"Lizard Tail":0,"Happy Flower":[28],"Gremlin Horn":[22,23],"counters":[28,106],"Snecko Eye":[208,231,202,217],"MealTicket":30,"Orichalcum":[60],"obtain_stats":[{"Happy Flower":9,"Gremlin Horn":28,"Enchiridion":29,"Orichalcum":30,"Frozen Egg 2":45,"Empty Cage":17,"Peace Pipe":43,"DataDisk":6,"Dream Catcher":8,"Lizard Tail":47,"Snecko Eye":0,"Orrery":38,"MealTicket":11,"Bag of Marbles":26,"Coffee Dripper":34,"Bottled Lightning":40,"Cracked Core":0,"Toy Ornithopter":42,"Meat on the Bone":24},{"Happy Flower":6,"Gremlin Horn":16,"Enchiridion":16,"Orichalcum":17,"Frozen Egg 2":25,"Empty Cage":11,"Peace Pipe":24,"DataDisk":5,"Dream Catcher":6,"Lizard Tail":27,"Snecko Eye":0,"Orrery":21,"MealTicket":8,"Bag of Marbles":15,"Coffee Dripper":19,"Bottled Lightning":23,"Cracked Core":0,"Toy Ornithopter":24,"Meat on the Bone":15},{"Happy Flower":21,"Gremlin Horn":50,"Enchiridion":50,"Orichalcum":54,"Frozen Egg 2":91,"Empty Cage":37,"Peace Pipe":86,"DataDisk":17,"Dream Catcher":21,"Lizard Tail":99,"Snecko Eye":0,"Orrery":70,"MealTicket":26,"Bag of Marbles":47,"Coffee Dripper":66,"Bottled Lightning":81,"Cracked Core":0,"Toy Ornithopter":86,"Meat on the Bone":47}],"Toy Ornithopter":10,"Meat on the Bone":48},"card_choices":[{"not_picked":["Stack","Leap"],"picked":"Aggregate","floor":1},{"not_picked":["Beam Cell","Melter"],"picked":"Streamline","floor":2},{"not_picked":["Tempest","Beam Cell"],"picked":"Leap","floor":4},{"not_picked":["Double Energy","Rebound"],"picked":"Doom and Gloom","floor":5},{"not_picked":["Fission","Auto Shields"],"picked":"Electrodynamics","floor":6},{"not_picked":["Auto Shields","Leap"],"picked":"Loop","floor":8},{"not_picked":["Sweeping Beam","Reprogram"],"picked":"Chaos","floor":10},{"not_picked":["Compile Driver","Streamline"],"picked":"Ball Lightning","floor":11},{"not_picked":["Doom and Gloom","Beam Cell"],"picked":"Coolheaded","floor":13},{"not_picked":["Rebound","Streamline"],"picked":"Seek","floor":14},{"not_picked":["Core Surge","Rainbow"],"picked":"Meteor Strike","floor":16},{"not_picked":["Leap","Stack+1"],"picked":"Turbo","floor":18},{"not_picked":["Steam Power","Coolheaded"],"picked":"Compile Driver","floor":20},{"not_picked":["Cold Snap+1","Lockon"],"picked":"Recycle+1","floor":22},{"not_picked":["Biased Cognition","Redo"],"picked":"Capacitor+1","floor":24},{"not_picked":["Steam+1","Stack"],"picked":"Chill","floor":27},{"not_picked":["Storm","Compile Driver+1"],"picked":"Amplify","floor":30},{"not_picked":["Ball Lightning","Streamline","Barrage"],"picked":"SKIP","floor":31},{"not_picked":["Amplify","Electrodynamics"],"picked":"Meteor Strike","floor":33},{"not_picked":["Compile Driver","Steam+1"],"picked":"Barrage+1","floor":35},{"not_picked":["Leap+1","Ball Lightning+1","Self Repair"],"picked":"SKIP","floor":36},{"not_picked":["Chill+1","Ball Lightning+1"],"picked":"Coolheaded+1","floor":38},{"not_picked":["Sweeping Beam+1","Gash"],"picked":"Compile Driver+1","floor":38},{"not_picked":["Force Field+1","Recycle+1"],"picked":"Lockon+1","floor":38},{"not_picked":["Chaos+1","Barrage"],"picked":"Conserve Battery+1","floor":38},{"not_picked":["Stack+1","Core Surge"],"picked":"Loop+1","floor":39},{"not_picked":["Go for the Eyes","Gash","Cold Snap"],"picked":"SKIP","floor":40},{"not_picked":["Genetic Algorithm","Reprogram+1","Conserve Battery+1"],"picked":"SKIP","floor":42},{"not_picked":["Storm+1","Reprogram+1"],"picked":"Go for the Eyes+1","floor":45},{"not_picked":["Fusion+1","Compile Driver"],"picked":"Hologram","floor":46}],"player_experience":365614,"relics_obtained":[{"floor":6,"key":"DataDisk"},{"floor":8,"key":"Dream Catcher"},{"floor":9,"key":"Happy Flower"},{"floor":11,"key":"MealTicket"},{"floor":24,"key":"Meat on the Bone"},{"floor":26,"key":"Bag of Marbles"},{"floor":29,"key":"Enchiridion"},{"floor":30,"key":"Orichalcum"},{"floor":40,"key":"Bottled Lightning"},{"floor":42,"key":"Toy Ornithopter"},{"floor":43,"key":"Peace Pipe"},{"floor":45,"key":"Frozen Egg 2"},{"floor":47,"key":"Lizard Tail"}],"event_choices":[{"damage_healed":0,"gold_gain":0,"player_choice":"Upgraded","damage_taken":0,"max_hp_gain":0,"max_hp_loss":0,"event_name":"Upgrade Shrine","floor":3,"gold_loss":0,"cards_upgraded":["Streamline"]},{"damage_healed":0,"gold_gain":0,"player_choice":"Left Gold","damage_taken":0,"max_hp_gain":0,"max_hp_loss":0,"event_name":"World of Goop","floor":12,"gold_loss":35},{"damage_healed":0,"gold_gain":0,"player_choice":"Read","damage_taken":0,"max_hp_gain":0,"max_hp_loss":0,"event_name":"The Library","floor":19,"gold_loss":0,"cards_obtained":["Undo"]},{"cards_removed":["Strike_B"],"damage_healed":0,"gold_gain":0,"player_choice":"Purged","damage_taken":0,"max_hp_gain":0,"max_hp_loss":0,"event_name":"Purifier","floor":21,"gold_loss":0},{"damage_healed":0,"gold_gain":0,"player_choice":"Obtained Book","damage_taken":16,"max_hp_gain":0,"max_hp_loss":0,"event_name":"Cursed Tome","floor":29,"gold_loss":0},{"damage_healed":0,"gold_gain":0,"player_choice":"Upgraded","damage_taken":0,"max_hp_gain":0,"max_hp_loss":0,"event_name":"Upgrade Shrine","floor":37,"gold_loss":0,"cards_upgraded":["Loop"]},{"damage_healed":0,"gold_gain":0,"player_choice":"Fight","damage_taken":0,"max_hp_gain":0,"max_hp_loss":0,"event_name":"Mysterious Sphere","floor":47,"gold_loss":0},{"damage_healed":0,"gold_gain":0,"player_choice":"0 cards matched","damage_taken":0,"max_hp_gain":0,"max_hp_loss":0,"event_name":"Match and Keep!","floor":48,"gold_loss":0,"cards_obtained":[]}],"is_beta":false,"boss_relics":[{"not_picked":["Black Star","Philosopher\u0027s Stone"],"picked":"Empty Cage"},{"not_picked":["Busted Crown","SacredBark"],"picked":"Coffee Dripper"}],"items_purged_floors":[28],"is_endless":false,"potions_floor_spawned":[1,5,10,11,14,20,24,27,31,35,40,46],"ascension_level":5}}