{"host":"c59zqhrgluvxuu0k","time":1609104536,"event":{"mods":["BaseMod","Better Altar","Better Third Choice","BetterRewards","Colored Map","Colored Powertips","Curses Come First","Downfall","Duelist Mod","Friendly Minions","Hermit","Hubris","Minty Spire (QoL Compilation)","Replay The Spire","Shop Mod","Spicy Shops","StSLib","The Administrix","The Blackbeard","The Cursed","The Death Knight","The Dragon Tamer","The Druid","The Jungle","The Marked","The Runesmith","The Wild Card"],"gold_per_floor":[116,47,60,73,84,117,177,177,231,266,266,286,299,299,299,403,403,418,693,707,707,707,707,707,737,737,750,750,750,750,780,806,821,821,923,923,940,960,960,980,980,1006,1017,1046,1070,1103,1115,1115,1131,607,607,607,607,607,1,35,35],"floor_reached":58,"playtime":11246,"items_purged":["Regret"],"score":1422,"play_id":"78902219-30ca-499a-9882-0f4be405f966","local_time":"20201227142856","is_ascension_mode":false,"campfire_choices":[{"data":"theMarked:WardOff","floor":8,"key":"SMITH"},{"data":"theMarked:SoldierOfQuellstein","floor":15,"key":"SMITH"},{"floor":23,"key":"RECALL"},{"data":"theMarked:BindingBlade","floor":28,"key":"SMITH"},{"data":"theMarked:EnhancedHearing","floor":34,"key":"SMITH"},{"data":"theMarked:Generate","floor":48,"key":"SMITH"},{"data":"Metamorphosis","floor":51,"key":"SMITH"},{"floor":54,"key":"REST"}],"circlet_count":0,"master_deck":["theMarked:Strike+1","theMarked:Strike+1","theMarked:Strike+1","theMarked:Strike+1","theMarked:Strike+1","theMarked:Defend+1","theMarked:Defend+1","theMarked:Defend+1","theMarked:Defend+1","theMarked:SoldierOfQuellstein+1","expansioncontent:YouAreMine+1","theMarked:EnhancedHearing+1","theMarked:Overcharge+1","theMarked:BanishingStrike+1","theMarked:WardOff+1","theMarked:Polarize+1","theMarked:Opportunist+1","theMarked:HeritageOfTheMarked+1","theMarked:MysticalArsenal+1","theWildCard:Loki+1","theMarked:TurnInvisible+1","CurseOfTheBell","theMarked:TwofoldDefense+1","theMarked:EnhanceMovement+1","theMarked:BindingBlade+1","theMarked:SwordAndMagic+1","theMarked:Levitate+1","theMarked:FavorableWinds+1","theMarked:ParalyzingBlade+1","theMarked:WastefulAttack+1","Metamorphosis+1","theMarked:Aftermath+1","theMarked:Generate+1","theMarked:Snap"],"relics":["theMarked:ArtifactOfAir","Replay:Kaleidoscope","ReplayTheSpireMod:TigerMarble","Nunchaku","Kunai","hubris:Icosahedron","Calling Bell","Dream Catcher","Blue Candle","Durian","MutagenicStrength","Ancient Tea Set","Ginger","Orichalcum","Runic Pyramid","Mark of the Bloom","PreservedInsect","hubris:Metronome","hubris:SlimyHat","hubris:SphereOfDissonance","OrangePellets","hexamod:BolsterEngine","Medical Kit","Replay:Mystery Machine","theMarked:Winder","hubris:EmptyBottle","Replay:Rubber Ducky","hubris:BottledRain"],"acts_visited":["Exordium","TheCity","TheBeyond","TheEnding"],"potions_floor_usage":[6,10,16,18,31,31,33,38,43,46,57],"damage_taken":[{"damage":0,"enemies":"2 Louse","floor":1,"turns":3},{"damage":1,"enemies":"Small Slimes","floor":3,"turns":4},{"damage":0,"enemies":"Cultist","floor":4,"turns":3},{"damage":9,"enemies":"Looter","floor":5,"turns":4},{"damage":7,"enemies":"Lagavulin","floor":6,"turns":7},{"damage":23,"enemies":"3 Sentries","floor":7,"turns":11},{"damage":10,"enemies":"Gremlin Nob","floor":10,"turns":3},{"damage":0,"enemies":"Large Slime","floor":12,"turns":3},{"damage":0,"enemies":"3 Louse","floor":13,"turns":4},{"damage":0,"enemies":"Hexaghost","floor":16,"turns":6},{"damage":13,"enemies":"3 Byrds","floor":18,"turns":6},{"damage":0,"enemies":"Spheric Guardian","floor":20,"turns":4},{"damage":2,"enemies":"theDuelist:KaibaA2","floor":25,"turns":5},{"damage":0,"enemies":"Centurion and Healer","floor":27,"turns":4},{"damage":2,"enemies":"Book of Stabbing","floor":31,"turns":5},{"damage":0,"enemies":"Cultist and Chosen","floor":33,"turns":4},{"damage":4,"enemies":"Champ","floor":35,"turns":10},{"damage":6,"enemies":"Orb Walker","floor":37,"turns":5},{"damage":0,"enemies":"3 Shapes","floor":38,"turns":6},{"damage":0,"enemies":"Sphere and 2 Shapes","floor":40,"turns":5},{"damage":1,"enemies":"Nemesis","floor":42,"turns":5},{"damage":6,"enemies":"Writhing Mass","floor":43,"turns":5},{"damage":0,"enemies":"Giant Head","floor":44,"turns":6},{"damage":7,"enemies":"Nemesis","floor":46,"turns":5},{"damage":2,"enemies":"4 Shapes","floor":47,"turns":5},{"damage":13,"enemies":"Jaw Worm Horde","floor":49,"turns":4},{"damage":0,"enemies":"Replay:Hell Engine","floor":52,"turns":5},{"damage":0,"enemies":"Shield and Spear","floor":56,"turns":4},{"damage":0,"enemies":"The Heart","floor":57,"turns":7}],"seed_played":"-5438627745624713508","potions_obtained":[{"floor":4,"key":"AttackPotion"},{"floor":7,"key":"ColorlessPotion"},{"floor":10,"key":"PowerPotion"},{"floor":13,"key":"Fire Potion"},{"floor":16,"key":"Venom Potion"},{"floor":20,"key":"Swift Potion"},{"floor":25,"key":"GamblersBrew"},{"floor":31,"key":"DuplicationPotion"},{"floor":35,"key":"Cursed Concoction"},{"floor":37,"key":"Guardian:BlockOnCardUsePotion"},{"floor":38,"key":"BlessingOfTheForge"},{"floor":40,"key":"AttackPotion"},{"floor":43,"key":"Weak Potion"},{"floor":44,"key":"Swift Potion"},{"floor":56,"key":"ColorlessPotion"}],"is_trial":false,"path_per_floor":["M","$","M","M","M","E","?","R","T","E","?","M","M","?","R","B",null,"M","?","M","?","?","R","?","E","T","M","R","PTL","PTL","E","T","M","R","B",null,"M","M","?","M","?","E","M","E","T","E","M","R","M","$","R","B",null,"R","$","E","B",null],"character_chosen":"THE_DEFAULT","items_purchased":["theMarked:EnhancedHearing","OrangePellets","hexamod:BolsterEngine","Medical Kit","Replay:Mystery Machine","theMarked:Winder","hubris:EmptyBottle","Guardian:BlockOnCardUsePotion","Replay:Rubber Ducky"],"campfire_rested":1,"item_purchase_floors":[2,50,50,50,55,55,55,55,55],"current_hp_per_floor":[70,70,69,69,60,53,30,30,30,20,20,20,20,20,20,20,75,62,62,62,62,62,62,62,60,60,60,60,60,60,58,58,58,58,54,75,69,69,69,69,69,68,62,62,62,55,53,53,40,40,40,40,40,40,40,40,40],"gold":35,"neow_bonus":"RANDOM_COLORLESS","is_daily":false,"chose_seed":false,"campfire_upgraded":6,"win_rate":0.0,"timestamp":1609104536,"path_taken":["M","$","M","M","M","E","?","R","T","E","?","M","M","?","R","BOSS","M","?","?","?","?","R","?","E","T","M","R","PTL","PTL","E","?","M","R","BOSS","M","M","?","M","?","E","M","E","T","E","M","R","M","$","R","BOSS","R","$","E","BOSS"],"items_purchased_type":["Card","Relic","Relic","Relic","Relic","Relic","Relic","Potion","Relic"],"build_version":"2020-12-22","purchased_purges":1,"victory":true,"max_hp_per_floor":[70,70,70,70,70,70,70,70,70,70,70,70,70,70,70,70,75,75,75,75,75,75,75,75,75,75,75,75,75,75,75,75,75,75,75,75,75,75,75,75,75,75,75,75,75,75,75,75,75,75,75,75,75,75,75,75,75],"card_choices":[{"not_picked":["expansioncontent:HyperBeam","Finesse"],"picked":"expansioncontent:YouAreMine","floor":0},{"not_picked":["theMarked:Static","theMarked:WastefulAttack","theMarked:ElectricStrings"],"picked":"SKIP","floor":1},{"not_picked":["theMarked:Improvise","theMarked:SwordAndMagic"],"picked":"theMarked:Overcharge","floor":3},{"not_picked":["theMarked:WastefulDefense","theMarked:Improvise"],"picked":"theMarked:BanishingStrike","floor":4},{"not_picked":["theMarked:RepellingDischarge","theMarked:Static","theMarked:ResourceFulStrike"],"picked":"SKIP","floor":5},{"not_picked":["theMarked:Snap","theMarked:BanishingStrike"],"picked":"theMarked:WardOff","floor":6},{"not_picked":["theMarked:Electrocute","theMarked:Convert"],"picked":"theMarked:Polarize","floor":7},{"not_picked":["theMarked:WastefulAttack","theMarked:TunnelVision"],"picked":"theMarked:Opportunist","floor":10},{"not_picked":["theMarked:Improvise","theMarked:WastefulAttack"],"picked":"theMarked:HeritageOfTheMarked","floor":12},{"not_picked":["theMarked:ShockingTouch","theMarked:ChannelForce"],"picked":"theMarked:MysticalArsenal","floor":13},{"not_picked":["theMarked:DispelDoubt","theMarked:Snap"],"picked":"theMarked:TurnInvisible","floor":16},{"not_picked":["theMarked:ElectricStrings","theMarked:RepellingDischarge"],"picked":"theMarked:TwofoldDefense","floor":18},{"not_picked":["theMarked:ChainLightning","theMarked:GodGivenPower"],"picked":"theMarked:EnhanceMovement+1","floor":20},{"not_picked":["theMarked:Frustration","theMarked:Parkour+1"],"picked":"theMarked:SwordAndMagic","floor":25},{"not_picked":["theMarked:TunnelVision+1","theMarked:Improvise","theMarked:RepellingDischarge+1"],"picked":"SKIP","floor":27},{"not_picked":["theMarked:Static","theMarked:BanishingStrike","theMarked:HeightenedSenses"],"picked":"SKIP","floor":31},{"not_picked":["theMarked:BanishingStrike+1","theMarked:BanishingWave"],"picked":"theMarked:Levitate","floor":33},{"not_picked":["theMarked:BindingBlade","theMarked:Levitate"],"picked":"theMarked:FavorableWinds","floor":35},{"not_picked":["theMarked:Improvise","theMarked:BanishingStrike","theMarked:Static"],"picked":"SKIP","floor":37},{"not_picked":["theMarked:Aftermath","theMarked:ElectricStrings"],"picked":"theMarked:ParalyzingBlade+1","floor":38},{"not_picked":["theMarked:Electrocute","theMarked:DeterminationOfTheMarked"],"picked":"theMarked:WastefulAttack+1","floor":40},{"not_picked":["ReplayTheSpireMod:Brewmster","theDuelist:OrbMetronome"],"picked":"Metamorphosis","floor":41},{"not_picked":["theMarked:Frustration+1","theMarked:BanishingStrike","theMarked:ResourceFulStrike"],"picked":"SKIP","floor":42},{"not_picked":["theMarked:TwofoldDefense","theMarked:Parkour+1"],"picked":"theMarked:Aftermath+1","floor":43},{"not_picked":["theMarked:KeepCalmAndFightOn","theMarked:BanishingWave+1","theMarked:Aftermath+1"],"picked":"SKIP","floor":44},{"not_picked":["theMarked:Convert+1","theMarked:RepellingDischarge+1","theMarked:SwordAndMagic+1"],"picked":"SKIP","floor":46},{"not_picked":["theMarked:RepellingDischarge","theMarked:SelfDefenseTraining+1"],"picked":"theMarked:Generate","floor":47},{"not_picked":["theMarked:Electrocute+1","theMarked:SwordAndMagic+1","theMarked:DeterminationOfTheMarked+1"],"picked":"SKIP","floor":49},{"not_picked":["theMarked:LightningStrikesTwice","theMarked:Electrocute"],"picked":"theMarked:Snap","floor":54},{"not_picked":["theMarked:ChainLightning+1","theMarked:Frustration+1","theMarked:BanishingStrike"],"picked":"SKIP","floor":56}],"player_experience":2191418,"relics_obtained":[{"floor":6,"key":"Replay:Kaleidoscope"},{"floor":7,"key":"ReplayTheSpireMod:TigerMarble"},{"floor":9,"key":"Nunchaku"},{"floor":10,"key":"Kunai"},{"floor":17,"key":"Dream Catcher"},{"floor":17,"key":"Blue Candle"},{"floor":17,"key":"Durian"},{"floor":25,"key":"Ancient Tea Set"},{"floor":26,"key":"Ginger"},{"floor":31,"key":"Orichalcum"},{"floor":42,"key":"PreservedInsect"},{"floor":44,"key":"hubris:Metronome"},{"floor":45,"key":"hubris:SlimyHat"},{"floor":46,"key":"hubris:SphereOfDissonance"},{"floor":56,"key":"hubris:BottledRain"}],"event_choices":[{"damage_healed":0,"gold_gain":0,"player_choice":"Searched \u00272\u0027 times","damage_taken":0,"max_hp_gain":0,"max_hp_loss":0,"event_name":"Dead Adventurer","floor":7,"gold_loss":0},{"damage_healed":0,"gold_gain":275,"player_choice":"Desecrate","damage_taken":0,"max_hp_gain":0,"max_hp_loss":0,"event_name":"Golden Shrine","floor":19,"gold_loss":0,"cards_obtained":["Regret"]},{"damage_healed":0,"gold_gain":0,"player_choice":"Inject Mutagens","damage_taken":0,"relics_obtained":["MutagenicStrength"],"max_hp_gain":0,"max_hp_loss":0,"event_name":"Drug Dealer","floor":22,"gold_loss":0},{"damage_healed":0,"gold_gain":0,"player_choice":"Read","damage_taken":0,"max_hp_gain":0,"max_hp_loss":0,"event_name":"The Library","floor":24,"gold_loss":0,"cards_obtained":["theMarked:BindingBlade"]},{"damage_healed":0,"gold_gain":0,"player_choice":"Upgrade","damage_taken":0,"relics_obtained":["Mark of the Bloom"],"max_hp_gain":0,"max_hp_loss":0,"event_name":"MindBloom","floor":39,"gold_loss":0,"cards_upgraded":["theMarked:Strike","theMarked:Strike","theMarked:Strike","theMarked:Strike","theMarked:Strike","theMarked:Defend","theMarked:Defend","theMarked:Defend","theMarked:Defend","expansioncontent:YouAreMine","theMarked:Overcharge","theMarked:BanishingStrike","theMarked:Polarize","theMarked:Opportunist","theMarked:HeritageOfTheMarked","theMarked:MysticalArsenal","theMarked:TurnInvisible","theMarked:TwofoldDefense","theMarked:SwordAndMagic","theMarked:Levitate","theMarked:FavorableWinds"]},{"damage_healed":0,"gold_gain":0,"player_choice":"Memory 1","damage_taken":0,"max_hp_gain":0,"max_hp_loss":0,"event_name":"SensoryStone","floor":41,"gold_loss":0}],"is_beta":false,"boss_relics":[{"not_picked":["ChewingGum","Replay:Bronze Core"],"picked":"Calling Bell"},{"not_picked":["hubris:CrackedHourglass","Replay:Wanted Poster"],"picked":"Runic Pyramid"}],"items_purged_floors":[50],"is_endless":false,"potions_floor_spawned":[4,7,10,13,16,20,25,31,35,37,38,40,43,44,56],"ascension_level":0}}