{"host":"lmmgqfiugkm2e64w","time":1609070768,"event":{"mods":["Aspiration","BaseMod","BetterRewards","Challenge The Spire","Conspire","Downfall","Friendly Minions","Marisa£¨ìFÓê¡¡Ä§ÀíÉ³£©","Minty Spire (QoL Compilation)","MostiFishMod","Quick Restart","Remilia£¨ÀÙÃ×ÀòÑÇ£©","Replay The Spire","RumiaBox-Â¶Ã×æ«µÄÉñÃØºÐ×Ó","Shop Mod","StSLib","Td1madao Mod","TestMod","The Servant 0.9.4","Youmu£¨»êÆÇÑýÃÎ£©","Yuyuko","[IsaacMod]ÒÔÈö¼âËþ","vexMod","¡¾ÒÅÎï¿¨ÅÆ¡¿REMEMod","óô»ðÖ¸ÄÏ"],"gold_per_floor":[199,217,317,343,70,118,118,293,318,382,416,440,496,521,570,712,712,712],"floor_reached":16,"playtime":713,"items_purged":[],"score":107,"play_id":"ebffad70-1704-450d-9383-d5296497cb35","local_time":"20201227200608","is_ascension_mode":true,"campfire_choices":[{"floor":1,"key":"RECALL"}],"circlet_count":0,"master_deck":["Slimebound:Strike_Slimebound","Slimebound:Strike_Slimebound","Slimebound:Strike_Slimebound","Slimebound:Tackle","Slimebound:Defend_Slimebound","Slimebound:Defend_Slimebound","Slimebound:Defend_Slimebound","Slimebound:Defend_Slimebound","Slimebound:Split","Slimebound:CorrosiveSpit","DoctorFetus","Noxious Fumes","Slimebound:RainOfGoop","Slimebound:SplitMire","Slimebound:SplitAcid","Slimebound:LivingWall","Doubt","Slimebound:SpikyOuterGoop","Slimebound:Nibble","Slimebound:LevelUp","Slimebound:SplitLeeching"],"relics":["Slimebound:AbsorbEndCombat","DaveBox","testmod-TestBox","HushsDoor","REME_ComplimentaryCards","SalivaCoin","SentryEyes","Bag of Preparation","MerchantsRug","aspiration:HiddenCompartment"],"acts_visited":["Exordium"],"potions_floor_usage":[16,16,16,16,16],"damage_taken":[{"damage":6,"enemies":"Jaw Worm","floor":2,"turns":2},{"damage":4,"enemies":"Small Slimes","floor":4,"turns":2},{"damage":11,"enemies":"downfall:FleeingMerchant","floor":5,"turns":4},{"damage":26,"enemies":"downfall:FleeingMerchant","floor":6,"turns":4},{"damage":11,"enemies":"Cultist","floor":11,"turns":2},{"damage":12,"enemies":"Red Slaver","floor":12,"turns":3},{"damage":13,"enemies":"Replay:BlueRogue","floor":13,"turns":4},{"damage":4,"enemies":"3 Louse","floor":14,"turns":1},{"damage":22,"enemies":"Large Slime","floor":15,"turns":3},{"damage":65,"enemies":"downfall:Defect","floor":16,"turns":5}],"seed_played":"-4570191650786932275","potions_obtained":[{"floor":4,"key":"SpeedPotion"},{"floor":12,"key":"Elixir"},{"floor":13,"key":"REME_GoldPotion"},{"floor":14,"key":"EntropicBrew"}],"is_trial":false,"path_per_floor":["R","M","?","M","$","$","T","?","T","R","M","M","E","M","M","B"],"character_chosen":"SLIMEBOUND","items_purchased":["Bag of Preparation","MerchantsRug"],"campfire_rested":0,"item_purchase_floors":[5,5],"current_hp_per_floor":[60,54,54,54,60,54,54,54,54,54,55,47,54,54,56,0,0,0],"gold":712,"neow_bonus":"HUNDRED_GOLD","is_daily":false,"chose_seed":false,"campfire_upgraded":0,"win_rate":0.0,"timestamp":1609070768,"path_taken":["R","M","?","?","?","$","T","?","?","R","M","M","E","M","M","BOSS"],"items_purchased_type":["Relic","Relic"],"build_version":"2020-12-22","purchased_purges":0,"victory":false,"max_hp_per_floor":[60,60,60,60,60,60,60,60,60,60,60,60,60,60,60,60,60,60],"card_choices":[{"not_picked":[],"picked":"DoctorFetus","floor":0},{"not_picked":["Slimebound:LeechingTouch","Slimebound:ForwardTackle"],"picked":"Slimebound:RainOfGoop","floor":2},{"not_picked":["Slimebound:SamplingLick","Slimebound:RallyTheTroops"],"picked":"Slimebound:SplitMire","floor":4},{"not_picked":["Bomb","Slimebound:Schlurp"],"picked":"Slimebound:SplitAcid","floor":5},{"not_picked":["Slimebound:SplitBruiser","Slimebound:SlimeBrawl"],"picked":"Slimebound:LivingWall","floor":6},{"not_picked":["Slimebound:ComboTackle","Slimebound:SplitAcid"],"picked":"Slimebound:SpikyOuterGoop","floor":11},{"not_picked":["Slimebound:Equalize","Bomb"],"picked":"Slimebound:Nibble","floor":12},{"not_picked":["Slimebound:SplitBruiser","Slimebound:ProtectTheBoss"],"picked":"Slimebound:LevelUp","floor":13},{"not_picked":["Slimebound:GrowthPunch","Slimebound:RollThrough"],"picked":"Slimebound:SplitLeeching","floor":14},{"not_picked":["Slimebound:DouseInSlime","Slimebound:TongueLash","Slimebound:RollThrough"],"picked":"SKIP","floor":15}],"player_experience":560075,"relics_obtained":[{"floor":9,"key":"TheBible"},{"floor":13,"key":"aspiration:HiddenCompartment"}],"event_choices":[],"is_beta":false,"boss_relics":[],"items_purged_floors":[],"is_endless":false,"potions_floor_spawned":[4,12,13,14,15],"killed_by":"downfall:Defect","ascension_level":1}}