{"host":"24b6s3brhctmowir","time":1609083840,"event":{"mods":["AchievementEnabler","BaseMod","Minty Spire (QoL Compilation)"],"gold_per_floor":[110,60,75,95,109,109,142,152,232,249,249,282,297,297,297,392,392,410,422,133,133,144,144,144,173,224,224,224,224,241,260,260,358,408,422,422,422,473,520,134,162,162,162,181,215,233,11,22,22,22],"floor_reached":51,"playtime":7259,"items_purged":["Strike_R","Strike_R"],"score":806,"play_id":"38d323e0-b8a7-4cb3-a41f-6378a8a1248a","local_time":"20201228004400","is_ascension_mode":true,"campfire_choices":[{"data":"Uppercut","floor":6.0,"key":"SMITH"},{"data":"Wild Strike","floor":15.0,"key":"SMITH"},{"floor":23.0,"key":"REST"},{"data":"Fire Breathing","floor":28.0,"key":"SMITH"},{"data":"Spot Weakness","floor":32,"key":"SMITH"},{"floor":42,"key":"REST"},{"data":"Seeing Red","floor":49,"key":"SMITH"}],"circlet_count":0,"master_deck":["Strike_R","Strike_R+1","Defend_R","Defend_R","Defend_R","Defend_R","Uppercut+1","Wild Strike+1","Shrug It Off","Carnage","Twin Strike","Fire Breathing+1","Seeing Red+1","Feed","Shrug It Off","Shockwave","Spot Weakness+1","Cleave","Pommel Strike+1","Headbutt+1","Power Through","Impervious","Iron Wave+1","Warcry+1","Master of Strategy","Uppercut+1"],"relics":["Burning Blood","Red Skull","Mummified Hand","Bird Faced Urn","Bag of Marbles","Mark of Pain","Eternal Feather","Bottled Tornado","Omamori","Tiny House","Strawberry","FossilizedHelix","Lizard Tail","Self Forming Clay","The Courier","Pen Nib"],"acts_visited":["Exordium","TheCity","TheBeyond"],"potions_floor_usage":[39,41,45,45,48,50],"damage_taken":[{"damage":12.0,"enemies":"Small Slimes","floor":1.0,"turns":3.0},{"damage":7.0,"enemies":"Jaw Worm","floor":3.0,"turns":3.0},{"damage":2.0,"enemies":"2 Louse","floor":4.0,"turns":3.0},{"damage":13.0,"enemies":"Exordium Wildlife","floor":5.0,"turns":6.0},{"damage":24.0,"enemies":"Gremlin Nob","floor":7.0,"turns":4.0},{"damage":8.0,"enemies":"3 Louse","floor":8.0,"turns":2.0},{"damage":4.0,"enemies":"Blue Slaver","floor":10.0,"turns":2.0},{"damage":11.0,"enemies":"Lagavulin","floor":12.0,"turns":4.0},{"damage":9.0,"enemies":"Exordium Wildlife","floor":13.0,"turns":4.0},{"damage":56.0,"enemies":"The Guardian","floor":16.0,"turns":13.0},{"damage":12.0,"enemies":"2 Thieves","floor":18.0,"turns":3.0},{"damage":27.0,"enemies":"Spheric Guardian","floor":19.0,"turns":4.0},{"damage":37.0,"enemies":"Chosen and Byrds","floor":22.0,"turns":7.0},{"damage":17.0,"enemies":"Book of Stabbing","floor":25.0,"turns":4.0},{"damage":13.0,"enemies":"Snecko","floor":30.0,"turns":4.0},{"damage":13.0,"enemies":"Snake Plant","floor":31.0,"turns":3.0},{"damage":79,"enemies":"Collector","floor":33,"turns":8},{"damage":10,"enemies":"3 Shapes","floor":35,"turns":3},{"damage":47,"enemies":"2 Orb Walkers","floor":39,"turns":5},{"damage":42,"enemies":"Reptomancer","floor":41,"turns":8},{"damage":0,"enemies":"Orb Walker","floor":44,"turns":2},{"damage":23,"enemies":"Nemesis","floor":45,"turns":9},{"damage":0,"enemies":"4 Shapes","floor":46,"turns":4},{"damage":8,"enemies":"Jaw Worm Horde","floor":48,"turns":4},{"damage":110,"enemies":"Awakened One","floor":50,"turns":16}],"seed_played":"-3278270086874464142","potions_obtained":[{"floor":5.0,"key":"FearPotion"},{"floor":8.0,"key":"DuplicationPotion"},{"floor":10.0,"key":"Weak Potion"},{"floor":12.0,"key":"Fruit Juice"},{"floor":13.0,"key":"Swift Potion"},{"floor":19.0,"key":"SkillPotion"},{"floor":31.0,"key":"Strength Potion"},{"floor":33,"key":"SneckoOil"},{"floor":34,"key":"ColorlessPotion"},{"floor":35,"key":"SpeedPotion"},{"floor":41,"key":"Fire Potion"},{"floor":45,"key":"SpeedPotion"},{"floor":46,"key":"Fire Potion"}],"is_trial":false,"path_per_floor":["M","?","M","M","M","R","E","M","T","M","?","E","M","?","R","B",null,"M","M","$","?","M","R","?","E","T","?","R","?","M","M","R","B",null,"M","?","?","T","?","$","E","R","T","M","E","M","$","M","R","B",null],"character_chosen":"IRONCLAD","items_purchased":["Spot Weakness","Eternal Feather","Lizard Tail","Master of Strategy"],"campfire_rested":2,"item_purchase_floors":[20,20,40,47],"current_hp_per_floor":[82,82,81,85,78,78,60,58,58,60,57,59,58,58,58,10,93,92,73,73,54,25,67,100,94,94,94,104,104,97,92,104,31,109,108,108,108,115,79,79,45,93,93,101,89,97,97,97,112,10],"gold":22,"neow_bonus":"TEN_PERCENT_HP_BONUS","is_daily":false,"chose_seed":false,"campfire_upgraded":5,"win_rate":0.0,"timestamp":1609083840,"path_taken":["M","?","M","M","M","R","E","M","T","M","?","E","M","?","R","BOSS","M","M","$","?","M","R","?","E","T","?","R","?","M","M","R","BOSS","M","?","?","?","?","$","E","R","T","?","E","M","$","?","R","BOSS"],"items_purchased_type":["Card","Relic","Relic","Card"],"build_version":"2020-12-22","purchased_purges":2,"victory":true,"max_hp_per_floor":[88,88,88,88,88,88,88,88,88,88,88,93,93,93,93,93,93,96,96,96,101,101,101,101,104,104,104,104,104,104,104,104,104,109,112,112,112,119,122,122,122,122,122,122,125,125,125,125,125,125],"card_choices":[{"not_picked":["Havoc","Clash","Bloodletting"],"picked":"SKIP","floor":1.0},{"not_picked":["Perfected Strike","Flame Barrier"],"picked":"Uppercut","floor":3.0},{"not_picked":["Flex","Sword Boomerang"],"picked":"Wild Strike","floor":4.0},{"not_picked":["Disarm","Seeing Red"],"picked":"Shrug It Off","floor":5.0},{"not_picked":["Heavy Blade","Clash"],"picked":"Carnage","floor":7.0},{"not_picked":["Burning Pact","Carnage"],"picked":"Twin Strike","floor":8.0},{"not_picked":["Brutality","Thunderclap"],"picked":"Fire Breathing","floor":10.0},{"not_picked":["Pummel","Twin Strike"],"picked":"Seeing Red","floor":12.0},{"not_picked":["True Grit","Clothesline","Wild Strike"],"picked":"SKIP","floor":13.0},{"not_picked":["Barricade","Fiend Fire"],"picked":"Feed","floor":16.0},{"not_picked":["Warcry","Pommel Strike+1"],"picked":"Shrug It Off","floor":18.0},{"not_picked":["Thunderclap","Body Slam"],"picked":"Shockwave","floor":19.0},{"not_picked":["Fire Breathing+1","Sever Soul"],"picked":"Cleave","floor":22.0},{"not_picked":["Inflame","Cleave"],"picked":"Pommel Strike+1","floor":25.0},{"not_picked":["Body Slam","Iron Wave"],"picked":"Headbutt+1","floor":30.0},{"not_picked":["Warcry","Body Slam","Anger"],"picked":"SKIP","floor":31.0},{"not_picked":["Infernal Blade","Perfected Strike+1"],"picked":"Power Through","floor":34},{"not_picked":["Clash","Second Wind","Body Slam+1"],"picked":"SKIP","floor":35},{"not_picked":["Rupture","Iron Wave"],"picked":"Impervious","floor":41},{"not_picked":["Heavy Blade","Intimidate+1"],"picked":"Iron Wave+1","floor":44},{"not_picked":["Thunderclap","Pommel Strike","Exhume"],"picked":"SKIP","floor":45},{"not_picked":["Pommel Strike+1","Cleave+1"],"picked":"Warcry+1","floor":46},{"not_picked":["Dropkick","Cleave"],"picked":"Uppercut+1","floor":48}],"player_experience":167432,"relics_obtained":[{"floor":7.0,"key":"Red Skull"},{"floor":9.0,"key":"Mummified Hand"},{"floor":12.0,"key":"Bag of Marbles"},{"floor":25.0,"key":"Bottled Tornado"},{"floor":26.0,"key":"Omamori"},{"floor":38,"key":"Strawberry"},{"floor":39,"key":"FossilizedHelix"},{"floor":41,"key":"Self Forming Clay"},{"floor":43,"key":"The Courier"},{"floor":45,"key":"Pen Nib"}],"event_choices":[{"cards_removed":["Strike_R"],"damage_healed":0.0,"max_hp_gain":0.0,"max_hp_loss":0.0,"gold_gain":0.0,"event_name":"The Cleric","player_choice":"Card Removal","floor":2.0,"gold_loss":50.0,"damage_taken":0.0},{"damage_healed":0.0,"max_hp_gain":0.0,"max_hp_loss":0.0,"gold_gain":0.0,"event_name":"Scrap Ooze","player_choice":"Success","floor":11.0,"gold_loss":0.0,"damage_taken":3.0,"relics_obtained":["Bird Faced Urn"]},{"damage_healed":0.0,"max_hp_gain":0.0,"max_hp_loss":0.0,"gold_gain":0.0,"event_name":"Golden Idol","player_choice":"Ignored","floor":14.0,"gold_loss":0.0,"damage_taken":0.0},{"damage_healed":0.0,"max_hp_gain":5.0,"max_hp_loss":0.0,"gold_gain":0.0,"event_name":"Forgotten Altar","player_choice":"Shed Blood","floor":21.0,"gold_loss":0.0,"damage_taken":24.0},{"damage_healed":33.0,"max_hp_gain":0.0,"max_hp_loss":0.0,"gold_gain":0.0,"event_name":"The Library","player_choice":"Heal","floor":24.0,"gold_loss":0.0,"damage_taken":0.0},{"damage_healed":0.0,"max_hp_gain":0.0,"max_hp_loss":0.0,"gold_gain":0.0,"event_name":"Ghosts","player_choice":"Ignored","floor":27.0,"gold_loss":0.0,"damage_taken":0.0},{"damage_healed":0.0,"max_hp_gain":0.0,"max_hp_loss":0.0,"gold_gain":0.0,"event_name":"Vampires","player_choice":"Ignored","floor":29.0,"gold_loss":0.0,"damage_taken":0.0},{"cards_removed":["Bash"],"damage_healed":0,"gold_gain":0,"player_choice":"Removed Attack","damage_taken":0,"max_hp_gain":0,"max_hp_loss":0,"event_name":"Falling","floor":36,"gold_loss":0},{"damage_healed":0,"gold_gain":0,"player_choice":"Ignored","damage_taken":0,"max_hp_gain":0,"max_hp_loss":0,"event_name":"Tomb of Lord Red Mask","floor":37,"gold_loss":0},{"damage_healed":0,"gold_gain":0,"player_choice":"Fight","damage_taken":0,"max_hp_gain":0,"max_hp_loss":0,"event_name":"Mysterious Sphere","floor":39,"gold_loss":0}],"is_beta":false,"boss_relics":[{"not_picked":["Black Blood","Cursed Key"],"picked":"Mark of Pain"},{"not_picked":["Pandora\u0027s Box","Runic Pyramid"],"picked":"Tiny House"}],"items_purged_floors":[40,47],"is_endless":false,"potions_floor_spawned":[5,8,10,12,13,19,31,33,35,41,45,46],"ascension_level":2}}