{"host":"iml8x8es9od4zowg","time":1609076671,"event":{"mods":["BaseMod","Minty Spire (QoL Compilation)","StSLib","The Jungle","¡¼?Úª?ø«¡½REMEMod"],"gold_per_floor":[362,362,362,382,393,422,441,473,473,493,493,568,594,617,617,713,713,737,746,772,91,108,146,146,166,466,476,497,497,59,69,69,178,178,193,218,242,242,242,242,277,296,320,329,356,380,380,70,70,70,70,70,51,119,119],"floor_reached":56,"playtime":5137,"items_purged":["Pain","Defend_B","Defend_B"],"score":1420,"play_id":"d62dc823-2e94-4ad4-9d9f-75519ea79a52","local_time":"20201227224431","is_ascension_mode":true,"campfire_choices":[{"floor":11,"key":"REST"},{"floor":15,"key":"REST"},{"floor":24,"key":"REST"},{"floor":29,"key":"REST"},{"floor":32,"key":"REST"},{"floor":40,"key":"REST"},{"floor":44,"key":"REST"},{"floor":47,"key":"RECALL"},{"data":"Apotheosis","floor":49,"key":"SMITH"},{"data":"REME_FirmDetermination","floor":52,"key":"SMITH"}],"circlet_count":0,"master_deck":["Strike_B","Strike_B+1","Strike_B","Defend_B+1","Defend_B","Zap","Good Instincts","Go for the Eyes","Conserve Battery","Ball Lightning","Skim","Buffer","Capacitor","Conserve Battery","Hologram","Turbo","Thunder Strike","White Noise","Good Instincts+1","REME_ProfessionalPlagiarism","Static Discharge","REME_BattleFury","Turbo","Transmutation","Creative AI","REME_BattleFury","Madness","Force Field+1","REME_FirmDetermination+1","Apotheosis+1","Secret Technique","REME_MagicPocketWatch","Flash of Steel+1","Seek","Double Energy","Enlightenment","Double Energy","White Noise+1"],"relics":["Cracked Core","REME_ComplimentaryCards","The Courier","Question Card","Letter Opener","Odd Mushroom","REME_LowDesire","Happy Flower","CeramicFish","WarpedTongs","Medical Kit","Emotion Chip","Omamori","Turnip","Old Coin","Toolbox","Lantern","MealTicket","Calling Bell","Bag of Preparation","Kunai","Lizard Tail","PreservedInsect","Dream Catcher","Bird Faced Urn"],"acts_visited":["Exordium","Exordium","TheBeyond","TheEnding"],"potions_floor_usage":[6,13,14,14,27,31,36,42,54,55],"damage_taken":[{"damage":2,"enemies":"Small Slimes","floor":1,"turns":3},{"damage":0,"enemies":"Jaw Worm","floor":4,"turns":2},{"damage":0,"enemies":"Cultist","floor":5,"turns":4},{"damage":13,"enemies":"Gremlin Nob","floor":6,"turns":4},{"damage":0,"enemies":"Large Slime","floor":7,"turns":5},{"damage":4,"enemies":"Lagavulin","floor":8,"turns":7},{"damage":1,"enemies":"Blue Slaver","floor":10,"turns":4},{"damage":23,"enemies":"Gremlin Nob","floor":13,"turns":5},{"damage":0,"enemies":"The Mushroom Lair","floor":14,"turns":4},{"damage":19,"enemies":"The Guardian","floor":16,"turns":11},{"damage":13,"enemies":"theJungle:MUSHROOMGANG","floor":18,"turns":5},{"damage":18,"enemies":"theJungle:5_Spyders","floor":20,"turns":11},{"damage":0,"enemies":"theJungle:SlimyTreeVines","floor":22,"turns":8},{"damage":23,"enemies":"theJungle:2_Phrogs","floor":23,"turns":6},{"damage":27,"enemies":"theJungle:2_Snecko_Cultists","floor":25,"turns":5},{"damage":3,"enemies":"theJungle:Snecko_Cultist_And_Trap","floor":27,"turns":4},{"damage":0,"enemies":"theJungle:SlimyTreeVines","floor":28,"turns":6},{"damage":0,"enemies":"theJungle:Lyon","floor":31,"turns":5},{"damage":19,"enemies":"theJungle:FunGuy","floor":33,"turns":7},{"damage":7,"enemies":"Orb Walker","floor":35,"turns":4},{"damage":3,"enemies":"3 Shapes","floor":36,"turns":4},{"damage":23,"enemies":"3 Darklings","floor":37,"turns":6},{"damage":0,"enemies":"Reptomancer","floor":41,"turns":6},{"damage":14,"enemies":"Writhing Mass","floor":42,"turns":7},{"damage":0,"enemies":"Transient","floor":46,"turns":6},{"damage":0,"enemies":"Donu and Deca","floor":50,"turns":1},{"damage":0,"enemies":"Shield and Spear","floor":54,"turns":4},{"damage":59,"enemies":"The Heart","floor":55,"turns":11}],"seed_played":"-8756947987767807600","potions_obtained":[{"floor":1,"key":"PowerPotion"},{"floor":8,"key":"EssenceOfDarkness"},{"floor":10,"key":"EssenceOfSteel"},{"floor":13,"key":"AttackPotion"},{"floor":23,"key":"EssenceOfSteel"},{"floor":25,"key":"Explosive Potion"},{"floor":28,"key":"FairyPotion"},{"floor":31,"key":"EssenceOfSteel"},{"floor":33,"key":"ColorlessPotion"},{"floor":36,"key":"Energy Potion"},{"floor":46,"key":"ColorlessPotion"}],"is_trial":false,"path_per_floor":["M","?","?","M","M","E","M","E","T","M","R","?","E","?","R","B",null,"M","?","M","$","M","E","R","M","T","M","M","R","$","M","R","B",null,"M","M","M","?","?","R","E","M","T","R","?","M","R","$","R","B",null,"R","$","E","B",null],"character_chosen":"DEFECT","items_purchased":["Medical Kit","REME_ProfessionalPlagiarism","Static Discharge","Emotion Chip","Omamori","Toolbox","Lantern","MealTicket","Seek","Double Energy","Enlightenment","Double Energy"],"campfire_rested":7,"item_purchase_floors":[21,21,21,21,21,30,30,30,48,48,48,53],"current_hp_per_floor":[66,52,52,52,52,39,39,35,35,34,54,43,20,20,40,21,68,55,55,37,37,43,20,40,13,13,10,16,36,36,36,56,37,68,61,58,35,35,35,55,55,41,41,61,51,51,51,66,66,66,68,68,68,68,22],"gold":119,"neow_bonus":"TWO_FIFTY_GOLD","is_daily":false,"chose_seed":false,"campfire_upgraded":2,"win_rate":0.0,"timestamp":1609076671,"path_taken":["M","?","?","M","M","E","?","E","T","M","R","?","E","?","R","BOSS","M","?","M","$","M","E","R","M","T","M","?","R","$","M","R","BOSS","M","M","M","?","?","R","E","M","T","R","?","M","R","?","R","BOSS","R","$","E","BOSS"],"items_purchased_type":["Relic","Card","Card","Relic","Relic","Relic","Relic","Relic","Card","Card","Card","Card"],"build_version":"2020-12-22","purchased_purges":3,"victory":true,"max_hp_per_floor":[68,68,68,68,68,68,68,68,68,68,68,68,68,68,68,68,68,68,68,68,68,68,68,68,68,68,68,68,68,68,68,68,68,68,68,68,68,68,68,68,68,68,68,68,68,68,68,68,68,68,68,68,68,68,68],"card_choices":[{"not_picked":["Steam","Gash"],"picked":"Go for the Eyes","floor":1},{"not_picked":["Cold Snap","Steam"],"picked":"Conserve Battery","floor":4},{"not_picked":["Coolheaded","REME_Whirling"],"picked":"Ball Lightning","floor":5},{"not_picked":["Genetic Algorithm","Hologram"],"picked":"Skim","floor":6},{"not_picked":["Glacier","REME_DataAnalysis"],"picked":"Buffer","floor":7},{"not_picked":["Steam","Beam Cell"],"picked":"Capacitor","floor":8},{"not_picked":["Cold Snap","Beam Cell","Coolheaded"],"picked":"Conserve Battery","floor":10},{"not_picked":["Leap","Reinforced Body","Coolheaded"],"picked":"Hologram","floor":13},{"not_picked":["Beam Cell","Go for the Eyes","Tempest"],"picked":"Turbo","floor":14},{"not_picked":["Biased Cognition","REME_ForAll","Machine Learning"],"picked":"Thunder Strike","floor":16},{"not_picked":["Capacitor","Redo","Rebound","Purity"],"picked":"White Noise","floor":18},{"not_picked":["Steam+1","Fusion","Hologram","Coolheaded"],"picked":"Good Instincts+1","floor":20},{"not_picked":["Cold Snap","Go for the Eyes","Compile Driver","Coolheaded+1","PanicButton"],"picked":"SKIP","floor":22},{"not_picked":["Streamline","Melter","Steam","REME_Shoggoth"],"picked":"REME_BattleFury","floor":23},{"not_picked":["Rebound+1","Compile Driver+1","Blizzard","Panache"],"picked":"Turbo","floor":25},{"not_picked":["Cold Snap+1","Hologram","Go for the Eyes+1","Barrage","Bandage Up"],"picked":"SKIP","floor":27},{"not_picked":["Redo","Go for the Eyes","Hologram","Ball Lightning"],"picked":"Transmutation","floor":28},{"not_picked":["Genetic Algorithm","Hologram","Streamline","Beam Cell","Violence"],"picked":"SKIP","floor":31},{"not_picked":["All For One","Rainbow","Fission","Forethought"],"picked":"Creative AI","floor":33},{"not_picked":["Gash","Hello World","Hologram+1","REME_Whirling","Metamorphosis"],"picked":"SKIP","floor":35},{"not_picked":["Turbo+1","Reinforced Body+1","Stack","Biased Cognition"],"picked":"REME_BattleFury","floor":36},{"not_picked":["Fusion","Barrage+1","Static Discharge+1","Hologram+1"],"picked":"Madness","floor":37},{"not_picked":["Rip and Tear","Turbo","Compile Driver","Cold Snap+1","Sadistic Nature"],"picked":"SKIP","floor":41},{"not_picked":["Gash+1","Stack+1","Rebound","REME_BuildACard"],"picked":"Force Field+1","floor":42},{"not_picked":["Coolheaded+1","Gash","Ball Lightning+1","Chill"],"picked":"REME_FirmDetermination","floor":44},{"not_picked":["Trip","REME_BattleFury","Blind"],"picked":"Apotheosis","floor":45},{"not_picked":["Jack Of All Trades","Violence","Deep Breath"],"picked":"Secret Technique","floor":45},{"not_picked":["Enlightenment","Deep Breath","Impatience"],"picked":"REME_MagicPocketWatch","floor":45},{"not_picked":["Beam Cell+1","Recycle","Ball Lightning","Stack+1"],"picked":"Flash of Steel+1","floor":46},{"not_picked":["Beam Cell","Conserve Battery+1","Rainbow","Apotheosis"],"picked":"White Noise+1","floor":54}],"player_experience":486547,"relics_obtained":[{"floor":6,"key":"The Courier"},{"floor":8,"key":"Question Card"},{"floor":13,"key":"Letter Opener"},{"floor":14,"key":"Odd Mushroom"},{"floor":17,"key":"Happy Flower"},{"floor":17,"key":"CeramicFish"},{"floor":23,"key":"Turnip"},{"floor":26,"key":"Old Coin"},{"floor":34,"key":"Bag of Preparation"},{"floor":34,"key":"Kunai"},{"floor":34,"key":"Lizard Tail"},{"floor":41,"key":"PreservedInsect"},{"floor":43,"key":"Dream Catcher"},{"floor":54,"key":"Bird Faced Urn"}],"event_choices":[{"damage_healed":0,"gold_gain":0,"player_choice":"Entered Light","damage_taken":14,"max_hp_gain":0,"max_hp_loss":0,"event_name":"Shining Light","floor":2,"gold_loss":0,"cards_upgraded":["Strike_B","Defend_B"]},{"cards_removed":["Strike_B"],"damage_healed":0,"gold_gain":0,"player_choice":"Card Removal","damage_taken":0,"max_hp_gain":0,"max_hp_loss":0,"event_name":"Wheel of Change","floor":3,"gold_loss":0},{"damage_healed":0,"gold_gain":75,"player_choice":"Gather Gold","damage_taken":11,"max_hp_gain":0,"max_hp_loss":0,"event_name":"World of Goop","floor":12,"gold_loss":0},{"damage_healed":0,"gold_gain":0,"player_choice":"Fought Mushrooms","damage_taken":0,"max_hp_gain":0,"max_hp_loss":0,"event_name":"Mushrooms","floor":14,"gold_loss":0},{"damage_healed":0,"gold_gain":0,"player_choice":"Rummage","damage_taken":0,"relics_obtained":["WarpedTongs"],"max_hp_gain":0,"max_hp_loss":0,"event_name":"Accursed Blacksmith","floor":19,"gold_loss":0,"cards_obtained":["Pain"]},{"damage_healed":0,"gold_gain":0,"player_choice":"Ignored","damage_taken":0,"max_hp_gain":0,"max_hp_loss":0,"event_name":"Tomb of Lord Red Mask","floor":38,"gold_loss":0},{"cards_removed":["Dualcast"],"damage_healed":0,"gold_gain":0,"player_choice":"Removed Skill","damage_taken":0,"max_hp_gain":0,"max_hp_loss":0,"event_name":"Falling","floor":39,"gold_loss":0},{"damage_healed":0,"gold_gain":0,"player_choice":"Memory 3","damage_taken":10,"max_hp_gain":0,"max_hp_loss":0,"event_name":"SensoryStone","floor":45,"gold_loss":0}],"is_beta":false,"boss_relics":[{"not_picked":["SacredBark","Astrolabe"],"picked":"REME_LowDesire"},{"not_picked":["Runic Pyramid","Runic Dome"],"picked":"Calling Bell"}],"items_purged_floors":[21,30,48],"is_endless":false,"potions_floor_spawned":[1,8,10,13,23,25,28,31,33,36,37,46],"ascension_level":1}}