{"host":"p084pgp93u1tv48k","time":1609033172,"event":{"mods":["A Magickal Journey","AchievementEnabler","BaseMod","Bestiary","CatGirl Mod","Colored Map","Ekko","Hermit","Marisa????????","Minty Spire (QoL Compilation)","Quick Restart","StSLib","The Senshi","The Servant 0.9.4","TheWitcher"],"gold_per_floor":[118,132,145,161,177,177,206,206,206,226,236,124,124,151,151,151,151],"floor_reached":16,"playtime":802,"items_purged":["hermit:Defend_Hermit"],"score":114,"play_id":"e5beb131-6c7b-4551-a994-01a5be0243ca","local_time":"20201226210932","is_ascension_mode":false,"campfire_choices":[{"data":"hermit:PistolWhip","floor":6,"key":"SMITH"},{"data":"hermit:HoleUp","floor":8,"key":"SMITH"},{"data":"hermit:Deadeye","floor":13,"key":"SMITH"},{"data":"hermit:Dive","floor":15,"key":"SMITH"}],"circlet_count":0,"master_deck":["hermit:Strike_Hermit","hermit:Strike_Hermit","hermit:Strike_Hermit","hermit:Strike_Hermit","hermit:Defend_Hermit","hermit:Defend_Hermit","hermit:Defend_Hermit","hermit:Snapshot","hermit:Covet","hermit:PistolWhip+1","hermit:HoleUp+1","hermit:Virtue","hermit:Desperado","hermit:LowProfile","hermit:Deadeye+1","hermit:Dive+1"],"relics":["hermit:Momento","NeowsBlessing","Bag of Marbles","Bottled Flame","Blood Vial"],"acts_visited":["Exordium"],"potions_floor_usage":[7,16,16],"damage_taken":[{"damage":0,"enemies":"2 Louse","floor":1,"turns":1},{"damage":0,"enemies":"Jaw Worm","floor":2,"turns":1},{"damage":0,"enemies":"Cultist","floor":3,"turns":1},{"damage":0,"enemies":"Looter","floor":4,"turns":4},{"damage":9,"enemies":"Blue Slaver","floor":5,"turns":5},{"damage":37,"enemies":"3 Sentries","floor":7,"turns":11},{"damage":3,"enemies":"Red Slaver","floor":10,"turns":4},{"damage":6,"enemies":"Gremlin Gang","floor":11,"turns":7},{"damage":6,"enemies":"Gremlin Nob","floor":14,"turns":3},{"damage":21,"enemies":"Slime Boss","floor":16,"turns":6}],"seed_played":"-3251765471432748224","potions_obtained":[{"floor":1,"key":"Ancient Potion"},{"floor":4,"key":"DistilledChaos"},{"floor":5,"key":"Energy Potion"},{"floor":11,"key":"FearPotion"}],"is_trial":false,"path_per_floor":["M","M","M","M","M","R","E","R","T","M","M","$","R","E","R","B"],"character_chosen":"HERMIT","items_purchased":["hermit:Deadeye"],"campfire_rested":0,"item_purchase_floors":[12],"current_hp_per_floor":[75,75,75,75,66,66,29,29,29,26,20,20,20,14,14,0,0],"gold":151,"neow_bonus":"THREE_ENEMY_KILL","is_daily":false,"chose_seed":false,"campfire_upgraded":4,"win_rate":0.0,"timestamp":1609033172,"path_taken":["M","M","M","M","M","R","E","R","T","M","M","$","R","E","R","BOSS"],"items_purchased_type":["Card"],"build_version":"2020-12-22","purchased_purges":1,"victory":false,"max_hp_per_floor":[75,75,75,75,75,75,75,75,75,75,75,75,75,75,75,75,75],"card_choices":[{"not_picked":["hermit:Spite","hermit:Headshot"],"picked":"hermit:PistolWhip","floor":1},{"not_picked":["hermit:LoneWolf","hermit:Cheat"],"picked":"hermit:HoleUp","floor":2},{"not_picked":["hermit:Vantage","hermit:Feint","hermit:Snipe"],"picked":"SKIP","floor":3},{"not_picked":["hermit:Shortfuse","hermit:Grudge","hermit:Misfire"],"picked":"SKIP","floor":4},{"not_picked":["hermit:Glare","hermit:GoldenBullet","hermit:FullyLoaded"],"picked":"SKIP","floor":5},{"not_picked":["hermit:Adapt","hermit:Roulette"],"picked":"hermit:Virtue","floor":7},{"not_picked":["hermit:TakeAim","hermit:Grudge"],"picked":"hermit:Desperado","floor":10},{"not_picked":["hermit:EyeOfTheStorm","hermit:Desperado"],"picked":"hermit:LowProfile","floor":11},{"not_picked":["hermit:Coalescence","hermit:FullyLoaded"],"picked":"hermit:Dive","floor":14}],"player_experience":166496,"relics_obtained":[{"floor":7,"key":"Bag of Marbles"},{"floor":9,"key":"Bottled Flame"},{"floor":14,"key":"Blood Vial"}],"event_choices":[],"is_beta":false,"boss_relics":[],"items_purged_floors":[12],"is_endless":false,"potions_floor_spawned":[1,4,5,11,14],"killed_by":"Slime Boss","ascension_level":0}}