{"host":"m77rrhbqzv44va4v","time":1609086406,"event":{"mods":["AchievementEnabler","BaseMod","Colored Map","DeckTracker","Keyboard Shortcuts","Minty Spire (QoL Compilation)","StSLib","SuperFastMode","everything is the same but u backflip on backflip"],"gold_per_floor":[11,27,42,42,58,58,75,105,182,182,182,198,232,254,254,333,333,353,366,48,48,62,62,81,98,151,151,76,102,102,113,113,113,113],"floor_reached":33,"playtime":807,"items_purged":["Normality"],"score":452,"play_id":"6c94784a-6f70-4e66-93e7-3ea4fb47c690","local_time":"20201228012646","is_ascension_mode":true,"campfire_choices":[{"data":"Intimidate","floor":6.0,"key":"SMITH"},{"data":"Disarm","floor":15.0,"key":"SMITH"},{"data":"Offering","floor":23.0,"key":"SMITH"},{"data":"Shockwave","floor":30.0,"key":"SMITH"},{"floor":32.0,"key":"REST"}],"circlet_count":0,"master_deck":["AscendersBane","Strike_R","Strike_R","Defend_R","Defend_R","Defend_R","Defend_R","Bash","Twin Strike","Headbutt","Intimidate+1","Disarm+1","Offering+1","Metallicize+1","Wild Strike+1","Shockwave+1","Blood for Blood+1","Feed+1","Flame Barrier","Shrug It Off","Uppercut+1","Ghostly Armor","Shrug It Off","Decay","True Grit"],"relics":["Burning Blood","Darkstone Periapt","Pocketwatch","Odd Mushroom","Cursed Key","Gremlin Horn","Nloth\u0027s Gift","Bag of Marbles","Nunchaku"],"acts_visited":["Exordium","TheCity"],"potions_floor_usage":[33],"damage_taken":[{"damage":2.0,"enemies":"2 Louse","floor":1.0,"turns":2.0},{"damage":6.0,"enemies":"Cultist","floor":2.0,"turns":3.0},{"damage":4.0,"enemies":"Jaw Worm","floor":3.0,"turns":3.0},{"damage":1.0,"enemies":"Large Slime","floor":5.0,"turns":6.0},{"damage":13.0,"enemies":"Gremlin Gang","floor":7.0,"turns":5.0},{"damage":35.0,"enemies":"Lagavulin","floor":8.0,"turns":6.0},{"damage":6.0,"enemies":"Looter","floor":12.0,"turns":3.0},{"damage":24.0,"enemies":"Gremlin Nob","floor":13.0,"turns":4.0},{"damage":11.0,"enemies":"The Mushroom Lair","floor":14.0,"turns":4.0},{"damage":13.0,"enemies":"Hexaghost","floor":16.0,"turns":12.0},{"damage":23.0,"enemies":"2 Thieves","floor":18.0,"turns":4.0},{"damage":6.0,"enemies":"Shell Parasite","floor":19.0,"turns":5.0},{"damage":5.0,"enemies":"Snecko","floor":22.0,"turns":4.0},{"damage":16.0,"enemies":"Centurion and Healer","floor":24.0,"turns":5.0},{"damage":22.0,"enemies":"3 Cultists","floor":25.0,"turns":6.0},{"damage":17.0,"enemies":"Snake Plant","floor":31.0,"turns":3.0},{"damage":65,"enemies":"Collector","floor":33,"turns":9}],"seed_played":"-2767524713911710955","potions_obtained":[{"floor":2.0,"key":"SpeedPotion"},{"floor":3.0,"key":"DistilledChaos"},{"floor":13.0,"key":"Block Potion"},{"floor":14.0,"key":"Ancient Potion"},{"floor":16.0,"key":"Dexterity Potion"},{"floor":24.0,"key":"Swift Potion"},{"floor":25.0,"key":"DistilledChaos"}],"is_trial":false,"path_per_floor":["M","M","M","?","M","R","M","E","T","?","?","M","E","?","R","B",null,"M","M","$","?","M","R","M","M","T","?","$","T","R","M","R","B"],"character_chosen":"IRONCLAD","items_purchased":["Uppercut+1","Gremlin Horn"],"campfire_rested":1,"item_purchase_floors":[20,20],"current_hp_per_floor":[76,76,78,80,80,80,73,44,44,44,44,44,26,21,21,14,64,51,51,51,51,52,52,46,34,40,34,34,40,40,29,60,0,0],"gold":113,"neow_bonus":"REMOVE_TWO","is_daily":false,"chose_seed":false,"campfire_upgraded":4,"win_rate":0.0,"timestamp":1609086406,"path_taken":["M","M","M","?","M","R","?","E","T","?","?","?","E","?","R","BOSS","M","M","$","?","?","R","M","M","T","?","$","?","R","M","R","BOSS"],"items_purchased_type":["Card","Relic"],"build_version":"2020-12-22","purchased_purges":1,"victory":false,"max_hp_per_floor":[80,80,80,80,80,80,80,80,80,80,80,80,80,80,80,80,80,84,84,84,84,84,84,88,92,98,98,98,104,104,104,104,104,104],"card_choices":[{"not_picked":["Thunderclap","Anger"],"picked":"Twin Strike","floor":1.0},{"not_picked":["Twin Strike","Iron Wave"],"picked":"Headbutt","floor":2.0},{"not_picked":["Sentinel","Heavy Blade"],"picked":"Intimidate","floor":3.0},{"not_picked":["Heavy Blade","Rupture"],"picked":"Disarm","floor":5.0},{"not_picked":["Headbutt","Warcry"],"picked":"Offering","floor":7.0},{"not_picked":["Thunderclap","Flame Barrier"],"picked":"Metallicize","floor":8.0},{"not_picked":["Body Slam+1","Power Through"],"picked":"Wild Strike+1","floor":12.0},{"not_picked":["Clothesline+1","Searing Blow+1"],"picked":"Shockwave","floor":13.0},{"not_picked":["Flex","Twin Strike+1"],"picked":"Blood for Blood+1","floor":14.0},{"not_picked":["Demon Form","Double Tap"],"picked":"Feed+1","floor":16.0},{"not_picked":["Havoc","Wild Strike+1"],"picked":"Flame Barrier","floor":18.0},{"not_picked":["Warcry","Clash+1"],"picked":"Shrug It Off","floor":19.0},{"not_picked":["Iron Wave","Searing Blow"],"picked":"Ghostly Armor","floor":22.0},{"not_picked":["Heavy Blade+1","Twin Strike"],"picked":"Shrug It Off","floor":24.0},{"not_picked":["Wild Strike","Pommel Strike","Body Slam"],"picked":"SKIP","floor":25.0},{"not_picked":["Havoc","Heavy Blade"],"picked":"True Grit","floor":31.0}],"player_experience":807338,"relics_obtained":[{"floor":8.0,"key":"Darkstone Periapt"},{"floor":9.0,"key":"Molten Egg 2"},{"floor":13.0,"key":"Pocketwatch"},{"floor":14.0,"key":"Odd Mushroom"},{"floor":26.0,"key":"Bag of Marbles"},{"floor":29.0,"key":"Nunchaku"}],"event_choices":[{"damage_healed":2.0,"max_hp_gain":0.0,"max_hp_loss":0.0,"gold_gain":0.0,"event_name":"Wheel of Change","player_choice":"Full Heal","floor":4.0,"gold_loss":0.0,"damage_taken":0.0},{"cards_removed":["Strike_R"],"damage_healed":0.0,"max_hp_gain":0.0,"max_hp_loss":0.0,"gold_gain":0.0,"event_name":"Living Wall","player_choice":"Forget","floor":10.0,"gold_loss":0.0,"damage_taken":0.0},{"damage_healed":0.0,"max_hp_gain":0.0,"max_hp_loss":0.0,"gold_gain":0.0,"event_name":"Accursed Blacksmith","player_choice":"Forge","floor":11.0,"gold_loss":0.0,"damage_taken":0.0,"cards_upgraded":["Metallicize"]},{"damage_healed":0.0,"max_hp_gain":0.0,"max_hp_loss":0.0,"gold_gain":0.0,"event_name":"Mushrooms","player_choice":"Fought Mushrooms","floor":14.0,"gold_loss":0.0,"damage_taken":0.0},{"damage_healed":0.0,"max_hp_gain":0.0,"max_hp_loss":0.0,"gold_gain":0.0,"event_name":"N\u0027loth","player_choice":"Traded Relic","floor":21.0,"relics_lost":["Molten Egg 2"],"gold_loss":0.0,"damage_taken":0.0,"relics_obtained":["Nloth\u0027s Gift"]},{"damage_healed":0.0,"max_hp_gain":0.0,"max_hp_loss":0.0,"gold_gain":0.0,"event_name":"Knowing Skull","player_choice":"","floor":27.0,"potions_obtained":[],"gold_loss":0.0,"damage_taken":6.0,"cards_obtained":[]}],"is_beta":false,"boss_relics":[{"not_picked":["Astrolabe","Sozu"],"picked":"Cursed Key"}],"items_purged_floors":[28],"is_endless":false,"potions_floor_spawned":[2,3,13,14,16,24,25],"killed_by":"Collector","ascension_level":13}}