{"host":"a464imauj9yqom7y","time":1609064868,"event":{"mods":["AchievementEnabler","BaseMod","Better Altar","Better Match","Better Note","Better Sensory Stone","Better Skull","BetterRewards","Colored Map","Colored Powertips","Hubris","Minty Spire (QoL Compilation)","Rare Cards Sparkle","Shade Mod","StSLib"],"gold_per_floor":[115,115,127,127,138,138,138,138,164,181,181,147,147,173,173,274,274,291,301,320,336,356,356,336,336,359,359,319,153,153,167,167,269,269,283,40,40,53,65,65,85,85,85,97,97,107,107,122,122,122,122],"floor_reached":50,"playtime":2068,"items_purged":[],"score":444,"play_id":"1797df2b-3c81-4dd3-a060-637dbdb56082","local_time":"20201227042748","is_ascension_mode":false,"campfire_choices":[{"data":"Cleave","floor":6,"key":"SMITH"},{"data":"Combust","floor":8,"key":"SMITH"},{"data":"Demon Form","floor":11,"key":"SMITH"},{"data":"Inflame","floor":15,"key":"SMITH"},{"floor":23,"key":"REST"},{"data":"Perfected Strike","floor":25,"key":"SMITH"},{"data":"Double Tap","floor":27,"key":"SMITH"},{"data":"Rupture","floor":32,"key":"SMITH"},{"floor":40,"key":"REST"},{"floor":42,"key":"REST"},{"floor":45,"key":"REST"},{"floor":49,"key":"REST"}],"circlet_count":0,"master_deck":["Strike_R","Strike_R","Strike_R","Strike_R","Strike_R","Defend_R","Defend_R","Bash","Cleave+1","Shrug It Off","Combust+1","Burning Pact","Demon Form+1","Inflame+1","Hemokinesis","Double Tap+1","Blood for Blood","Perfected Strike+1","Flex+1","Perfected Strike+1","Rupture+1","Swift Strike","Hemokinesis","Demon Form","hubris:ReadiedAction","Clash","Warcry","Infernal Blade+1","Rampage","hubris:ReadiedAction+1","Rage","Flex+1","Pain","Iron Wave+1"],"relics":["Burning Blood","HornCleat","Strawberry","hubris:DeckOfHolding","Boot","Mark of Pain","hubris:ToyBattleship","Sozu","Medical Kit","Du-Vu Doll","WarpedTongs"],"acts_visited":["Exordium","TheCity","TheBeyond"],"potions_floor_usage":[14,16,20,22,33,48],"damage_taken":[{"damage":6,"enemies":"Jaw Worm","floor":1,"turns":3},{"damage":2,"enemies":"Small Slimes","floor":3,"turns":3},{"damage":0,"enemies":"Cultist","floor":5,"turns":3},{"damage":13,"enemies":"Blue Slaver","floor":10,"turns":3},{"damage":12,"enemies":"Lagavulin","floor":14,"turns":5},{"damage":44,"enemies":"Slime Boss","floor":16,"turns":6},{"damage":23,"enemies":"Spheric Guardian","floor":18,"turns":4},{"damage":9,"enemies":"3 Byrds","floor":19,"turns":3},{"damage":16,"enemies":"Centurion and Healer","floor":20,"turns":3},{"damage":20,"enemies":"Sentry and Sphere","floor":21,"turns":4},{"damage":14,"enemies":"Snake Plant","floor":22,"turns":3},{"damage":21,"enemies":"3 Cultists","floor":31,"turns":4},{"damage":39,"enemies":"Champ","floor":33,"turns":7},{"damage":40,"enemies":"Orb Walker","floor":35,"turns":4},{"damage":32,"enemies":"3 Darklings","floor":38,"turns":5},{"damage":34,"enemies":"Sphere and 2 Shapes","floor":39,"turns":4},{"damage":29,"enemies":"4 Shapes","floor":41,"turns":3},{"damage":34,"enemies":"Transient","floor":44,"turns":5},{"damage":41,"enemies":"Maw","floor":46,"turns":6},{"damage":23,"enemies":"3 Darklings","floor":48,"turns":5},{"damage":41,"enemies":"Awakened One","floor":50,"turns":3}],"seed_played":"-8719115703969067851","potions_obtained":[{"floor":3,"key":"AttackPotion"},{"floor":5,"key":"EssenceOfSteel"},{"floor":14,"key":"ColorlessPotion"},{"floor":18,"key":"BlessingOfTheForge"},{"floor":19,"key":"DistilledChaos"},{"floor":21,"key":"SpeedPotion"},{"floor":24,"key":"FairyPotion"}],"is_trial":false,"path_per_floor":["M","?","M","?","M","R","?","R","T","M","R","$","?","E","R","B",null,"M","M","M","M","M","R","?","R","T","R","?","$","?","M","R","B",null,"M","$","?","M","M","R","M","R","T","M","R","M","?","M","R","B"],"character_chosen":"IRONCLAD","items_purchased":["Inflame","Rupture","Swift Strike","Clash","Medical Kit","Warcry"],"campfire_rested":5,"item_purchase_floors":[12,29,29,36,36,36],"current_hp_per_floor":[80,68,72,72,78,78,78,78,85,78,78,78,78,72,72,34,87,70,67,57,43,35,61,61,61,61,61,61,61,87,72,72,39,87,53,53,53,27,32,58,35,61,61,33,59,24,24,7,33,0,0],"gold":122,"neow_bonus":"THREE_CARDS","is_daily":false,"chose_seed":false,"campfire_upgraded":7,"win_rate":0.0,"timestamp":1609064868,"path_taken":["M","?","M","?","?","R","?","R","T","?","R","$","?","E","R","BOSS","M","M","M","M","M","R","?","R","T","R","?","$","?","?","R","BOSS","M","$","?","M","M","R","M","R","T","M","R","M","?","M","R","BOSS"],"items_purchased_type":["Card","Card","Card","Card","Relic","Card"],"build_version":"2020-12-22","purchased_purges":0,"victory":false,"max_hp_per_floor":[80,80,80,80,80,80,80,80,87,87,87,87,87,87,87,87,87,87,87,87,87,87,87,87,87,87,87,87,87,87,87,87,87,87,87,87,87,87,87,87,87,87,87,87,87,87,87,87,87,87,87],"card_choices":[{"not_picked":["Iron Wave","Thunderclap"],"picked":"Cleave","floor":0},{"not_picked":["Anger","Power Through"],"picked":"Shrug It Off","floor":1},{"not_picked":["Dropkick","Twin Strike"],"picked":"Combust","floor":3},{"not_picked":["Cleave","True Grit"],"picked":"Burning Pact","floor":5},{"not_picked":["Anger","Clash"],"picked":"Demon Form","floor":10},{"not_picked":["Inflame","Combust"],"picked":"Hemokinesis","floor":14},{"not_picked":["hubris:StunningStrike","Feed"],"picked":"Double Tap","floor":16},{"not_picked":["Warcry","Cleave+1"],"picked":"Blood for Blood","floor":18},{"not_picked":["Burning Pact","Headbutt+1"],"picked":"Perfected Strike","floor":19},{"not_picked":["Power Through","Bloodletting"],"picked":"Flex+1","floor":20},{"not_picked":["Inflame+1","Body Slam"],"picked":"Perfected Strike","floor":21},{"not_picked":["Headbutt","Twin Strike"],"picked":"Blood for Blood","floor":22},{"not_picked":["Anger","Berserk"],"picked":"Hemokinesis","floor":31},{"not_picked":["Feed","Berserk"],"picked":"Demon Form","floor":33},{"not_picked":["Flame Barrier","Perfected Strike"],"picked":"hubris:ReadiedAction","floor":35},{"not_picked":["hubris:ReadiedAction+1","Intimidate"],"picked":"Infernal Blade+1","floor":38},{"not_picked":["Headbutt","Clothesline"],"picked":"Rampage","floor":39},{"not_picked":["Sever Soul+1","Inflame+1"],"picked":"hubris:ReadiedAction+1","floor":41},{"not_picked":["Pommel Strike","Reckless Charge+1"],"picked":"Rage","floor":44},{"not_picked":["hubris:ReadiedAction+1","Burning Pact+1"],"picked":"Flex+1","floor":46},{"not_picked":["Twin Strike+1","Disarm+1"],"picked":"Iron Wave+1","floor":48}],"player_experience":11403,"relics_obtained":[{"floor":9,"key":"Strawberry"},{"floor":14,"key":"Boot"},{"floor":26,"key":"hubris:ToyBattleship"},{"floor":43,"key":"Du-Vu Doll"}],"event_choices":[{"damage_healed":0,"gold_gain":0,"player_choice":"Success","damage_taken":12,"relics_obtained":["HornCleat"],"max_hp_gain":0,"max_hp_loss":0,"event_name":"Scrap Ooze","floor":2,"gold_loss":0},{"cards_removed":["Defend_R"],"damage_healed":0,"gold_gain":0,"player_choice":"Offered Basic","damage_taken":0,"max_hp_gain":0,"max_hp_loss":0,"event_name":"Bonfire Elementals","floor":4,"gold_loss":0},{"cards_removed":["Defend_R"],"damage_healed":0,"gold_gain":0,"player_choice":"Purged","damage_taken":0,"max_hp_gain":0,"max_hp_loss":0,"event_name":"Purifier","floor":7,"gold_loss":0},{"damage_healed":0,"gold_gain":0,"player_choice":"Searched \u00271\u0027 times","damage_taken":0,"relics_obtained":["hubris:DeckOfHolding"],"max_hp_gain":0,"max_hp_loss":0,"event_name":"Dead Adventurer","floor":13,"gold_loss":0},{"damage_healed":0,"gold_gain":0,"player_choice":"Bought 1 Potion","damage_taken":0,"max_hp_gain":0,"max_hp_loss":0,"event_name":"The Woman in Blue","floor":24,"gold_loss":0},{"damage_healed":0,"gold_gain":0,"player_choice":"Upgrade","damage_taken":0,"max_hp_gain":0,"max_hp_loss":0,"event_name":"Designer","floor":28,"gold_loss":40,"cards_upgraded":["Perfected Strike"]},{"damage_healed":26,"gold_gain":0,"player_choice":"Full Heal","damage_taken":0,"max_hp_gain":0,"max_hp_loss":0,"event_name":"Wheel of Change","floor":30,"gold_loss":0},{"cards_removed":["Blood for Blood"],"damage_healed":0,"gold_gain":0,"player_choice":"Removed Attack","damage_taken":0,"max_hp_gain":0,"max_hp_loss":0,"event_name":"Falling","floor":37,"gold_loss":0},{"damage_healed":0,"gold_gain":0,"player_choice":"Rummage","damage_taken":0,"relics_obtained":["WarpedTongs"],"max_hp_gain":0,"max_hp_loss":0,"event_name":"Accursed Blacksmith","floor":47,"gold_loss":0,"cards_obtained":["Pain"]}],"is_beta":false,"boss_relics":[{"not_picked":["Calling Bell","hubris:TerracottaHorce"],"picked":"Mark of Pain"},{"not_picked":["hubris:VirtuousBlindfold","hubris:Stopwatch"],"picked":"Sozu"}],"items_purged_floors":[],"is_endless":false,"potions_floor_spawned":[3,5,14,18,19,21,35,46],"killed_by":"Awakened One","ascension_level":0}}