{"host":"6vv0uythevi5qk1w","time":1609060898,"event":{"mods":["Act Like it!","BaseMod","Downfall","Gensokyo","Minty Spire (QoL Compilation)","Remilia£®¿Ÿ√◊¿Ú—«£©","Replay The Spire","StSLib"],"gold_per_floor":[115,115,115,115,125,139,165,179,204,222,222,2,32,45,45,57,57],"floor_reached":16,"playtime":1579,"items_purged":[],"score":149,"play_id":"fbea1c71-b3dd-4f52-bd0a-c39e3a67329c","local_time":"20201227172138","is_ascension_mode":true,"campfire_choices":[{"data":"Recycle","floor":11,"key":"SMITH"},{"floor":15,"key":"DIG"}],"circlet_count":0,"master_deck":["Strike_B","Strike_B","Defend_B","Defend_B","Defend_B","Zap","Dualcast","Go for the Eyes+1","ReplaySort+1","Tempest+1","ReplayTheSpireMod:GoodbyeWorld","Clumsy","Injury","Heatsinks","Undo","Recycle","Recycle+1","Skim","Reboot","Gensokyo:BlemishedSteel","Ball Lightning+1","Electrodynamics","Coolheaded"],"relics":["Astrolabe","Gensokyo:NagashiBinaDoll","Oddly Smooth Stone","Pet Ghost","ReplayTheSpireMod:Shallot","MawBank","Lantern"],"acts_visited":["Exordium"],"potions_floor_usage":[6,10,14],"damage_taken":[{"damage":7,"enemies":"Gensokyo:2_Kodama","floor":1,"turns":4},{"damage":17,"enemies":"Gensokyo:3_Fairies","floor":5,"turns":6},{"damage":2,"enemies":"Gensokyo:Gryphon","floor":6,"turns":4},{"damage":16,"enemies":"Gensokyo:Aya","floor":7,"turns":8},{"damage":0,"enemies":"Gensokyo:LivingMonolith","floor":8,"turns":3},{"damage":1,"enemies":"Gensokyo:VengefulSpirit","floor":10,"turns":6},{"damage":10,"enemies":"Gensokyo:Mamizou","floor":13,"turns":10},{"damage":0,"enemies":"Gensokyo:Gryphon_and_Rabbit","floor":14,"turns":7},{"damage":16,"enemies":"Gensokyo:Reimu","floor":16,"turns":8}],"seed_played":"952407457328276824","potions_obtained":[{"floor":1,"key":"SteroidPotion"},{"floor":5,"key":"Block Potion"},{"floor":8,"key":"Swift Potion"}],"is_trial":false,"path_per_floor":["M","?","?","?","M","M","E","M","T","M","R","COS","?","M","R","B"],"character_chosen":"DEFECT","items_purchased":[],"campfire_rested":0,"item_purchase_floors":[],"current_hp_per_floor":[61,61,61,61,44,42,26,26,26,25,25,25,15,15,15,0,0],"gold":57,"neow_bonus":"BOSS_RELIC","is_daily":false,"chose_seed":false,"campfire_upgraded":1,"win_rate":0.0,"timestamp":1609060898,"path_taken":["M","?","?","?","M","M","E","M","T","M","R","COS","?","?","R","BOSS"],"items_purchased_type":[],"build_version":"2020-12-22","purchased_purges":0,"victory":false,"max_hp_per_floor":[75,75,75,75,75,75,75,75,75,75,75,75,75,75,75,75,75],"card_choices":[{"not_picked":["Aggregate","ReplayGash"],"picked":"ReplayTheSpireMod:GoodbyeWorld","floor":1},{"not_picked":["Redo","Blizzard"],"picked":"Heatsinks","floor":4},{"not_picked":["Beam Cell","Redo"],"picked":"Undo","floor":4},{"not_picked":["Steam Power","Panic Button"],"picked":"Recycle","floor":5},{"not_picked":["Turbo","Gash"],"picked":"Recycle","floor":6},{"not_picked":["ReplayTheSpireMod:Reroute Power","White Noise"],"picked":"Skim","floor":7},{"not_picked":["Melter","Hologram","Compile Driver"],"picked":"SKIP","floor":8},{"not_picked":["Leap","Go for the Eyes"],"picked":"Reboot","floor":10},{"not_picked":["Rebound+1","Panic Button+1"],"picked":"Ball Lightning+1","floor":13},{"not_picked":["ReplayTheSpireMod:GoodbyeWorld","Gash","Rebound"],"picked":"SKIP","floor":13},{"not_picked":["Rainbow","Machine Learning"],"picked":"Electrodynamics","floor":14},{"not_picked":["Redo","Rebound"],"picked":"Coolheaded","floor":14}],"player_experience":427770,"relics_obtained":[{"floor":7,"key":"Pet Ghost"},{"floor":13,"key":"ReplayTheSpireMod:Shallot"},{"floor":15,"key":"MawBank"}],"event_choices":[],"is_beta":false,"boss_relics":[],"items_purged_floors":[],"is_endless":false,"potions_floor_spawned":[1,5,8],"killed_by":"Gensokyo:Reimu","ascension_level":8}}