{"host":"6to0pdz5g3mubtyg","time":1609038698,"event":{"mods":["Act Like it!","Aspiration","BaseMod","BetterRewards","Colored Map","Energized Spire","Hallownest","Highlight Path","Infinite Spire","Jorbs\u0027s Wanderer Trilogy","Minty Spire (QoL Compilation)","Shade Mod","StSLib","The Animator","The Blue Laboratory","The Bug Knight"],"gold_per_floor":[362,372,218,236,411,411,386,421,421,51,51,82,82,92,92,188,188,208,208,225,240,240,240],"floor_reached":22,"playtime":1010,"items_purged":["Strike_B"],"score":230,"play_id":"836eb68e-a874-430f-88e4-d5fc1516e594","local_time":"20201226201138","is_ascension_mode":true,"campfire_choices":[{"floor":6,"key":"REST"},{"floor":11,"key":"REST"},{"data":"Consume","floor":15,"key":"SMITH"}],"circlet_count":0,"master_deck":["Strike_B","Strike_B","Strike_B","Defend_B","Defend_B","Defend_B","Defend_B","Zap","Dualcast","Stack","Compile Driver","Go for the Eyes","Go for the Eyes","Streamline","Electrodynamics","Fusion","Sunder","Doubt","Streamline","Creative AI","Gash","Capacitor+1","Consume+1","Echo Form+1","J.A.X.","Hello World+1","Heatsinks+1"],"relics":["Cracked Core","Orrery","Kunai","Juzu Bracelet","Bottled Flame","Frozen Egg 2","aspiration:HummingbirdHeart","Fusion Hammer"],"acts_visited":["Exordium","TheCity"],"potions_floor_usage":[8,8,21],"damage_taken":[{"damage":0,"enemies":"Cultist","floor":1,"turns":4},{"damage":21,"enemies":"infinitespire:Voidling","floor":2,"turns":4},{"damage":6,"enemies":"2 Louse","floor":4,"turns":2},{"damage":16,"enemies":"Gremlin Nob","floor":8,"turns":5},{"damage":0,"enemies":"Lagavulin","floor":12,"turns":7},{"damage":8,"enemies":"Exordium Wildlife","floor":14,"turns":3},{"damage":43,"enemies":"Hexaghost","floor":16,"turns":9},{"damage":31,"enemies":"Spheric Guardian","floor":18,"turns":5},{"damage":41,"enemies":"3 Byrds","floor":20,"turns":5},{"damage":11,"enemies":"Centurion and Healer","floor":21,"turns":5},{"damage":26,"enemies":"Snake Plant","floor":22,"turns":5}],"seed_played":"2767332960071452559","potions_obtained":[{"floor":2,"key":"blueLaboratory:HummingbirdPotion"},{"floor":4,"key":"PotionOfCapacity"},{"floor":18,"key":"blueLaboratory:FruitPreserves"}],"is_trial":false,"path_per_floor":["M","M","$","M","?","R","$","E","T","$","R","E","T","M","R","B",null,"M","?","M","M","M"],"character_chosen":"DEFECT","items_purchased":["Orrery","Streamline","Gash","Bottled Flame"],"campfire_rested":2,"item_purchase_floors":[3,7,10,10],"current_hp_per_floor":[54,40,40,34,34,56,56,40,40,40,62,62,62,54,54,11,75,44,44,3,26,0,0],"gold":240,"neow_bonus":"TWO_FIFTY_GOLD","is_daily":false,"chose_seed":false,"campfire_upgraded":1,"win_rate":0.0,"timestamp":1609038698,"path_taken":["M","?","?","?","?","R","$","E","T","$","R","E","?","M","R","BOSS","M","?","M","M","M"],"items_purchased_type":["Relic","Card","Card","Relic"],"build_version":"2020-12-22","purchased_purges":1,"victory":false,"max_hp_per_floor":[75,75,75,75,75,75,75,75,75,75,75,75,75,75,75,75,75,75,75,75,75,75,75],"card_choices":[{"not_picked":["Turbo","Leap"],"picked":"Stack","floor":1},{"not_picked":["Reinforced Body","Barrage"],"picked":"Compile Driver","floor":2},{"not_picked":["Steam Power","aspiration:Polymerization"],"picked":"Go for the Eyes","floor":3},{"not_picked":["Ball Lightning","Heatsinks"],"picked":"Go for the Eyes","floor":3},{"not_picked":["Ball Lightning","Reboot"],"picked":"Streamline","floor":3},{"not_picked":["Compile Driver","Chaos"],"picked":"Electrodynamics","floor":3},{"not_picked":["Cold Snap","Beam Cell"],"picked":"Fusion","floor":3},{"not_picked":["Force Field","Redo"],"picked":"Sunder","floor":4},{"not_picked":["FTL","Chill"],"picked":"Creative AI","floor":8},{"not_picked":["Coolheaded","Amplify"],"picked":"Capacitor+1","floor":12},{"not_picked":["Rebound","Go for the Eyes"],"picked":"Consume","floor":14},{"not_picked":["Fission","Multi-Cast"],"picked":"Echo Form+1","floor":16},{"not_picked":["Reinforced Body","Double Energy","Cold Snap"],"picked":"SKIP","floor":18},{"not_picked":["Sunder","Chill"],"picked":"Hello World+1","floor":20},{"not_picked":["Turbo","Leap"],"picked":"Heatsinks+1","floor":21}],"player_experience":233786,"relics_obtained":[{"floor":8,"key":"Kunai"},{"floor":9,"key":"Juzu Bracelet"},{"floor":12,"key":"Frozen Egg 2"},{"floor":13,"key":"aspiration:HummingbirdHeart"}],"event_choices":[{"damage_healed":0,"gold_gain":175,"player_choice":"AGREE","damage_taken":0,"max_hp_gain":0,"max_hp_loss":0,"event_name":"Liars Game","floor":5,"gold_loss":0,"cards_obtained":["Doubt"]},{"damage_healed":0,"gold_gain":0,"player_choice":"Obtain J.A.X.","damage_taken":0,"max_hp_gain":0,"max_hp_loss":0,"event_name":"Drug Dealer","floor":19,"gold_loss":0,"cards_obtained":["J.A.X."]}],"is_beta":false,"boss_relics":[{"not_picked":["aspiration:RunicSpoon","Sozu"],"picked":"Fusion Hammer"}],"items_purged_floors":[10],"is_endless":false,"potions_floor_spawned":[2,4,18],"killed_by":"Snake Plant","ascension_level":1}}