{"host":"newqdrzxfhh2im9e","time":1609090428,"event":{"mods":["AchievementEnabler","BaseMod","BetterRewards","Block Reminder","Colored Map","Jorbs\u0027s Wanderer Trilogy","Minty Spire (QoL Compilation)","Rare Cards Sparkle","Shop Mod","StSLib"],"gold_per_floor":[118,8,22,22,22,22,47,47,47,1,32,49,65,30,30,30,30],"floor_reached":16,"playtime":543,"items_purged":["Regret"],"score":124,"play_id":"d3521945-f6b1-4ba6-9695-4601feb91e09","local_time":"20201227093347","is_ascension_mode":true,"campfire_choices":[{"data":"Heatsinks","floor":6,"key":"SMITH"},{"floor":8,"key":"REST"},{"floor":15,"key":"REST"}],"circlet_count":0,"master_deck":["Strike_B","Strike_B","Strike_B","Strike_B","Defend_B","Defend_B","Defend_B","Defend_B","Zap","Dualcast","Heatsinks+1","Capacitor","Conserve Battery","Hello World","Beam Cell+1","Tempest","Doom and Gloom+1","Lockon+1","Chaos"],"relics":["Cracked Core","Turnip","White Beast Statue","Molten Egg 2","Bag of Marbles"],"acts_visited":["Exordium"],"potions_floor_usage":[7,11,16],"damage_taken":[{"damage":0,"enemies":"Small Slimes","floor":1,"turns":2},{"damage":2,"enemies":"2 Louse","floor":3,"turns":3},{"damage":51,"enemies":"3 Sentries","floor":7,"turns":12},{"damage":24,"enemies":"Gremlin Nob","floor":11,"turns":4},{"damage":7,"enemies":"Jaw Worm","floor":12,"turns":3},{"damage":13,"enemies":"3 Louse","floor":13,"turns":3},{"damage":32,"enemies":"The Guardian","floor":16,"turns":8}],"seed_played":"7693393740389169312","potions_obtained":[{"floor":3,"key":"Fruit Juice"},{"floor":7,"key":"Explosive Potion"},{"floor":11,"key":"Ancient Potion"},{"floor":12,"key":"Weak Potion"},{"floor":13,"key":"SmokeBomb"}],"is_trial":false,"path_per_floor":["M","$","M","?","?","R","E","R","T","$","E","M","M","$","R","B"],"character_chosen":"DEFECT","items_purchased":["Capacitor","Beam Cell+1","Chaos"],"campfire_rested":2,"item_purchase_floors":[2,10,14],"current_hp_per_floor":[75,75,73,73,73,73,27,51,51,51,27,20,7,7,31,0,0],"gold":30,"neow_bonus":"ONE_RARE_RELIC","is_daily":false,"chose_seed":false,"campfire_upgraded":1,"win_rate":0.0,"timestamp":1609090427,"path_taken":["M","$","M","?","?","R","E","R","T","?","E","M","M","$","R","BOSS"],"items_purchased_type":["Card","Card","Card"],"build_version":"2020-12-22","purchased_purges":1,"victory":false,"max_hp_per_floor":[75,75,75,75,75,75,80,80,80,80,80,80,80,80,80,80,80],"card_choices":[{"not_picked":["Cold Snap","Rebound"],"picked":"Heatsinks","floor":1},{"not_picked":["Ball Lightning","Leap"],"picked":"Conserve Battery","floor":3},{"not_picked":["Consume","FTL"],"picked":"Hello World","floor":7},{"not_picked":["Redo","Streamline+1"],"picked":"Tempest","floor":11},{"not_picked":["Hologram","FTL+1"],"picked":"Doom and Gloom+1","floor":12},{"not_picked":["Skim","Conserve Battery"],"picked":"Lockon+1","floor":13}],"player_experience":649061,"relics_obtained":[{"floor":7,"key":"White Beast Statue"},{"floor":9,"key":"Molten Egg 2"},{"floor":11,"key":"Bag of Marbles"}],"event_choices":[{"damage_healed":0,"gold_gain":0,"player_choice":"Ignored","damage_taken":0,"max_hp_gain":0,"max_hp_loss":0,"event_name":"Golden Wing","floor":4,"gold_loss":0},{"damage_healed":0,"gold_gain":0,"player_choice":"Ignored","damage_taken":0,"max_hp_gain":0,"max_hp_loss":0,"event_name":"Liars Game","floor":5,"gold_loss":0}],"is_beta":false,"boss_relics":[],"items_purged_floors":[2],"is_endless":false,"potions_floor_spawned":[3,7,11,12,13],"killed_by":"The Guardian","ascension_level":3}}