{"host":"qj91dvco5uhu9oti","time":1609072914,"event":{"mods":["BaseMod","Colored Map","Keyboard Shortcuts","Minty Spire (QoL Compilation)","Permanent Neow","Relic Stats","StSLib","SuperFastMode","everything is the same but u backflip on backflip"],"gold_per_floor":[110,9,24,24,36,67,67,67,67],"floor_reached":8,"playtime":224,"items_purged":["Strike_R"],"score":112,"play_id":"878cfda6-c7b1-4e17-83d5-cd08afb8a007","local_time":"20201227214154","is_ascension_mode":true,"campfire_choices":[{"floor":7,"key":"REST"}],"circlet_count":0,"master_deck":["AscendersBane","Strike_R","Strike_R","Defend_R","Defend_R","Defend_R","Defend_R","Bash","Wild Strike","Shrug It Off","True Grit","Dropkick"],"relics":["Burning Blood","Omamori"],"acts_visited":["Exordium"],"potions_floor_usage":[6],"damage_taken":[{"damage":8,"enemies":"2 Louse","floor":1,"turns":4},{"damage":6,"enemies":"Cultist","floor":3,"turns":3},{"damage":2,"enemies":"Jaw Worm","floor":5,"turns":4},{"damage":60,"enemies":"3 Sentries","floor":6,"turns":18},{"damage":23,"enemies":"Lagavulin","floor":8,"turns":4}],"seed_played":"-3062691239626754034","potions_obtained":[{"floor":1,"key":"SkillPotion"},{"floor":5,"key":"HeartOfIron"}],"is_trial":false,"path_per_floor":["M","$","M","?","M","E","R","E"],"character_chosen":"IRONCLAD","items_purchased":["Shrug It Off"],"campfire_rested":1,"item_purchase_floors":[2],"current_hp_per_floor":[66,66,66,66,70,16,38,15,15],"gold":67,"neow_bonus":"REMOVE_CARD","is_daily":false,"chose_seed":false,"campfire_upgraded":0,"win_rate":0.0,"timestamp":1609072914,"path_taken":["M","$","M","?","?","E","R","E"],"items_purchased_type":["Card"],"build_version":"2020-12-22","purchased_purges":1,"victory":false,"max_hp_per_floor":[75,75,75,75,75,75,75,75,75],"relic_stats":{"counters":[5,33],"obtain_stats":[{"Omamori":6,"Burning Blood":0},{"Omamori":4,"Burning Blood":0},{"Omamori":29,"Burning Blood":0}],"Burning Blood":24},"card_choices":[{"not_picked":["Fire Breathing","Armaments"],"picked":"Wild Strike","floor":1},{"not_picked":["Clothesline","Second Wind"],"picked":"True Grit","floor":3},{"not_picked":["Clash","Dropkick","Wild Strike"],"picked":"SKIP","floor":5},{"not_picked":["Thunderclap","Wild Strike","Cleave"],"picked":"SKIP","floor":6}],"player_experience":292537,"relics_obtained":[{"floor":6,"key":"Omamori"}],"event_choices":[{"damage_healed":0,"gold_gain":0,"cards_transformed":["Strike_R"],"player_choice":"Transformed","damage_taken":0,"max_hp_gain":0,"max_hp_loss":0,"event_name":"Transmorgrifier","floor":4,"gold_loss":0,"cards_obtained":["Dropkick"]}],"is_beta":false,"boss_relics":[],"items_purged_floors":[2],"is_endless":false,"potions_floor_spawned":[1,5],"killed_by":"Lagavulin","ascension_level":20}}