{"host":"6pgtslebjnyv5xmi","time":1609067978,"event":{"mods":["AchievementEnabler","BaseMod","Colored Map","Minty Spire (QoL Compilation)","Rare Cards Sparkle","StSLib","SuperFastMode","everything is the same but u backflip on backflip"],"gold_per_floor":[118,193,38,38,52,79,98,25,94,118,133,133,152,171,171,267,267,281,243,256,256,256,286,286,296,296,323,323,338,365,390,402,414,414],"floor_reached":33,"playtime":1059,"items_purged":["Bash"],"score":481,"play_id":"683dda19-af28-44ad-adc4-b119c08e62bd","local_time":"20201227201938","is_ascension_mode":true,"campfire_choices":[{"data":"Entrench","floor":12.0,"key":"SMITH"},{"data":"Perfected Strike","floor":15.0,"key":"SMITH"},{"data":"Perfected Strike","floor":24.0,"key":"SMITH"},{"floor":28,"key":"REST"},{"data":"Limit Break","floor":32,"key":"SMITH"}],"circlet_count":0,"master_deck":["Strike_R+1","Strike_R+1","Strike_R+1","Strike_R+1","Strike_R+1","Defend_R+1","Defend_R+1","Defend_R+1","Entrench+1","Limit Break+1","Thunderclap","Perfected Strike+1","Flex","Exhume","Perfected Strike+1","Perfected Strike","Infernal Blade","Flex+1","Demon Form+1","Reaper"],"relics":["Burning Blood","NeowsBlessing","Membership Card","Strawberry","Vajra","StrikeDummy","Nunchaku","Mark of Pain","Anchor","Frozen Egg 2","Regal Pillow","MawBank"],"acts_visited":["Exordium","TheCity"],"potions_floor_usage":[29,30,30],"damage_taken":[{"damage":0.0,"enemies":"Small Slimes","floor":1.0,"turns":1.0},{"damage":0.0,"enemies":"Jaw Worm","floor":5.0,"turns":1.0},{"damage":0.0,"enemies":"Gremlin Nob","floor":6.0,"turns":1.0},{"damage":14.0,"enemies":"Cultist","floor":7.0,"turns":5.0},{"damage":11.0,"enemies":"Looter","floor":11.0,"turns":2.0},{"damage":10.0,"enemies":"3 Louse","floor":13.0,"turns":5.0},{"damage":1.0,"enemies":"Exordium Wildlife","floor":14.0,"turns":2.0},{"damage":43.0,"enemies":"Hexaghost","floor":16.0,"turns":4.0},{"damage":17.0,"enemies":"2 Thieves","floor":18.0,"turns":3.0},{"damage":0.0,"enemies":"Spheric Guardian","floor":20.0,"turns":1.0},{"damage":18.0,"enemies":"Slavers","floor":23.0,"turns":5.0},{"damage":24.0,"enemies":"Snake Plant","floor":25.0,"turns":3.0},{"damage":22,"enemies":"Gremlin Leader","floor":27,"turns":4},{"damage":14,"enemies":"3 Cultists","floor":29,"turns":4},{"damage":9,"enemies":"Book of Stabbing","floor":30,"turns":3},{"damage":0,"enemies":"Centurion and Healer","floor":31,"turns":3},{"damage":130,"enemies":"Automaton","floor":33,"turns":6}],"seed_played":"-3557236211288969078","potions_obtained":[{"floor":1.0,"key":"SmokeBomb"},{"floor":11.0,"key":"ColorlessPotion"},{"floor":13.0,"key":"AttackPotion"},{"floor":14.0,"key":"AttackPotion"},{"floor":16.0,"key":"AttackPotion"},{"floor":23.0,"key":"Strength Potion"},{"floor":27,"key":"Regen Potion"},{"floor":29,"key":"Fire Potion"},{"floor":30,"key":"FearPotion"},{"floor":31,"key":"Weak Potion"}],"is_trial":false,"path_per_floor":["M","?","$","?","M","E","M","$","T","T","M","R","M","M","R","B",null,"M","$","M","?","?","E","R","M","T","E","R","M","E","M","R","B"],"character_chosen":"IRONCLAD","items_purchased":["Membership Card","Vajra"],"campfire_rested":1,"item_purchase_floors":[3,8],"current_hp_per_floor":[78,67,67,72,78,91,83,83,83,83,78,78,74,79,79,42,80,69,69,75,75,75,63,63,45,45,29,71,75,72,78,78,0,0],"gold":414,"neow_bonus":"THREE_ENEMY_KILL","is_daily":false,"chose_seed":false,"campfire_upgraded":4,"win_rate":0.0,"timestamp":1609067978,"path_taken":["M","?","$","?","M","E","M","?","T","?","M","R","M","M","R","BOSS","M","$","M","?","?","E","R","M","T","E","R","M","E","?","R","BOSS"],"items_purchased_type":["Relic","Relic"],"build_version":"2020-12-22","purchased_purges":1,"victory":false,"max_hp_per_floor":[80,80,80,85,85,92,92,92,92,92,92,92,92,92,92,92,92,92,92,92,92,92,92,92,92,92,92,92,92,92,92,92,92,92],"card_choices":[{"not_picked":["Iron Wave","Headbutt"],"picked":"Entrench","floor":1.0},{"not_picked":["Clothesline","Heavy Blade","Inflame"],"picked":"SKIP","floor":5.0},{"not_picked":["Cleave","Shockwave"],"picked":"Limit Break","floor":6.0},{"not_picked":["Searing Blow","Armaments"],"picked":"Thunderclap","floor":7.0},{"not_picked":["Rage","Blood for Blood","Sword Boomerang"],"picked":"SKIP","floor":11.0},{"not_picked":["True Grit","Blood for Blood"],"picked":"Perfected Strike","floor":13.0},{"not_picked":["Shockwave","Havoc"],"picked":"Flex","floor":14.0},{"not_picked":["Bludgeon","Fiend Fire"],"picked":"Exhume","floor":16.0},{"not_picked":["Searing Blow","Seeing Red"],"picked":"Perfected Strike","floor":18.0},{"not_picked":["Iron Wave+1","Warcry"],"picked":"Perfected Strike","floor":20.0},{"not_picked":["True Grit+1","Searing Blow+1","Clash"],"picked":"SKIP","floor":23.0},{"not_picked":["Twin Strike","Warcry"],"picked":"Flex+1","floor":25.0},{"not_picked":["Warcry","Clothesline","Havoc"],"picked":"SKIP","floor":27},{"not_picked":["Iron Wave+1","Battle Trance"],"picked":"Demon Form+1","floor":29},{"not_picked":["Pummel","Warcry","Havoc"],"picked":"SKIP","floor":30},{"not_picked":["Wild Strike","Pummel"],"picked":"Reaper","floor":31}],"player_experience":515323,"relics_obtained":[{"floor":6.0,"key":"Strawberry"},{"floor":9.0,"key":"StrikeDummy"},{"floor":10.0,"key":"Nunchaku"},{"floor":23.0,"key":"Anchor"},{"floor":26.0,"key":"Frozen Egg 2"},{"floor":27,"key":"Regal Pillow"},{"floor":30,"key":"MawBank"}],"event_choices":[{"damage_healed":0.0,"max_hp_gain":0.0,"max_hp_loss":0.0,"gold_gain":75.0,"event_name":"World of Goop","player_choice":"Gather Gold","floor":2.0,"gold_loss":0.0,"damage_taken":11.0},{"damage_healed":0.0,"max_hp_gain":5.0,"max_hp_loss":0.0,"gold_gain":0.0,"event_name":"Big Fish","player_choice":"Donut","floor":4.0,"gold_loss":0.0,"damage_taken":0.0},{"damage_healed":0.0,"max_hp_gain":0.0,"max_hp_loss":0.0,"gold_gain":0.0,"event_name":"Back to Basics","player_choice":"Simplicity","floor":21.0,"gold_loss":0.0,"damage_taken":0.0,"cards_upgraded":["Strike_R","Strike_R","Strike_R","Strike_R","Strike_R","Defend_R","Defend_R","Defend_R","Defend_R"]},{"damage_healed":0.0,"max_hp_gain":0.0,"max_hp_loss":0.0,"gold_gain":0.0,"cards_transformed":["Defend_R"],"event_name":"Transmorgrifier","player_choice":"Transformed","floor":22.0,"gold_loss":0.0,"damage_taken":0.0,"cards_obtained":["Infernal Blade"]}],"is_beta":false,"boss_relics":[{"not_picked":["Pandora\u0027s Box","Calling Bell"],"picked":"Mark of Pain"}],"items_purged_floors":[19],"is_endless":false,"potions_floor_spawned":[1,11,13,14,16,23,27,29,30,31],"killed_by":"Automaton","ascension_level":9}}