{"host":"7nu0fnckee4tlfez","time":1609085399,"event":{"mods":["2.2 Compatiblity","AchievementEnabler","Astrologer","BaseMod","CapriCore","Colored Map","Downfall","Lobotomy","LobotomyExtend","Marisa£¨Ùöéë¡¡Øª×âÞÞ£©","Minty Spire (QoL Compilation)","StSLib","SuperFastMode","The Immortal"],"gold_per_floor":[99,115,126,141,91,107,107,107,177,177,177,189,184,184,184,283,283,283,283],"floor_reached":18,"playtime":640,"items_purged":[],"score":154,"play_id":"ff24a14f-495f-484b-a5e2-af787346a02f","local_time":"20201228010959","is_ascension_mode":false,"campfire_choices":[{"data":"Finisher","floor":8.0,"key":"SMITH"},{"data":"Accuracy","floor":10.0,"key":"SMITH"},{"data":"Neutralize","floor":15,"key":"SMITH"}],"circlet_count":0,"master_deck":["Strike_G","Strike_G","Strike_G","Defend_G","Defend_G","Defend_G","Defend_G","Defend_G","Survivor","Neutralize+1","Finisher+1","OldLady","Accuracy+1","Freischutz","ShyLook","Dagger Spray","DreamingCurrent","Dagger Throw","MeatLantern","GreedKing","Die Die Die"],"relics":["Ring of the Snake","CogitoBucket","RabbitCall","LetterFromLob","Unceasing Top","Pantograph","Boot","BehaviorAdjustment","Coffee Dripper"],"acts_visited":["Exordium","TheCity"],"potions_floor_usage":[],"damage_taken":[{"damage":3.0,"enemies":"Jaw Worm","floor":1.0,"turns":5.0},{"damage":0.0,"enemies":"Small Slimes","floor":2.0,"turns":2.0},{"damage":0.0,"enemies":"Cultist","floor":3.0,"turns":3.0},{"damage":9.0,"enemies":"Blue Slaver","floor":4.0,"turns":4.0},{"damage":3.0,"enemies":"Large Slime","floor":6.0,"turns":5.0},{"damage":7,"enemies":"Red Slaver","floor":12,"turns":4},{"damage":29,"enemies":"Exordium Wildlife","floor":13,"turns":6},{"damage":80,"enemies":"The Guardian","floor":16,"turns":18},{"damage":42,"enemies":"Shell Parasite","floor":18,"turns":1}],"seed_played":"-7998176921712223084","potions_obtained":[{"floor":1.0,"key":"Poison Potion"},{"floor":4.0,"key":"Energy Potion"},{"floor":6.0,"key":"Ancient Potion"},{"floor":16,"key":"FearPotion"}],"is_trial":false,"path_per_floor":["M","M","M","M","?","M","?","R","T","R","?","M","M","?","R","B",null,"M"],"character_chosen":"THE_SILENT","items_purchased":[],"campfire_rested":0,"item_purchase_floors":[],"current_hp_per_floor":[67,67,67,58,58,55,52,52,52,52,52,69,70,70,70,48,70,28,28],"gold":283,"neow_bonus":"","is_daily":false,"chose_seed":false,"campfire_upgraded":3,"win_rate":0.0,"timestamp":1609085399,"path_taken":["M","M","M","M","?","M","?","R","T","R","?","M","?","?","R","BOSS","M"],"items_purchased_type":[],"build_version":"2020-12-22","purchased_purges":0,"victory":false,"max_hp_per_floor":[70,70,70,70,70,70,70,70,70,70,70,70,70,70,70,70,70,70,70],"card_choices":[{"not_picked":["CrumblingArmor","PunishingBird","CherryBlossoms"],"picked":"Singing Bowl","floor":1.0},{"not_picked":["Skewer","Deadly Poison"],"picked":"Finisher","floor":1.0},{"not_picked":["OSAHOGD","Scorched"],"picked":"OldLady","floor":2.0},{"not_picked":["Distraction","Dagger Throw"],"picked":"Accuracy","floor":2.0},{"not_picked":["CherryBlossoms","Murderer","OSAHOGD"],"picked":"Singing Bowl","floor":3.0},{"not_picked":["WallGazer","Bloodbath"],"picked":"Freischutz","floor":3.0},{"not_picked":["Calculated Gamble","Dodge and Roll","Tactician"],"picked":"SKIP","floor":3.0},{"not_picked":["MeatLantern","FairyFestival"],"picked":"ShyLook","floor":4.0},{"not_picked":["Burst","Outmaneuver"],"picked":"Dagger Spray","floor":4.0},{"not_picked":["FairyFestival","Murderer"],"picked":"DreamingCurrent","floor":6.0},{"not_picked":["Underhanded Strike","Eviscerate","Quick Slash"],"picked":"SKIP","floor":6.0},{"not_picked":["Laetitia","BeautyBeast","Wellcheers"],"picked":"Singing Bowl","floor":12},{"not_picked":["Deadly Poison","Underhanded Strike"],"picked":"Dagger Throw","floor":12},{"not_picked":["OSAHOGD","WhitesApple","Funeral"],"picked":"Singing Bowl","floor":13},{"not_picked":["MHz","NakedNest"],"picked":"MeatLantern","floor":13},{"not_picked":["Acrobatics","Deflect","PiercingWail"],"picked":"SKIP","floor":13},{"not_picked":["MHz","SpiderBud"],"picked":"GreedKing","floor":16},{"not_picked":["Glass Knife","Unload"],"picked":"Die Die Die","floor":16}],"player_experience":55236,"relics_obtained":[{"floor":1.0,"key":"LetterFromLob"},{"floor":9.0,"key":"Pantograph"}],"event_choices":[{"cards_removed":["Strike_G"],"damage_healed":0.0,"max_hp_gain":0.0,"max_hp_loss":0.0,"gold_gain":0.0,"event_name":"The Cleric","player_choice":"Card Removal","floor":5.0,"gold_loss":50.0,"damage_taken":0.0},{"damage_healed":0.0,"max_hp_gain":0.0,"max_hp_loss":0.0,"gold_gain":0.0,"event_name":"Scrap Ooze","player_choice":"Success","floor":7.0,"gold_loss":0.0,"damage_taken":3.0,"relics_obtained":["Unceasing Top"]},{"damage_healed":0.0,"max_hp_gain":0.0,"max_hp_loss":0.0,"gold_gain":0.0,"event_name":"WeMeetAgain","player_choice":"Gave Potion","floor":11.0,"gold_loss":0.0,"damage_taken":0.0,"relics_obtained":["Boot"]},{"cards_removed":["Strike_G"],"damage_healed":0,"gold_gain":0,"player_choice":"Forget","damage_taken":0,"max_hp_gain":0,"max_hp_loss":0,"event_name":"Living Wall","floor":14,"gold_loss":0}],"is_beta":false,"boss_relics":[{"not_picked":["HoveringKite","Calling Bell"],"picked":"Coffee Dripper"}],"items_purged_floors":[],"is_endless":false,"potions_floor_spawned":[1,4,6,16],"killed_by":"Shell Parasite","ascension_level":0}}