{"host":"627up2rvtmm0cf0r","time":1609081274,"event":{"mods":["ATMod(阿瑾Mod)","Act Like it!","BaseMod","Better Vampires","CapriCore","Card Filter","Card Forge","Colored Powertips","DeckTracker","Dota2Spire","Friendly Minions","Highlight Path","Infinite Spire","Jedi Mod","Marked Mod","Mimic Mod","Minty Spire (QoL Compilation)","MostiFishMod","Permanent Neow","Practice Mode","Quick Restart","Relic Stats","Shop Mod","Spicy Shops","StSLib","SuperFastMode","TestMod","【遗物卡牌】REMEMod","残留之物","篝火指南"],"gold_per_floor":[359,370,54,72,147,147,176,576,599,599,627,643,670,725,725,799,799,811,811,860,860,785,814,814,828,828,828,500,514,532,547,547,624,624,641,652,700,700,117,117,147,408,408,408,408,408,408,408,212,212,212,212,27,27,27],"floor_reached":56,"playtime":1563,"items_purged":["Parasite","Strike_P","Strike_P","Injury","Vigilance","Defend_P"],"score":2450,"play_id":"140200d1-cd22-4f91-a815-94fbccd82149","local_time":"20201227230114","is_ascension_mode":true,"campfire_choices":[{"data":"AT_KingSlayer","floor":6.0,"key":"SMITH"},{"data":"MostiFishMod:GoodWordForIt","floor":10.0,"key":"SMITH"},{"data":"REME_Repentance","floor":15.0,"key":"SMITH"},{"data":"AT_MachinaRedman","floor":24.0,"key":"SMITH"},{"floor":32,"key":"RECALL"},{"data":"Eruption","floor":40,"key":"SMITH"}],"circlet_count":0,"master_deck":["AscendersBane","Defend_P","Defend_P","Defend_P","Eruption+1","AT_KingSlayer+1","MostiFishMod:GoodWordForIt+1","REME_Repentance+1","MostiFishMod:PathToVictory+1","AT_MachinaRedman+1"],"relics":["PureWater","Hammer of Thor","Seething Fire","Anvil of the Gods","DaveBox","testmod-TestBox","REME_ComplimentaryCards","testmod-ChristmasGift","JellyFishMachine","SynthV:TestCard","Dota2Spire:MonkeyKingBar","Dota2Spire:ShadowBlade","HornCleat","testmod-Justice","SentryEyes","FeatherPendant","testmod-OneHitWonder","Dota2Spire:Desolator","SynthV:C4","testmod-Muramasa","Dota2Spire:ArcaneBoots","Dota2Spire:RefresherOrb","jedi:kaleidoscope","AT_ChloranthyRing","Membership Card","Bottled Flame","ImprovedEquipment","jedi:ominousloannote","infinitespire:Bottled Soul","Orichalcum","testmod-Antiphasic","jedi:crownofsimplicity","BrkXgEgg","Medical Kit","Dota2Spire:Mjollnir","PlaceholderMod:SoulofChaos"],"acts_visited":["Exordium","TheCity","TheBeyond","TheEnding"],"potions_floor_usage":[55],"damage_taken":[{"damage":0.0,"enemies":"2 Louse","floor":1.0,"turns":4.0},{"damage":0.0,"enemies":"Small Slimes","floor":2.0,"turns":2.0},{"damage":12.0,"enemies":"Jaw Worm","floor":4.0,"turns":4.0},{"damage":12.0,"enemies":"Lagavulin","floor":7.0,"turns":7.0},{"damage":16.0,"enemies":"Gremlin Nob","floor":11.0,"turns":3.0},{"damage":0.0,"enemies":"Looter","floor":12.0,"turns":1.0},{"damage":0.0,"enemies":"3 Sentries","floor":13.0,"turns":3.0},{"damage":0.0,"enemies":"Gremlin Nob","floor":14.0,"turns":2.0},{"damage":17.0,"enemies":"Hexaghost","floor":16.0,"turns":4.0},{"damage":0.0,"enemies":"Chosen","floor":18.0,"turns":2.0},{"damage":0.0,"enemies":"3 Byrds","floor":20.0,"turns":2.0},{"damage":0.0,"enemies":"REME_1_Revenger","floor":23.0,"turns":3.0},{"damage":0.0,"enemies":"3 Cultists","floor":25.0,"turns":1.0},{"damage":0,"enemies":"Cultist and Chosen","floor":29,"turns":2},{"damage":0,"enemies":"Snecko","floor":30,"turns":2},{"damage":0,"enemies":"Chosen and Byrds","floor":31,"turns":1},{"damage":0,"enemies":"Automaton","floor":33,"turns":2},{"damage":28,"enemies":"3 Shapes","floor":35,"turns":1},{"damage":0,"enemies":"Orb Walker","floor":36,"turns":2},{"damage":0,"enemies":"2 Orb Walkers","floor":37,"turns":1},{"damage":0,"enemies":"Nemesis","floor":41,"turns":1},{"damage":0,"enemies":"Giant Head","floor":44,"turns":1},{"damage":0,"enemies":"Jaw Worm Horde","floor":45,"turns":2},{"damage":0,"enemies":"Transient","floor":46,"turns":1},{"damage":0,"enemies":"3 Darklings","floor":47,"turns":2},{"damage":0,"enemies":"Writhing Mass","floor":48,"turns":1},{"damage":0,"enemies":"Time Eater","floor":50,"turns":1},{"damage":0,"enemies":"Shield and Spear","floor":54,"turns":2},{"damage":22,"enemies":"The Heart","floor":55,"turns":3}],"seed_played":"5522568836564053626","potions_obtained":[{"floor":2.0,"key":"Fire Potion"},{"floor":7.0,"key":"Fire Potion"},{"floor":11.0,"key":"jedi:wingpotion"},{"floor":14.0,"key":"Dota2Spire:HealingSalve"},{"floor":18.0,"key":"REME_GoldPotion"},{"floor":20.0,"key":"jedi:tentaclejuice"},{"floor":31,"key":"testmod-TestPotion"}],"is_trial":false,"path_per_floor":["M","M","$","M","?","R","E","?","T","R","E","M","E","?","R","B",null,"M","?","M","AVR","?","E","R","M","T","?","R","M","M","M","R","B",null,"M","M","?","?","$","R","E","R","T","E","M","M","M","M","R","B",null,"R","$","E","B",null],"character_chosen":"WATCHER","items_purchased":["Dota2Spire:MonkeyKingBar","testmod-Muramasa","Dota2Spire:ArcaneBoots","AT_ChloranthyRing","Membership Card","Bottled Flame","ImprovedEquipment","jedi:ominousloannote","infinitespire:Bottled Soul","jedi:crownofsimplicity","BrkXgEgg","Medical Kit","Dota2Spire:Mjollnir"],"campfire_rested":0,"item_purchase_floors":[3,28,28,39,39,39,39,42,42,49,49,53,53],"current_hp_per_floor":[69,71,69,61,50,50,44,44,44,44,34,35,41,46,46,35,61,62,62,65,65,65,68,68,69,69,69,69,69,69,69,69,69,69,50,53,56,56,56,56,58,58,58,62,65,69,69,69,69,69,69,69,69,69,47],"gold":27,"neow_bonus":"TWO_FIFTY_GOLD","is_daily":false,"chose_seed":false,"campfire_upgraded":5,"win_rate":0.0,"timestamp":1609081274,"path_taken":["M","M","$","M","?","R","E","?","T","R","E","M","E","?","R","BOSS","M","?","M","AVR","?","E","R","M","T","?","R","M","M","?","R","BOSS","M","M","?","?","$","R","E","R","T","E","?","M","M","M","R","BOSS","R","$","E","BOSS"],"items_purchased_type":["Relic","Relic","Relic","Relic","Relic","Relic","Relic","Relic","Relic","Relic","Relic","Relic","Relic"],"build_version":"2020-12-22","purchased_purges":6,"victory":true,"max_hp_per_floor":[72,72,69,69,69,69,69,69,69,69,69,69,69,69,69,69,69,69,69,69,69,69,69,69,69,69,69,69,69,69,69,69,69,69,69,69,69,69,69,69,69,69,69,69,69,69,69,69,69,69,69,69,69,69,69],"relic_stats":{"counters":[29,61],"Orichalcum":[0],"Medical Kit":[6],"obtain_stats":[{"AT_ATBox":0,"DaveBox":0,"Hammer of Thor":0,"Dota2Spire:ShadowBlade":7,"Dota2Spire:RefresherOrb":34,"SynthV:C4":26,"HornCleat":11,"infinitespire:Bottled Soul":42,"Dota2Spire:Mjollnir":53,"Dota2Spire:ArcaneBoots":28,"testmod-ChristmasGift":0,"AT_ChloranthyRing":39,"testmod-Muramasa":28,"testmod-TestBox":0,"JellyFishMachine":0,"ImprovedEquipment":39,"BrkXgEgg":49,"Seething Fire":0,"jedi:crownofsimplicity":49,"testmod-Justice":13,"Orichalcum":43,"Medical Kit":53,"testmod-Antiphasic":44,"Bottled Flame":39,"SynthV:TestCard":1,"jedi:kaleidoscope":37,"Anvil of the Gods":0,"FeatherPendant":17,"jedi:ominousloannote":42,"SentryEyes":14,"Membership Card":39,"PureWater":0,"PlaceholderMod:SoulofChaos":54,"Dota2Spire:MonkeyKingBar":3,"testmod-OneHitWonder":21,"REME_ComplimentaryCards":0,"Dota2Spire:Desolator":23},{"AT_ATBox":0,"DaveBox":0,"Hammer of Thor":0,"Dota2Spire:ShadowBlade":4,"Dota2Spire:RefresherOrb":17,"SynthV:C4":13,"HornCleat":5,"infinitespire:Bottled Soul":21,"Dota2Spire:Mjollnir":27,"Dota2Spire:ArcaneBoots":13,"testmod-ChristmasGift":0,"AT_ChloranthyRing":20,"testmod-Muramasa":13,"testmod-TestBox":0,"JellyFishMachine":0,"ImprovedEquipment":20,"BrkXgEgg":26,"Seething Fire":0,"jedi:crownofsimplicity":26,"testmod-Justice":7,"Orichalcum":21,"Medical Kit":27,"testmod-Antiphasic":22,"Bottled Flame":20,"SynthV:TestCard":1,"jedi:kaleidoscope":20,"Anvil of the Gods":0,"FeatherPendant":9,"jedi:ominousloannote":21,"SentryEyes":7,"Membership Card":20,"PureWater":0,"PlaceholderMod:SoulofChaos":28,"Dota2Spire:MonkeyKingBar":2,"testmod-OneHitWonder":11,"REME_ComplimentaryCards":0,"Dota2Spire:Desolator":12},{"AT_ATBox":0,"DaveBox":0,"Hammer of Thor":0,"Dota2Spire:ShadowBlade":17,"Dota2Spire:RefresherOrb":44,"SynthV:C4":37,"HornCleat":20,"infinitespire:Bottled Soul":49,"Dota2Spire:Mjollnir":57,"Dota2Spire:ArcaneBoots":37,"testmod-ChristmasGift":0,"AT_ChloranthyRing":48,"testmod-Muramasa":37,"testmod-TestBox":0,"JellyFishMachine":0,"ImprovedEquipment":48,"BrkXgEgg":56,"Seething Fire":0,"jedi:crownofsimplicity":56,"testmod-Justice":24,"Orichalcum":49,"Medical Kit":57,"testmod-Antiphasic":50,"Bottled Flame":48,"SynthV:TestCard":4,"jedi:kaleidoscope":48,"Anvil of the Gods":0,"FeatherPendant":30,"jedi:ominousloannote":49,"SentryEyes":24,"Membership Card":48,"PureWater":0,"PlaceholderMod:SoulofChaos":58,"Dota2Spire:MonkeyKingBar":6,"testmod-OneHitWonder":33,"REME_ComplimentaryCards":0,"Dota2Spire:Desolator":36}]},"card_choices":[{"not_picked":["Evaluate","ClearTheMind","REME_MusicOfDeath"],"picked":"SKIP","floor":1.0},{"not_picked":["Prostrate","MostiFishMod:Clarity","MarkedMod:PinPointDefense","Crescendo","SandsOfTime"],"picked":"SKIP","floor":2.0},{"not_picked":["FlurryOfBlows","EmptyFist","CutThroughFate","Study","DeceiveReality"],"picked":"SKIP","floor":4.0},{"not_picked":["MostiFishMod:Speedup","ReachHeaven","MostiFishMod:Dust","FlyingSleeves","CutThroughFate"],"picked":"SKIP","floor":7.0},{"not_picked":["ClearTheMind","MostiFishMod:PathToVictory","WaveOfTheHand","MarkedMod:Acupuncture","Conclude"],"picked":"SKIP","floor":11.0},{"not_picked":["SashWhip","Evaluate","Halt","FlyingSleeves","InnerPeace"],"picked":"SKIP","floor":12.0},{"not_picked":["Prostrate","SashWhip","PathToVictory","EmptyBody"],"picked":"REME_Repentance","floor":13.0},{"not_picked":["Crescendo","JustLucky","MarkedMod:OneThousandNeedles","EmptyFist"],"picked":"MostiFishMod:PathToVictory","floor":14.0},{"not_picked":["Scrawl","Judgement","Omniscience","MarkedMod:SlowDance"],"picked":"AT_MachinaRedman","floor":16.0},{"not_picked":["Prostrate","ForeignInfluence","ClearTheMind","Evaluate","REME_Repentance"],"picked":"SKIP","floor":18.0},{"not_picked":["ClearTheMind","Consecrate","BowlingBash","Prostrate","Evaluate"],"picked":"SKIP","floor":20.0},{"not_picked":["CrushJoints","EmptyFist","LessonLearned","Adaptation","MarkedMod:GentlePulse"],"picked":"SKIP","floor":23.0},{"not_picked":["MarkedMod:FirstStrike","EmptyBody","Weave","CutThroughFate","Crescendo"],"picked":"SKIP","floor":25.0},{"not_picked":["CrushJoints","MostiFishMod:FlowState","FlurryOfBlows","Fasting2","MostiFishMod:Unraveling"],"picked":"SKIP","floor":29},{"not_picked":["Prostrate","SignatureMove","MarkedMod:Acupuncture","SashWhip","MarkedMod:FirstStrike"],"picked":"SKIP","floor":30},{"not_picked":["MostiFishMod:Speedup","Halt","CrushJoints","EmptyFist","ClearTheMind"],"picked":"SKIP","floor":31},{"not_picked":["BowlingBash","REME_Repentance","WindmillStrike","SashWhip","MarkedMod:PinPointDefense"],"picked":"SKIP","floor":35},{"not_picked":["Sanctity+1","MostiFishMod:Nomercy","TalkToTheHand","ThirdEye","EmptyBody"],"picked":"SKIP","floor":36},{"not_picked":["JustLucky+1","AT_RealFormLess","Prostrate","Study","WreathOfFlame+1"],"picked":"SKIP","floor":41},{"not_picked":["Meditate","MarkedMod:GentlePulse","SashWhip","MentalFortress","MostiFishMod:OutWit"],"picked":"SKIP","floor":44},{"not_picked":["FlurryOfBlows","CrushJoints","MarkedMod:Acupuncture","Prostrate+1","BowlingBash+1"],"picked":"SKIP","floor":45},{"not_picked":["ThirdEye","Consecrate","EmptyFist","AT_DivineConfetti+1","AT_RealFormLess"],"picked":"SKIP","floor":46},{"not_picked":["MostiFishMod:PathToVictory","REME_Repentance+1","Halt+1","Protect","Evaluate"],"picked":"SKIP","floor":47},{"not_picked":["AT_OneInchPunch+1","CutThroughFate","REME_MusicOfDeath","MarkedMod:Acupuncture","Consecrate"],"picked":"SKIP","floor":48},{"not_picked":["Prostrate","Nirvana+1","CutThroughFate+1","MostiFishMod:LegendTransform","ThirdEye"],"picked":"SKIP","floor":54}],"player_experience":54196,"relics_obtained":[{"floor":1.0,"key":"SynthV:TestCard"},{"floor":7.0,"key":"Dota2Spire:ShadowBlade"},{"floor":11.0,"key":"HornCleat"},{"floor":13.0,"key":"testmod-Justice"},{"floor":23.0,"key":"Dota2Spire:Desolator"},{"floor":26.0,"key":"SynthV:C4"},{"floor":37,"key":"jedi:kaleidoscope"},{"floor":43,"key":"Orichalcum"},{"floor":44,"key":"testmod-Antiphasic"},{"floor":54,"key":"PlaceholderMod:SoulofChaos"}],"event_choices":[{"damage_healed":0.0,"max_hp_gain":0.0,"max_hp_loss":0.0,"gold_gain":75.0,"event_name":"World of Goop","player_choice":"Gather Gold","floor":5.0,"gold_loss":0.0,"damage_taken":11.0},{"damage_healed":0.0,"max_hp_gain":0.0,"max_hp_loss":0.0,"gold_gain":400.0,"event_name":"恩洛斯的盘子","player_choice":"Sell","floor":8.0,"relics_lost":["AT_ATBox"],"gold_loss":0.0,"damage_taken":0.0},{"damage_healed":0.0,"max_hp_gain":0.0,"max_hp_loss":0.0,"gold_gain":30.0,"event_name":"Dead Adventurer","player_choice":"Searched \u00273\u0027 times","floor":14.0,"gold_loss":0.0,"damage_taken":0.0,"relics_obtained":["SentryEyes"]},{"damage_healed":0.0,"max_hp_gain":0.0,"max_hp_loss":0.0,"gold_gain":0.0,"event_name":"Vampires","player_choice":"Ignored","floor":19.0,"gold_loss":0.0,"damage_taken":0.0},{"cards_removed":["Strike_P"],"damage_healed":0.0,"max_hp_gain":0.0,"max_hp_loss":0.0,"gold_gain":0.0,"event_name":"Beggar","player_choice":"Gave Gold","floor":22.0,"gold_loss":75.0,"damage_taken":0.0},{"cards_removed":["Strike_P"],"damage_healed":0.0,"max_hp_gain":0.0,"max_hp_loss":0.0,"gold_gain":0.0,"event_name":"Purifier","player_choice":"Purged","floor":27.0,"gold_loss":0.0,"damage_taken":0.0},{"damage_healed":0,"gold_gain":0,"player_choice":"Fight","damage_taken":0,"max_hp_gain":0,"max_hp_loss":0,"event_name":"Mysterious Sphere","floor":37,"gold_loss":0},{"damage_healed":0,"gold_gain":0,"player_choice":"Forge","damage_taken":0,"max_hp_gain":0,"max_hp_loss":0,"event_name":"Accursed Blacksmith","floor":38,"gold_loss":0,"cards_upgraded":["MostiFishMod:PathToVictory"]}],"is_beta":false,"boss_relics":[{"not_picked":["GuanYuAspect","Snecko Eye"],"picked":"FeatherPendant"},{"not_picked":["EE1DDrone","infinitespire:Cupcake"],"picked":"Dota2Spire:RefresherOrb"}],"items_purged_floors":[3,21,28,39,42,49],"is_endless":false,"potions_floor_spawned":[2,7,11,13,14,18,20,30,31,35,36,44],"ascension_level":13}}