{"host":"d50bw6kybq14xu1u","time":1609077309,"event":{"mods":["BaseMod","Colored Map","Colored Powertips","Minty Spire (QoL Compilation)","Quick Restart"],"gold_per_floor":[117,127,140,150,164,197,197,230,230,230,106,106,106,106,106,204,204,220,220,237,66,66,66,93,112,112,112,112],"floor_reached":27,"playtime":762,"items_purged":["Defend_B"],"score":291,"play_id":"3282a699-3072-4a49-a618-e1a70b915a09","local_time":"20201227215509","is_ascension_mode":false,"campfire_choices":[{"data":"Darkness","floor":7,"key":"SMITH"},{"data":"Zap","floor":10,"key":"SMITH"},{"floor":12,"key":"REST"},{"data":"Streamline","floor":15,"key":"SMITH"},{"data":"Mayhem","floor":23,"key":"SMITH"}],"circlet_count":0,"master_deck":["Strike_B+1","Strike_B+1","Strike_B+1","Strike_B+1","Defend_B+1","Defend_B+1","Zap+1","Dualcast","Streamline+1","Darkness+1","Glacier","Ball Lightning","Conserve Battery","Heatsinks","Multi-Cast","Capacitor","Mayhem+1"],"relics":["Cracked Core","NeowsBlessing","Pen Nib","Omamori","Blue Candle","SlaversCollar","Lantern","Bag of Marbles","Ornamental Fan"],"acts_visited":["Exordium","TheCity"],"potions_floor_usage":[8,8,18],"damage_taken":[{"damage":0,"enemies":"Cultist","floor":1,"turns":1},{"damage":0,"enemies":"Jaw Worm","floor":2,"turns":1},{"damage":0,"enemies":"2 Louse","floor":3,"turns":1},{"damage":11,"enemies":"Red Slaver","floor":4,"turns":3},{"damage":11,"enemies":"Lots of Slimes","floor":5,"turns":5},{"damage":34,"enemies":"Gremlin Nob","floor":6,"turns":6},{"damage":15,"enemies":"3 Sentries","floor":8,"turns":7},{"damage":0,"enemies":"Slime Boss","floor":16,"turns":9},{"damage":6,"enemies":"Shell Parasite","floor":18,"turns":6},{"damage":10,"enemies":"Chosen","floor":20,"turns":3},{"damage":20,"enemies":"Gremlin Leader","floor":24,"turns":6},{"damage":18,"enemies":"Snecko","floor":25,"turns":4},{"damage":21,"enemies":"Shelled Parasite and Fungi","floor":27,"turns":4}],"seed_played":"-717732425729590412","potions_obtained":[{"floor":4,"key":"Energy Potion"},{"floor":5,"key":"Swift Potion"},{"floor":16,"key":"Block Potion"},{"floor":18,"key":"Weak Potion"},{"floor":25,"key":"GamblersBrew"}],"is_trial":false,"path_per_floor":["M","M","M","M","M","E","R","E","T","R","$","R","?","?","R","B",null,"M","T","M","$","?","R","E","M","T","M"],"character_chosen":"DEFECT","items_purchased":["Block Potion","Mayhem"],"campfire_rested":1,"item_purchase_floors":[11,21],"current_hp_per_floor":[75,75,75,64,53,19,19,4,4,4,4,26,51,51,51,51,75,69,69,59,59,59,59,39,21,21,0,0],"gold":112,"neow_bonus":"THREE_ENEMY_KILL","is_daily":false,"chose_seed":false,"campfire_upgraded":4,"win_rate":0.0,"timestamp":1609077309,"path_taken":["M","M","M","?","M","E","R","E","T","R","$","R","?","?","R","BOSS","M","?","?","?","?","R","E","M","T","M"],"items_purchased_type":["Potion","Card"],"build_version":"2020-12-22","purchased_purges":1,"victory":false,"max_hp_per_floor":[75,75,75,75,75,75,75,75,75,75,75,75,75,75,75,75,75,75,75,75,75,75,75,75,75,75,75,75],"card_choices":[{"not_picked":["Stack","Rebound","Auto Shields"],"picked":"SKIP","floor":1},{"not_picked":["Barrage","FTL"],"picked":"Streamline","floor":2},{"not_picked":["Consume","Double Energy"],"picked":"Darkness","floor":3},{"not_picked":["Gash","FTL"],"picked":"Glacier","floor":4},{"not_picked":["Scrape","Streamline","Hologram"],"picked":"SKIP","floor":5},{"not_picked":["Auto Shields","Redo"],"picked":"Ball Lightning","floor":6},{"not_picked":["Redo","Buffer"],"picked":"Conserve Battery","floor":8},{"not_picked":["Reboot","Buffer"],"picked":"Multi-Cast","floor":16},{"not_picked":["Hologram+1","Steam","Coolheaded"],"picked":"SKIP","floor":18},{"not_picked":["Conserve Battery+1","Rebound+1"],"picked":"Capacitor","floor":20},{"not_picked":["Conserve Battery+1","Blizzard","Auto Shields+1"],"picked":"SKIP","floor":24},{"not_picked":["Hologram","Force Field","Streamline"],"picked":"SKIP","floor":25}],"player_experience":30735,"relics_obtained":[{"floor":6,"key":"Pen Nib"},{"floor":8,"key":"Omamori"},{"floor":9,"key":"Blue Candle"},{"floor":19,"key":"Lantern"},{"floor":24,"key":"Bag of Marbles"},{"floor":26,"key":"Ornamental Fan"}],"event_choices":[{"damage_healed":25,"gold_gain":0,"player_choice":"Banana","damage_taken":0,"max_hp_gain":0,"max_hp_loss":0,"event_name":"Big Fish","floor":13,"gold_loss":0},{"damage_healed":0,"gold_gain":0,"cards_transformed":["Defend_B"],"player_choice":"Transformed","damage_taken":0,"max_hp_gain":0,"max_hp_loss":0,"event_name":"Transmorgrifier","floor":14,"gold_loss":0,"cards_obtained":["Heatsinks"]},{"damage_healed":0,"gold_gain":0,"player_choice":"Simplicity","damage_taken":0,"max_hp_gain":0,"max_hp_loss":0,"event_name":"Back to Basics","floor":22,"gold_loss":0,"cards_upgraded":["Strike_B","Strike_B","Strike_B","Strike_B","Defend_B","Defend_B"]}],"is_beta":false,"boss_relics":[{"not_picked":["SacredBark","Fusion Hammer"],"picked":"SlaversCollar"}],"items_purged_floors":[11],"is_endless":false,"potions_floor_spawned":[4,5,16,18,25],"killed_by":"Shelled Parasite and Fungi","ascension_level":0}}