{"host":"areou1to5q11ox5u","time":1609095770,"event":{"mods":["AchievementEnabler","BaseMod","Bestiary","Block Reminder","Colored Map","Colored Powertips","DeckTracker","Downfall","Highlight Path","Infinite Spire","Minty Spire (QoL Compilation)","Permanent Neow","Random Character Button","Relic Sorter","Relic Stats","StSLib","The Jungle"],"gold_per_floor":[114,127,139,10,10,10,10,10,10,66,92,102,134,147,147,249,249,268,268,268,268,285,301,401,401,401,415,415,448,448,468,468,573,623,640,658,18,34,34,34,46,46,71,23,37,48,48,48,48],"floor_reached":48,"playtime":6444,"items_purged":[],"score":512,"play_id":"38c84f3b-8c16-46d2-b923-0f5e88648f40","local_time":"20201227200250","is_ascension_mode":false,"campfire_choices":[{"data":"Riddle With Holes","floor":6,"key":"SMITH"},{"data":"expansioncontent:DefensiveMode","floor":8,"key":"SMITH"},{"data":"Neutralize","floor":15,"key":"SMITH"},{"data":"Outmaneuver","floor":25,"key":"SMITH"},{"data":"Dash","floor":28,"key":"SMITH"},{"data":"PiercingWail","floor":30,"key":"SMITH"},{"data":"Blade Dance","floor":32,"key":"SMITH"},{"floor":40,"key":"REST"},{"data":"Deflect","floor":42,"key":"SMITH"},{"floor":47,"key":"REST"}],"circlet_count":0,"master_deck":["Strike_G","Strike_G","Strike_G","Strike_G","Strike_G","Defend_G","Defend_G","Defend_G","Defend_G","Defend_G","Survivor","Neutralize+1","Endless Agony","Riddle With Holes+1","Sucker Punch","Deadly Poison","expansioncontent:DefensiveMode+1","Noxious Fumes","Flying Knee","Riddle With Holes","Underhanded Strike","Dash+1","Deadly Poison","Phantasmal Killer+1","Endless Agony+1","Choke","Outmaneuver+1","Prepared+1","PiercingWail+1","Blade Dance+1","infinitespire:Neurotoxin+1","Blade Dance","Outmaneuver+1","Blade Dance","expansioncontent:GoopSpray","Heel Hook","Violence","Dagger Throw+1","Deflect+1","Blade Dance","Slice+1"],"relics":["Ring of the Snake","Mummified Hand","Toy Ornithopter","HornCleat","Bronze Scales","WristBlade","Tough Bandages","War Paint","Tiny House","TheAbacus","Lantern","Ancient Tea Set"],"acts_visited":["Exordium","Exordium","TheBeyond"],"potions_floor_usage":[11,18,23,23,29,33,33,36,41,46,46],"damage_taken":[{"damage":0,"enemies":"Small Slimes","floor":1,"turns":4},{"damage":0,"enemies":"Jaw Worm","floor":2,"turns":3},{"damage":0,"enemies":"2 Louse","floor":3,"turns":2},{"damage":22,"enemies":"3 Sentries","floor":10,"turns":9},{"damage":5,"enemies":"Lagavulin","floor":11,"turns":6},{"damage":2,"enemies":"Large Slime","floor":12,"turns":4},{"damage":9,"enemies":"3 Sentries","floor":13,"turns":7},{"damage":3,"enemies":"Lots of Slimes","floor":14,"turns":4},{"damage":9,"enemies":"The Guardian","floor":16,"turns":9},{"damage":5,"enemies":"theJungle:5_Spyders","floor":18,"turns":7},{"damage":13,"enemies":"Shell Parasite","floor":22,"turns":4},{"damage":0,"enemies":"theJungle:Lyon","floor":23,"turns":3},{"damage":7,"enemies":"theJungle:JungleHuntersEncounter","floor":27,"turns":6},{"damage":10,"enemies":"theJungle:2_Phrogs","floor":29,"turns":7},{"damage":0,"enemies":"Snake Plant","floor":31,"turns":3},{"damage":50,"enemies":"theJungle:FunGuy","floor":33,"turns":11},{"damage":15,"enemies":"Orb Walker","floor":35,"turns":3},{"damage":23,"enemies":"3 Darklings","floor":36,"turns":8},{"damage":10,"enemies":"4 Shapes","floor":38,"turns":6},{"damage":17,"enemies":"Jaw Worm Horde","floor":41,"turns":5},{"damage":26,"enemies":"Maw","floor":45,"turns":7},{"damage":22,"enemies":"Transient","floor":46,"turns":5},{"damage":39,"enemies":"Giant Head","floor":48,"turns":6}],"seed_played":"-6472475583900531050","potions_obtained":[{"floor":2,"key":"Fire Potion"},{"floor":3,"key":"Block Potion"},{"floor":14,"key":"SkillPotion"},{"floor":16,"key":"PowerPotion"},{"floor":22,"key":"FearPotion"},{"floor":23,"key":"Guardian:BlockOnCardUsePotion"},{"floor":29,"key":"Strength Potion"},{"floor":34,"key":"CunningPotion"},{"floor":35,"key":"Poison Potion"},{"floor":36,"key":"Ancient Potion"},{"floor":38,"key":"Energy Potion"},{"floor":46,"key":"LiquidBronze"}],"is_trial":false,"path_per_floor":["M","M","M","$","?","R","?","R","T","?","E","M","E","M","R","B",null,"M","?","?","?","M","M","?","R","T","M","R","E","R","M","R","B",null,"M","M","$","M","?","R","M","R","T","$","M","M","R","E"],"character_chosen":"THE_SILENT","items_purchased":["expansioncontent:DefensiveMode","Noxious Fumes","TheAbacus","Lantern","expansioncontent:GoopSpray","Heel Hook","Violence","ColorlessPotion"],"campfire_rested":2,"item_purchase_floors":[4,4,37,37,37,37,37,44],"current_hp_per_floor":[70,70,70,70,70,70,70,70,70,48,48,46,37,34,34,25,70,65,65,65,65,52,62,62,62,62,55,55,50,50,50,50,10,75,60,42,42,32,32,54,42,42,42,42,16,15,37,0,0],"gold":48,"neow_bonus":"THREE_CARDS","is_daily":false,"chose_seed":false,"campfire_upgraded":8,"win_rate":0.0,"timestamp":1609095770,"path_taken":["M","M","M","$","?","R","?","R","T","?","E","M","E","M","R","BOSS","M","?","?","?","M","M","?","R","T","M","R","E","R","?","R","BOSS","M","M","$","M","?","R","M","R","T","?","M","M","R","E"],"items_purchased_type":["Card","Card","Relic","Relic","Card","Card","Card","Potion"],"build_version":"2020-12-22","purchased_purges":0,"victory":false,"max_hp_per_floor":[70,70,70,70,70,70,70,70,70,70,70,70,70,70,70,70,70,70,70,70,70,70,70,70,70,70,70,70,70,70,70,70,70,75,75,75,75,75,75,75,75,75,75,75,75,75,75,75,75],"relic_stats":{"Tough Bandages":[75],"TheAbacus":[6],"counters":[23,129],"Mummified Hand":[31],"Bronze Scales":[257],"War Paint":["Phantasmal Killer","Prepared"],"obtain_stats":[{"Tough Bandages":26,"Lantern":37,"HornCleat":11,"Tiny House":34,"TheAbacus":37,"WristBlade":17,"Mummified Hand":9,"Bronze Scales":13,"War Paint":29,"Ancient Tea Set":43,"Toy Ornithopter":10,"Ring of the Snake":0},{"Tough Bandages":12,"Lantern":18,"HornCleat":5,"Tiny House":16,"TheAbacus":18,"WristBlade":9,"Mummified Hand":3,"Bronze Scales":7,"War Paint":14,"Ancient Tea Set":20,"Toy Ornithopter":3,"Ring of the Snake":0},{"Tough Bandages":62,"Lantern":100,"HornCleat":24,"Tiny House":89,"TheAbacus":100,"WristBlade":48,"Mummified Hand":9,"Bronze Scales":35,"War Paint":75,"Ancient Tea Set":111,"Toy Ornithopter":9,"Ring of the Snake":0}],"Toy Ornithopter":50,"Ring of the Snake":[48]},"card_choices":[{"not_picked":["Backflip","Calculated Gamble"],"picked":"Endless Agony","floor":0},{"not_picked":["Acrobatics","Dodge and Roll"],"picked":"Riddle With Holes","floor":1},{"not_picked":["Predator","Backflip"],"picked":"Sucker Punch","floor":2},{"not_picked":["Slice","Escape Plan"],"picked":"Deadly Poison","floor":3},{"not_picked":["Sucker Punch","Predator"],"picked":"Flying Knee","floor":10},{"not_picked":["Wraith Form v2","Quick Slash"],"picked":"Riddle With Holes","floor":11},{"not_picked":["PiercingWail","Dagger Spray"],"picked":"Underhanded Strike","floor":12},{"not_picked":["PiercingWail","Tactician"],"picked":"Dash","floor":13},{"not_picked":["Reflex","Dagger Throw"],"picked":"Deadly Poison","floor":14},{"not_picked":["Burst","Wraith Form v2"],"picked":"Phantasmal Killer","floor":16},{"not_picked":["Infinite Blades","Deflect"],"picked":"Endless Agony+1","floor":18},{"not_picked":["Deadly Poison","PiercingWail"],"picked":"Choke","floor":22},{"not_picked":["Dagger Spray","Reflex+1"],"picked":"Outmaneuver","floor":23},{"not_picked":["Outmaneuver","Backflip"],"picked":"Prepared","floor":27},{"not_picked":["Malaise","Predator"],"picked":"PiercingWail","floor":29},{"not_picked":["PiercingWail","Dagger Spray+1"],"picked":"Blade Dance","floor":31},{"not_picked":["Wraith Form v2","Burst"],"picked":"infinitespire:Neurotoxin","floor":33},{"not_picked":["Underhanded Strike","Crippling Poison"],"picked":"Blade Dance","floor":34},{"not_picked":["Slice+1","Eviscerate"],"picked":"Outmaneuver+1","floor":35},{"not_picked":["Caltrops+1","Dagger Spray"],"picked":"Blade Dance","floor":36},{"not_picked":["After Image","Expertise+1"],"picked":"Dagger Throw+1","floor":38},{"not_picked":["Backflip+1","Acrobatics+1"],"picked":"Deflect","floor":41},{"not_picked":["Flechettes","Dagger Spray"],"picked":"Blade Dance","floor":45},{"not_picked":["Deadly Poison","Calculated Gamble+1"],"picked":"Slice+1","floor":46}],"player_experience":27304,"relics_obtained":[{"floor":9,"key":"Mummified Hand"},{"floor":11,"key":"HornCleat"},{"floor":13,"key":"Bronze Scales"},{"floor":26,"key":"Tough Bandages"},{"floor":29,"key":"War Paint"},{"floor":43,"key":"Ancient Tea Set"}],"event_choices":[{"damage_healed":0,"gold_gain":0,"player_choice":"Ignored","damage_taken":0,"max_hp_gain":0,"max_hp_loss":0,"event_name":"Golden Wing","floor":5,"gold_loss":0},{"damage_healed":0,"gold_gain":0,"player_choice":"Searched \u00272\u0027 times","damage_taken":0,"relics_obtained":["Toy Ornithopter"],"max_hp_gain":0,"max_hp_loss":0,"event_name":"Dead Adventurer","floor":10,"gold_loss":0},{"damage_healed":0,"gold_gain":100,"player_choice":"Pray","damage_taken":0,"max_hp_gain":0,"max_hp_loss":0,"event_name":"Golden Shrine","floor":24,"gold_loss":0},{"cards_removed":["theJungle:PetSnecko"],"damage_healed":0,"gold_gain":0,"player_choice":"Purged","damage_taken":0,"max_hp_gain":0,"max_hp_loss":0,"event_name":"Purifier","floor":39,"gold_loss":0}],"is_beta":false,"boss_relics":[{"not_picked":["Runic Pyramid","Cursed Key"],"picked":"WristBlade"},{"not_picked":["SacredBark","Coffee Dripper"],"picked":"Tiny House"}],"items_purged_floors":[],"is_endless":false,"potions_floor_spawned":[2,3,14,16,22,23,29,35,36,38,46],"killed_by":"Giant Head","ascension_level":0}}