{"host":"uygi583ztioqt878","time":1609094023,"event":{"mods":["BaseMod","Colored Map","Downfall","Minty Spire (QoL Compilation)","StSLib","The Animator"],"gold_per_floor":[113,132,132,145,162,193,193,213,239,239,259,259,37,37,37,134,134,147,200,312,309,332,344,344],"floor_reached":23,"playtime":991,"items_purged":[],"score":193,"play_id":"e7ee230c-c20a-4aac-861c-9efa762b610a","local_time":"20201227193343","is_ascension_mode":false,"campfire_choices":[{"floor":7,"key":"REST"},{"floor":10,"key":"REST"},{"data":"Rampage","floor":15,"key":"SMITH"}],"circlet_count":0,"master_deck":["Strike_R","Strike_R","Strike_R","Strike_R","Defend_R","Defend_R","Defend_R","Defend_R","Bash","Sword Boomerang","Rampage+1","Inflame","Carnage","Clash","Disarm","Iron Wave","Twin Strike","Intimidate","Strike_B","Berserk","Anger","Anger","Hemokinesis"],"relics":["Burning Blood","Oddly Smooth Stone","Tiny Chest","Dream Catcher","Juzu Bracelet","Membership Card","Happy Flower","Sozu","MawBank"],"acts_visited":["Exordium","TheCity"],"potions_floor_usage":[16],"damage_taken":[{"damage":5,"enemies":"Small Slimes","floor":1,"turns":3},{"damage":6,"enemies":"Cultist","floor":2,"turns":3},{"damage":5,"enemies":"Jaw Worm","floor":4,"turns":3},{"damage":15,"enemies":"Lots of Slimes","floor":5,"turns":4},{"damage":27,"enemies":"Gremlin Nob","floor":6,"turns":4},{"damage":7,"enemies":"Red Slaver","floor":8,"turns":2},{"damage":11,"enemies":"Exordium Wildlife","floor":11,"turns":3},{"damage":84,"enemies":"Hexaghost","floor":16,"turns":13},{"damage":13,"enemies":"3 Byrds","floor":18,"turns":6},{"damage":13,"enemies":"2 Thieves","floor":21,"turns":4},{"damage":9,"enemies":"Snake Plant","floor":22,"turns":3},{"damage":64,"enemies":"Gremlin Leader","floor":23,"turns":4}],"seed_played":"8314722219499982829","potions_obtained":[{"floor":1,"key":"SmokeBomb"},{"floor":4,"key":"BloodPotion"},{"floor":11,"key":"GamblersBrew"},{"floor":16,"key":"Guardian:BlockOnCardUsePotion"}],"is_trial":false,"path_per_floor":["M","M","?","M","M","E","R","M","T","R","M","?","$","T","R","B",null,"M","T","?","M","M","E"],"character_chosen":"IRONCLAD","items_purchased":["Membership Card","Happy Flower"],"campfire_rested":2,"item_purchase_floors":[13,13],"current_hp_per_floor":[80,80,80,80,71,50,74,73,73,80,75,75,75,75,75,13,80,73,73,73,66,63,0,0],"gold":344,"neow_bonus":"RANDOM_COMMON_RELIC","is_daily":false,"chose_seed":false,"campfire_upgraded":1,"win_rate":0.0,"timestamp":1609094023,"path_taken":["M","M","?","M","M","E","R","?","T","R","M","?","$","?","R","BOSS","M","?","?","M","M","E"],"items_purchased_type":["Relic","Relic"],"build_version":"2020-12-22","purchased_purges":0,"victory":false,"max_hp_per_floor":[80,80,80,80,80,80,80,80,80,80,80,80,80,80,80,80,80,80,80,80,80,80,80,80],"card_choices":[{"not_picked":["Searing Blow","Flex"],"picked":"Sword Boomerang","floor":1},{"not_picked":["Body Slam","Headbutt"],"picked":"Rampage","floor":2},{"not_picked":["Cleave","Wild Strike"],"picked":"Inflame","floor":4},{"not_picked":["Flame Barrier","Shockwave"],"picked":"Carnage","floor":5},{"not_picked":["Limit Break","Shrug It Off"],"picked":"Clash","floor":6},{"not_picked":["Thunderclap","Flex"],"picked":"Disarm","floor":7},{"not_picked":["Perfected Strike","Clash"],"picked":"Iron Wave","floor":8},{"not_picked":["Iron Wave","Headbutt"],"picked":"Twin Strike","floor":10},{"not_picked":["Wild Strike","Shockwave"],"picked":"Intimidate","floor":11},{"not_picked":["Brutality","Offering"],"picked":"Berserk","floor":16},{"not_picked":["Clash+1","Power Through"],"picked":"Anger","floor":18},{"not_picked":["Flex+1","Inflame"],"picked":"Anger","floor":21},{"not_picked":["Clash","Wild Strike+1"],"picked":"Hemokinesis","floor":22}],"player_experience":94173,"relics_obtained":[{"floor":6,"key":"Dream Catcher"},{"floor":9,"key":"Juzu Bracelet"},{"floor":19,"key":"MawBank"}],"event_choices":[{"damage_healed":0,"gold_gain":0,"player_choice":"Gave Potion","damage_taken":0,"relics_obtained":["Tiny Chest"],"max_hp_gain":0,"max_hp_loss":0,"event_name":"WeMeetAgain","floor":3,"gold_loss":0},{"cards_removed":["Strike_R"],"damage_healed":0,"gold_gain":0,"player_choice":"Took Card","damage_taken":0,"max_hp_gain":0,"max_hp_loss":0,"event_name":"NoteForYourself","floor":12,"gold_loss":0,"cards_obtained":["Strike_B"]},{"damage_healed":0,"gold_gain":100,"player_choice":"Pray","damage_taken":0,"max_hp_gain":0,"max_hp_loss":0,"event_name":"Golden Shrine","floor":20,"gold_loss":0}],"is_beta":false,"boss_relics":[{"not_picked":["Busted Crown","Snecko Eye"],"picked":"Sozu"}],"items_purged_floors":[],"is_endless":false,"potions_floor_spawned":[1,4,11,16,18],"killed_by":"Gremlin Leader","ascension_level":0}}