{"host":"i9lxfrw7gw0fop00","time":1609105735,"event":{"mods":["2.2 Compatiblity","AchievementEnabler","BaseMod","Beaked The Cultist","Better Note","Colored Map","Colored Powertips","Downfall","Friendly Minions","Glutton Mod","Hermit","Minty Spire (QoL Compilation)","Permanent Neow","Quick Restart","Rare Cards Sparkle","Relic Sorter","Replay The Spire","Robot Space Explorer","Shade Mod","StSLib","The Construct","The Dragon Tamer","The Jungle","The Marked"],"gold_per_floor":[217,142,92,92,109,109,139,139,139,153,153,182,182,215,306,405,405,405,345,345,79,79,79,79,79,79,79,79,79,79,79,79,79,79,79,79,79,79,79,79,79,79,79,79,79,79,79,79,79,79,79,79,4,4,4,4],"floor_reached":55,"playtime":3590,"items_purged":["Shade:Strike_Shade"],"score":863,"play_id":"aba7c948-9001-4dcd-b6de-fa3c8794fc5d","local_time":"20201227184854","is_ascension_mode":false,"campfire_choices":[{"data":"Shade:AnimateDead","floor":6.0,"key":"SMITH"},{"data":"Shade:Putrefaction","floor":8.0,"key":"SMITH"},{"data":"Shade:Carnophage","floor":13.0,"key":"SMITH"},{"data":"Shade:LichForm","floor":24,"key":"SMITH"},{"data":"Shade:FreshBones","floor":32,"key":"SMITH"},{"data":"Shade:LichForm","floor":40,"key":"SMITH"},{"floor":44,"key":"RECALL"},{"data":"Pot Of Greed","floor":47,"key":"SMITH"},{"data":"Pot Of Greed","floor":49,"key":"SMITH"},{"data":"Shade:FleshToFlesh","floor":52,"key":"SMITH"}],"circlet_count":1,"master_deck":["Shade:Strike_Shade","Shade:Strike_Shade","Shade:Defend_Shade","Shade:Defend_Shade","Shade:Defend_Shade","Shade:Defend_Shade","Shade:AnimateDead+1","Shade:CarefulCut","Shade:Brains","Shade:Carnophage+1","Shade:CoffinDance","Shade:Putrefaction+1","Shade:AblativeArmor","Pot Of Greed+1","Pot Of Greed+1","Shade:FleshToFlesh+1","Shade:FuneraryJewels","Shade:LichForm+1","Shade:GraveStillness","Shade:BoneShards+1","Shade:Bonestorm","Shade:Patience+1","Shade:FreshBones+1","Jack Of All Trades","Bandage Up","Pot Of Greed+1","Purity","Shade:LichForm+1","Shade:LichForm+1","Shade:FreshBones+1"],"relics":["Shade:YorickSkull","Circlet","Snack Pack","Bronze Scales","Letter Opener","Grinning Jar","Pear","Ectoplasm","Matryoshka","Orichalcum","Vajra","Anchor","Replay:Rubber Ducky","Busted Crown","Shade:Thing","Replay:Bottled Steam","Pocketwatch","Art of War"],"acts_visited":["TheCity","TheBeyond","TheEnding"],"potions_floor_usage":[14,55,55,55],"damage_taken":[{"damage":0.0,"enemies":"Small Slimes","floor":1.0,"turns":3.0},{"damage":0.0,"enemies":"Jaw Worm","floor":5.0,"turns":4.0},{"damage":0.0,"enemies":"HollowMod:MossKnight","floor":7.0,"turns":9.0},{"damage":0.0,"enemies":"Cultist","floor":10.0,"turns":3.0},{"damage":0.0,"enemies":"Replay:BlueRogue","floor":12.0,"turns":6.0},{"damage":23,"enemies":"Gremlin Nob","floor":14,"turns":5},{"damage":10,"enemies":"Slime Boss","floor":16,"turns":9},{"damage":0,"enemies":"Chosen","floor":18,"turns":5},{"damage":2,"enemies":"2 Thieves","floor":19,"turns":3},{"damage":9,"enemies":"Centurion and Healer","floor":20,"turns":4},{"damage":7,"enemies":"3 Cultists","floor":22,"turns":4},{"damage":5,"enemies":"Replay:Snechameleon","floor":23,"turns":5},{"damage":0,"enemies":"Snake Plant","floor":27,"turns":4},{"damage":0,"enemies":"Snecko","floor":28,"turns":4},{"damage":0,"enemies":"Cultist and Chosen","floor":31,"turns":4},{"damage":0,"enemies":"Champ","floor":33,"turns":7},{"damage":1,"enemies":"3 Shapes","floor":35,"turns":3},{"damage":0,"enemies":"Mind Bloom Boss Battle","floor":36,"turns":5},{"damage":0,"enemies":"3 Darklings","floor":37,"turns":4},{"damage":5,"enemies":"Jaw Worm Horde","floor":39,"turns":4},{"damage":0,"enemies":"Spire Growth","floor":45,"turns":4},{"damage":0,"enemies":"Reptomancer","floor":46,"turns":4},{"damage":0,"enemies":"R_Hoarder","floor":48,"turns":7},{"damage":35,"enemies":"Awakened One","floor":50,"turns":9},{"damage":39,"enemies":"Shield and Spear","floor":54,"turns":6},{"damage":47,"enemies":"The Heart","floor":55,"turns":5}],"seed_played":"-313248057734482580","potions_obtained":[{"floor":1.0,"key":"Dexterity Potion"},{"floor":5.0,"key":"Explosive Potion"},{"floor":10.0,"key":"Adrenaline Potion"},{"floor":18,"key":"EssenceOfSteel"},{"floor":19,"key":"SkillPotion"},{"floor":46,"key":"sneckomod:MuddlingPotion"}],"is_trial":false,"path_per_floor":["M","$","?","?","M","R","E","R","T","M","T","E","R","E","R_BF","B",null,"M","M","M","$","M","E","R","T","T","M","M","?","$","M","R","B",null,"M","?","M","?","M","R","$","?","T","R","M","E","R","E","R","B",null,"R","$","E","B"],"character_chosen":"SHADE","items_purchased":["Shade:Carnophage","Matryoshka","Shade:Bonestorm"],"campfire_rested":0,"item_purchase_floors":[2,21,21],"current_hp_per_floor":[65,65,65,65,65,65,65,65,65,65,65,65,65,54,54,44,75,75,73,64,64,59,54,54,54,54,56,56,29,29,35,35,43,75,75,75,75,75,74,74,74,74,74,74,75,75,75,75,75,44,75,75,75,40,0,0],"gold":4,"neow_bonus":"HUNDRED_GOLD","is_daily":false,"chose_seed":false,"campfire_upgraded":9,"win_rate":0.0,"timestamp":1609105734,"path_taken":["M","$","?","?","M","R","E","R","T","?","?","E","R","E","R_BF","BOSS","M","M","M","$","M","E","R","?","T","M","?","?","?","M","R","BOSS","M","?","M","?","?","R","$","?","T","R","?","E","R","E","R","BOSS","R","$","E","BOSS"],"items_purchased_type":["Card","Relic","Card"],"build_version":"2020-12-22","purchased_purges":1,"victory":false,"max_hp_per_floor":[65,65,65,65,65,65,65,65,65,65,65,65,65,75,75,75,75,75,75,75,75,75,75,75,75,75,75,75,75,75,75,75,75,75,75,75,75,75,75,75,75,75,75,75,75,75,75,75,75,75,75,75,75,75,75,75],"card_choices":[{"not_picked":["Shade:FingerOfDeath","Shade:AncientSpear"],"picked":"Shade:Brains","floor":1.0},{"not_picked":["Shade:GoDigging","Shade:PressTheAttack"],"picked":"Shade:CoffinDance","floor":5.0},{"not_picked":["Shade:Awaken","Shade:GraveStillness"],"picked":"Shade:Putrefaction","floor":7.0},{"not_picked":["Shade:Frenzy","Shade:Haruspicy"],"picked":"Shade:AblativeArmor","floor":10.0},{"not_picked":["Shade:StitchTogether","Shade:AncientSpear"],"picked":"Shade:FleshToFlesh","floor":12.0},{"not_picked":["Shade:SkeletonArmy","Shade:SelfBurial"],"picked":"Shade:FuneraryJewels","floor":14},{"not_picked":["Shade:Putrefaction","Shade:MadHubris"],"picked":"Shade:LichForm","floor":16},{"not_picked":["Shade:AblativeArmor+1","Shade:Frenzy"],"picked":"Shade:GraveStillness","floor":18},{"not_picked":["Shade:SkeletonHug","Shade:Patience+1"],"picked":"Shade:BoneShards+1","floor":19},{"not_picked":["Shade:Brains","Shade:SkeletonHug+1","Shade:WallOfFlesh"],"picked":"SKIP","floor":20},{"not_picked":["Shade:GreyBargain+1","Shade:Bonestorm"],"picked":"Shade:Patience+1","floor":22},{"not_picked":["Shade:Brains","Shade:WallOfFlesh"],"picked":"Shade:FreshBones","floor":23},{"not_picked":["Shade:GreyBargain","Shade:WallOfFlesh","Shade:Premonition+1"],"picked":"SKIP","floor":27},{"not_picked":["Shade:Trample","Shade:AncientSpear","Shade:OneIsEnough"],"picked":"SKIP","floor":28},{"not_picked":["Shade:PoundOfFlesh","Shade:SkeletonHug+1","Shade:WallOfFlesh"],"picked":"SKIP","floor":31},{"not_picked":["Shade:DarkOfNight","Shade:LoseControl"],"picked":"Shade:LichForm","floor":33},{"not_picked":["Shade:SkeletonHug+1"],"picked":"SKIP","floor":35},{"not_picked":["Shade:GraveStillness"],"picked":"SKIP","floor":37},{"not_picked":["Shade:AncientSpear"],"picked":"SKIP","floor":39},{"not_picked":["Shade:FuneraryArmor+1"],"picked":"SKIP","floor":45},{"not_picked":["Shade:SkeletonHug"],"picked":"SKIP","floor":46},{"not_picked":[],"picked":"Shade:FreshBones+1","floor":48},{"not_picked":["Shade:Trample"],"picked":"SKIP","floor":54}],"player_experience":215395,"relics_obtained":[{"floor":1.0,"key":"LetterFromLob"},{"floor":7.0,"key":"Snack Pack"},{"floor":9.0,"key":"Bronze Scales"},{"floor":11.0,"key":"Letter Opener"},{"floor":12.0,"key":"Grinning Jar"},{"floor":14,"key":"Pear"},{"floor":23,"key":"Orichalcum"},{"floor":25,"key":"Vajra"},{"floor":25,"key":"Anchor"},{"floor":26,"key":"Replay:Rubber Ducky"},{"floor":36,"key":"Shade:Thing"},{"floor":43,"key":"Replay:Bottled Steam"},{"floor":46,"key":"Circlet"},{"floor":48,"key":"Pocketwatch"},{"floor":54,"key":"Art of War"}],"event_choices":[{"cards_removed":["Shade:Strike_Shade"],"damage_healed":0.0,"max_hp_gain":0.0,"max_hp_loss":0.0,"gold_gain":0.0,"event_name":"The Cleric","player_choice":"Card Removal","floor":3.0,"gold_loss":50.0,"damage_taken":0.0},{"cards_removed":["Shade:Strike_Shade"],"damage_healed":0.0,"max_hp_gain":0.0,"max_hp_loss":0.0,"gold_gain":0.0,"event_name":"betterNote:BetterNote","player_choice":"Give","floor":4.0,"gold_loss":0.0,"damage_taken":0.0,"cards_obtained":["Strike_R"]},{"damage_healed":0,"gold_gain":0,"player_choice":"CARD CARD CARD ","damage_taken":27,"max_hp_gain":0,"max_hp_loss":0,"event_name":"Knowing Skull","floor":29,"potions_obtained":[],"gold_loss":0,"cards_obtained":["Jack Of All Trades","Bandage Up","Purity"]},{"damage_healed":0,"gold_gain":0,"player_choice":"Fight","damage_taken":0,"max_hp_gain":0,"max_hp_loss":0,"event_name":"MindBloom","floor":36,"gold_loss":0},{"damage_healed":0,"gold_gain":0,"player_choice":"Copied","damage_taken":0,"max_hp_gain":0,"max_hp_loss":0,"event_name":"Duplicator","floor":38,"gold_loss":0,"cards_obtained":["Shade:LichForm"]},{"damage_healed":0,"gold_gain":0,"player_choice":"Upgraded","damage_taken":0,"max_hp_gain":0,"max_hp_loss":0,"event_name":"Upgrade Shrine","floor":42,"gold_loss":0,"cards_upgraded":["Pot Of Greed"]}],"is_beta":false,"boss_relics":[{"not_picked":["Coffee Dripper","Replay:Ancient Bell"],"picked":"Ectoplasm"},{"not_picked":["beaked:SacredDeck","Cursed Key"],"picked":"Busted Crown"}],"items_purged_floors":[53],"is_endless":false,"potions_floor_spawned":[1,5,10,18,19,20,23,31,46,48,54],"killed_by":"The Heart","ascension_level":0}}