{"host":"dwyzfvnzfcqffr30","time":1609068722,"event":{"mods":["2.2 Compatiblity","Act Like it!","BaseMod","Beaked The Cultist","Better Altar","Better Match","Better Note","Better Sensory Stone","Better Skull","Better Third Choice","Clockwork Mod","Colored Map","Colored Powertips","Conspire","Downfall","Elementarium","GifTheSpireLib","Halation","Hermit","Hubris","Infinite Spire","Ironclad Rager","Jedi Mod","Menagerie","Mimic Mod","Minty Spire (QoL Compilation)","Permanent Neow","Random Character Button","Replay The Spire","Spicy Shops","StSLib","Stuff the Spire","The Construct","The Disciple","The Druid","The Marked","TheFirefly","Trackpad","vexMod"],"gold_per_floor":[444,484,484,528,36,71,94,125,173,173,143,143,178,89,89,139,139,152,152,152,77,88,151,151,151,151,210,225,129,201,118,118,172,172,182,193,37,37,37,96,96,151,151,164,225,246,320,320,320,320,320,320,17,81,81,81],"floor_reached":55,"playtime":5254,"items_purged":["expansioncontent:ChargeUp+1"],"score":1376,"play_id":"80286e81-b9f2-4b4d-9c50-7ea39bf4cc20","local_time":"20201227033202","is_ascension_mode":true,"campfire_choices":[{"floor":12,"key":"RECALL"},{"floor":15,"key":"REST"},{"floor":24,"key":"REST"},{"floor":32,"key":"REST"},{"floor":41,"key":"REST"},{"floor":49,"key":"REST"},{"floor":52,"key":"REST"}],"circlet_count":0,"master_deck":["AscendersBane","beaked:Strike_Y+1","beaked:Strike_Y+1","beaked:Strike_Y+1","beaked:Strike_Y+1","beaked:Strike_Y+1","beaked:Strike_Y+1","beaked:Defend_Y+1","beaked:Defend_Y+1","beaked:Defend_Y+1","beaked:Defend_Y+1","beaked:Ceremony+1","beaked:Ceremony+1","beaked:Ceremony+1","MasterReality+1","beaked:BraceForImpact+1","beaked:DigDeep+1","beaked:MimicWarrior+1","beaked:Roost+1","beaked:MimicMachine+1","beaked:KnowThyFoe+1","beaked:MaddeningMurmurs+1","beaked:Sacrifice+1","beaked:Overexert+1","beaked:AwakenedForm+1","beaked:Resilience+1","StuffTheSpire:BrainWave","beaked:HuntressEssence+1"],"relics":["beaked:MendingPlumage","Bottled Tornado","infinitespire:EvilPickle","Quantum Egg","Frozen Egg 2","Toxic Egg 2","Molten Egg 2","Juzu Bracelet","hubris:EvacipatedBox","hubris:Towel","infinitespire:Magic Flask","ReplayTheSpireMod:TigerMarble","Shuriken","StuffTheSpire:Expresso","hubris:TenFootPole","construct:FoamFinger","Menagerie:Aurumvore","Fusion Hammer","StuffTheSpire:TintedRock","Anchor","conspire:Flyswatter","hubris:Metronome","Blue Doll","Blood Vial","conspire:InfiniteJournal","Elementarium:ElementariumTrophy","SacredBark","jedi:heavyjacket","trackpad:BottledShadow","HornCleat","halation:PromiseList","jedi:archwizardhat","White Beast Statue","halation:EternalFortune","halation:LettersToHer","trackpad:CultistFigurine"],"acts_visited":["Menagerie:Menagerie","Elementarium:Elementarium","TheBeyond","TheEnding"],"potions_floor_usage":[6,22,23,40,44,54],"damage_taken":[{"damage":6,"enemies":"Menagerie:MonstrousExperiment","floor":1,"turns":7},{"damage":13,"enemies":"Menagerie:2_RABBITS","floor":2,"turns":5},{"damage":2,"enemies":"Menagerie:WhisperingWraith","floor":4,"turns":6},{"damage":35,"enemies":"Menagerie:Hydra","floor":6,"turns":7},{"damage":0,"enemies":"Menagerie:EntropyWarlock","floor":7,"turns":5},{"damage":47,"enemies":"Menagerie:VoidReaper","floor":8,"turns":9},{"damage":16,"enemies":"Menagerie:Hydra","floor":13,"turns":5},{"damage":31,"enemies":"Menagerie:AVATARS","floor":16,"turns":6},{"damage":3,"enemies":"Elementarium:Cyclone","floor":18,"turns":4},{"damage":3,"enemies":"Elementarium:2_ELEMENTALS","floor":22,"turns":3},{"damage":27,"enemies":"Elementarium:ElementalPortal","floor":23,"turns":9},{"damage":30,"enemies":"Elementarium:WarGolem","floor":27,"turns":4},{"damage":55,"enemies":"Elementarium:RubyGolem","floor":28,"turns":7},{"damage":8,"enemies":"Elementarium:FIRE_NOBILITY","floor":30,"turns":7},{"damage":2,"enemies":"Elementarium:GoldenDragon","floor":33,"turns":9},{"damage":27,"enemies":"3 Darklings","floor":35,"turns":5},{"damage":48,"enemies":"Orb Walker","floor":36,"turns":5},{"damage":25,"enemies":"R_Hoarder","floor":40,"turns":7},{"damage":83,"enemies":"Reptomancer","floor":42,"turns":8},{"damage":15,"enemies":"3 Darklings","floor":44,"turns":6},{"damage":46,"enemies":"Giant Head","floor":45,"turns":8},{"damage":39,"enemies":"Reptomancer","floor":47,"turns":8},{"damage":60,"enemies":"Awakened One","floor":50,"turns":11},{"damage":0,"enemies":"Shield and Spear","floor":54,"turns":6},{"damage":128,"enemies":"The Heart","floor":55,"turns":8}],"seed_played":"910011305215819135","potions_obtained":[{"floor":1,"key":"hexamod:EctoCoolerPotion"},{"floor":13,"key":"DuplicationPotion"},{"floor":22,"key":"SteroidPotion"},{"floor":28,"key":"Swift Potion"}],"is_trial":false,"path_per_floor":["M","M","?","M","$","E","M","E","T","?","?","R","E","?","R","B",null,"M","?","?","$","M","E","R","?","T","E","M","?","E","$","R","B",null,"M","M","$","?","?","E","R","E","T","M","E","?","E","?","R","B",null,"R","$","E","B"],"character_chosen":"BEAKED_THE_CULTIST","items_purchased":["infinitespire:Magic Flask","ReplayTheSpireMod:TigerMarble","Dexterity Potion","conspire:InfiniteJournal","EssenceOfSteel","halation:LettersToHer","Cursed Concoction"],"campfire_rested":6,"item_purchase_floors":[5,5,5,31,37,53,53],"current_hp_per_floor":[50,47,47,50,50,51,54,48,48,48,54,54,50,50,54,50,53,54,47,42,42,51,54,54,54,54,57,29,29,57,57,63,67,67,55,47,47,47,47,52,66,24,24,66,62,62,69,72,72,72,77,78,78,78,0,0],"gold":81,"neow_bonus":"RANDOM_COLORLESS","is_daily":false,"chose_seed":false,"campfire_upgraded":0,"win_rate":0.0,"timestamp":1609068722,"path_taken":["M","M","?","M","$","E","M","E","T","?","?","R","E","?","R","BOSS","M","?","?","$","M","E","R","?","T","E","M","?","E","?","R","BOSS","M","M","$","?","?","E","R","E","T","M","E","?","E","?","R","BOSS","R","$","E","BOSS"],"items_purchased_type":["Relic","Relic","Potion","Relic","Potion","Relic","Potion"],"build_version":"2020-12-22","purchased_purges":1,"victory":false,"max_hp_per_floor":[50,50,50,50,50,54,54,54,54,54,54,54,54,54,54,54,54,54,54,54,54,54,54,54,54,54,57,60,60,63,63,63,67,67,70,73,73,73,66,66,66,66,66,66,66,66,69,72,72,78,78,78,78,78,78,78],"card_choices":[{"not_picked":["expansioncontent:BronzeBeam","expansioncontent:Hexaburn"],"picked":"expansioncontent:ChargeUp","floor":0},{"not_picked":["beaked:BloodRitual+1","beaked:Windmill+1"],"picked":"beaked:BraceForImpact+1","floor":1},{"not_picked":["beaked:StunningBlow+1","beaked:SurvivalInstinct+1"],"picked":"beaked:DigDeep+1","floor":2},{"not_picked":["beaked:MimicHuntress+1","beaked:FeelMyPain+1"],"picked":"beaked:MimicWarrior+1","floor":4},{"not_picked":["beaked:Redirect+1","beaked:Poke+1"],"picked":"beaked:Roost+1","floor":6},{"not_picked":["beaked:BraceForImpact+1","beaked:CheekyTricks+1"],"picked":"beaked:MimicMachine+1","floor":7},{"not_picked":["beaked:Poke+1","beaked:WarriorEssence+1"],"picked":"beaked:KnowThyFoe+1","floor":8},{"not_picked":["beaked:FeelMyPain+1","beaked:TuckingFeathers+1"],"picked":"beaked:MaddeningMurmurs+1","floor":13},{"not_picked":["beaked:Caw+1","beaked:ShadowFade+1"],"picked":"beaked:Sacrifice+1","floor":16},{"not_picked":["beaked:DigDeep+1","beaked:Poke+1"],"picked":"beaked:Overexert+1","floor":18},{"not_picked":["beaked:RuinSticks+1","beaked:BloodRitual+1","beaked:Redirect+1"],"picked":"SKIP","floor":22},{"not_picked":["beaked:DarkTribute+1","beaked:Tradeoff+1","beaked:VolatileMisfortune+1"],"picked":"SKIP","floor":23},{"not_picked":["beaked:ShadowFade+1","beaked:DigDeeper+1","beaked:Pecker+1"],"picked":"SKIP","floor":27},{"not_picked":["beaked:BarbedWire+1","beaked:Poke+1","beaked:BraceForImpact+1"],"picked":"SKIP","floor":28},{"not_picked":["beaked:Struggle+1","beaked:Overexert+1","beaked:DesperateSwing+1"],"picked":"SKIP","floor":30},{"not_picked":["ReplayTheSpireMod:Owlgaze+1","beaked:ScreechingChant+1"],"picked":"beaked:AwakenedForm+1","floor":33},{"not_picked":["beaked:Evade+1","beaked:TuckingFeathers+1"],"picked":"beaked:Resilience+1","floor":35},{"not_picked":["beaked:Poke+1","beaked:SurvivalInstinct+1","beaked:Tradeoff+1"],"picked":"SKIP","floor":36},{"not_picked":["beaked:DigDeep+1","beaked:Tradeoff+1","beaked:Daydream+1"],"picked":"SKIP","floor":40},{"not_picked":["beaked:Flinch+1","beaked:BounceBack+1"],"picked":"beaked:HuntressEssence+1","floor":42},{"not_picked":["beaked:Resilience+1","beaked:Negation+1","beaked:Brace+1"],"picked":"SKIP","floor":44},{"not_picked":["beaked:TuckingFeathers+1","beaked:Flinch+1","beaked:WarriorEssence+1"],"picked":"SKIP","floor":45},{"not_picked":["beaked:Insight+1","beaked:DigDeep+1","beaked:Redirect+1"],"picked":"SKIP","floor":47},{"not_picked":["beaked:Caw+1","beaked:Insight+1","beaked:StickSmack+1"],"picked":"SKIP","floor":54}],"player_experience":2449896,"relics_obtained":[{"floor":6,"key":"Shuriken"},{"floor":8,"key":"StuffTheSpire:Expresso"},{"floor":9,"key":"hubris:TenFootPole"},{"floor":13,"key":"construct:FoamFinger"},{"floor":23,"key":"conspire:Flyswatter"},{"floor":27,"key":"hubris:Metronome"},{"floor":30,"key":"Blood Vial"},{"floor":40,"key":"jedi:heavyjacket"},{"floor":42,"key":"trackpad:BottledShadow"},{"floor":43,"key":"HornCleat"},{"floor":45,"key":"halation:PromiseList"},{"floor":46,"key":"jedi:archwizardhat"},{"floor":47,"key":"White Beast Statue"},{"floor":54,"key":"trackpad:CultistFigurine"}],"event_choices":[{"damage_healed":0,"gold_gain":0,"player_choice":"Simplicity","damage_taken":0,"max_hp_gain":0,"max_hp_loss":10,"event_name":"betterThird:BetterWriting","floor":0,"gold_loss":0},{"damage_healed":0,"gold_gain":0,"player_choice":"Ignored","damage_taken":0,"max_hp_gain":0,"max_hp_loss":0,"event_name":"Menagerie:SpiderNest","floor":10,"gold_loss":0},{"damage_healed":13,"gold_gain":0,"player_choice":"Heal","damage_taken":0,"max_hp_gain":0,"max_hp_loss":0,"event_name":"Menagerie:MagicPeddler","floor":11,"gold_loss":30},{"damage_healed":0,"gold_gain":0,"player_choice":"Pacify","damage_taken":0,"relics_obtained":["Menagerie:Aurumvore"],"max_hp_gain":0,"max_hp_loss":0,"event_name":"Menagerie:ScentOfGold","floor":14,"gold_loss":0},{"damage_healed":0,"gold_gain":0,"player_choice":"RE ","damage_taken":13,"relics_obtained":["Anchor"],"max_hp_gain":0,"max_hp_loss":0,"event_name":"betterSkull:BetterSkull","floor":20,"gold_loss":0,"cards_upgraded":[]},{"damage_healed":0,"gold_gain":0,"player_choice":"3","damage_taken":0,"max_hp_gain":0,"max_hp_loss":0,"event_name":"betterMatch:BetterMatch","floor":25,"gold_loss":0,"cards_obtained":[]},{"damage_healed":0,"gold_gain":0,"player_choice":"Gold","damage_taken":0,"relics_obtained":["Blue Doll"],"max_hp_gain":0,"max_hp_loss":0,"event_name":"Elementarium:ShatteredPortal","floor":29,"gold_loss":96}],"is_beta":false,"boss_relics":[{"not_picked":["hubris:ScarierMask","vexMod:MegatonBomb","jedi:paperlyon"],"picked":"Fusion Hammer"},{"not_picked":["halation:Risk","Runic Dome","Coffee Dripper"],"picked":"SacredBark"}],"items_purged_floors":[21],"is_endless":false,"potions_floor_spawned":[1,8,13,18,22,28,30,36,40,42,54],"killed_by":"The Heart","ascension_level":11}}