{"host":"z9grmtg2w0nmz8n1","time":1609095362,"event":{"mods":["Aspiration","Bard","BaseMod","Beaked The Cultist","Better Altar","Better Match","Better Note","Better Sensory Stone","Better Skull","Better Third Choice","BetterRewards","CCEM","Colored Map","Conspire","Downfall","GifTheSpireLib","Googly Eyes","Halation","Hermit","Highlight Path","Hubris","Hunter ??","Jedi Mod","Jorbs\u0027s Wanderer Trilogy","Mad Scientist","Marisa????????","Minty Spire (QoL Compilation)","Permanent Neow","Replay The Spire","Shade Mod","Shop Mod","Spicy Shops","StSLib","Stuff the Spire","The Bug Knight","The Construct","The Necromancer","The Runesmith","The Witch"],"gold_per_floor":[118,129,54,80,91,91,22,22,95,122,141,141,151,151,151],"floor_reached":14,"playtime":593,"items_purged":["Strike_G"],"score":95,"play_id":"46ccc099-4d37-4247-85f8-bab13d7e0ef4","local_time":"20201227165602","is_ascension_mode":true,"campfire_choices":[{"floor":6,"key":"RECALL"},{"data":"StuffTheSpire:Python","floor":8,"key":"SMITH"}],"circlet_count":0,"master_deck":["Strike_G","Strike_G","Strike_G","Strike_G","Defend_G","Defend_G","Defend_G","Defend_G","Defend_G","Survivor","Neutralize+1","StuffTheSpire:Python+1","Quick Slash","Cloak And Dagger","Masterful Stab","StuffTheSpire:Sprint","Regret"],"relics":["Ring of the Snake","Pantograph","Dream Catcher","CCEMRelics:Pendulum"],"acts_visited":["Exordium"],"potions_floor_usage":[14],"damage_taken":[{"damage":0,"enemies":"2 Louse","floor":1,"turns":4},{"damage":0,"enemies":"Jaw Worm","floor":2,"turns":4},{"damage":0,"enemies":"conspire:MimicChest","floor":4,"turns":5},{"damage":0,"enemies":"Small Slimes","floor":5,"turns":5},{"damage":18,"enemies":"Gremlin Nob","floor":10,"turns":4},{"damage":1,"enemies":"Exordium Wildlife","floor":11,"turns":4},{"damage":3,"enemies":"Red Slaver","floor":13,"turns":4},{"damage":51,"enemies":"3 Sentries","floor":14,"turns":12}],"seed_played":"1385596287381173247","potions_obtained":[{"floor":10,"key":"Energy Potion"}],"is_trial":false,"path_per_floor":["M","M","$","?","M","R","$","R","T","E","M","?","M","E"],"character_chosen":"THE_SILENT","items_purchased":["Masterful Stab"],"campfire_rested":0,"item_purchase_floors":[7],"current_hp_per_floor":[70,70,70,70,70,70,70,70,70,52,51,51,48,0,0],"gold":151,"neow_bonus":"UPGRADE_CARD","is_daily":false,"chose_seed":false,"campfire_upgraded":1,"win_rate":0.0,"timestamp":1609095362,"path_taken":["M","M","$","?","M","R","$","R","T","E","M","?","M","E"],"items_purchased_type":["Card"],"build_version":"2020-12-22","purchased_purges":1,"victory":false,"max_hp_per_floor":[70,70,70,70,70,70,70,70,70,70,70,70,70,70,70],"card_choices":[{"not_picked":["Deflect","StuffTheSpire:BumpUp"],"picked":"StuffTheSpire:Python","floor":1},{"not_picked":["StuffTheSpire:Injection","PiercingWail"],"picked":"Quick Slash","floor":2},{"not_picked":["StuffTheSpire:Repulse","Blade Dance"],"picked":"Cloak And Dagger","floor":4},{"not_picked":["Flying Knee","jedi:studyshivs","hubris:TrickCloak"],"picked":"SKIP","floor":5},{"not_picked":["Backflip","Bane"],"picked":"StuffTheSpire:Sprint","floor":10},{"not_picked":["jedi:unstablefumes","Dagger Spray","Acrobatics"],"picked":"SKIP","floor":11},{"not_picked":["Endless Agony","Sneak Up","Heel Hook"],"picked":"SKIP","floor":13}],"player_experience":733227,"relics_obtained":[{"floor":4,"key":"Pantograph"},{"floor":10,"key":"Dream Catcher"}],"event_choices":[{"damage_healed":0,"gold_gain":0,"player_choice":"Box","damage_taken":0,"relics_obtained":["CCEMRelics:Pendulum"],"max_hp_gain":0,"max_hp_loss":0,"event_name":"Big Fish","floor":12,"gold_loss":0,"cards_obtained":["Regret"]}],"is_beta":false,"boss_relics":[],"items_purged_floors":[3],"is_endless":false,"potions_floor_spawned":[10],"killed_by":"3 Sentries","ascension_level":1}}