{"host":"rkizb0bayd67deyv","time":1609050796,"event":{"mods":["2.2 Compatiblity","AchievementEnabler","Astrologer","BaseMod","Beaked The Cultist","BetterRewards","CapriCore","Colored Map","Colored Powertips","GifTheSpireLib","Gremlin Mod","KinomotoSakuraMod(ñÿîVñ{?)","Koishi","Mad Scientist","MarisaÅiñ∂âJÅ@ñÇóùçπÅj","Minty Spire (QoL Compilation)","Quick Restart","StSLib","SuperFastMode","The Bladedancer","The Cursed","The Death Knight","The Immortal","The Mystic","The Poker Player","Unknown Chances","YoumuÅiç∞ÈÆódöÎÅj"],"gold_per_floor":[114,114,64,81,98,130,130,143,143,143,161,179,179,208,208,284,334,351,401,419,431,431,431,462,462,462,488,488,97,112,123,123,198,198,218,218,236,285,285,310,310,342,342,342,354,382,382,101,101,101],"floor_reached":51,"playtime":1418,"items_purged":["Gremlin:Strike","Gremlin:Defend","Gremlin:Defend+1"],"score":1953,"play_id":"d402930c-a58b-4851-9da9-d3a468509aa2","local_time":"20201227153316","is_ascension_mode":true,"campfire_choices":[{"data":"1","floor":7.0,"key":"LIFT"},{"data":"2","floor":13.0,"key":"LIFT"},{"data":"3","floor":15.0,"key":"LIFT"},{"data":"Gremlin:RageBreak","floor":23.0,"key":"SMITH"},{"data":"Gremlin:Pinprick","floor":25.0,"key":"SMITH"},{"data":"Gremlin:GremlinMeal","floor":28.0,"key":"SMITH"},{"data":"Gremlin:Revel","floor":32.0,"key":"SMITH"},{"data":"Gremlin:Pinprick","floor":41.0,"key":"SMITH"},{"floor":44.0,"key":"REST"},{"data":"Gremlin:ShowOfHands","floor":49,"key":"SMITH"}],"circlet_count":0,"master_deck":["AscendersBane","Gremlin:Strike+1","Gremlin:Strike+1","Gremlin:Defend+1","Gremlin:TagTeam+1","Gremlin:GremlinDance+1","Gremlin:Revel+1","Gremlin:ProperTools+1","Gremlin:GremlinArms+1","Gremlin:GlitterGuard+1","Gremlin:IrksomeBlow+1","Gremlin:RageBreak+1","Gremlin:Pinprick+1","Gremlin:ProperTools+1","Gremlin:Pinprick+1","Gremlin:SecondVolley+1","Gremlin:GremlinArms+1","Gremlin:GremlinMeal+1","Gremlin:Fury+1","Gremlin:Pinprick+1","Gremlin:Pinprick+1","Gremlin:IrksomeBlow+1","Gremlin:ShowOfHands+1"],"relics":["Gremlin:GremlinKnob","Calipers","DeathKnight:PutricidesVial","ClockworkSouvenir","Gambling Chip","Girya","Happy Flower","Turnip","StoneCalendar","Mummified Hand","Tiny House","FaceOfCleric","Centennial Puzzle","Matryoshka","Regal Pillow","Torii","SlaversCollar","Mark of the Bloom","Du-Vu Doll","The Courier","Toy Ornithopter","Shuriken","Gremlin:PricklyShields","Gremlin:WizardStaff","Gremlin:StolenMerchandise","PreservedInsect"],"acts_visited":["Exordium","TheCity","TheBeyond"],"potions_floor_usage":[50,50],"damage_taken":[{"damage":2.0,"enemies":"2 Louse","floor":1.0,"turns":2.0},{"damage":0.0,"enemies":"Small Slimes","floor":4.0,"turns":2.0},{"damage":1.0,"enemies":"Cultist","floor":5.0,"turns":4.0},{"damage":11.0,"enemies":"3 Sentries","floor":6.0,"turns":8.0},{"damage":0.0,"enemies":"3 Louse","floor":8.0,"turns":1.0},{"damage":0.0,"enemies":"Lots of Slimes","floor":11.0,"turns":1.0},{"damage":0.0,"enemies":"Gremlin Gang","floor":12.0,"turns":3.0},{"damage":1.0,"enemies":"Lagavulin","floor":14.0,"turns":5.0},{"damage":1.0,"enemies":"Slime Boss","floor":16.0,"turns":5.0},{"damage":2.0,"enemies":"Chosen","floor":18.0,"turns":2.0},{"damage":0.0,"enemies":"Shell Parasite","floor":20.0,"turns":2.0},{"damage":0.0,"enemies":"Chosen and Byrds","floor":21.0,"turns":2.0},{"damage":0.0,"enemies":"Book of Stabbing","floor":24.0,"turns":2.0},{"damage":14.0,"enemies":"Slavers","floor":27.0,"turns":2.0},{"damage":0.0,"enemies":"Snecko","floor":30.0,"turns":2.0},{"damage":1.0,"enemies":"Snake Plant","floor":31.0,"turns":2.0},{"damage":0.0,"enemies":"Collector","floor":33.0,"turns":3.0},{"damage":0.0,"enemies":"3 Darklings","floor":35.0,"turns":3.0},{"damage":1.0,"enemies":"3 Shapes","floor":37.0,"turns":2.0},{"damage":0.0,"enemies":"2 Orb Walkers","floor":38.0,"turns":2.0},{"damage":0.0,"enemies":"Nemesis","floor":40.0,"turns":3.0},{"damage":0.0,"enemies":"Giant Head","floor":42.0,"turns":2.0},{"damage":0.0,"enemies":"Jaw Worm Horde","floor":45.0,"turns":1.0},{"damage":0.0,"enemies":"Reptomancer","floor":46.0,"turns":1.0},{"damage":11,"enemies":"Time Eater","floor":50,"turns":2}],"seed_played":"3792598063379456211","potions_obtained":[{"floor":5.0,"key":"SkillPotion"},{"floor":8.0,"key":"DistilledChaos"},{"floor":24.0,"key":"GamblersBrew"},{"floor":35.0,"key":"Block Potion"}],"is_trial":false,"path_per_floor":["M","?","?","M","M","E","R","M","T","?","M","M","R","E","R","B",null,"M","?","M","M","?","R","E","R","T","E","R","$","M","M","R","B",null,"M","?","M","?","?","E","R","E","T","R","M","E","?","$","R","B",null],"character_chosen":"GREMLIN","items_purchased":["Gremlin:Revel","DeathKnight:PutricidesVial","Gremlin:ProperTools","Gremlin:GremlinArms","ClockworkSouvenir","Girya","Gremlin:GlitterGuard","Gremlin:IrksomeBlow","Happy Flower","PowerPotion","Torii","Gremlin:StolenMerchandise","Gremlin:ShowOfHands","PreservedInsect"],"campfire_rested":1,"item_purchase_floors":[0,0,0,0,0,0,0,0,0,0,29,48,48,48],"current_hp_per_floor":[20,18,18,18,17,2,2,10,10,6,18,18,18,17,17,1,16,18,18,18,21,21,21,19,19,19,21,21,21,17,19,19,20,25,22,22,25,25,25,25,25,25,25,25,31,31,31,31,31,20],"gold":101,"neow_bonus":"","is_daily":false,"chose_seed":false,"campfire_upgraded":6,"win_rate":0.0,"timestamp":1609050796,"path_taken":["M","?","?","M","M","E","R","M","T","?","M","M","R","E","R","BOSS","M","?","?","M","?","R","E","R","T","E","R","$","?","?","R","BOSS","M","?","M","?","?","E","R","E","T","R","M","E","?","$","R","BOSS"],"items_purchased_type":["Card","Relic","Card","Card","Relic","Relic","Card","Card","Relic","Potion","Relic","Relic","Card","Relic"],"build_version":"2020-12-22","purchased_purges":3,"victory":true,"max_hp_per_floor":[20,20,20,20,20,20,20,20,20,20,20,20,20,20,20,20,21,21,21,21,21,21,21,22,22,22,23,23,23,24,25,25,26,26,27,27,28,29,29,30,30,31,31,31,32,33,33,33,33,34],"card_choices":[{"not_picked":["Gremlin:Presto","Gremlin:Jeer","Gremlin:Astound"],"picked":"SKIP","floor":1.0},{"not_picked":["Gremlin:Presto","Gremlin:Irritability"],"picked":"Gremlin:RageBreak","floor":4.0},{"not_picked":["Gremlin:Presto","Gremlin:BulkUp"],"picked":"Gremlin:Pinprick","floor":5.0},{"not_picked":["Gremlin:AggressiveDefense","Gremlin:IrksomeBlow","Gremlin:Patsy"],"picked":"SKIP","floor":6.0},{"not_picked":["Gremlin:TwistTheKnife","Gremlin:MakeshiftArmor"],"picked":"Gremlin:ProperTools","floor":8.0},{"not_picked":["Gremlin:Kablamo","Gremlin:BubbleBarrier","Gremlin:Enthusiasm"],"picked":"SKIP","floor":11.0},{"not_picked":["Gremlin:FlipOut","Gremlin:Changeo"],"picked":"Gremlin:Pinprick","floor":12.0},{"not_picked":["Gremlin:Raid","Gremlin:Encore","Gremlin:CatScratch"],"picked":"SKIP","floor":14.0},{"not_picked":["Gremlin:ShowStopper","Gremlin:Encore"],"picked":"Gremlin:SecondVolley","floor":16.0},{"not_picked":["Gremlin:FeelTheAudience","Gremlin:CatScratch"],"picked":"Gremlin:GremlinArms","floor":17.0},{"not_picked":["Gremlin:Changeo","Gremlin:TwistTheKnife","Gremlin:ToeStub"],"picked":"SKIP","floor":18.0},{"not_picked":["Gremlin:TwistTheKnife","Gremlin:GlitterGuard","Gremlin:BubbleBarrier"],"picked":"SKIP","floor":20.0},{"not_picked":["Gremlin:DaggerDance","Gremlin:Tadah+1","Gremlin:GremlinOffensive"],"picked":"SKIP","floor":21.0},{"not_picked":["Gremlin:Tricksy","Gremlin:Whiz"],"picked":"Gremlin:GremlinMeal","floor":24.0},{"not_picked":["Gremlin:GremlinArms","Gremlin:Necromancy","Gremlin:Presto"],"picked":"SKIP","floor":27.0},{"not_picked":["Gremlin:MakeshiftArmor","Gremlin:SharpenBlades","Gremlin:Presto"],"picked":"SKIP","floor":30.0},{"not_picked":["Gremlin:Tricksy","Gremlin:FollowThrough","Gremlin:Dazzle"],"picked":"SKIP","floor":31.0},{"not_picked":["Gremlin:Encore","Gremlin:BrokenShin"],"picked":"Gremlin:Fury","floor":33.0},{"not_picked":["Gremlin:Tricksy","Gremlin:Presto"],"picked":"Gremlin:Pinprick","floor":35.0},{"not_picked":["Gremlin:Stupend","Gremlin:Mockery","Gremlin:Jeer"],"picked":"SKIP","floor":37.0},{"not_picked":["Gremlin:ShankStone","Gremlin:Tricksy"],"picked":"Gremlin:Pinprick","floor":38.0},{"not_picked":["Gremlin:EdibleArmor","Gremlin:Changeo"],"picked":"Gremlin:IrksomeBlow+1","floor":40.0},{"not_picked":["Gremlin:PinNeedle+1","Gremlin:GlitterGuard","Gremlin:BubbleBarrier"],"picked":"SKIP","floor":42.0},{"not_picked":["Gremlin:Glimmer","Gremlin:Dazzle","Gremlin:Pretaliation"],"picked":"SKIP","floor":45.0},{"not_picked":["Gremlin:ArmsTheft","Gremlin:Glimmer","Gremlin:ShadowShiv"],"picked":"SKIP","floor":46.0}],"player_experience":291771,"relics_obtained":[{"floor":6.0,"key":"Turnip"},{"floor":9.0,"key":"StoneCalendar"},{"floor":14.0,"key":"Mummified Hand"},{"floor":24.0,"key":"Centennial Puzzle"},{"floor":26.0,"key":"Matryoshka"},{"floor":27.0,"key":"Regal Pillow"},{"floor":38.0,"key":"Du-Vu Doll"},{"floor":40.0,"key":"The Courier"},{"floor":42.0,"key":"Toy Ornithopter"},{"floor":43.0,"key":"Shuriken"},{"floor":43.0,"key":"Gremlin:PricklyShields"},{"floor":46.0,"key":"Gremlin:WizardStaff"}],"event_choices":[{"cards_removed":["Gremlin:Defend"],"damage_healed":0.0,"max_hp_gain":0.0,"max_hp_loss":0.0,"gold_gain":0.0,"event_name":"Golden Wing","player_choice":"Card Removal","floor":2.0,"gold_loss":0.0,"damage_taken":2.0},{"cards_removed":["Gremlin:Strike"],"damage_healed":0.0,"max_hp_gain":0.0,"max_hp_loss":0.0,"gold_gain":0.0,"event_name":"The Cleric","player_choice":"Card Removal","floor":3.0,"gold_loss":50.0,"damage_taken":0.0},{"damage_healed":0.0,"max_hp_gain":0.0,"max_hp_loss":0.0,"gold_gain":0.0,"event_name":"Shining Light","player_choice":"Entered Light","floor":10.0,"gold_loss":0.0,"damage_taken":4.0,"cards_upgraded":["Gremlin:ProperTools","Gremlin:ProperTools"]},{"damage_healed":0.0,"max_hp_gain":0.0,"max_hp_loss":0.0,"gold_gain":100.0,"event_name":"The Joust","player_choice":"Bet on Murderer","floor":19.0,"gold_loss":50.0,"damage_taken":0.0},{"damage_healed":0.0,"max_hp_gain":0.0,"max_hp_loss":0.0,"gold_gain":0.0,"event_name":"FaceTrader","player_choice":"Trade","floor":22.0,"gold_loss":0.0,"damage_taken":0.0,"relics_obtained":["FaceOfCleric"]},{"damage_healed":0.0,"max_hp_gain":0.0,"max_hp_loss":0.0,"gold_gain":0.0,"event_name":"MindBloom","player_choice":"Upgrade","floor":36.0,"gold_loss":0.0,"damage_taken":0.0,"cards_upgraded":["Gremlin:Strike","Gremlin:Strike","Gremlin:Defend","Gremlin:Defend","Gremlin:TagTeam","Gremlin:GremlinDance","Gremlin:GremlinArms","Gremlin:GlitterGuard","Gremlin:IrksomeBlow","Gremlin:SecondVolley","Gremlin:GremlinArms","Gremlin:Fury","Gremlin:Pinprick"],"relics_obtained":["Mark of the Bloom"]},{"damage_healed":0.0,"max_hp_gain":0.0,"max_hp_loss":0.0,"gold_gain":0.0,"event_name":"Mysterious Sphere","player_choice":"Fight","floor":38.0,"gold_loss":0.0,"damage_taken":0.0},{"damage_healed":0,"gold_gain":0,"player_choice":"Memory 1","damage_taken":0,"max_hp_gain":0,"max_hp_loss":0,"event_name":"SensoryStone","floor":47,"gold_loss":0}],"is_beta":false,"boss_relics":[{"not_picked":["Fusion Hammer","Ectoplasm"],"picked":"Tiny House"},{"not_picked":["Cursed Key","SacredBark"],"picked":"SlaversCollar"}],"items_purged_floors":[0,29,48],"is_endless":false,"potions_floor_spawned":[5,8,14,24,27,30,35,45],"ascension_level":13}}