{"host":"31s8hzukbhz1k6i6","time":1609094783,"event":{"mods":["BaseMod","Colored Map","Minty Spire (QoL Compilation)","Relic Stats","UnlockEverythingMod"],"gold_per_floor":[113,113,12,29,29,63,63,99,125,145,145,145,188,212,212,343,343,368,384,384,384,384],"floor_reached":21,"playtime":2006,"items_purged":["Defend_P"],"score":236,"play_id":"294a67c1-8a35-42df-b814-defc3aa2ef00","local_time":"20201227104623","is_ascension_mode":true,"campfire_choices":[{"data":"CrushJoints","floor":7.0,"key":"SMITH"},{"data":"1","floor":12,"key":"LIFT"},{"data":"2","floor":15,"key":"LIFT"}],"circlet_count":0,"master_deck":["Strike_P","Strike_P","Strike_P","Defend_P","Defend_P+1","Defend_P","Eruption","Vigilance+1","CutThroughFate","CrushJoints+1","ThirdEye","JustLucky","WaveOfTheHand","Halt","Blasphemy","FearNoEvil","Vault","Pray+1","Evaluate+1"],"relics":["HolyWater","Bloody Idol","Toy Ornithopter","Girya","Damaru","Eternal Feather"],"acts_visited":["Exordium","TheCity"],"potions_floor_usage":[16],"damage_taken":[{"damage":6.0,"enemies":"2 Louse","floor":1.0,"turns":2.0},{"damage":0.0,"enemies":"Jaw Worm","floor":4.0,"turns":2.0},{"damage":6.0,"enemies":"Gremlin Nob","floor":6.0,"turns":3.0},{"damage":20.0,"enemies":"3 Sentries","floor":8.0,"turns":3.0},{"damage":1.0,"enemies":"Small Slimes","floor":10.0,"turns":3.0},{"damage":27,"enemies":"Lagavulin","floor":13,"turns":6},{"damage":1,"enemies":"Looter","floor":14,"turns":3},{"damage":10,"enemies":"Hexaghost","floor":16,"turns":8},{"damage":0,"enemies":"3 Byrds","floor":18,"turns":5},{"damage":17,"enemies":"Spheric Guardian","floor":19,"turns":4},{"damage":55,"enemies":"3 Cultists","floor":21,"turns":6}],"seed_played":"4088929827250498462","potions_obtained":[{"floor":4.0,"key":"Regen Potion"},{"floor":13,"key":"BlessingOfTheForge"}],"is_trial":false,"path_per_floor":["M","?","$","M","?","E","R","E","T","M","?","R","E","M","R","B",null,"M","M","?","M"],"character_chosen":"WATCHER","items_purchased":["ThirdEye"],"campfire_rested":0,"item_purchase_floors":[3],"current_hp_per_floor":[66,52,52,52,52,46,46,40,40,39,32,32,5,4,13,8,67,67,50,50,0,0],"gold":384,"neow_bonus":"THREE_CARDS","is_daily":false,"chose_seed":false,"campfire_upgraded":1,"win_rate":0.0,"timestamp":1609094783,"path_taken":["M","?","$","M","?","E","R","E","T","M","?","R","E","M","R","BOSS","M","M","?","M"],"items_purchased_type":["Card"],"build_version":"2020-12-22","purchased_purges":1,"victory":false,"max_hp_per_floor":[72,72,72,72,67,67,67,67,67,67,67,67,67,67,67,67,67,67,67,67,67,67],"relic_stats":{"counters":[11,45],"Bloody Idol":0,"Eternal Feather":9,"obtain_stats":[{"Girya":8,"Golden Idol":5,"Bloody Idol":20,"Damaru":9,"HolyWater":17,"Eternal Feather":13,"PureWater":0,"Toy Ornithopter":6},{"Girya":4,"Golden Idol":2,"Bloody Idol":10,"Damaru":4,"HolyWater":8,"Eternal Feather":6,"PureWater":0,"Toy Ornithopter":3},{"Girya":10,"Golden Idol":4,"Bloody Idol":39,"Damaru":10,"HolyWater":30,"Eternal Feather":19,"PureWater":0,"Toy Ornithopter":7}],"Toy Ornithopter":10},"card_choices":[{"not_picked":["EmptyFist","Protect"],"picked":"CutThroughFate","floor":0.0},{"not_picked":["Halt","Swivel"],"picked":"CrushJoints","floor":1.0},{"not_picked":["CrushJoints","PathToVictory"],"picked":"JustLucky","floor":6.0},{"not_picked":["SashWhip","ReachHeaven"],"picked":"WaveOfTheHand","floor":8.0},{"not_picked":["CrushJoints","DeceiveReality"],"picked":"Halt","floor":10},{"not_picked":["Halt","Swivel"],"picked":"Blasphemy","floor":13},{"not_picked":["FlyingSleeves","InnerPeace"],"picked":"FearNoEvil","floor":14},{"not_picked":["Blasphemy","Establishment"],"picked":"Vault","floor":16},{"not_picked":["FlyingSleeves","Consecrate"],"picked":"Pray+1","floor":18},{"not_picked":["Weave","Vengeance"],"picked":"Evaluate+1","floor":19}],"player_experience":28119,"relics_obtained":[{"floor":6.0,"key":"Toy Ornithopter"},{"floor":8.0,"key":"Girya"},{"floor":9.0,"key":"Damaru"},{"floor":13,"key":"Eternal Feather"}],"event_choices":[{"damage_healed":0.0,"max_hp_gain":0.0,"max_hp_loss":0.0,"gold_gain":0.0,"event_name":"Shining Light","player_choice":"Entered Light","floor":2.0,"gold_loss":0.0,"damage_taken":14.0,"cards_upgraded":["Defend_P","Vigilance"]},{"damage_healed":0.0,"max_hp_gain":0.0,"max_hp_loss":5.0,"gold_gain":0.0,"event_name":"Golden Idol","player_choice":"Lose Max HP","floor":5.0,"gold_loss":0.0,"damage_taken":0.0,"relics_obtained":["Golden Idol"]},{"cards_removed":["Strike_P"],"damage_healed":0,"gold_gain":0,"player_choice":"Card Removal","damage_taken":7,"max_hp_gain":0,"max_hp_loss":0,"event_name":"Golden Wing","floor":11,"gold_loss":0},{"damage_healed":0,"gold_gain":0,"player_choice":"Gave Idol","damage_taken":0,"relics_obtained":["Bloody Idol"],"max_hp_gain":0,"max_hp_loss":0,"event_name":"Forgotten Altar","floor":20,"relics_lost":["Golden Idol"],"gold_loss":0}],"is_beta":false,"boss_relics":[{"not_picked":["VioletLotus","Coffee Dripper"],"picked":"HolyWater"}],"items_purged_floors":[3],"is_endless":false,"potions_floor_spawned":[4,13],"killed_by":"3 Cultists","ascension_level":4}}