{"host":"0cnf9zf1gia27zti","time":1609036612,"event":{"mods":["BaseMod","BetterRewards","Card Forge","Colored Map","Colored Powertips","Conspire","Downfall","Minty Spire (QoL Compilation)","Practice Mode","Quick Restart","Replay The Spire","Robot Space Explorer","Shade Mod","Spicy Shops","StSLib"],"gold_per_floor":[110,144,65,82,82,111,111,16,16,91,140,187,209,159,159,248,248,297,297,217,167,92,92,119,150,150,204,248,311,342,404,404,501,501,535,577,601,601],"floor_reached":37,"playtime":36653,"items_purged":["Strike_B"],"score":1068,"play_id":"37bf04d3-0a54-44d0-8675-35135f552bdd","local_time":"20201227023652","is_ascension_mode":true,"campfire_choices":[{"floor":7,"key":"REST"},{"data":"Scrape","floor":15,"key":"SMITH"},{"data":"Scrape","floor":23,"key":"SMITH"},{"floor":32,"key":"REST"}],"circlet_count":0,"master_deck":["AscendersBane","Strike_B","Strike_B","Strike_B","Defend_B","Defend_B","Defend_B+1","Defend_B","Zap","Dualcast","Scrape+1","Go for the Eyes","Reinforced Body","Scrape+1","Gash","Steam","Steam","Pot Of Greed+1","Pot Of Greed+1","Steam","Flash of Steel","Reinforced Body","Skim","conspire:SpireCoStock+1","Hyperbeam","Reinforced Body","Scrape","Go for the Eyes","Steam","Gash","Conserve Battery","Beam Cell","Sweeping Beam"],"relics":["Cracked Core","Hammer of Thor","Seething Fire","Anvil of the Gods","Replay:Wax Seal","Matryoshka","Eternal Feather","Letter Opener","Grinning Jar","Replay:Bandana","conspire:Dentures","Onion Ring","Strawberry","Dream Catcher","Cursed Key","Carrot","Gremlin Horn","Philosopher\u0027s Stone"],"acts_visited":["Exordium","TheCity","TheBeyond"],"potions_floor_usage":[18,28,33,33],"damage_taken":[{"damage":0,"enemies":"2 Louse","floor":1,"turns":2},{"damage":14,"enemies":"conspire:MimicChest","floor":2,"turns":4},{"damage":0,"enemies":"Jaw Worm","floor":4,"turns":3},{"damage":19,"enemies":"3 Sentries","floor":6,"turns":10},{"damage":6,"enemies":"Gremlin Nob","floor":11,"turns":3},{"damage":0,"enemies":"Cultist","floor":13,"turns":3},{"damage":15,"enemies":"Slime Boss","floor":16,"turns":6},{"damage":0,"enemies":"Spheric Guardian","floor":18,"turns":2},{"damage":0,"enemies":"3 Byrds","floor":24,"turns":2},{"damage":5,"enemies":"Sentry and Sphere","floor":25,"turns":4},{"damage":6,"enemies":"Shelled Parasite and Fungi","floor":27,"turns":2},{"damage":19,"enemies":"Slavers","floor":28,"turns":2},{"damage":0,"enemies":"Centurion and Healer","floor":29,"turns":3},{"damage":8,"enemies":"Snecko","floor":30,"turns":4},{"damage":4,"enemies":"Chosen and Byrds","floor":31,"turns":5},{"damage":37,"enemies":"Automaton","floor":33,"turns":14},{"damage":32,"enemies":"3 Darklings","floor":35,"turns":3},{"damage":0,"enemies":"Orb Walker","floor":36,"turns":3},{"damage":53,"enemies":"Writhing Mass","floor":37,"turns":7}],"seed_played":"-1666281735988534377","potions_obtained":[{"floor":2,"key":"SpeedPotion"},{"floor":11,"key":"Energy Potion"},{"floor":16,"key":"Energy Potion"},{"floor":25,"key":"Death Potion"},{"floor":28,"key":"SkillPotion"}],"is_trial":false,"path_per_floor":["M","?","$","M","$","E","R","$","T","?","E","T","M","?","R","B",null,"M","?","$","?","$","R","M","M","T","M","E","M","M","M","R","B",null,"M","M","M"],"character_chosen":"DEFECT","items_purchased":["Scrape","Replay:Wax Seal","Matryoshka","Go for the Eyes","Reinforced Body","Eternal Feather","Steam","Flash of Steel","Scrape"],"campfire_rested":2,"item_purchase_floors":[0,0,0,0,0,0,3,8,20],"current_hp_per_floor":[64,50,50,50,50,31,64,64,64,53,47,54,54,54,69,54,72,72,72,72,72,72,78,78,73,73,67,48,48,40,36,77,40,69,37,37,0,0],"gold":601,"neow_bonus":"","is_daily":false,"chose_seed":false,"campfire_upgraded":2,"win_rate":0.0,"timestamp":1609036612,"path_taken":["M","?","$","M","?","E","R","$","T","?","E","?","M","?","R","BOSS","M","?","$","?","$","R","M","?","T","M","E","M","M","M","R","BOSS","M","M","M"],"items_purchased_type":["Card","Relic","Relic","Card","Card","Relic","Card","Card","Card"],"build_version":"2020-12-22","purchased_purges":1,"victory":false,"max_hp_per_floor":[71,71,71,71,71,71,71,71,71,71,71,78,78,78,78,78,78,78,78,78,78,78,78,78,78,78,78,78,78,78,78,78,78,78,78,78,78,78],"card_choices":[{"not_picked":["ReplayGash","Compile Driver"],"picked":"Gash","floor":1},{"not_picked":["Redo","Core Surge"],"picked":"Steam","floor":2},{"not_picked":["Barrage","Coolheaded","Compile Driver"],"picked":"SKIP","floor":4},{"not_picked":["Coolheaded","Turbo"],"picked":"Steam","floor":6},{"not_picked":["Core Surge","ReplayTheSpireMod:GoodbyeWorld"],"picked":"Reinforced Body","floor":11},{"not_picked":["Hologram","Turbo"],"picked":"Skim","floor":13},{"not_picked":["Buffer","Amplify"],"picked":"Hyperbeam","floor":16},{"not_picked":["Hologram","Stack+1"],"picked":"Reinforced Body","floor":18},{"not_picked":["Cold Snap","BasicCrystalCard+1","Compile Driver"],"picked":"SKIP","floor":24},{"not_picked":["Sweeping Beam","Panic Button"],"picked":"Go for the Eyes","floor":25},{"not_picked":["Compile Driver","BasicCrystalCard"],"picked":"Steam","floor":27},{"not_picked":["Seek","Static Discharge"],"picked":"Gash","floor":28},{"not_picked":["Rebound","Sweeping Beam"],"picked":"Conserve Battery","floor":29},{"not_picked":["Steam","Ball Lightning","Leap"],"picked":"SKIP","floor":30},{"not_picked":["Coolheaded","Rebound"],"picked":"Beam Cell","floor":31},{"not_picked":["Lockon","Loop"],"picked":"Sweeping Beam","floor":35},{"not_picked":["Cold Snap","Coolheaded+1","conspire:Rain"],"picked":"SKIP","floor":36}],"player_experience":2524797,"relics_obtained":[{"floor":2,"key":"Letter Opener"},{"floor":6,"key":"Grinning Jar"},{"floor":9,"key":"Replay:Bandana"},{"floor":9,"key":"conspire:Dentures"},{"floor":11,"key":"Onion Ring"},{"floor":12,"key":"Strawberry"},{"floor":12,"key":"Dream Catcher"},{"floor":26,"key":"Carrot"},{"floor":28,"key":"Gremlin Horn"}],"event_choices":[{"damage_healed":0,"gold_gain":75,"player_choice":"Gather Gold","damage_taken":11,"max_hp_gain":0,"max_hp_loss":0,"event_name":"World of Goop","floor":10,"gold_loss":0},{"damage_healed":0,"gold_gain":0,"player_choice":"Invest 1","damage_taken":0,"max_hp_gain":0,"max_hp_loss":0,"event_name":"conspire:Investor","floor":14,"gold_loss":0},{"damage_healed":0,"gold_gain":0,"player_choice":"Upgraded Two","damage_taken":0,"max_hp_gain":0,"max_hp_loss":0,"event_name":"Designer","floor":21,"gold_loss":50,"cards_upgraded":["conspire:SpireCoStock","Defend_B"]}],"is_beta":false,"boss_relics":[{"not_picked":["Pandora\u0027s Box","Honey Jar"],"picked":"Cursed Key"},{"not_picked":["Painkiller Herb","Abe\u0027s Treasure"],"picked":"Philosopher\u0027s Stone"}],"items_purged_floors":[22],"is_endless":false,"potions_floor_spawned":[2,11,16,25,28,30],"killed_by":"Writhing Mass","ascension_level":18}}