{"host":"lvhfn8l5bvc4nolx","time":1609060663,"event":{"mods":["AchievementEnabler","BaseMod","Colored Map","Keyboard Shortcuts","Minty Spire (QoL Compilation)","Permanent Neow","Quick Restart","SuperFastMode"],"gold_per_floor":[112,62,62,237,237,237,264,282,306,88,107,107,107,7,7,102,152,164,178,28,28,44,44,78,78,78,91,101,101,101,101],"floor_reached":30,"playtime":928,"items_purged":["Doubt","Strike_G"],"score":311,"play_id":"a4ad7390-094f-48e7-8f9e-e7bc2f7ca885","local_time":"20201227181743","is_ascension_mode":true,"campfire_choices":[{"data":"Apotheosis","floor":6.0,"key":"SMITH"},{"data":"After Image","floor":15.0,"key":"SMITH"},{"data":"After Image","floor":23.0,"key":"SMITH"},{"data":"Acrobatics","floor":25,"key":"SMITH"},{"floor":29,"key":"REST"}],"circlet_count":0,"master_deck":["Strike_G","Strike_G+1","Strike_G+1","Strike_G+1","Defend_G","Defend_G","Defend_G","Defend_G","Defend_G","Survivor","Neutralize","Shame","Apotheosis+1","Flying Knee","Backflip","Grand Finale","Backflip","Prepared","Tactician","After Image+1","Acrobatics+1","Prepared","After Image+1","Backflip","Well Laid Plans+1","Reflex","Quick Slash","After Image","Blur","Acrobatics+1"],"relics":["Ring of the Snake","Juzu Bracelet","Potion Belt","Toy Ornithopter","Orrery","Pantograph","Tiny House","Membership Card","Akabeko","PreservedInsect"],"acts_visited":["Exordium","TheCity"],"potions_floor_usage":[28,28,28,28],"damage_taken":[{"damage":3.0,"enemies":"Small Slimes","floor":1.0,"turns":4.0},{"damage":40.0,"enemies":"Lagavulin","floor":7.0,"turns":9.0},{"damage":7.0,"enemies":"2 Louse","floor":8.0,"turns":3.0},{"damage":2.0,"enemies":"Jaw Worm","floor":11.0,"turns":4.0},{"damage":29.0,"enemies":"Hexaghost","floor":16.0,"turns":14.0},{"damage":1.0,"enemies":"Shell Parasite","floor":18.0,"turns":8.0},{"damage":21.0,"enemies":"2 Thieves","floor":19.0,"turns":3.0},{"damage":18.0,"enemies":"Snecko","floor":22.0,"turns":8.0},{"damage":0,"enemies":"Slavers","floor":24,"turns":1},{"damage":13,"enemies":"3 Cultists","floor":27,"turns":7},{"damage":6,"enemies":"Centurion and Healer","floor":28,"turns":7},{"damage":20,"enemies":"Colosseum Slavers","floor":30,"turns":5},{"damage":52,"enemies":"Colosseum Nobs","floor":30,"turns":5}],"seed_played":"5409076460931559776","potions_obtained":[{"floor":1.0,"key":"GamblersBrew"},{"floor":11.0,"key":"SpeedPotion"},{"floor":16.0,"key":"Poison Potion"},{"floor":17.0,"key":"Block Potion"},{"floor":18.0,"key":"Poison Potion"},{"floor":19.0,"key":"Swift Potion"}],"is_trial":false,"path_per_floor":["M","$","?","?","?","R","E","M","T","$","M","T","?","$","R","B",null,"M","M","$","?","M","R","E","R","T","M","M","R","?"],"character_chosen":"THE_SILENT","items_purchased":["Backflip","Orrery","Membership Card","Reflex"],"campfire_rested":1,"item_purchase_floors":[2,10,20,20],"current_hp_per_floor":[67,67,72,72,69,69,29,22,22,22,20,20,5,5,5,1,80,79,58,58,58,40,40,40,40,40,27,41,65,0,0],"gold":101,"neow_bonus":"RANDOM_COLORLESS_2","is_daily":false,"chose_seed":false,"campfire_upgraded":4,"win_rate":0.0,"timestamp":1609060663,"path_taken":["M","$","?","?","?","R","E","M","T","$","M","?","?","$","R","BOSS","M","M","$","?","M","R","E","R","T","M","M","R","?"],"items_purchased_type":["Card","Relic","Relic","Card"],"build_version":"2020-12-22","purchased_purges":2,"victory":false,"max_hp_per_floor":[70,70,75,75,75,75,75,75,75,75,75,75,75,75,75,75,80,80,80,80,80,80,80,80,80,80,80,80,80,80,80],"card_choices":[{"not_picked":["Secret Weapon","Metamorphosis"],"picked":"Apotheosis","floor":0.0},{"not_picked":["Infinite Blades","Outmaneuver"],"picked":"Flying Knee","floor":1.0},{"not_picked":["Outmaneuver","Slice"],"picked":"Grand Finale","floor":7.0},{"not_picked":["Outmaneuver","Poisoned Stab","Flying Knee"],"picked":"SKIP","floor":8.0},{"not_picked":["Caltrops","Slice"],"picked":"Backflip","floor":10.0},{"not_picked":["Endless Agony","Bane"],"picked":"Prepared","floor":10.0},{"not_picked":["Concentrate","Backstab"],"picked":"Tactician","floor":10.0},{"not_picked":["Dodge and Roll","Bane"],"picked":"After Image","floor":10.0},{"not_picked":["Bane","Accuracy"],"picked":"Acrobatics","floor":10.0},{"not_picked":["Deadly Poison","Well Laid Plans"],"picked":"Prepared","floor":11.0},{"not_picked":["Die Die Die","Storm of Steel"],"picked":"After Image","floor":16.0},{"not_picked":["Dagger Throw","Riddle With Holes"],"picked":"Backflip","floor":18.0},{"not_picked":["Backstab+1","Backflip"],"picked":"Well Laid Plans+1","floor":19.0},{"not_picked":["Bane","Underhanded Strike"],"picked":"Quick Slash","floor":22.0},{"not_picked":["Unload","Blade Dance"],"picked":"After Image","floor":24},{"not_picked":["Eviscerate+1","Prepared"],"picked":"Blur","floor":27},{"not_picked":["Cloak And Dagger","Deadly Poison"],"picked":"Acrobatics+1","floor":28}],"player_experience":345134,"relics_obtained":[{"floor":7.0,"key":"Potion Belt"},{"floor":9.0,"key":"Toy Ornithopter"},{"floor":12.0,"key":"Pantograph"},{"floor":24,"key":"Akabeko"},{"floor":26,"key":"PreservedInsect"}],"event_choices":[{"damage_healed":0.0,"max_hp_gain":5.0,"max_hp_loss":0.0,"gold_gain":0.0,"event_name":"Big Fish","player_choice":"Donut","floor":3.0,"gold_loss":0.0,"damage_taken":0.0},{"damage_healed":0.0,"max_hp_gain":0.0,"max_hp_loss":0.0,"gold_gain":175.0,"event_name":"Liars Game","player_choice":"AGREE","floor":4.0,"gold_loss":0.0,"damage_taken":0.0,"cards_obtained":["Doubt"]},{"damage_healed":0.0,"max_hp_gain":0.0,"max_hp_loss":0.0,"gold_gain":0.0,"event_name":"Scrap Ooze","player_choice":"Success","floor":5.0,"gold_loss":0.0,"damage_taken":3.0,"relics_obtained":["Juzu Bracelet"]},{"damage_healed":0.0,"max_hp_gain":0.0,"max_hp_loss":0.0,"gold_gain":0.0,"event_name":"Shining Light","player_choice":"Entered Light","floor":13.0,"gold_loss":0.0,"damage_taken":15.0,"cards_upgraded":["Strike_G","Strike_G"]},{"damage_healed":0,"gold_gain":0,"player_choice":"Fight","damage_taken":0,"max_hp_gain":0,"max_hp_loss":0,"event_name":"Colosseum","floor":30,"gold_loss":0},{"damage_healed":0,"gold_gain":0,"player_choice":"Fought Nobs","damage_taken":0,"max_hp_gain":0,"max_hp_loss":0,"event_name":"Colosseum","floor":30,"gold_loss":0}],"is_beta":false,"boss_relics":[{"not_picked":["SlaversCollar","Snecko Eye"],"picked":"Tiny House"}],"items_purged_floors":[10,14],"is_endless":false,"potions_floor_spawned":[1,11,16,18,19,30],"killed_by":"Colosseum Nobs","ascension_level":1}}