{"host":"2461dio7vetlq1z3","time":1609074541,"event":{"mods":["2.2 Compatiblity","AchievementEnabler","Aspiration","BaseMod","Better Third Choice","Friendly Minions","Hermit","Minty Spire (QoL Compilation)","Relic Stats","Spicy Shops","StSLib","The Animator","Waifu the Spire"],"gold_per_floor":[113,129,129,143,68,68,93,93,120,151,163,238,253,265,265,341,341,355,405,62,62,62,62,394,394,421,421,440,460,385,417,417,494,494,511,522,540,5,5,5,39,39,39,64,83,134,145,68,68,68,68,68,68,68,99,99],"floor_reached":57,"playtime":3229,"items_purged":["Strike_B","Strike_B","Defend_B"],"score":2881,"play_id":"226cfd00-c843-484e-b906-1ca4355847fb","local_time":"20201227140901","is_ascension_mode":true,"campfire_choices":[{"data":"Biased Cognition","floor":6.0,"key":"SMITH"},{"data":"Machine Learning","floor":8.0,"key":"SMITH"},{"floor":15,"key":"REST"},{"data":"Genetic Algorithm","floor":23,"key":"SMITH"},{"data":"Loop","floor":25,"key":"SMITH"},{"data":"Redo","floor":27,"key":"SMITH"},{"floor":32,"key":"REST"},{"data":"aspiration:Polymerization","floor":40,"key":"SMITH"},{"floor":42,"key":"RECALL"},{"data":"Recycle","floor":49,"key":"SMITH"},{"data":"Zap","floor":53,"key":"SMITH"}],"circlet_count":0,"master_deck":["AscendersBane","Defend_B","Defend_B","Zap+1","Dualcast","Static Discharge+1","Glacier","Biased Cognition+1","Machine Learning+1","Redo+1","Compile Driver","Core Surge","Genetic Algorithm+1","Biased Cognition","Loop+1","Skim","Auto Shields","Chill","aspiration:Polymerization+1","Steam+1","Recycle+1","Biased Cognition","Loop+1","Chill+1","Core Surge","Loop","aspiration:Polymerization+1","Hologram","Loop","Static Discharge+1"],"relics":["Cracked Core","aspiration:Nostalgia","PureWater","Vajra","Toy Ornithopter","aspiration:HiddenCompartment","Nuclear Battery","ClockworkSouvenir","Old Coin","Bronze Scales","Ancient Tea Set","Inserter","Art of War","Dream Catcher","Gambling Chip","Centennial Puzzle","Akabeko"],"acts_visited":["Exordium","TheCity","TheBeyond","TheEnding"],"potions_floor_usage":[16,56],"damage_taken":[{"damage":11.0,"enemies":"Small Slimes","floor":1.0,"turns":3.0},{"damage":2.0,"enemies":"Cultist","floor":2.0,"turns":4.0},{"damage":1.0,"enemies":"Jaw Worm","floor":4.0,"turns":6.0},{"damage":23.0,"enemies":"Gremlin Nob","floor":7.0,"turns":4.0},{"damage":5.0,"enemies":"Lagavulin","floor":10.0,"turns":8.0},{"damage":1.0,"enemies":"3 Louse","floor":11.0,"turns":2.0},{"damage":7,"enemies":"2 Fungi Beasts","floor":13,"turns":3},{"damage":0,"enemies":"Exordium Wildlife","floor":14,"turns":4},{"damage":17,"enemies":"Slime Boss","floor":16,"turns":7},{"damage":0,"enemies":"Spheric Guardian","floor":18,"turns":3},{"damage":0,"enemies":"Book of Stabbing","floor":24,"turns":7},{"damage":0,"enemies":"Chosen","floor":28,"turns":5},{"damage":26,"enemies":"Snake Plant","floor":29,"turns":4},{"damage":0,"enemies":"Gremlin Leader","floor":31,"turns":7},{"damage":1,"enemies":"Champ","floor":33,"turns":7},{"damage":6,"enemies":"3 Shapes","floor":35,"turns":5},{"damage":0,"enemies":"Orb Walker","floor":36,"turns":3},{"damage":0,"enemies":"Maw","floor":37,"turns":6},{"damage":0,"enemies":"Giant Head","floor":41,"turns":8},{"damage":0,"enemies":"Mind Bloom Boss Battle","floor":44,"turns":4},{"damage":0,"enemies":"4 Shapes","floor":45,"turns":8},{"damage":25,"enemies":"3 Darklings","floor":47,"turns":8},{"damage":16,"enemies":"Awakened One","floor":50,"turns":8},{"damage":2,"enemies":"Donu and Deca","floor":51,"turns":10},{"damage":28,"enemies":"Shield and Spear","floor":55,"turns":6},{"damage":8,"enemies":"The Heart","floor":56,"turns":9}],"seed_played":"2269730183348389494","potions_obtained":[{"floor":4.0,"key":"SpeedPotion"},{"floor":7.0,"key":"Fire Potion"},{"floor":11,"key":"Ancient Potion"},{"floor":24,"key":"SpeedPotion"},{"floor":47,"key":"FairyPotion"}],"is_trial":false,"path_per_floor":["M","M","?","M","$","R","E","R","T","E","M","?","M","M","R","B",null,"M","?","$","?","?","R","E","R","T","R","M","M","?","E","R","B",null,"M","M","M","$","?","R","E","R","T","?","M","T","M","$","R","B","B",null,"R","$","E","B",null],"character_chosen":"DEFECT","items_purchased":["ClockworkSouvenir","Loop","Core Surge","Loop","Art of War","Loop"],"campfire_rested":2,"item_purchase_floors":[20,20,38,38,38,48],"current_hp_per_floor":[53,51,51,50,50,50,27,27,27,22,21,10,3,3,24,12,56,56,56,56,56,36,36,36,36,36,36,36,10,10,10,32,31,65,59,59,59,59,63,63,63,63,63,63,63,63,38,38,38,22,20,62,62,62,34,31],"gold":99,"neow_bonus":"NOSTALGIA","is_daily":false,"chose_seed":false,"campfire_upgraded":8,"win_rate":0.0,"timestamp":1609074541,"path_taken":["M","M","?","M","?","R","E","R","T","E","M","?","M","M","R","BOSS","M","?","$","?","?","R","E","R","T","R","M","M","?","E","R","BOSS","M","M","M","$","?","R","E","R","T","?","M","?","M","?","R","BOSS","BOSS","R","$","E","BOSS"],"items_purchased_type":["Relic","Card","Card","Card","Relic","Card"],"build_version":"2020-12-22","purchased_purges":3,"victory":true,"max_hp_per_floor":[71,71,71,71,71,71,71,71,71,71,71,71,71,71,71,71,71,71,71,71,71,76,76,76,76,76,76,76,76,76,76,76,76,76,76,76,76,76,76,76,76,76,76,76,76,76,76,76,76,76,76,76,76,76,76,76],"relic_stats":{"Dream Catcher":0,"Centennial Puzzle":[15],"Inserter":[37],"counters":[26,142],"Bronze Scales":[423],"Gambling Chip":[8],"Art of War":[30],"obtain_stats":[{"Inserter":34,"aspiration:Nostalgia":0,"Vajra":7,"aspiration:HiddenCompartment":10,"Ancient Tea Set":31,"Akabeko":55,"Nuclear Battery":17,"ClockworkSouvenir":20,"Old Coin":24,"Dream Catcher":41,"Centennial Puzzle":46,"Bronze Scales":26,"Gambling Chip":44,"Art of War":38,"PureWater":0,"Cracked Core":0,"Toy Ornithopter":9},{"Inserter":15,"aspiration:Nostalgia":0,"Vajra":4,"aspiration:HiddenCompartment":5,"Ancient Tea Set":14,"Akabeko":25,"Nuclear Battery":9,"ClockworkSouvenir":10,"Old Coin":11,"Dream Catcher":19,"Centennial Puzzle":21,"Bronze Scales":11,"Gambling Chip":20,"Art of War":18,"PureWater":0,"Cracked Core":0,"Toy Ornithopter":4},{"Inserter":74,"aspiration:Nostalgia":0,"Vajra":17,"aspiration:HiddenCompartment":25,"Ancient Tea Set":67,"Akabeko":134,"Nuclear Battery":41,"ClockworkSouvenir":44,"Old Coin":51,"Dream Catcher":94,"Centennial Puzzle":105,"Bronze Scales":51,"Gambling Chip":98,"Art of War":87,"PureWater":0,"Cracked Core":0,"Toy Ornithopter":17}],"Toy Ornithopter":10},"card_choices":[{"not_picked":["Gash","Cold Snap"],"picked":"Static Discharge","floor":1.0},{"not_picked":["Conserve Battery","Blizzard"],"picked":"Glacier","floor":2.0},{"not_picked":["Go for the Eyes","Beam Cell"],"picked":"Biased Cognition","floor":4.0},{"not_picked":["Leap","Go for the Eyes"],"picked":"Machine Learning","floor":7.0},{"not_picked":["Cold Snap","Sweeping Beam"],"picked":"Redo","floor":10.0},{"not_picked":["Undo","Stack"],"picked":"Compile Driver","floor":11},{"not_picked":["Go for the Eyes","Ball Lightning"],"picked":"Core Surge","floor":13},{"not_picked":["Storm","Leap"],"picked":"Genetic Algorithm","floor":14},{"not_picked":["Amplify","Hyperbeam"],"picked":"Biased Cognition","floor":16},{"not_picked":["Chill","Hello World","Go for the Eyes+1"],"picked":"SKIP","floor":18},{"not_picked":["Turbo","Sweeping Beam+1"],"picked":"Chill","floor":24},{"not_picked":["Go for the Eyes+1","Blizzard"],"picked":"aspiration:Polymerization","floor":28},{"not_picked":["Streamline","Static Discharge"],"picked":"Steam+1","floor":29},{"not_picked":["Chaos","Doom and Gloom"],"picked":"Recycle","floor":31},{"not_picked":["Creative AI","All For One"],"picked":"Biased Cognition","floor":33},{"not_picked":["Ball Lightning","Conserve Battery","Barrage"],"picked":"SKIP","floor":35},{"not_picked":["Ball Lightning","Conserve Battery","Barrage"],"picked":"SKIP","floor":35},{"not_picked":["Barrage","Rebound"],"picked":"Loop+1","floor":36},{"not_picked":["Ball Lightning","Go for the Eyes"],"picked":"Chill+1","floor":37},{"not_picked":["Fission","Redo"],"picked":"aspiration:Polymerization+1","floor":41},{"not_picked":["Streamline+1","Sweeping Beam+1","Conserve Battery"],"picked":"SKIP","floor":45},{"not_picked":["Steam","Leap"],"picked":"Hologram","floor":47},{"not_picked":["Biased Cognition","Coolheaded+1"],"picked":"Static Discharge+1","floor":55}],"player_experience":1010613,"relics_obtained":[{"floor":7.0,"key":"Vajra"},{"floor":9.0,"key":"Toy Ornithopter"},{"floor":10.0,"key":"aspiration:HiddenCompartment"},{"floor":24,"key":"Old Coin"},{"floor":26,"key":"Bronze Scales"},{"floor":31,"key":"Ancient Tea Set"},{"floor":41,"key":"Dream Catcher"},{"floor":44,"key":"Gambling Chip"},{"floor":46,"key":"Centennial Puzzle"},{"floor":55,"key":"Akabeko"}],"event_choices":[{"damage_healed":0.0,"max_hp_gain":0.0,"max_hp_loss":0.0,"gold_gain":0.0,"event_name":"Upgrade Shrine","player_choice":"Upgraded","floor":3.0,"gold_loss":0.0,"damage_taken":0.0,"cards_upgraded":["Static Discharge"]},{"damage_healed":0,"gold_gain":75,"player_choice":"Gold","damage_taken":11,"max_hp_gain":0,"max_hp_loss":0,"event_name":"betterThird:BetterGoop","floor":12,"gold_loss":0},{"damage_healed":0,"gold_gain":50,"player_choice":"Steal","damage_taken":0,"max_hp_gain":0,"max_hp_loss":0,"event_name":"betterThird:BetterNest","floor":19,"gold_loss":0},{"damage_healed":0,"gold_gain":0,"cards_transformed":["Strike_B","Defend_B"],"player_choice":"Became Test Subject","damage_taken":0,"max_hp_gain":0,"max_hp_loss":0,"event_name":"Drug Dealer","floor":21,"gold_loss":0,"cards_obtained":["Skim","Auto Shields"]},{"damage_healed":0,"gold_gain":0,"player_choice":"Shed Blood","damage_taken":25,"max_hp_gain":5,"max_hp_loss":0,"event_name":"Forgotten Altar","floor":22,"gold_loss":0},{"cards_removed":["Strike_B"],"damage_healed":0,"gold_gain":0,"player_choice":"Gave Gold","damage_taken":0,"max_hp_gain":0,"max_hp_loss":0,"event_name":"Beggar","floor":30,"gold_loss":75},{"damage_healed":0,"gold_gain":0,"player_choice":"Fight","damage_taken":0,"max_hp_gain":0,"max_hp_loss":0,"event_name":"MindBloom","floor":44,"gold_loss":0}],"is_beta":false,"boss_relics":[{"not_picked":["aspiration:SecretTechniqueScroll","Calling Bell"],"picked":"Nuclear Battery"},{"not_picked":["FrozenCore","Empty Cage"],"picked":"Inserter"}],"items_purged_floors":[5,20,38],"is_endless":false,"potions_floor_spawned":[4,7,11,13,24,31,33,37,44,47,55],"ascension_level":20}}