{"host":"bjzqjr1ycgj8gt55","time":1609050399,"event":{"mods":["BaseMod","Block Reminder","Colored Map","Colored Powertips","Downfall","GifTheSpireLib","Minty Spire (QoL Compilation)","Rare Cards Sparkle","Spicy Shops","StSLib","Waifu the Spire"],"gold_per_floor":[99,116,131,131,148,161,188,202,202,215,225,239,252,269,286,381,381,381,399,25,25,25,55,132,157,171,189,207,220,220,220,220],"floor_reached":30,"playtime":1727,"items_purged":["Guardian:Strike_Guardian"],"score":312,"play_id":"5df1ab4b-a11f-4fe9-810c-89ed0ba868a1","local_time":"20201227002639","is_ascension_mode":true,"campfire_choices":[{"floor":1,"key":"RECALL"},{"data":"Guardian:CompilePackage","floor":18,"key":"SMITH"}],"circlet_count":0,"master_deck":["Guardian:Strike_Guardian","Guardian:Strike_Guardian","Guardian:Strike_Guardian","Guardian:Defend_Guardian","Guardian:Defend_Guardian","Guardian:Defend_Guardian","Guardian:Defend_Guardian","Guardian:CurlUp","Guardian:TwinSlam","Guardian:CompilePackage+1","Guardian:FuturePlans","Guardian:PiercingHide","Guardian:EvasiveProtocol","Guardian:Orbwalk","Guardian:Planning","Guardian:BronzeOrb","Guardian:PiercingHide","Guardian:Orbwalk","Guardian:Planning","Guardian:VentSteam","Guardian:CompilePackage","Guardian:Emergency+1","Guardian:EvasiveProtocol+1","Guardian:TimeCapacitor","Guardian:ShieldCharger","Guardian:Gem_Red","Guardian:TimeCapacitor","Guardian:Suspension","Guardian:ChargeUp+1","Guardian:BronzeArmor+1"],"relics":["Guardian:ModeShifter","Blood Vial","Philosopher\u0027s Stone","Guardian:PocketSentry","Smiling Mask","Darkstone Periapt","The Courier"],"acts_visited":["Exordium","TheCity"],"potions_floor_usage":[25,26,28],"damage_taken":[{"damage":10,"enemies":"Small Slimes","floor":2,"turns":4},{"damage":0,"enemies":"Jaw Worm","floor":3,"turns":4},{"damage":3,"enemies":"Cultist","floor":5,"turns":3},{"damage":10,"enemies":"Gremlin Gang","floor":6,"turns":3},{"damage":14,"enemies":"Red Slaver","floor":8,"turns":3},{"damage":1,"enemies":"2 Fungi Beasts","floor":10,"turns":4},{"damage":0,"enemies":"Large Slime","floor":11,"turns":7},{"damage":6,"enemies":"Lots of Slimes","floor":12,"turns":4},{"damage":8,"enemies":"Exordium Thugs","floor":13,"turns":4},{"damage":0,"enemies":"Large Slime","floor":14,"turns":6},{"damage":6,"enemies":"3 Louse","floor":15,"turns":3},{"damage":37,"enemies":"downfall:Silent","floor":16,"turns":9},{"damage":0,"enemies":"Shell Parasite","floor":19,"turns":5},{"damage":5,"enemies":"downfall:FleeingMerchant","floor":20,"turns":4},{"damage":22,"enemies":"Book of Stabbing","floor":23,"turns":5},{"damage":0,"enemies":"Gremlin Leader","floor":25,"turns":6},{"damage":5,"enemies":"Chosen and Byrds","floor":26,"turns":7},{"damage":21,"enemies":"Snake Plant","floor":27,"turns":5},{"damage":25,"enemies":"Cultist and Chosen","floor":28,"turns":9},{"damage":1,"enemies":"Centurion and Healer","floor":29,"turns":5},{"damage":13,"enemies":"Snake Plant","floor":30,"turns":2}],"seed_played":"4343061740914395975","potions_obtained":[{"floor":5,"key":"SteroidPotion"},{"floor":6,"key":"ColorlessPotion"},{"floor":12,"key":"sneckomod:MuddlingPotion"},{"floor":13,"key":"SkillPotion"},{"floor":26,"key":"SteroidPotion"},{"floor":27,"key":"Fire Potion"}],"is_trial":false,"path_per_floor":["R","M","M","?","M","M","T","M","?","M","M","M","M","M","M","B",null,"R","M","$","?","?","E","T","E","M","M","M","M","M"],"character_chosen":"GUARDIAN","items_purchased":["Guardian:TimeCapacitor","Guardian:PocketSentry","Guardian:ShieldCharger"],"campfire_rested":0,"item_purchase_floors":[20,20,20],"current_hp_per_floor":[80,70,70,67,66,58,58,46,46,47,49,45,39,41,37,2,80,80,80,75,75,75,55,55,57,54,35,12,13,2,2,2],"gold":220,"neow_bonus":"ONE_RANDOM_RARE_CARD","is_daily":false,"chose_seed":false,"campfire_upgraded":1,"win_rate":0.0,"timestamp":1609050399,"path_taken":["R","M","M","?","M","M","T","M","?","M","?","?","M","M","M","BOSS","R","M","?","?","?","E","T","E","M","M","M","M","M"],"items_purchased_type":["Card","Relic","Card"],"build_version":"2020-12-22","purchased_purges":1,"victory":false,"max_hp_per_floor":[80,80,80,80,80,80,80,80,80,80,80,80,80,80,80,80,80,80,80,80,80,80,80,80,80,80,80,80,80,80,80,80],"card_choices":[{"not_picked":["Guardian:RollAttack","Guardian:EvasiveProtocol"],"picked":"Guardian:FuturePlans","floor":2},{"not_picked":["Guardian:MultiBeam","Guardian:ShieldSpikes"],"picked":"Guardian:PiercingHide","floor":3},{"not_picked":["Guardian:RefractedBeam","Guardian:Gem_Blue"],"picked":"Guardian:EvasiveProtocol","floor":5},{"not_picked":["Guardian:WalkerClaw","Guardian:ShieldCharger"],"picked":"Guardian:Orbwalk","floor":6},{"not_picked":["Guardian:Gem_Lightblue","Guardian:Gem_Purple"],"picked":"Guardian:Planning","floor":8},{"not_picked":["Guardian:Gem_Purple","Guardian:PrimingBeam"],"picked":"Guardian:BronzeOrb","floor":10},{"not_picked":["Guardian:DonusPower","Guardian:Recover"],"picked":"Guardian:PiercingHide","floor":11},{"not_picked":["Guardian:ShieldCharger","Guardian:ChargeUp"],"picked":"Guardian:Orbwalk","floor":12},{"not_picked":["Guardian:ShieldCharger","Guardian:SpikerProtocol"],"picked":"Guardian:Planning","floor":13},{"not_picked":["Guardian:PiercingHide","Guardian:ChargeCore"],"picked":"Guardian:VentSteam","floor":14},{"not_picked":["Guardian:PiercingHide","Guardian:TemporalShield"],"picked":"Guardian:CompilePackage","floor":15},{"not_picked":["Guardian:GemFire","Guardian:FastForward"],"picked":"Guardian:Gem_Orange","floor":16},{"not_picked":["Guardian:Suspension","Guardian:Gem_Cyan"],"picked":"Guardian:Emergency+1","floor":19},{"not_picked":["Guardian:VentSteam","Guardian:CrystalBeam"],"picked":"Guardian:EvasiveProtocol+1","floor":20},{"not_picked":["Guardian:ChargeCore","Guardian:CrystalBeam"],"picked":"Guardian:Gem_Red","floor":23},{"not_picked":["Guardian:TemporalShield","Guardian:VentSteam"],"picked":"Guardian:TimeCapacitor","floor":25},{"not_picked":["Guardian:BronzeArmor","Guardian:Gem_Cyan"],"picked":"Guardian:Suspension","floor":26},{"not_picked":["Guardian:Gem_White","Guardian:StasisStrike"],"picked":"Guardian:ChargeUp+1","floor":27},{"not_picked":["Guardian:TemporalStrike","Guardian:Gem_Crimson"],"picked":"Guardian:BronzeArmor+1","floor":28},{"not_picked":["Guardian:VentSteam+1","Guardian:Clone","Guardian:TemporalStrike+1"],"picked":"SKIP","floor":29}],"player_experience":111080,"relics_obtained":[{"floor":23,"key":"Smiling Mask"},{"floor":24,"key":"Darkstone Periapt"},{"floor":25,"key":"The Courier"}],"event_choices":[{"damage_healed":0,"gold_gain":0,"player_choice":"Success","damage_taken":3,"relics_obtained":["Blood Vial"],"max_hp_gain":0,"max_hp_loss":0,"event_name":"Scrap Ooze","floor":4,"gold_loss":0},{"damage_healed":0,"gold_gain":0,"player_choice":"Ignored","damage_taken":0,"max_hp_gain":0,"max_hp_loss":0,"event_name":"NoteForYourself","floor":9,"gold_loss":0},{"damage_healed":0,"gold_gain":0,"player_choice":"Ignored","damage_taken":0,"max_hp_gain":0,"max_hp_loss":0,"event_name":"Ghosts","floor":22,"gold_loss":0}],"is_beta":false,"boss_relics":[{"not_picked":["Tiny House","Empty Cage"],"picked":"Philosopher\u0027s Stone"}],"items_purged_floors":[20],"is_endless":false,"potions_floor_spawned":[5,6,12,13,14,16,19,26,27],"killed_by":"Snake Plant","ascension_level":1}}