{"host":"8k64rvi83ijr822k","time":1609042620,"event":{"mods":["BaseMod","Downfall","Googly Eyes","Hermit","Hero for Fun","Minty Spire (QoL Compilation)","Quick Restart","Replay The Spire","Shop Mod","StSLib","The Animator","The Bug Knight","The Construct","The Wild Card","everything is the same but u backflip on backflip"],"gold_per_floor":[111,111,161,377,405,448,460,472,472],"floor_reached":8,"playtime":268,"items_purged":[],"score":79,"play_id":"b75bf441-21f1-4490-a410-0176f2678aa7","local_time":"20201226231700","is_ascension_mode":false,"campfire_choices":[{"data":"theWildCard:UnderLockAndKey","floor":7,"key":"SMITH"}],"circlet_count":0,"master_deck":["theWildCard:BasicStrike","theWildCard:BasicStrike","theWildCard:BasicStrike","theWildCard:BasicStrike","theWildCard:BasicDefend","theWildCard:BasicDefend","theWildCard:BasicDefend","theWildCard:BasicDefend+1","theWildCard:CallToAdventure","theWildCard:Arsene+1","theWildCard:PowerOfTheArcana","Delirium","ReplayTheSpireMod:Splinters","theWildCard:Michael","theWildCard:SeveringSlash","Overencumbered","theWildCard:UnderLockAndKey+1"],"relics":["theWildCard:VelvetContract","NeowsBlessing","Ring of Greed","Ring of Fangs","MawBank","Membership Card","ReplayTheSpireMod:TigerMarble"],"acts_visited":["Exordium"],"potions_floor_usage":[],"damage_taken":[{"damage":0,"enemies":"2 Louse","floor":1,"turns":1},{"damage":0,"enemies":"Small Slimes","floor":5,"turns":1},{"damage":0,"enemies":"Lagavulin","floor":6,"turns":1},{"damage":141,"enemies":"Gremlin Nob","floor":8,"turns":4}],"seed_played":"4332400560856157142","potions_obtained":[{"floor":5,"key":"Elixir"}],"is_trial":false,"path_per_floor":["M","?","?","?","M","E","R","E"],"character_chosen":"THE_WILD_CARD","items_purchased":[],"campfire_rested":0,"item_purchase_floors":[],"current_hp_per_floor":[60,48,48,48,48,48,48,0,0],"gold":472,"neow_bonus":"THREE_ENEMY_KILL","is_daily":false,"chose_seed":false,"campfire_upgraded":1,"win_rate":0.0,"timestamp":1609042620,"path_taken":["M","?","?","?","M","E","R","E"],"items_purchased_type":[],"build_version":"2020-12-22","purchased_purges":0,"victory":false,"max_hp_per_floor":[60,60,60,60,60,60,60,60,60],"card_choices":[{"not_picked":["theWildCard:StalwartBlade","theWildCard:SacrificialStroke"],"picked":"theWildCard:PowerOfTheArcana","floor":1},{"not_picked":["theWildCard:Proficiency","theWildCard:Overwhelm"],"picked":"theWildCard:Michael","floor":4},{"not_picked":["theWildCard:MagicalMight","theWildCard:Proficiency"],"picked":"theWildCard:SeveringSlash","floor":5},{"not_picked":["theWildCard:Providence","theWildCard:Michael"],"picked":"theWildCard:UnderLockAndKey","floor":6}],"player_experience":85982,"relics_obtained":[{"floor":3,"key":"Ring of Greed"},{"floor":3,"key":"Ring of Fangs"},{"floor":3,"key":"MawBank"},{"floor":3,"key":"Membership Card"},{"floor":6,"key":"ReplayTheSpireMod:TigerMarble"}],"event_choices":[{"damage_healed":0,"gold_gain":0,"player_choice":"Entered Light","damage_taken":12,"max_hp_gain":0,"max_hp_loss":0,"event_name":"Shining Light","floor":2,"gold_loss":0,"cards_upgraded":["theWildCard:BasicDefend","theWildCard:Arsene"]}],"is_beta":false,"boss_relics":[],"items_purged_floors":[],"is_endless":false,"potions_floor_spawned":[5],"killed_by":"Gremlin Nob","ascension_level":0}}