{"host":"7krnriczr1b2ou5r","time":1609047422,"event":{"mods":["BaseMod","Keyboard Shortcuts","Minty Spire (QoL Compilation)","Relic Stats","StSLib"],"gold_per_floor":[114,126,136,61,61,61,79,111,111,126,126,126,20,48,48,122,122,139,139,150,163,163,163,190,201,274,301,83,103,103,3,3,80,80,91,110,128,147,172,172,206,225,225,87,102,102,102,0,0,0,0],"floor_reached":50,"playtime":1727,"items_purged":["Strike_G","Strike_G","Defend_G"],"score":1144,"play_id":"78314248-37da-4e4b-84df-e52451986d85","local_time":"20201227143701","is_ascension_mode":true,"campfire_choices":[{"data":"Storm of Steel","floor":6,"key":"SMITH"},{"data":"Cloak And Dagger","floor":11,"key":"SMITH"},{"data":"Acrobatics","floor":15,"key":"SMITH"},{"data":"Bullet Time","floor":23,"key":"SMITH"},{"data":"Well Laid Plans","floor":30,"key":"SMITH"},{"data":"Blade Dance","floor":32,"key":"SMITH"},{"data":"Phantasmal Killer","floor":40,"key":"SMITH"},{"data":"Calculated Gamble","floor":46,"key":"SMITH"},{"data":"Neutralize","floor":49,"key":"SMITH"}],"circlet_count":0,"master_deck":["AscendersBane","Strike_G","Defend_G","Defend_G","Survivor","Neutralize+1","Storm of Steel+1","Dagger Spray","Finisher","Acrobatics+1","Corpse Explosion","Cloak And Dagger+1","Blade Dance+1","Bullet Time+1","Calculated Gamble+1","Blade Dance","Dash+1","Well Laid Plans+1","Phantasmal Killer+1","Riddle With Holes+1","Glass Knife+1","Adrenaline+1","Tactician+1","Reflex+1"],"relics":["Ring of the Snake","Kunai","StrikeDummy","The Courier","Pear","WristBlade","Vajra","Sundial","Snake Skull","ClockworkSouvenir","Astrolabe","Gambling Chip","Tough Bandages","PreservedInsect","TheAbacus","Mummified Hand","Red Mask"],"acts_visited":["TheCity","TheBeyond"],"potions_floor_usage":[8,21,27,33,41,42,50],"damage_taken":[{"damage":6,"enemies":"Small Slimes","floor":1,"turns":4},{"damage":2,"enemies":"Jaw Worm","floor":2,"turns":6},{"damage":0,"enemies":"Cultist","floor":3,"turns":3},{"damage":2,"enemies":"3 Louse","floor":7,"turns":3},{"damage":25,"enemies":"Lagavulin","floor":8,"turns":6},{"damage":0,"enemies":"Gremlin Gang","floor":10,"turns":3},{"damage":4,"enemies":"3 Sentries","floor":14,"turns":2},{"damage":1,"enemies":"The Guardian","floor":16,"turns":15},{"damage":14,"enemies":"Shell Parasite","floor":18,"turns":3},{"damage":0,"enemies":"Chosen","floor":20,"turns":2},{"damage":0,"enemies":"Centurion and Healer","floor":21,"turns":3},{"damage":6,"enemies":"Book of Stabbing","floor":24,"turns":4},{"damage":0,"enemies":"Sentry and Sphere","floor":25,"turns":3},{"damage":10,"enemies":"Slavers","floor":27,"turns":5},{"damage":0,"enemies":"Cultist and Chosen","floor":29,"turns":3},{"damage":65,"enemies":"Collector","floor":33,"turns":9},{"damage":0,"enemies":"3 Shapes","floor":35,"turns":1},{"damage":0,"enemies":"3 Darklings","floor":36,"turns":1},{"damage":9,"enemies":"Spire Growth","floor":37,"turns":4},{"damage":4,"enemies":"Sphere and 2 Shapes","floor":38,"turns":2},{"damage":0,"enemies":"Mind Bloom Boss Battle","floor":39,"turns":2},{"damage":0,"enemies":"Reptomancer","floor":41,"turns":2},{"damage":3,"enemies":"Writhing Mass","floor":42,"turns":4},{"damage":0,"enemies":"3 Darklings","floor":45,"turns":1},{"damage":19,"enemies":"Time Eater","floor":50,"turns":5}],"seed_played":"-437050542590227601","potions_obtained":[{"floor":1,"key":"Strength Potion"},{"floor":7,"key":"FairyPotion"},{"floor":8,"key":"Swift Potion"},{"floor":21,"key":"Ancient Potion"},{"floor":22,"key":"AttackPotion"},{"floor":27,"key":"Swift Potion"},{"floor":36,"key":"Poison Potion"},{"floor":38,"key":"Swift Potion"},{"floor":42,"key":"CunningPotion"},{"floor":45,"key":"SpeedPotion"}],"is_trial":false,"path_per_floor":["M","M","M","?","$","R","M","E","T","M","R","T","$","E","R","B",null,"M","?","M","M","?","R","E","M","T","E","$","M","R","$","R","B",null,"M","M","M","M","?","R","E","M","T","$","M","R","T","?","R","B"],"character_chosen":"THE_SILENT","items_purchased":["Blade Dance","ClockworkSouvenir","TheAbacus"],"campfire_rested":0,"item_purchase_floors":[13,28,44],"current_hp_per_floor":[53,51,51,51,51,51,49,24,24,24,24,24,24,30,30,29,64,50,39,39,39,39,39,33,33,33,23,23,23,23,23,23,22,63,63,63,54,50,50,50,50,47,47,47,47,47,47,47,47,28,28],"gold":0,"neow_bonus":"ONE_RANDOM_RARE_CARD","is_daily":false,"chose_seed":false,"campfire_upgraded":9,"win_rate":0.0,"timestamp":1609047421,"path_taken":["M","M","M","?","$","R","M","E","T","M","R","?","?","E","R","BOSS","M","?","M","?","?","R","E","M","T","E","$","M","R","$","R","BOSS","M","M","?","M","?","R","E","M","T","$","M","R","?","?","R","BOSS"],"items_purchased_type":["Card","Relic","Relic"],"build_version":"2020-12-22","purchased_purges":3,"victory":false,"max_hp_per_floor":[66,66,66,66,66,66,66,66,66,66,66,66,66,76,76,76,76,76,76,76,76,76,76,76,76,76,76,76,76,76,76,76,76,76,76,76,76,76,76,76,76,76,76,76,76,76,76,76,76,76,76],"relic_stats":{"Tough Bandages":[39],"TheAbacus":[6],"counters":[25,96],"Sundial":[4],"Mummified Hand":[2],"Astrolabe":["Riddle With Holes","Glass Knife","Adrenaline"],"Gambling Chip":[7],"Snake Skull":[10],"PreservedInsect":0,"Kunai":[78],"obtain_stats":[{"Pear":14,"Astrolabe":34,"Vajra":24,"The Courier":12,"Snake Skull":27,"PreservedInsect":43,"ClockworkSouvenir":28,"Tough Bandages":41,"TheAbacus":44,"WristBlade":17,"Sundial":26,"Mummified Hand":47,"Gambling Chip":39,"Red Mask":48,"Kunai":8,"StrikeDummy":9,"Ring of the Snake":0},{"Pear":7,"Astrolabe":16,"Vajra":12,"The Courier":6,"Snake Skull":14,"PreservedInsect":23,"ClockworkSouvenir":14,"Tough Bandages":22,"TheAbacus":23,"WristBlade":8,"Sundial":13,"Mummified Hand":24,"Gambling Chip":21,"Red Mask":24,"Kunai":5,"StrikeDummy":5,"Ring of the Snake":0},{"Pear":27,"Astrolabe":74,"Vajra":54,"The Courier":25,"Snake Skull":62,"PreservedInsect":90,"ClockworkSouvenir":62,"Tough Bandages":86,"TheAbacus":90,"WristBlade":42,"Sundial":57,"Mummified Hand":91,"Gambling Chip":84,"Red Mask":91,"Kunai":22,"StrikeDummy":22,"Ring of the Snake":0}],"Ring of the Snake":[50]},"card_choices":[{"not_picked":["Catalyst","Bane"],"picked":"Dagger Spray","floor":1},{"not_picked":["Deadly Poison","Backstab"],"picked":"Finisher","floor":2},{"not_picked":["Endless Agony","Quick Slash"],"picked":"Acrobatics","floor":3},{"not_picked":["Quick Slash","Dagger Throw","Cloak And Dagger"],"picked":"SKIP","floor":7},{"not_picked":["Prepared","Acrobatics"],"picked":"Corpse Explosion","floor":8},{"not_picked":["Poisoned Stab","Dagger Throw"],"picked":"Cloak And Dagger","floor":10},{"not_picked":["Flying Knee","Poisoned Stab","Dagger Throw"],"picked":"SKIP","floor":14},{"not_picked":["Storm of Steel","Die Die Die"],"picked":"Bullet Time","floor":16},{"not_picked":["Sucker Punch","Endless Agony"],"picked":"Calculated Gamble","floor":18},{"not_picked":["Dash","Backflip"],"picked":"Blade Dance","floor":20},{"not_picked":["Blade Dance","Choke"],"picked":"Dash+1","floor":21},{"not_picked":["Tools of the Trade","Blade Dance","Dagger Throw+1"],"picked":"SKIP","floor":24},{"not_picked":["Blade Dance","Noxious Fumes","Riddle With Holes"],"picked":"SKIP","floor":25},{"not_picked":["Bullet Time","Flying Knee"],"picked":"Well Laid Plans","floor":27},{"not_picked":["Concentrate","Backstab","Prepared"],"picked":"SKIP","floor":29},{"not_picked":["Tools of the Trade","Grand Finale"],"picked":"Phantasmal Killer","floor":33},{"not_picked":["Noxious Fumes","Calculated Gamble","Poisoned Stab"],"picked":"SKIP","floor":35},{"not_picked":["Endless Agony+1","Footwork","Dagger Throw"],"picked":"SKIP","floor":36},{"not_picked":["Blade Dance+1","Prepared","Flying Knee"],"picked":"SKIP","floor":37},{"not_picked":["Deadly Poison","Masterful Stab","PiercingWail"],"picked":"SKIP","floor":38},{"not_picked":["Corpse Explosion","Dagger Spray+1","Bouncing Flask"],"picked":"SKIP","floor":41},{"not_picked":["Outmaneuver","Skewer","Deadly Poison+1"],"picked":"SKIP","floor":42},{"not_picked":["PiercingWail","Sucker Punch+1","Dash"],"picked":"SKIP","floor":45}],"player_experience":1050990,"relics_obtained":[{"floor":8,"key":"Kunai"},{"floor":9,"key":"StrikeDummy"},{"floor":12,"key":"The Courier"},{"floor":14,"key":"Pear"},{"floor":24,"key":"Vajra"},{"floor":26,"key":"Sundial"},{"floor":27,"key":"Snake Skull"},{"floor":39,"key":"Gambling Chip"},{"floor":41,"key":"Tough Bandages"},{"floor":43,"key":"PreservedInsect"},{"floor":47,"key":"Mummified Hand"}],"event_choices":[{"cards_removed":["Strike_G"],"damage_healed":0,"gold_gain":0,"player_choice":"Card Removal","damage_taken":0,"max_hp_gain":0,"max_hp_loss":0,"event_name":"The Cleric","floor":4,"gold_loss":75},{"damage_healed":0,"gold_gain":0,"player_choice":"Damaged","damage_taken":11,"max_hp_gain":0,"max_hp_loss":0,"event_name":"Wheel of Change","floor":19,"gold_loss":0},{"damage_healed":0,"gold_gain":0,"player_choice":"Got Potions","damage_taken":0,"max_hp_gain":0,"max_hp_loss":0,"event_name":"Lab","floor":22,"gold_loss":0},{"damage_healed":0,"gold_gain":0,"player_choice":"Fight","damage_taken":0,"max_hp_gain":0,"max_hp_loss":0,"event_name":"MindBloom","floor":39,"gold_loss":0},{"damage_healed":0,"gold_gain":0,"player_choice":"Paid","damage_taken":0,"relics_obtained":["Red Mask"],"max_hp_gain":0,"max_hp_loss":0,"event_name":"Tomb of Lord Red Mask","floor":48,"gold_loss":102}],"is_beta":false,"boss_relics":[{"not_picked":["HoveringKite","Runic Pyramid"],"picked":"WristBlade"},{"not_picked":["Tiny House","Coffee Dripper"],"picked":"Astrolabe"}],"items_purged_floors":[13,28,31],"is_endless":false,"potions_floor_spawned":[1,7,8,10,20,21,27,36,38,42,45],"killed_by":"Time Eater","ascension_level":20}}