{"host":"qj91dvco5uhu9oti","time":1609069923,"event":{"mods":["BaseMod","Colored Map","Keyboard Shortcuts","Minty Spire (QoL Compilation)","Permanent Neow","Relic Stats","StSLib","SuperFastMode","everything is the same but u backflip on backflip"],"gold_per_floor":[112,112,129,204,222,222,248,248,248,280,217,59,59,77,77,154,154,173,223,243,39,39,39,39,50,102,121,121,121],"floor_reached":28,"playtime":561,"items_purged":["Strike_R","Strike_R","Strike_R"],"score":436,"play_id":"8e39bcaf-dd73-4b33-a9bd-61d50d8d74a4","local_time":"20201227205203","is_ascension_mode":true,"campfire_choices":[{"data":"Wild Strike","floor":6,"key":"SMITH"},{"data":"True Grit","floor":8,"key":"SMITH"},{"data":"Pommel Strike","floor":13,"key":"SMITH"},{"data":"Fire Breathing","floor":15,"key":"SMITH"},{"data":"Wild Strike","floor":23,"key":"SMITH"}],"circlet_count":0,"master_deck":["AscendersBane","Defend_R","Defend_R","Defend_R","Defend_R","Bash","Wild Strike+1","Pommel Strike+1","True Grit+1","Fire Breathing+1","Wild Strike+1","Feel No Pain","Impervious","Wild Strike","Dark Embrace"],"relics":["Burning Blood","Sundial","MawBank","Philosopher\u0027s Stone","Nunchaku"],"acts_visited":["Exordium","TheCity"],"potions_floor_usage":[7,28],"damage_taken":[{"damage":8.0,"enemies":"Small Slimes","floor":1.0,"turns":4.0},{"damage":19,"enemies":"Jaw Worm","floor":3,"turns":5},{"damage":1,"enemies":"Cultist","floor":5,"turns":3},{"damage":25,"enemies":"3 Sentries","floor":7,"turns":8},{"damage":6,"enemies":"Looter","floor":10,"turns":3},{"damage":1,"enemies":"Exordium Wildlife","floor":14,"turns":4},{"damage":16,"enemies":"Slime Boss","floor":16,"turns":5},{"damage":14,"enemies":"Chosen","floor":18,"turns":5},{"damage":15,"enemies":"Spheric Guardian","floor":20,"turns":4},{"damage":22,"enemies":"Centurion and Healer","floor":25,"turns":5},{"damage":9,"enemies":"Cultist and Chosen","floor":27,"turns":5},{"damage":34,"enemies":"Snecko","floor":28,"turns":4}],"seed_played":"-6290109350087405374","potions_obtained":[{"floor":5,"key":"ColorlessPotion"},{"floor":14,"key":"Energy Potion"},{"floor":16,"key":"SteroidPotion"}],"is_trial":false,"path_per_floor":["M","?","M","?","M","R","E","R","T","M","$","$","R","M","R","B",null,"M","?","M","$","?","R","?","M","T","M","M"],"character_chosen":"IRONCLAD","items_purchased":["Wild Strike","Dark Embrace"],"campfire_rested":0,"item_purchase_floors":[12,21],"current_hp_per_floor":[73,73,60,49,54,54,35,35,35,35,35,35,35,40,40,30,69,61,61,52,52,52,52,52,36,36,33,0,0],"gold":121,"neow_bonus":"TEN_PERCENT_HP_BONUS","is_daily":false,"chose_seed":false,"campfire_upgraded":5,"win_rate":0.0,"timestamp":1609069923,"path_taken":["M","?","M","?","M","R","E","R","T","?","?","$","R","M","R","BOSS","M","?","M","$","?","R","?","M","T","M","?"],"items_purchased_type":["Card","Card"],"build_version":"2020-12-22","purchased_purges":3,"victory":false,"max_hp_per_floor":[82,82,82,82,82,82,82,82,82,82,82,82,82,82,82,82,82,82,82,82,82,82,82,82,82,82,82,82,82],"relic_stats":{"Nunchaku":[0],"counters":[12,55],"Sundial":[4],"MawBank":24,"obtain_stats":[{"Nunchaku":26,"Sundial":7,"Philosopher\u0027s Stone":17,"MawBank":9,"Burning Blood":0},{"Nunchaku":10,"Sundial":4,"Philosopher\u0027s Stone":7,"MawBank":4,"Burning Blood":0},{"Nunchaku":46,"Sundial":20,"Philosopher\u0027s Stone":32,"MawBank":20,"Burning Blood":0}],"Burning Blood":66},"card_choices":[{"not_picked":["Clothesline","Thunderclap"],"picked":"Wild Strike","floor":1.0},{"not_picked":["Sever Soul","Iron Wave","Havoc"],"picked":"SKIP","floor":3},{"not_picked":["Twin Strike","Havoc"],"picked":"Pommel Strike","floor":5},{"not_picked":["Flex","Power Through"],"picked":"True Grit","floor":7},{"not_picked":["Searing Blow","Power Through"],"picked":"Fire Breathing","floor":10},{"not_picked":["Armaments","Havoc"],"picked":"Feel No Pain","floor":14},{"not_picked":["Fiend Fire","Double Tap"],"picked":"Impervious","floor":16},{"not_picked":["Pommel Strike","Clash","Combust"],"picked":"SKIP","floor":18},{"not_picked":["Havoc","Perfected Strike"],"picked":"Wild Strike","floor":20},{"not_picked":["Dropkick+1","Perfected Strike","Carnage"],"picked":"SKIP","floor":25},{"not_picked":["Dropkick","Sword Boomerang","Combust"],"picked":"SKIP","floor":27}],"player_experience":289380,"relics_obtained":[{"floor":7,"key":"Sundial"},{"floor":9,"key":"MawBank"},{"floor":26,"key":"Nunchaku"}],"event_choices":[{"cards_removed":["Strike_R"],"damage_healed":0,"gold_gain":0,"player_choice":"Forget","damage_taken":0,"max_hp_gain":0,"max_hp_loss":0,"event_name":"Living Wall","floor":2,"gold_loss":0},{"damage_healed":0,"gold_gain":75,"player_choice":"Gather Gold","damage_taken":11,"max_hp_gain":0,"max_hp_loss":0,"event_name":"World of Goop","floor":4,"gold_loss":0},{"damage_healed":0,"gold_gain":50,"player_choice":"Stole From Cult","damage_taken":0,"max_hp_gain":0,"max_hp_loss":0,"event_name":"Nest","floor":19,"gold_loss":0},{"damage_healed":0,"gold_gain":0,"player_choice":"Ignored","damage_taken":0,"max_hp_gain":0,"max_hp_loss":0,"event_name":"Vampires","floor":22,"gold_loss":0},{"cards_removed":["Strike_R"],"damage_healed":0,"gold_gain":0,"player_choice":"Elegance","damage_taken":0,"max_hp_gain":0,"max_hp_loss":0,"event_name":"Back to Basics","floor":24,"gold_loss":0}],"is_beta":false,"boss_relics":[{"not_picked":["Astrolabe","Fusion Hammer"],"picked":"Philosopher\u0027s Stone"}],"items_purged_floors":[11,12,21],"is_endless":false,"potions_floor_spawned":[5,14,16,25],"killed_by":"Snecko","ascension_level":20}}