{"host":"uhhucka17mqeuzwb","time":1609048858,"event":{"mods":["2.2 Compatiblity","AchievementEnabler","Act Like it!","Astrologer","BaseMod","Better Altar","Better Skull","Colored Powertips","Defuse TimeMaze Blight","Downfall","Energized Spire","Faster Ascension Climbing","Friendly Minions","Gensokyo","GifTheSpireLib","Gremlin Mod","Gremlin Skip","Halation","Hallownest","Hermit","HololiveMod","KinomotoSakuraMod(????)","Lobotomy","Marisa????????","Minty Spire (QoL Compilation)","Quick Restart","Red Circlet Mod","Replay The Spire","Reworked Bosses","Shade Mod","Shop Mod","StSLib","The Administrix","The Animator","The Blue Laboratory","The Bug Knight","The Cursed","The Factory","The Forsaken","TheBandit","Waifu the Spire"],"gold_per_floor":[117,130,51,62,24,24,243,243,243,243,243,243,243,243,243,243],"floor_reached":14,"playtime":1089,"items_purged":[],"score":76,"play_id":"17dcdb5e-af36-4804-b6ab-975b3bceea74","local_time":"20201227010058","is_ascension_mode":false,"campfire_choices":[{"data":"wariomod:AbandonGame","floor":6,"key":"SMITH"},{"data":"wariomod:TrekTime","floor":12,"key":"SMITH"}],"circlet_count":0,"master_deck":["wariomod:Strike","wariomod:Strike","wariomod:Strike","wariomod:Strike","wariomod:Defend","wariomod:Defend","wariomod:Defend","wariomod:Defend","wariomod:Leap","UniverseFragment","wariomod:TrekTime+1","Bloodbath","wariomod:TrekTime","Wellcheers","wariomod:AbandonGame+1"],"relics":["wariomod:TheHat","CogitoBucket","Juzu Bracelet","Mercury Hourglass"],"acts_visited":["Gensokyo:Gensokyo"],"potions_floor_usage":[14],"damage_taken":[{"damage":0,"enemies":"Gensokyo:Python","floor":1,"turns":3},{"damage":5,"enemies":"Gensokyo:Gryphon","floor":2,"turns":4},{"damage":7,"enemies":"Gensokyo:2_Kodama","floor":4,"turns":4},{"damage":39,"enemies":"Gensokyo:Aya","floor":14,"turns":6}],"seed_played":"1847402436639798482","potions_obtained":[{"floor":1,"key":"Flashbang"}],"is_trial":false,"path_per_floor":["M","M","$","M","COS","R","?","?","T","PTL","PTL","R","?","E"],"character_chosen":"THE_BANDIT","items_purchased":["wariomod:TrekTime"],"campfire_rested":0,"item_purchase_floors":[3],"current_hp_per_floor":[80,75,75,68,68,68,48,48,48,48,48,48,32,0,0,0],"gold":243,"neow_bonus":"","is_daily":false,"chose_seed":false,"campfire_upgraded":2,"win_rate":0.0,"timestamp":1609048858,"path_taken":["M","M","$","M","COS","R","?","?","T","PTL","PTL","R","?","E"],"items_purchased_type":["Card"],"build_version":"2020-12-22","purchased_purges":0,"victory":false,"max_hp_per_floor":[80,80,80,80,80,80,80,80,80,80,80,80,80,80,80,80],"card_choices":[{"not_picked":["WallGazer","CrumblingArmor","MHz"],"picked":"Singing Bowl","floor":1},{"not_picked":["NakedNest","VoidDream"],"picked":"UniverseFragment","floor":1},{"not_picked":["wariomod:Smackflip","wariomod:DoubleDash"],"picked":"wariomod:TrekTime","floor":1},{"not_picked":["MHz","WallGazer","VoidDream"],"picked":"Singing Bowl","floor":2},{"not_picked":["ShyLook","SpiderBud"],"picked":"Bloodbath","floor":2},{"not_picked":["wariomod:TreasureDig","wariomod:Bombshield"],"picked":"wariomod:WhirlwindBurst","floor":2},{"not_picked":["SpiderBud","Woodsman"],"picked":"Wellcheers","floor":4},{"not_picked":["wariomod:WhirlwindBurst","wariomod:AwfulLook"],"picked":"wariomod:AbandonGame","floor":4}],"player_experience":1089539,"relics_obtained":[{"floor":9,"key":"Mercury Hourglass"}],"event_choices":[{"damage_healed":0,"gold_gain":219,"player_choice":"GO GO ","damage_taken":22,"relics_obtained":[],"max_hp_gain":0,"max_hp_loss":0,"event_name":"betterSkull:BetterSkull","floor":7,"gold_loss":0,"cards_upgraded":[]}],"is_beta":false,"boss_relics":[],"items_purged_floors":[],"is_endless":false,"potions_floor_spawned":[1],"killed_by":"Gensokyo:Aya","ascension_level":0}}