{"host":"1tkoe3l8wf0xx8if","time":1609088858,"event":{"mods":["AchievementEnabler","BaseMod","Colored Map","Minty Spire (QoL Compilation)","Quick Restart","StSLib","SuperFastMode"],"gold_per_floor":[110,35,35,54,68,68,96,96,122,122,151,170,189,199,199,295,295,312,312,323,177,197,197,225,53,53,53,53,78,94,111,111,206,206,218,236,86,86,86,86,112,126,172,172,188,188,206,206,206,206],"floor_reached":51,"playtime":1912,"items_purged":["Strike_B","Defend_B","Meteor Strike","Strike_B"],"score":978,"play_id":"7cb8fb16-addb-494b-a03b-7c4d8087e24e","local_time":"20201228020738","is_ascension_mode":true,"campfire_choices":[{"data":"Dualcast","floor":6,"key":"SMITH"},{"floor":8,"key":"REST"},{"data":"Sunder","floor":10,"key":"SMITH"},{"data":"Genetic Algorithm","floor":15,"key":"SMITH"},{"data":"Scrape","floor":23,"key":"SMITH"},{"data":"Gash","floor":27,"key":"SMITH"},{"data":"Gash","floor":32,"key":"SMITH"},{"data":"Seek","floor":40,"key":"SMITH"},{"data":"Seek","floor":44,"key":"SMITH"},{"floor":49,"key":"REST"}],"circlet_count":0,"master_deck":["Defend_B+1","Defend_B+1","Zap+1","Dualcast+1","Gash+1","Sweeping Beam+1","Leap+1","Sunder+1","Genetic Algorithm+1","Beam Cell+1","Gash+1","Scrape+1","Seek+1","Go for the Eyes+1","Undo+1","Rebound+1","Scrape+1","Gash+1","Seek+1","Gash+1","Skim+1","All For One+1","Hologram+1","All For One+1"],"relics":["FrozenCore","Pen Nib","Ancient Tea Set","Torii","Sozu","Omamori","Singing Bowl","Matryoshka","Blood Vial","Mummified Hand","Toy Ornithopter","Mark of the Bloom"],"acts_visited":["Exordium","TheCity","TheBeyond"],"potions_floor_usage":[7,13,16,16],"damage_taken":[{"damage":0,"enemies":"Small Slimes","floor":1,"turns":3},{"damage":7,"enemies":"Jaw Worm","floor":4,"turns":2},{"damage":0,"enemies":"Cultist","floor":5,"turns":2},{"damage":29,"enemies":"Gremlin Nob","floor":7,"turns":4},{"damage":0,"enemies":"3 Sentries","floor":11,"turns":4},{"damage":8,"enemies":"Exordium Wildlife","floor":12,"turns":3},{"damage":7,"enemies":"Lots of Slimes","floor":13,"turns":4},{"damage":0,"enemies":"Large Slime","floor":14,"turns":1},{"damage":21,"enemies":"Hexaghost","floor":16,"turns":6},{"damage":4,"enemies":"3 Byrds","floor":18,"turns":3},{"damage":3,"enemies":"Shell Parasite","floor":20,"turns":4},{"damage":16,"enemies":"3 Cultists","floor":22,"turns":5},{"damage":10,"enemies":"Slavers","floor":24,"turns":4},{"damage":11,"enemies":"Gremlin Leader","floor":29,"turns":4},{"damage":1,"enemies":"Cultist and Chosen","floor":30,"turns":5},{"damage":0,"enemies":"Shelled Parasite and Fungi","floor":31,"turns":3},{"damage":21,"enemies":"Automaton","floor":33,"turns":6},{"damage":12,"enemies":"3 Darklings","floor":35,"turns":4},{"damage":4,"enemies":"3 Shapes","floor":36,"turns":7},{"damage":7,"enemies":"Reptomancer","floor":41,"turns":5},{"damage":0,"enemies":"Jaw Worm Horde","floor":42,"turns":2},{"damage":1,"enemies":"Transient","floor":45,"turns":5},{"damage":0,"enemies":"Sphere and 2 Shapes","floor":47,"turns":2},{"damage":16,"enemies":"Time Eater","floor":50,"turns":4}],"seed_played":"7319444454947572973","potions_obtained":[{"floor":5,"key":"Weak Potion"},{"floor":11,"key":"FocusPotion"},{"floor":12,"key":"SkillPotion"},{"floor":13,"key":"Fruit Juice"}],"is_trial":false,"path_per_floor":["M","$","?","M","M","R","E","R","T","R","E","M","M","M","R","B",null,"M","?","M","$","M","R","E","$","T","R","?","E","M","M","R","B",null,"M","M","$","$","?","R","E","M","T","R","M","?","M","?","R","B",null],"character_chosen":"DEFECT","items_purchased":["Rebound","Gash"],"campfire_rested":2,"item_purchase_floors":[21,25],"current_hp_per_floor":[68,68,50,43,43,43,14,40,40,40,40,32,30,30,30,9,73,69,69,66,66,50,50,40,40,40,40,40,31,30,30,30,9,74,62,60,60,60,60,60,55,59,59,59,62,62,64,64,64,48],"gold":206,"neow_bonus":"TWENTY_PERCENT_HP_BONUS","is_daily":false,"chose_seed":false,"campfire_upgraded":8,"win_rate":0.0,"timestamp":1609088858,"path_taken":["M","$","?","M","M","R","E","R","T","R","E","M","M","M","R","BOSS","M","?","M","$","M","R","E","$","T","R","?","E","M","M","R","BOSS","M","M","?","$","?","R","E","M","T","R","?","?","M","?","R","BOSS"],"items_purchased_type":["Card","Card"],"build_version":"2020-12-22","purchased_purges":4,"victory":true,"max_hp_per_floor":[89,89,89,89,89,89,89,89,89,89,89,89,94,94,94,94,94,94,94,94,94,94,94,94,94,94,94,94,96,96,96,96,96,96,96,98,98,98,98,98,100,102,102,102,104,104,104,104,104,104],"card_choices":[{"not_picked":["Cold Snap","Storm"],"picked":"Gash","floor":1},{"not_picked":["Heatsinks","Chaos"],"picked":"Sweeping Beam","floor":4},{"not_picked":["Rip and Tear","Chaos"],"picked":"Leap","floor":5},{"not_picked":["Compile Driver","Creative AI"],"picked":"Sunder","floor":7},{"not_picked":["Compile Driver","Redo"],"picked":"Genetic Algorithm","floor":11},{"not_picked":["Go for the Eyes","Cold Snap"],"picked":"Beam Cell","floor":12},{"not_picked":["Steam","Reinforced Body"],"picked":"Gash","floor":13},{"not_picked":["Steam","Chill"],"picked":"Scrape","floor":14},{"not_picked":["Rainbow","Hyperbeam"],"picked":"Seek","floor":16},{"not_picked":["Coolheaded","Conserve Battery+1"],"picked":"Go for the Eyes","floor":18},{"not_picked":["Leap","Go for the Eyes","Ball Lightning+1"],"picked":"SKIP","floor":20},{"not_picked":["Loop","Defragment"],"picked":"Genetic Algorithm+1","floor":22},{"not_picked":["Skim","Biased Cognition"],"picked":"Scrape+1","floor":24},{"not_picked":["Steam+1","Fusion+1","Coolheaded"],"picked":"Singing Bowl","floor":29},{"not_picked":["Steam+1","Meteor Strike"],"picked":"Gash","floor":30},{"not_picked":["Storm+1","Double Energy"],"picked":"Skim","floor":31},{"not_picked":["Multi-Cast","Machine Learning"],"picked":"All For One","floor":33},{"not_picked":["Tempest","Blizzard+1"],"picked":"Hologram+1","floor":35},{"not_picked":["Conserve Battery+1","Darkness","Steam"],"picked":"Singing Bowl","floor":36},{"not_picked":["Cold Snap","Streamline","Steam Power+1"],"picked":"Singing Bowl","floor":41},{"not_picked":["Double Energy+1","Ball Lightning+1","Heatsinks"],"picked":"Singing Bowl","floor":42},{"not_picked":["Coolheaded","Go for the Eyes+1","Beam Cell+1"],"picked":"Singing Bowl","floor":45},{"not_picked":["Blizzard","Sweeping Beam"],"picked":"All For One","floor":47}],"player_experience":321304,"relics_obtained":[{"floor":7,"key":"Pen Nib"},{"floor":9,"key":"Ancient Tea Set"},{"floor":11,"key":"Torii"},{"floor":24,"key":"Omamori"},{"floor":26,"key":"Singing Bowl"},{"floor":29,"key":"Matryoshka"},{"floor":41,"key":"Blood Vial"},{"floor":43,"key":"Mummified Hand"},{"floor":43,"key":"Toy Ornithopter"}],"event_choices":[{"damage_healed":0,"gold_gain":0,"player_choice":"Entered Light","damage_taken":18,"max_hp_gain":0,"max_hp_loss":0,"event_name":"Shining Light","floor":3,"gold_loss":0,"cards_upgraded":["Defend_B","Zap"]},{"damage_healed":0,"gold_gain":0,"cards_transformed":["Strike_B","Strike_B"],"player_choice":"Became Test Subject","damage_taken":0,"max_hp_gain":0,"max_hp_loss":0,"event_name":"Drug Dealer","floor":19,"gold_loss":0,"cards_obtained":["Undo","Meteor Strike"]},{"damage_healed":0,"gold_gain":0,"player_choice":"Copied","damage_taken":0,"max_hp_gain":0,"max_hp_loss":0,"event_name":"Duplicator","floor":28,"gold_loss":0,"cards_obtained":["Seek"]},{"cards_removed":["Defend_B"],"damage_healed":0,"gold_gain":0,"player_choice":"Card Removal","damage_taken":0,"max_hp_gain":0,"max_hp_loss":0,"event_name":"Wheel of Change","floor":39,"gold_loss":0},{"cards_removed":["Genetic Algorithm"],"damage_healed":0,"gold_gain":0,"player_choice":"Removed Skill","damage_taken":0,"max_hp_gain":0,"max_hp_loss":0,"event_name":"Falling","floor":46,"gold_loss":0},{"damage_healed":0,"gold_gain":0,"player_choice":"Upgrade","damage_taken":0,"relics_obtained":["Mark of the Bloom"],"max_hp_gain":0,"max_hp_loss":0,"event_name":"MindBloom","floor":48,"gold_loss":0,"cards_upgraded":["Defend_B","Sweeping Beam","Leap","Beam Cell","Go for the Eyes","Undo","Rebound","Gash","Gash","Skim","All For One","All For One"]}],"is_beta":false,"boss_relics":[{"not_picked":["Empty Cage","Velvet Choker"],"picked":"Sozu"},{"not_picked":["Snecko Eye","Philosopher\u0027s Stone"],"picked":"FrozenCore"}],"items_purged_floors":[2,21,25,37],"is_endless":false,"potions_floor_spawned":[5,11,12,13,18,20,24,29,30,35,41,42,45],"ascension_level":5}}