{"host":"ilxricga2547gmyy","time":1609104487,"event":{"mods":["AchievementEnabler","BaseMod","Minty Spire (QoL Compilation)","Quick Restart","StSLib"],"gold_per_floor":[112,122,135,152,162,162,179,206,206,206,225,253,14,24,24,24,24],"floor_reached":16,"playtime":785,"items_purged":[],"score":174,"play_id":"bcb666a9-165d-49ba-8853-322af305a7ad","local_time":"20201227222807","is_ascension_mode":true,"campfire_choices":[{"data":"Dropkick","floor":6,"key":"SMITH"},{"floor":10,"key":"REST"},{"floor":15,"key":"REST"}],"circlet_count":0,"master_deck":["AscendersBane","Strike_R","Strike_R","Strike_R","Strike_R","Strike_R","Defend_R","Defend_R","Defend_R","Defend_R","Bash","Shrug It Off","Ghostly Armor","Clothesline","Dropkick+1","Disarm","Shrug It Off","Shrug It Off"],"relics":["Black Star","Oddly Smooth Stone","Bag of Preparation","CeramicFish","Pen Nib","Question Card","Frozen Egg 2"],"acts_visited":["Exordium"],"potions_floor_usage":[4,7,8,11,16],"damage_taken":[{"damage":11,"enemies":"Small Slimes","floor":1,"turns":4},{"damage":9,"enemies":"Jaw Worm","floor":2,"turns":5},{"damage":4,"enemies":"2 Louse","floor":3,"turns":5},{"damage":4,"enemies":"Looter","floor":4,"turns":4},{"damage":10,"enemies":"2 Fungi Beasts","floor":5,"turns":6},{"damage":1,"enemies":"Lots of Slimes","floor":7,"turns":7},{"damage":12,"enemies":"Gremlin Nob","floor":8,"turns":5},{"damage":9,"enemies":"Red Slaver","floor":11,"turns":5},{"damage":16,"enemies":"Lagavulin","floor":12,"turns":9},{"damage":1,"enemies":"Gremlin Gang","floor":14,"turns":9},{"damage":82,"enemies":"Hexaghost","floor":16,"turns":19}],"seed_played":"-6796013757456799816","potions_obtained":[{"floor":2,"key":"HeartOfIron"},{"floor":3,"key":"BloodPotion"},{"floor":7,"key":"Block Potion"},{"floor":8,"key":"BloodPotion"},{"floor":14,"key":"Block Potion"}],"is_trial":false,"path_per_floor":["M","M","M","M","M","R","M","E","T","R","M","E","$","M","R","B"],"character_chosen":"IRONCLAD","items_purchased":["Frozen Egg 2"],"campfire_rested":2,"item_purchase_floors":[13],"current_hp_per_floor":[61,52,48,60,50,50,49,37,37,61,68,52,52,51,75,0,0],"gold":24,"neow_bonus":"BOSS_RELIC","is_daily":false,"chose_seed":false,"campfire_upgraded":1,"win_rate":0.0,"timestamp":1609104487,"path_taken":["M","M","M","M","M","R","M","E","T","R","M","E","$","M","R","BOSS"],"items_purchased_type":["Relic"],"build_version":"2020-12-22","purchased_purges":0,"victory":false,"max_hp_per_floor":[80,80,80,80,80,80,80,80,80,80,80,80,80,80,80,80,80],"card_choices":[{"not_picked":["Armaments","True Grit"],"picked":"Shrug It Off","floor":1},{"not_picked":["Heavy Blade","Battle Trance"],"picked":"Ghostly Armor","floor":2},{"not_picked":["Body Slam","Flex"],"picked":"Clothesline","floor":3},{"not_picked":["True Grit","Rupture","Havoc"],"picked":"SKIP","floor":4},{"not_picked":["Carnage","True Grit"],"picked":"Dropkick","floor":5},{"not_picked":["Wild Strike","Warcry"],"picked":"Disarm","floor":7},{"not_picked":["Sentinel","Sword Boomerang"],"picked":"Shrug It Off","floor":8},{"not_picked":["Bloodletting","Wild Strike"],"picked":"Shrug It Off","floor":11},{"not_picked":["Berserk","Feel No Pain","Whirlwind"],"picked":"SKIP","floor":12},{"not_picked":["Battle Trance","Carnage","Flex","Burning Pact"],"picked":"SKIP","floor":14}],"player_experience":256749,"relics_obtained":[{"floor":8,"key":"Oddly Smooth Stone"},{"floor":8,"key":"Bag of Preparation"},{"floor":9,"key":"CeramicFish"},{"floor":12,"key":"Pen Nib"},{"floor":12,"key":"Question Card"}],"event_choices":[],"is_beta":false,"boss_relics":[],"items_purged_floors":[],"is_endless":false,"potions_floor_spawned":[2,3,7,8,14],"killed_by":"Hexaghost","ascension_level":10}}