{"host":"hkfd27larxvbrzdx","time":1609059149,"event":{"mods":["AchievementEnabler","BaseMod","Minty Spire (QoL Compilation)"],"gold_per_floor":[119,119,119,139,154,171,171,171,171,171,201,219,121,196,196,300,300,280,107,107,118,131,131,158,175,175,194,194,207,122,136,136,237,237,248,248,298,106,133,133,153,171,171,191,191,116,116,127,127,127],"floor_reached":51,"playtime":10820,"items_purged":["Defend_B","Strike_B","Defend_B"],"score":619,"play_id":"bd36b28b-2691-4945-a4c8-70d1bc70e550","local_time":"20201227165229","is_ascension_mode":false,"campfire_choices":[{"data":"Multi-Cast","floor":7,"key":"SMITH"},{"data":"Scrape","floor":10,"key":"SMITH"},{"floor":15,"key":"REST"},{"data":"Zap","floor":23,"key":"SMITH"},{"data":"Dualcast","floor":32,"key":"SMITH"},{"data":"Echo Form","floor":40,"key":"SMITH"},{"floor":45,"key":"REST"},{"floor":49,"key":"REST"}],"circlet_count":0,"master_deck":["Defend_B","Zap+1","Dualcast+1","BootSequence","Multi-Cast+1","Scrape+1","Conserve Battery","Steam+1","Conserve Battery+1","All For One","Sweeping Beam","Skim","Go for the Eyes","Self Repair","Compile Driver+1","Capacitor","Barrage","Hologram","Reboot","Chaos+1","Echo Form+1","Cold Snap+1","Defragment","Gash","Chill","Coolheaded+1","Defragment","Beam Cell+1"],"relics":["Cracked Core","Ornamental Fan","Calipers","Nuclear Battery","Vajra","Pantograph","War Paint","SlaversCollar","Unceasing Top","Strawberry","Toxic Egg 2"],"acts_visited":["Exordium","TheCity","TheBeyond"],"potions_floor_usage":[16,16,31,33,50,50,50],"damage_taken":[{"damage":0,"enemies":"2 Louse","floor":1,"turns":2},{"damage":0,"enemies":"Small Slimes","floor":4,"turns":2},{"damage":0,"enemies":"Cultist","floor":5,"turns":2},{"damage":6,"enemies":"3 Louse","floor":6,"turns":5},{"damage":44,"enemies":"3 Sentries","floor":11,"turns":13},{"damage":0,"enemies":"Looter","floor":12,"turns":2},{"damage":8,"enemies":"The Guardian","floor":16,"turns":10},{"damage":5,"enemies":"2 Thieves","floor":18,"turns":4},{"damage":13,"enemies":"Shell Parasite","floor":21,"turns":9},{"damage":4,"enemies":"Snecko","floor":22,"turns":5},{"damage":21,"enemies":"Gremlin Leader","floor":24,"turns":8},{"damage":3,"enemies":"3 Cultists","floor":25,"turns":5},{"damage":0,"enemies":"Chosen and Byrds","floor":27,"turns":6},{"damage":13,"enemies":"Snake Plant","floor":29,"turns":5},{"damage":0,"enemies":"Cultist and Chosen","floor":31,"turns":6},{"damage":17,"enemies":"Champ","floor":33,"turns":10},{"damage":0,"enemies":"Orb Walker","floor":35,"turns":3},{"damage":1,"enemies":"Mind Bloom Boss Battle","floor":37,"turns":7},{"damage":5,"enemies":"3 Shapes","floor":41,"turns":7},{"damage":7,"enemies":"Sphere and 2 Shapes","floor":42,"turns":4},{"damage":63,"enemies":"4 Shapes","floor":44,"turns":5},{"damage":6,"enemies":"3 Darklings","floor":48,"turns":5},{"damage":12,"enemies":"Donu and Deca","floor":50,"turns":10}],"seed_played":"1353591535551742051","potions_obtained":[{"floor":5,"key":"FocusPotion"},{"floor":11,"key":"FocusPotion"},{"floor":16,"key":"LiquidBronze"},{"floor":18,"key":"Weak Potion"},{"floor":20,"key":"EssenceOfSteel"},{"floor":27,"key":"Block Potion"},{"floor":33,"key":"ColorlessPotion"},{"floor":35,"key":"SkillPotion"},{"floor":44,"key":"DistilledChaos"},{"floor":48,"key":"Dexterity Potion"}],"is_trial":false,"path_per_floor":["M","?","?","M","M","M","R","?","T","R","E","M","$","?","R","B",null,"M","$","?","M","M","R","E","M","T","M","?","M","?","M","R","B",null,"M","?","?","$","T","R","M","M","T","M","R","$","?","M","R","B",null],"character_chosen":"DEFECT","items_purchased":["Conserve Battery","Skim","Defragment","Defragment"],"campfire_rested":3,"item_purchase_floors":[13,19,38,46],"current_hp_per_floor":[75,68,68,68,68,62,62,67,67,67,23,23,23,12,36,28,80,75,75,75,62,58,58,44,48,48,55,55,49,49,56,56,70,80,80,80,80,80,87,87,87,87,87,38,64,64,64,58,84,82],"gold":127,"neow_bonus":"THREE_CARDS","is_daily":false,"chose_seed":false,"campfire_upgraded":5,"win_rate":0.0,"timestamp":1609059149,"path_taken":["M","?","?","?","M","M","R","?","T","R","E","M","$","?","R","BOSS","M","$","?","M","M","R","E","?","T","M","?","M","?","M","R","BOSS","M","?","?","$","?","R","M","M","T","M","R","?","?","M","R","BOSS"],"items_purchased_type":["Card","Card","Card","Card"],"build_version":"2020-12-22","purchased_purges":3,"victory":true,"max_hp_per_floor":[75,75,75,75,75,75,75,80,80,80,80,80,80,80,80,80,80,80,80,80,80,80,80,80,80,80,80,80,80,80,80,80,80,80,80,80,80,80,87,87,87,87,87,87,87,87,87,87,87,87],"card_choices":[{"not_picked":["Barrage","Compile Driver"],"picked":"Hologram","floor":0},{"not_picked":["Go for the Eyes","White Noise"],"picked":"BootSequence","floor":1},{"not_picked":["Compile Driver","Barrage","Gash"],"picked":"SKIP","floor":4},{"not_picked":["Compile Driver","Storm","Ball Lightning"],"picked":"SKIP","floor":5},{"not_picked":["White Noise","Ball Lightning"],"picked":"Scrape","floor":6},{"not_picked":["Gash","Storm"],"picked":"Conserve Battery","floor":11},{"not_picked":["Hologram","Chaos"],"picked":"Steam","floor":12},{"not_picked":["Fission","Multi-Cast"],"picked":"All For One","floor":16},{"not_picked":["Consume","Rebound"],"picked":"Sweeping Beam","floor":18},{"not_picked":["Hologram","Tempest"],"picked":"Go for the Eyes","floor":21},{"not_picked":["Conserve Battery+1","Static Discharge"],"picked":"Self Repair","floor":22},{"not_picked":["Ball Lightning","Consume+1"],"picked":"Compile Driver+1","floor":24},{"not_picked":["Rebound+1","Fusion"],"picked":"Capacitor","floor":25},{"not_picked":["Hologram","Melter"],"picked":"Barrage","floor":27},{"not_picked":["Melter","Ball Lightning"],"picked":"Chaos+1","floor":29},{"not_picked":["Barrage+1","Stack","Reinforced Body"],"picked":"SKIP","floor":31},{"not_picked":["Seek","Fission"],"picked":"Echo Form","floor":33},{"not_picked":["Coolheaded","Conserve Battery"],"picked":"Cold Snap+1","floor":35},{"not_picked":["Steam","Double Energy+1"],"picked":"Gash","floor":41},{"not_picked":["Streamline+1","Melter"],"picked":"Chill","floor":42},{"not_picked":["Auto Shields+1","Go for the Eyes"],"picked":"Coolheaded+1","floor":44},{"not_picked":["Hello World","Sweeping Beam"],"picked":"Beam Cell+1","floor":48}],"player_experience":107379,"relics_obtained":[{"floor":9,"key":"Ornamental Fan"},{"floor":11,"key":"Calipers"},{"floor":24,"key":"Vajra"},{"floor":26,"key":"Pantograph"},{"floor":37,"key":"Unceasing Top"},{"floor":39,"key":"Strawberry"},{"floor":43,"key":"Toxic Egg 2"}],"event_choices":[{"cards_removed":["Strike_B"],"damage_healed":0,"gold_gain":0,"player_choice":"Card Removal","damage_taken":7,"max_hp_gain":0,"max_hp_loss":0,"event_name":"Golden Wing","floor":2,"gold_loss":0},{"damage_healed":0,"gold_gain":0,"cards_transformed":["Strike_B"],"player_choice":"Transformed","damage_taken":0,"max_hp_gain":0,"max_hp_loss":0,"event_name":"Transmorgrifier","floor":3,"gold_loss":0,"cards_obtained":["Multi-Cast"]},{"damage_healed":0,"gold_gain":0,"player_choice":"Donut","damage_taken":0,"max_hp_gain":5,"max_hp_loss":0,"event_name":"Big Fish","floor":8,"gold_loss":0},{"damage_healed":0,"gold_gain":75,"player_choice":"Gather Gold","damage_taken":11,"max_hp_gain":0,"max_hp_loss":0,"event_name":"World of Goop","floor":14,"gold_loss":0},{"damage_healed":0,"gold_gain":0,"player_choice":"Got Potions","damage_taken":0,"max_hp_gain":0,"max_hp_loss":0,"event_name":"Lab","floor":20,"gold_loss":0},{"damage_healed":0,"gold_gain":0,"cards_transformed":["Strike_B","Defend_B"],"player_choice":"Became Test Subject","damage_taken":0,"max_hp_gain":0,"max_hp_loss":0,"event_name":"Drug Dealer","floor":28,"gold_loss":0,"cards_obtained":["Hologram","Reboot"]},{"damage_healed":0,"gold_gain":0,"player_choice":"Obtained Relic","damage_taken":0,"relics_obtained":["War Paint"],"max_hp_gain":0,"max_hp_loss":0,"event_name":"Addict","floor":30,"gold_loss":85},{"cards_removed":["Hologram"],"damage_healed":0,"gold_gain":0,"player_choice":"Removed Skill","damage_taken":0,"max_hp_gain":0,"max_hp_loss":0,"event_name":"Falling","floor":36,"gold_loss":0},{"damage_healed":0,"gold_gain":0,"player_choice":"Fight","damage_taken":0,"max_hp_gain":0,"max_hp_loss":0,"event_name":"MindBloom","floor":37,"gold_loss":0},{"damage_healed":0,"gold_gain":0,"player_choice":"Ignored","damage_taken":0,"max_hp_gain":0,"max_hp_loss":0,"event_name":"Mysterious Sphere","floor":47,"gold_loss":0}],"is_beta":false,"boss_relics":[{"not_picked":["Cursed Key","Philosopher\u0027s Stone"],"picked":"Nuclear Battery"},{"not_picked":["Busted Crown","SacredBark"],"picked":"SlaversCollar"}],"items_purged_floors":[13,19,38],"is_endless":false,"potions_floor_spawned":[5,11,16,18,27,29,33,35,42,44,48],"ascension_level":0}}