{"host":"54s219tvmzwy4mlc","time":1609043835,"event":{"mods":["AchievementEnabler","Bartender","BaseMod","Better Skull","Colored Map","DeckTracker","Downfall","FruityMod","Googly Eyes","GungeonMod","Highlight Path","Minty Spire (QoL Compilation)","Rare Cards Sparkle","Spicy Shops","StSLib","The Death Knight","The Marked","Trackpad","[IsaacMod]????"],"gold_per_floor":[116,191,191,191,206,232,232,82,82,92,110,127,127,143,143,240,240,255,51,51,66,66,66,66,66,66,85,85,85,95,115,115,115,115],"floor_reached":33,"playtime":1945,"items_purged":[],"score":297,"play_id":"ed707d10-43bc-40ce-ab7c-03f3626857b0","local_time":"20201226223715","is_ascension_mode":false,"campfire_choices":[{"data":"theMarked:PowerFlow","floor":13.0,"key":"SMITH"},{"data":"theMarked:WardOff","floor":15.0,"key":"SMITH"},{"data":"theMarked:SoldierForm","floor":23.0,"key":"SMITH"},{"data":"Bite","floor":25.0,"key":"SMITH"},{"data":"Bite","floor":28.0,"key":"SMITH"},{"floor":32,"key":"REST"}],"circlet_count":0,"master_deck":["theMarked:Defend","theMarked:Defend","theMarked:Defend","theMarked:Defend","theMarked:SoldierOfQuellstein","theMarked:PowerFlow","theMarked:WardOff+1","theMarked:WardOff","theMarked:PowerFlow+1","theMarked:HeightenedSenses","theMarked:CreepingChasm","theMarked:SoldierForm+1","theMarked:EmpowerWeapon","Slimebound:Tackle+1","Slimebound:Tackle+1","Slimebound:Tackle+1","Bite+1","Bite+1","Bite+1","Bite+1","Bite+1","theMarked:Frustration","theMarked:BanishingStrike","theMarked:Electrocute+1"],"relics":["theMarked:ArtifactOfAir","HushsDoor","NeowsBlessing","TheBean","DemoMod:PinkGuonStone","DemoMod:MemoryAlloy","trackpad:AdjectivePendant","trackpad:Trackpad","Membership Card","Pear","DeadEye"],"acts_visited":["Exordium","TheCity"],"potions_floor_usage":[33],"damage_taken":[{"damage":0.0,"enemies":"Jaw Worm","floor":1.0,"turns":1.0},{"damage":0.0,"enemies":"Small Slimes","floor":5.0,"turns":1.0},{"damage":0.0,"enemies":"Lagavulin","floor":6.0,"turns":1.0},{"damage":0.0,"enemies":"2 Louse","floor":10.0,"turns":1.0},{"damage":0.0,"enemies":"Lots of Slimes","floor":11.0,"turns":3.0},{"damage":0.0,"enemies":"2 Fungi Beasts","floor":12.0,"turns":2.0},{"damage":1.0,"enemies":"Looter","floor":14.0,"turns":2.0},{"damage":8.0,"enemies":"Hexaghost","floor":16.0,"turns":9.0},{"damage":8.0,"enemies":"Spheric Guardian","floor":18.0,"turns":5.0},{"damage":15.0,"enemies":"Shell Parasite","floor":21.0,"turns":4.0},{"damage":22.0,"enemies":"Cultist and Chosen","floor":27.0,"turns":4.0},{"damage":8.0,"enemies":"Snecko","floor":30.0,"turns":3.0},{"damage":30.0,"enemies":"Shelled Parasite and Fungi","floor":31.0,"turns":4.0},{"damage":61,"enemies":"Automaton","floor":33,"turns":8}],"seed_played":"6412285875683742872","potions_obtained":[{"floor":6.0,"key":"SpeedPotion"},{"floor":10.0,"key":"DemoMod:LeadSkinPotion"},{"floor":14.0,"key":"ColorlessPotion"},{"floor":16.0,"key":"Ancient Potion"},{"floor":27.0,"key":"Fire Potion"},{"floor":30.0,"key":"Strength Potion"}],"is_trial":false,"path_per_floor":["M","?","?","?","M","E","?","$","T","M","M","M","R","M","R","B",null,"M","$","?","M","?","R","?","R","T","M","R","?","M","M","R","B"],"character_chosen":"THE_DEFAULT","items_purchased":["trackpad:AdjectivePendant","Membership Card","Pear"],"campfire_rested":1,"item_purchase_floors":[8,19,19],"current_hp_per_floor":[70,59,48,48,48,48,53,53,53,53,53,53,53,52,52,44,82,74,84,84,69,69,69,64,64,64,51,51,32,30,15,34,0,0],"gold":115,"neow_bonus":"THREE_ENEMY_KILL","is_daily":false,"chose_seed":false,"campfire_upgraded":5,"win_rate":0.0,"timestamp":1609043835,"path_taken":["M","?","?","?","M","E","?","$","T","M","M","?","R","M","R","BOSS","M","$","?","M","?","R","?","R","T","M","R","?","?","M","R","BOSS"],"items_purchased_type":["Relic","Relic","Relic"],"build_version":"2020-12-22","purchased_purges":0,"victory":false,"max_hp_per_floor":[70,70,77,77,77,77,82,82,82,82,82,82,82,82,82,82,82,82,92,92,92,92,92,64,64,64,64,64,64,64,64,64,64,64],"card_choices":[{"not_picked":["theMarked:Parkour","theMarked:Frustration"],"picked":"theMarked:PowerFlow","floor":1.0},{"not_picked":["theMarked:EmpowerWeapon","theMarked:FavorableWinds"],"picked":"theMarked:WardOff","floor":5.0},{"not_picked":["theMarked:SelfDefenseTraining","theMarked:Improvise"],"picked":"theMarked:WardOff","floor":6.0},{"not_picked":["theMarked:TwofoldDefense","theMarked:WastefulDefense","theMarked:BanishingStrike"],"picked":"SKIP","floor":10.0},{"not_picked":["theMarked:BanishingStrike","theMarked:SelfDefenseTraining"],"picked":"theMarked:PowerFlow","floor":11.0},{"not_picked":["theMarked:Improvise","theMarked:ChainLightning"],"picked":"theMarked:HeightenedSenses","floor":12.0},{"not_picked":["theMarked:Static","theMarked:HeritageOfTheMarked"],"picked":"theMarked:CreepingChasm","floor":14.0},{"not_picked":["theMarked:Snap","theMarked:UnarmedFury"],"picked":"theMarked:SoldierForm","floor":16.0},{"not_picked":["theMarked:TwofoldDefense","theMarked:Aftermath+1"],"picked":"theMarked:EmpowerWeapon","floor":18.0},{"not_picked":["theMarked:Frustration","theMarked:TwofoldDefense","theMarked:EmpowerWeapon"],"picked":"SKIP","floor":21.0},{"not_picked":["theMarked:EmpowerWeapon","theMarked:HeritageOfTheMarked"],"picked":"theMarked:Frustration","floor":27.0},{"not_picked":["theMarked:Overthink","theMarked:Electrocute+1"],"picked":"theMarked:BanishingStrike","floor":30.0},{"not_picked":["theMarked:Static","theMarked:WastefulAttack+1"],"picked":"theMarked:Electrocute+1","floor":31}],"player_experience":76002,"relics_obtained":[{"floor":6.0,"key":"DemoMod:MemoryAlloy"},{"floor":26.0,"key":"DeadEye"}],"event_choices":[{"damage_healed":0.0,"max_hp_gain":0.0,"max_hp_loss":0.0,"gold_gain":75.0,"event_name":"World of Goop","player_choice":"Gather Gold","floor":2.0,"gold_loss":0.0,"damage_taken":11.0},{"damage_healed":0.0,"max_hp_gain":0.0,"max_hp_loss":0.0,"gold_gain":0.0,"event_name":"Scrap Ooze","player_choice":"Success","floor":3.0,"gold_loss":0.0,"damage_taken":18.0,"relics_obtained":["DemoMod:PinkGuonStone"]},{"damage_healed":0.0,"max_hp_gain":5.0,"max_hp_loss":0.0,"gold_gain":0.0,"event_name":"Big Fish","player_choice":"Donut","floor":7.0,"gold_loss":0.0,"damage_taken":0.0},{"damage_healed":0.0,"max_hp_gain":0.0,"max_hp_loss":28.0,"gold_gain":0.0,"event_name":"Vampires","player_choice":"Became a vampire","floor":24.0,"gold_loss":0.0,"damage_taken":0.0,"cards_obtained":["Bite","Bite","Bite","Bite","Bite"]}],"is_beta":false,"boss_relics":[{"not_picked":["Empty Cage","Fusion Hammer"],"picked":"trackpad:Trackpad"},{"not_picked":[]}],"items_purged_floors":[],"is_endless":false,"potions_floor_spawned":[6,10,14,16,27,30],"killed_by":"Automaton","ascension_level":0}}