{"host":"ygfasg9u7olr7skw","time":1609032112,"event":{"mods":["AchievementEnabler","BaseMod","Better Note","Better Vampires","Colored Powertips","Minty Spire (QoL Compilation)","Replay The Spire","Spicy Shops","StSLib","The IronCluck"],"gold_per_floor":[114,129,4,19,19,19,19,19,19,19,38,57,57,143,143,268,268,287,287,287,37,56,56,75,113,113,67,92,92,92],"floor_reached":29,"playtime":1871,"items_purged":["Strike_R","Shame"],"score":231,"play_id":"110492bc-f95e-4905-a47e-76e8d87b229c","local_time":"20201226202152","daily_mods":["Chimera","Red Cards","Lethality"],"is_ascension_mode":false,"campfire_choices":[{"data":"Eruption","floor":6,"key":"SMITH"},{"data":"Run Through","floor":10,"key":"SMITH"},{"data":"Bash","floor":13,"key":"SMITH"},{"floor":23,"key":"REST"}],"circlet_count":0,"master_deck":["Bash+1","Survivor","Zap","Eruption+1","Strike_G","Strike_B","Defend_R","Defend_G","Defend_P","EmptyFist","ThirdEye","Run Through+1","Injury","Fire Breathing","Run Through","Wallop","Juggernaut","Replay:BluntJabs+1","Life Link+1","Cleave"],"relics":["PureWater","Golden Idol","Counterbalance","Pantograph","Nunchaku","Black Star","Ring of Misfortune","Ring of Fury","Replay:Mystery Machine","Replay:Ringing Soul","TeardropLocket","Calipers","PreservedInsect"],"acts_visited":["Exordium","TheCity"],"potions_floor_usage":[16,16,29,29,29],"damage_taken":[{"damage":0,"enemies":"2 Louse","floor":1,"turns":1},{"damage":0,"enemies":"Small Slimes","floor":2,"turns":2},{"damage":0,"enemies":"Cultist","floor":4,"turns":1},{"damage":5,"enemies":"Blue Slaver","floor":11,"turns":2},{"damage":0,"enemies":"Red Slaver","floor":12,"turns":2},{"damage":62,"enemies":"Hexaghost","floor":16,"turns":10},{"damage":18,"enemies":"2 Thieves","floor":18,"turns":3},{"damage":5,"enemies":"Chosen","floor":22,"turns":2},{"damage":28,"enemies":"3 Cultists","floor":24,"turns":6},{"damage":39,"enemies":"Book of Stabbing","floor":25,"turns":4},{"damage":15,"enemies":"Snake Plant","floor":29,"turns":2}],"seed_played":"4726349093531193793","potions_obtained":[{"floor":4,"key":"Explosive Potion"},{"floor":11,"key":"ColorlessPotion"},{"floor":14,"key":"PowerPotion"},{"floor":20,"key":"Venom Potion"},{"floor":20,"key":"SpeedPotion"},{"floor":20,"key":"SteroidPotion"},{"floor":24,"key":"Swift Potion"},{"floor":25,"key":"BottledMiracle"}],"is_trial":false,"path_per_floor":["M","M","$","M","$","R","?","?","T","R","M","M","R","?","R","B",null,"M","?","?","$","M","R","M","E","T","$","T","M"],"character_chosen":"WATCHER","items_purchased":["Run Through","Replay:Mystery Machine","Cleave"],"campfire_rested":1,"item_purchase_floors":[3,21,27],"current_hp_per_floor":[72,72,72,72,72,72,72,72,72,72,67,67,67,67,67,10,72,54,54,54,54,49,70,42,3,3,6,6,0,0],"gold":92,"neow_bonus":"","is_daily":true,"chose_seed":false,"campfire_upgraded":3,"win_rate":0.0,"timestamp":1609032112,"path_taken":["M","M","$","M","$","R","?","?","T","R","M","?","R","?","R","BOSS","M","?","?","$","?","R","M","E","T","?","?","M"],"items_purchased_type":["Card","Relic","Card"],"build_version":"2020-12-22","purchased_purges":2,"victory":false,"max_hp_per_floor":[72,72,72,72,72,72,72,72,72,72,72,72,72,72,72,72,72,72,72,72,72,72,72,72,72,72,75,75,75,75],"card_choices":[{"not_picked":["Run Through","Weave"],"picked":"EmptyFist","floor":1},{"not_picked":["InnerPeace","Replay:Hum"],"picked":"ThirdEye","floor":2},{"not_picked":["Protect","Wireheading","True Grit"],"picked":"SKIP","floor":4},{"not_picked":["Consecrate","Evaluate","Prostrate"],"picked":"SKIP","floor":11},{"not_picked":["Consecrate","Evaluate"],"picked":"Fire Breathing","floor":12},{"not_picked":["Reaper","Headbutt"],"picked":"Run Through","floor":14},{"not_picked":["Replay:AtTheReady","ReplayReversal"],"picked":"Wallop","floor":14},{"not_picked":["Establishment","Replay:Many Hands"],"picked":"Juggernaut","floor":16},{"not_picked":["Pummel","Indignation"],"picked":"Replay:BluntJabs+1","floor":18},{"not_picked":["Replay:BluntJabs","Clash"],"picked":"Life Link+1","floor":22},{"not_picked":["Iron Wave","Flex","Replay:ManipulateFuture"],"picked":"SKIP","floor":24},{"not_picked":["Ragnarok","Armaments+1","Pray"],"picked":"SKIP","floor":25}],"player_experience":168948,"relics_obtained":[{"floor":9,"key":"Pantograph"},{"floor":14,"key":"Nunchaku"},{"floor":19,"key":"Ring of Misfortune"},{"floor":19,"key":"Ring of Fury"},{"floor":25,"key":"Replay:Ringing Soul"},{"floor":25,"key":"TeardropLocket"},{"floor":26,"key":"Calipers"},{"floor":28,"key":"PreservedInsect"}],"event_choices":[{"damage_healed":0,"gold_gain":0,"player_choice":"Take Wound","damage_taken":0,"relics_obtained":["Golden Idol"],"max_hp_gain":0,"max_hp_loss":0,"event_name":"Golden Idol","floor":7,"gold_loss":0,"cards_obtained":["Injury"]},{"damage_healed":0,"gold_gain":0,"player_choice":"Gave Potion","damage_taken":0,"relics_obtained":["Counterbalance"],"max_hp_gain":0,"max_hp_loss":0,"event_name":"WeMeetAgain","floor":8,"gold_loss":0},{"damage_healed":0,"gold_gain":0,"player_choice":"Got Potions","damage_taken":0,"max_hp_gain":0,"max_hp_loss":0,"event_name":"Lab","floor":20,"gold_loss":0}],"is_beta":false,"boss_relics":[{"not_picked":["Kintsugi","Fusion Hammer"],"picked":"Black Star"}],"items_purged_floors":[3,21],"is_endless":false,"potions_floor_spawned":[4,11,24,25],"killed_by":"Snake Plant","ascension_level":0}}