{"host":"vjkx177ju3wjmzef","time":1609037275,"event":{"mods":["BaseMod","Block Reminder","Colored Map","Colored Powertips","DeckTracker","Googly Eyes","Highlight Path","Minty Spire (QoL Compilation)","Quick Restart","Random Character Button","Relic Stats","Replay The Spire","StSLib"],"gold_per_floor":[119,194,213,213,275,275,338,338,338,348,408,408,420,470,470,575,575,589,605,655,181,288,288,348,348,348,358,408,116,166,176,176,275,275,292,342,392,442,70,70,89,89,138,166,266,4,54,155,155,155],"floor_reached":51,"playtime":4489,"items_purged":["Defend_R","Abandon","Hemogenesis","Perfected Strike"],"score":563,"play_id":"59dbf6bc-680f-4592-ac03-538c30d639ca","local_time":"20201226204755","is_ascension_mode":false,"campfire_choices":[{"data":"Flex","floor":6,"key":"SMITH"},{"data":"Iron Wave","floor":8,"key":"SMITH"},{"data":"Flex","floor":12,"key":"SMITH"},{"floor":15,"key":"DIG"},{"data":"Armaments","floor":23,"key":"SMITH"},{"data":"Armaments","floor":25,"key":"SMITH"},{"data":"RitualDagger","floor":32,"key":"SMITH"},{"data":"Metallicize","floor":40,"key":"SMITH"}],"circlet_count":0,"master_deck":["Strike_R","Strike_R","Strike_R","Strike_R","Defend_R","Iron Wave+1","Flex+1","Clash","Twin Strike","Flex+1","Replay:Undeath\u0027s Touch","Feed","Body Slam+1","Thunderclap","Armaments+1","Twin Strike","Armaments+1","Perfected Strike+1","Metallicize+1","RitualDagger+1","Feed","Reckless Charge+1","Blood for Blood","Ghostly Armor"],"relics":["Burning Blood","NeowsBlessing","SsserpentHead","PreservedInsect","Garlic","SacredBark","Replay:Bottled Flurry","Pen Nib","Brimstone","Snack Pack","Kunai","Juzu Bracelet","Electric Blood","Lantern","Potion Belt","Divine Protection","Dead Branch","Ring of Chaos","Replay:Towering Pillar of Hats"],"acts_visited":["Exordium","TheCity","TheBeyond"],"potions_floor_usage":[7,13,16,16,24,31,33,33,45,45,50,50,50,50],"damage_taken":[{"damage":0,"enemies":"2 Louse","floor":1,"turns":1},{"damage":0,"enemies":"Cultist","floor":3,"turns":1},{"damage":0,"enemies":"Jaw Worm","floor":5,"turns":1},{"damage":0,"enemies":"Lots of Slimes","floor":7,"turns":1},{"damage":0,"enemies":"Exordium Wildlife","floor":10,"turns":2},{"damage":0,"enemies":"2 Fungi Beasts","floor":11,"turns":2},{"damage":3,"enemies":"Lots of Slimes","floor":13,"turns":3},{"damage":68,"enemies":"The Guardian","floor":16,"turns":15},{"damage":12,"enemies":"Chosen","floor":18,"turns":4},{"damage":6,"enemies":"3 Byrds","floor":19,"turns":5},{"damage":0,"enemies":"Cultist and Chosen","floor":24,"turns":3},{"damage":11,"enemies":"Snake Plant","floor":27,"turns":3},{"damage":17,"enemies":"Shelled Parasite and Fungi","floor":31,"turns":4},{"damage":57,"enemies":"Champ","floor":33,"turns":9},{"damage":22,"enemies":"3 Darklings","floor":35,"turns":4},{"damage":15,"enemies":"3 Shapes","floor":41,"turns":2},{"damage":26,"enemies":"Giant Head","floor":44,"turns":4},{"damage":0,"enemies":"Mind Bloom Boss Battle","floor":45,"turns":8},{"damage":15,"enemies":"2 Orb Walkers","floor":48,"turns":3},{"damage":21,"enemies":"Replay:Hell Engine","floor":50,"turns":6}],"seed_played":"4330674851474878585","potions_obtained":[{"floor":1,"key":"Explosive Potion"},{"floor":3,"key":"FearPotion"},{"floor":10,"key":"ColorlessPotion"},{"floor":11,"key":"DuplicationPotion"},{"floor":24,"key":"Ancient Potion"},{"floor":27,"key":"Venom Potion"},{"floor":33,"key":"Languid Potion"},{"floor":35,"key":"LifebloodPotion"},{"floor":44,"key":"HeartOfIron"},{"floor":48,"key":"Regen Potion"}],"is_trial":false,"path_per_floor":["M","?","M","?","M","R","M","R","T","M","M","R","M","?","R_BF","B",null,"M","M","?","$","?","R","M","R","T","M","?","$","?","M","R","B",null,"M","?","?","?","$","R","M","$","T","E","?","$","?","?","R_BF","B",null],"character_chosen":"IRONCLAD","items_purchased":["Pen Nib","Armaments","Brimstone","SkillPotion","Juzu Bracelet","SkillPotion","Metallicize","Lantern","CultistPotion","PowerPotion","Languid Potion","Blood for Blood"],"campfire_rested":0,"item_purchase_floors":[21,21,21,21,29,29,29,39,39,46,46,46],"current_hp_per_floor":[80,69,75,75,80,80,80,80,80,80,80,80,80,80,80,18,80,74,77,77,77,57,57,65,65,65,68,68,68,62,60,60,15,91,84,84,84,84,84,84,83,83,83,69,85,85,85,89,106,91],"gold":155,"neow_bonus":"THREE_ENEMY_KILL","is_daily":false,"chose_seed":false,"campfire_upgraded":7,"win_rate":0.0,"timestamp":1609037275,"path_taken":["M","?","M","?","?","R","?","R","T","M","?","R","M","?","R_BF","BOSS","M","M","?","$","?","R","?","R","T","M","?","?","?","M","R","BOSS","M","?","?","?","$","R","M","$","T","E","?","?","?","?","R_BF","BOSS"],"items_purchased_type":["Relic","Card","Relic","Potion","Relic","Potion","Card","Relic","Potion","Potion","Potion","Card"],"build_version":"2020-12-22","purchased_purges":4,"victory":true,"max_hp_per_floor":[80,80,80,80,80,80,80,80,80,80,80,80,80,80,80,80,80,80,83,83,83,83,83,83,83,83,87,87,87,87,91,91,91,91,91,91,91,91,91,91,95,95,95,95,99,99,99,106,106,106],"relic_stats":{"SsserpentHead":850,"counters":[20,81],"Dead Branch":[6],"PreservedInsect":125,"Pen Nib":[11],"Juzu Bracelet":2,"Kunai":[21],"obtain_stats":[{"Potion Belt":43,"Divine Protection":44,"Lantern":39,"NeowsBlessing":0,"Replay:Towering Pillar of Hats":48,"SacredBark":17,"Dead Branch":45,"PreservedInsect":9,"Pen Nib":21,"Ring of Chaos":47,"Juzu Bracelet":29,"Burning Blood":0,"SsserpentHead":4,"Brimstone":21,"Garlic":15,"Replay:Bottled Flurry":20,"Snack Pack":22,"Kunai":26,"Electric Blood":34},{"Potion Belt":16,"Divine Protection":17,"Lantern":15,"NeowsBlessing":0,"Replay:Towering Pillar of Hats":19,"SacredBark":8,"Dead Branch":18,"PreservedInsect":4,"Pen Nib":10,"Ring of Chaos":18,"Juzu Bracelet":12,"Burning Blood":0,"SsserpentHead":2,"Brimstone":10,"Garlic":7,"Replay:Bottled Flurry":10,"Snack Pack":10,"Kunai":11,"Electric Blood":14},{"Potion Belt":60,"Divine Protection":64,"Lantern":58,"NeowsBlessing":0,"Replay:Towering Pillar of Hats":75,"SacredBark":26,"Dead Branch":72,"PreservedInsect":4,"Pen Nib":35,"Ring of Chaos":72,"Juzu Bracelet":41,"Burning Blood":0,"SsserpentHead":2,"Brimstone":35,"Garlic":11,"Replay:Bottled Flurry":35,"Snack Pack":35,"Kunai":38,"Electric Blood":54}],"Burning Blood":92},"card_choices":[{"not_picked":["Run Through","Shrug It Off"],"picked":"Iron Wave","floor":1},{"not_picked":["Shockwave","Massacre"],"picked":"Flex","floor":3},{"not_picked":["Shockwave","Clothesline"],"picked":"Clash","floor":5},{"not_picked":["Feel No Pain","Run Through"],"picked":"Twin Strike","floor":7},{"not_picked":["Warcry","Sword Boomerang"],"picked":"Flex","floor":10},{"not_picked":["Defy Death","Run Through"],"picked":"Replay:Undeath\u0027s Touch","floor":11},{"not_picked":["Intimidate","Fiend Fire"],"picked":"Perfected Strike","floor":13},{"not_picked":["Reaper","Eclipse"],"picked":"Feed","floor":16},{"not_picked":["True Grit","Wild Strike"],"picked":"Body Slam+1","floor":18},{"not_picked":["Clothesline+1","Pommel Strike"],"picked":"Thunderclap","floor":19},{"not_picked":["Uppercut","Clash"],"picked":"Twin Strike","floor":22},{"not_picked":["Shrug It Off","Pommel Strike"],"picked":"Armaments","floor":22},{"not_picked":["Armaments","ReplayTheSpireMod:Strike From Hell+1","Thunderclap"],"picked":"SKIP","floor":24},{"not_picked":["Pommel Strike+1","Twin Strike"],"picked":"Perfected Strike+1","floor":27},{"not_picked":["Uppercut+1","Reaper","Battle Trance"],"picked":"SKIP","floor":31},{"not_picked":["Barricade","Fiend Fire"],"picked":"Feed","floor":33},{"not_picked":["Clash+1","Heavy Blade","Pommel Strike"],"picked":"SKIP","floor":35},{"not_picked":["Spot Weakness","Blood for Blood+1","Sword Boomerang"],"picked":"SKIP","floor":41},{"not_picked":["Armaments","Massacre+1"],"picked":"Reckless Charge","floor":44},{"not_picked":["Power Through","Armaments"],"picked":"Ghostly Armor","floor":48}],"player_experience":149432,"relics_obtained":[{"floor":9,"key":"PreservedInsect"},{"floor":15,"key":"Garlic"},{"floor":22,"key":"Snack Pack"},{"floor":26,"key":"Kunai"},{"floor":43,"key":"Potion Belt"},{"floor":44,"key":"Divine Protection"},{"floor":45,"key":"Dead Branch"},{"floor":47,"key":"Ring of Chaos"},{"floor":48,"key":"Replay:Towering Pillar of Hats"}],"event_choices":[{"damage_healed":0,"gold_gain":75,"player_choice":"Gather Gold","damage_taken":11,"max_hp_gain":0,"max_hp_loss":0,"event_name":"World of Goop","floor":2,"gold_loss":0},{"damage_healed":0,"gold_gain":0,"player_choice":"Trade","damage_taken":0,"relics_obtained":["SsserpentHead"],"max_hp_gain":0,"max_hp_loss":0,"event_name":"FaceTrader","floor":4,"gold_loss":0},{"damage_healed":0,"gold_gain":0,"player_choice":"Ignored","damage_taken":0,"max_hp_gain":0,"max_hp_loss":0,"event_name":"NoteForYourself","floor":14,"gold_loss":0},{"damage_healed":0,"gold_gain":0,"player_choice":"Opened","damage_taken":0,"relics_obtained":["Replay:Bottled Flurry"],"max_hp_gain":0,"max_hp_loss":0,"event_name":"The Mausoleum","floor":20,"gold_loss":0},{"damage_healed":0,"gold_gain":0,"cards_transformed":["Defend_R","Defend_R"],"player_choice":"Became Test Subject","damage_taken":0,"max_hp_gain":0,"max_hp_loss":0,"event_name":"Drug Dealer","floor":28,"gold_loss":0,"cards_obtained":["Hemogenesis","Abandon"]},{"damage_healed":0,"gold_gain":0,"player_choice":"Joined the Cult","damage_taken":6,"max_hp_gain":0,"max_hp_loss":0,"event_name":"Nest","floor":30,"gold_loss":0,"cards_obtained":["RitualDagger"]},{"cards_removed":["Bash"],"damage_healed":0,"gold_gain":0,"player_choice":"Purged","damage_taken":0,"max_hp_gain":0,"max_hp_loss":0,"event_name":"Purifier","floor":36,"gold_loss":0},{"cards_removed":["Strike_R"],"damage_healed":0,"gold_gain":0,"player_choice":"Removed Attack","damage_taken":0,"max_hp_gain":0,"max_hp_loss":0,"event_name":"Falling","floor":37,"gold_loss":0},{"damage_healed":0,"gold_gain":0,"player_choice":"Memory 1","damage_taken":0,"max_hp_gain":0,"max_hp_loss":0,"event_name":"SensoryStone","floor":38,"gold_loss":0},{"damage_healed":0,"gold_gain":0,"player_choice":"Fight","damage_taken":0,"max_hp_gain":0,"max_hp_loss":0,"event_name":"MindBloom","floor":45,"gold_loss":0},{"damage_healed":0,"gold_gain":0,"player_choice":"Fight","damage_taken":0,"max_hp_gain":0,"max_hp_loss":0,"event_name":"Mysterious Sphere","floor":48,"gold_loss":0}],"is_beta":false,"boss_relics":[{"not_picked":["Ring of Chaos","Honey Jar"],"picked":"SacredBark"},{"not_picked":["Pandora\u0027s Box","ReplayTheSpireMod:DimensionalGlitch"],"picked":"Electric Blood"}],"items_purged_floors":[21,29,39,46],"is_endless":false,"potions_floor_spawned":[1,3,10,11,24,27,33,35,44,48],"ascension_level":0}}