{"host":"f1miojwxaupu79sp","time":1609032207,"event":{"mods":["BaseMod","Better Vampires","Minty Spire (QoL Compilation)","Shop Mod"],"gold_per_floor":[110,32,42,59,59,89,89,14,38,113,113,144,144,144,144],"floor_reached":14,"playtime":845,"items_purged":["Strike_G"],"score":158,"play_id":"379a8b28-5bb9-495d-b9c1-b58609cbed57","local_time":"20201226202327","is_ascension_mode":true,"campfire_choices":[{"floor":7,"key":"REST"},{"floor":11,"key":"REST"}],"circlet_count":0,"master_deck":["AscendersBane","Strike_G","Strike_G","Strike_G","Defend_G","Defend_G","Defend_G","Defend_G","Defend_G","Survivor","Neutralize","Crippling Poison","Footwork","Deflect","Calculated Gamble"],"relics":["HoveringKite","Strawberry","Bag of Preparation","Oddly Smooth Stone","Potion Belt"],"acts_visited":["Exordium"],"potions_floor_usage":[6,12,12],"damage_taken":[{"damage":6,"enemies":"2 Louse","floor":1,"turns":3},{"damage":2,"enemies":"Cultist","floor":3,"turns":6},{"damage":0,"enemies":"Small Slimes","floor":4,"turns":5},{"damage":33,"enemies":"3 Sentries","floor":6,"turns":13},{"damage":36,"enemies":"Gremlin Nob","floor":12,"turns":6},{"damage":11,"enemies":"Lagavulin","floor":14,"turns":9}],"seed_played":"3896985201383672505","potions_obtained":[{"floor":1,"key":"CultistPotion"},{"floor":4,"key":"Explosive Potion"},{"floor":6,"key":"Regen Potion"},{"floor":12,"key":"DuplicationPotion"}],"is_trial":false,"path_per_floor":["M","?","M","M","?","E","R","$","T","?","R","E","?","E"],"character_chosen":"THE_SILENT","items_purchased":[],"campfire_rested":2,"item_purchase_floors":[],"current_hp_per_floor":[57,64,62,62,55,22,45,45,45,34,57,36,61,50,50],"gold":144,"neow_bonus":"BOSS_RELIC","is_daily":false,"chose_seed":false,"campfire_upgraded":0,"win_rate":0.0,"timestamp":1609032207,"path_taken":["M","?","M","?","?","E","R","$","T","?","R","E","?","E"],"items_purchased_type":[],"build_version":"2020-12-22","purchased_purges":1,"victory":false,"max_hp_per_floor":[70,77,77,77,77,77,77,77,77,77,77,77,77,77,77],"card_choices":[{"not_picked":["Masterful Stab","PiercingWail"],"picked":"Crippling Poison","floor":1},{"not_picked":["Sucker Punch","Eviscerate","Outmaneuver"],"picked":"SKIP","floor":3},{"not_picked":["Distraction","Poisoned Stab"],"picked":"Footwork","floor":4},{"not_picked":["Storm of Steel","Skewer"],"picked":"Deflect","floor":6},{"not_picked":["Choke","Tactician"],"picked":"Calculated Gamble","floor":12}],"player_experience":837511,"relics_obtained":[{"floor":6,"key":"Bag of Preparation"},{"floor":9,"key":"Oddly Smooth Stone"},{"floor":12,"key":"Potion Belt"}],"event_choices":[{"damage_healed":0,"gold_gain":0,"player_choice":"Paid Gold","damage_taken":0,"relics_obtained":["Strawberry"],"max_hp_gain":0,"max_hp_loss":0,"event_name":"WeMeetAgain","floor":2,"gold_loss":78},{"cards_removed":["Strike_G"],"damage_healed":0,"gold_gain":0,"player_choice":"Card Removal","damage_taken":7,"max_hp_gain":0,"max_hp_loss":0,"event_name":"Golden Wing","floor":5,"gold_loss":0},{"damage_healed":0,"gold_gain":75,"player_choice":"Gather Gold","damage_taken":11,"max_hp_gain":0,"max_hp_loss":0,"event_name":"World of Goop","floor":10,"gold_loss":0},{"damage_healed":25,"gold_gain":0,"player_choice":"Banana","damage_taken":0,"max_hp_gain":0,"max_hp_loss":0,"event_name":"Big Fish","floor":13,"gold_loss":0}],"is_beta":false,"boss_relics":[],"items_purged_floors":[8],"is_endless":false,"potions_floor_spawned":[1,4,6,12],"killed_by":"Lagavulin","ascension_level":13}}