{"host":"3jpwrwmmgyabjceh","time":1609085511,"event":{"mods":["AchievementEnabler","BaseMod","Colored Map","Colored Powertips","Highlight Path","Minty Spire (QoL Compilation)","Quick Restart","StSLib"],"gold_per_floor":[117,117,117,1,15,25,58,58,58,58,71,71,88,105,105,206,206,224,236,256,273,273,273,273,273],"floor_reached":24,"playtime":706,"items_purged":[],"score":210,"play_id":"63cf622e-6904-4638-8c50-5444d5776ba7","local_time":"20201227191151","is_ascension_mode":true,"campfire_choices":[{"data":"Searing Blow","floor":8,"key":"SMITH"},{"data":"Searing Blow+1","floor":10,"key":"SMITH"},{"data":"Searing Blow+2","floor":12,"key":"SMITH"},{"floor":15,"key":"REST"},{"floor":23,"key":"REST"}],"circlet_count":0,"master_deck":["Strike_R","Strike_R","Strike_R","Strike_R","Defend_R","Defend_R","Defend_R","Defend_R","Bash","Cleave","Searing Blow+3","Inflame","Armaments","Cleave","Whirlwind","Shrug It Off","Limit Break","Inflame","True Grit","Shrug It Off"],"relics":["Runic Pyramid","Question Card","Oddly Smooth Stone","Mark of Pain"],"acts_visited":["Exordium","TheCity"],"potions_floor_usage":[6,7,13,20,20],"damage_taken":[{"damage":6,"enemies":"Jaw Worm","floor":1,"turns":5},{"damage":17,"enemies":"Small Slimes","floor":5,"turns":3},{"damage":5,"enemies":"Cultist","floor":6,"turns":4},{"damage":15,"enemies":"Gremlin Nob","floor":7,"turns":4},{"damage":0,"enemies":"2 Fungi Beasts","floor":11,"turns":2},{"damage":4,"enemies":"Exordium Thugs","floor":13,"turns":4},{"damage":7,"enemies":"Red Slaver","floor":14,"turns":2},{"damage":37,"enemies":"Slime Boss","floor":16,"turns":7},{"damage":0,"enemies":"3 Byrds","floor":18,"turns":3},{"damage":7,"enemies":"Spheric Guardian","floor":19,"turns":4},{"damage":18,"enemies":"Snake Plant","floor":20,"turns":4},{"damage":42,"enemies":"Snecko","floor":21,"turns":6},{"damage":42,"enemies":"3 Cultists","floor":24,"turns":5}],"seed_played":"-8669002075497365529","potions_obtained":[{"floor":1,"key":"GamblersBrew"},{"floor":3,"key":"Regen Potion"},{"floor":3,"key":"SmokeBomb"},{"floor":5,"key":"LiquidMemories"},{"floor":7,"key":"Weak Potion"},{"floor":16,"key":"ColorlessPotion"}],"is_trial":false,"path_per_floor":["M","?","?","$","M","M","E","R","T","R","M","R","M","M","R","B",null,"M","M","M","M","?","R","M"],"character_chosen":"IRONCLAD","items_purchased":["Searing Blow","Inflame"],"campfire_rested":2,"item_purchase_floors":[4,4],"current_hp_per_floor":[74,71,71,71,54,61,46,46,46,46,46,46,42,35,59,22,80,80,73,55,13,13,37,0,0],"gold":273,"neow_bonus":"BOSS_RELIC","is_daily":false,"chose_seed":false,"campfire_upgraded":3,"win_rate":0.0,"timestamp":1609085511,"path_taken":["M","?","?","$","?","M","E","R","T","R","M","R","M","M","R","BOSS","M","M","M","M","?","R","M"],"items_purchased_type":["Card","Card"],"build_version":"2020-12-22","purchased_purges":0,"victory":false,"max_hp_per_floor":[80,80,80,80,80,80,80,80,80,80,80,80,80,80,80,80,80,80,80,80,80,80,80,80,80],"card_choices":[{"not_picked":["Dropkick","Twin Strike"],"picked":"Cleave","floor":1},{"not_picked":["Headbutt","Wild Strike","Sword Boomerang"],"picked":"Armaments","floor":5},{"not_picked":["Carnage","Pommel Strike","Fire Breathing"],"picked":"Cleave","floor":6},{"not_picked":["Heavy Blade","Sentinel","Intimidate"],"picked":"Whirlwind","floor":7},{"not_picked":["Heavy Blade","Corruption","Clash","Flame Barrier"],"picked":"SKIP","floor":11},{"not_picked":["Sword Boomerang","Intimidate","Twin Strike","Shockwave"],"picked":"SKIP","floor":13},{"not_picked":["Heavy Blade","Fire Breathing","Cleave"],"picked":"Shrug It Off","floor":14},{"not_picked":["Feed","Impervious","Offering"],"picked":"Limit Break","floor":16},{"not_picked":["Dark Embrace+1","Dropkick","True Grit"],"picked":"Inflame","floor":18},{"not_picked":["Flex+1","Anger","Rage"],"picked":"True Grit","floor":19},{"not_picked":["Searing Blow","Sever Soul","Heavy Blade","Second Wind"],"picked":"SKIP","floor":20},{"not_picked":["Clothesline","Body Slam","Searing Blow+1"],"picked":"Shrug It Off","floor":21}],"player_experience":221540,"relics_obtained":[{"floor":7,"key":"Oddly Smooth Stone"}],"event_choices":[{"damage_healed":0,"gold_gain":0,"player_choice":"Success","damage_taken":3,"relics_obtained":["Question Card"],"max_hp_gain":0,"max_hp_loss":0,"event_name":"Scrap Ooze","floor":2,"gold_loss":0},{"damage_healed":0,"gold_gain":0,"player_choice":"Got Potions","damage_taken":0,"max_hp_gain":0,"max_hp_loss":0,"event_name":"Lab","floor":3,"gold_loss":0},{"cards_removed":["Strike_R"],"damage_healed":0,"gold_gain":0,"player_choice":"Offered Basic","damage_taken":0,"max_hp_gain":0,"max_hp_loss":0,"event_name":"Bonfire Elementals","floor":22,"gold_loss":0}],"is_beta":false,"boss_relics":[{"not_picked":["Snecko Eye","Pandora\u0027s Box"],"picked":"Mark of Pain"}],"items_purged_floors":[],"is_endless":false,"potions_floor_spawned":[1,5,7,16],"killed_by":"3 Cultists","ascension_level":1}}