{"host":"6wux4armhsntp4yb","time":1609085872,"event":{"mods":["BaseMod","Colored Map","DeckTracker","Minty Spire (QoL Compilation)","Relic Stats"],"gold_per_floor":[116,116,116,116,139,139,178,178,256,256,24,24,43,64,64,154,154,175,194,207,207,248,288,313,313,365,365,12,48,48,73,73,169,169,190,190,214,232,248,248,279,292,292,331,164,164,164,189,189,189,189,189,189,9,43,43],"floor_reached":57,"playtime":8500,"items_purged":["Strike_G","Strike_G","Strike_G+1"],"score":3075,"play_id":"2851d9a4-1b59-4c65-8ca1-f94d56374c1c","local_time":"20201228011752","is_ascension_mode":true,"campfire_choices":[{"data":"Neutralize","floor":6.0,"key":"SMITH"},{"data":"Deadly Poison","floor":8.0,"key":"SMITH"},{"data":"Predator","floor":12.0,"key":"SMITH"},{"data":"Concentrate","floor":15.0,"key":"SMITH"},{"data":"Burst","floor":25.0,"key":"SMITH"},{"data":"Adrenaline","floor":27.0,"key":"SMITH"},{"data":"Calculated Gamble","floor":30.0,"key":"SMITH"},{"data":"Footwork","floor":32.0,"key":"SMITH"},{"data":"Reflex","floor":40.0,"key":"SMITH"},{"data":"Footwork","floor":46,"key":"SMITH"},{"floor":49,"key":"RECALL"},{"data":"Acrobatics","floor":53,"key":"SMITH"}],"circlet_count":0,"master_deck":["AscendersBane","Defend_G","Defend_G","Defend_G","Defend_G+1","Defend_G","Survivor","Neutralize+1","Predator+1","Deadly Poison+1","Backflip","Concentrate+1","Heel Hook+1","Burst+1","Prepared+1","Escape Plan","Adrenaline+1","Reflex+1","Outmaneuver+1","Crippling Poison","Footwork+1","Calculated Gamble+1","Acrobatics+1","Night Terror","CurseOfTheBell","Skewer","PiercingWail","Venomology","Concentrate+1","PiercingWail","Blur+1","Footwork+1","Madness","Escape Plan","Backflip","Expertise+1"],"relics":["Ring of the Snake","NeowsBlessing","Golden Idol","Question Card","StoneCalendar","Ninja Scroll","ClockworkSouvenir","Runic Pyramid","Red Mask","Whetstone","Boot","TheAbacus","Happy Flower","Calling Bell","Potion Belt","The Courier","Gambling Chip","PreservedInsect","Calipers","Mummified Hand"],"acts_visited":["Exordium","TheCity","TheBeyond","TheEnding"],"potions_floor_usage":[44,44,48,48,50,50,50,51,55,55,56,56,56,56,56,56],"damage_taken":[{"damage":0.0,"enemies":"Cultist","floor":1.0,"turns":1.0},{"damage":0.0,"enemies":"2 Louse","floor":5.0,"turns":1.0},{"damage":0.0,"enemies":"3 Sentries","floor":7.0,"turns":2.0},{"damage":0.0,"enemies":"Jaw Worm","floor":13.0,"turns":3.0},{"damage":0.0,"enemies":"2 Fungi Beasts","floor":14.0,"turns":3.0},{"damage":19.0,"enemies":"The Guardian","floor":16.0,"turns":7.0},{"damage":1.0,"enemies":"Shell Parasite","floor":18.0,"turns":6.0},{"damage":1.0,"enemies":"3 Byrds","floor":19.0,"turns":6.0},{"damage":14.0,"enemies":"Shelled Parasite and Fungi","floor":20.0,"turns":7.0},{"damage":7.0,"enemies":"Masked Bandits","floor":22.0,"turns":5.0},{"damage":0.0,"enemies":"Book of Stabbing","floor":23.0,"turns":4.0},{"damage":7.0,"enemies":"Sentry and Sphere","floor":24.0,"turns":7.0},{"damage":1.0,"enemies":"Slavers","floor":29.0,"turns":4.0},{"damage":0.0,"enemies":"Centurion and Healer","floor":31.0,"turns":4.0},{"damage":0.0,"enemies":"Automaton","floor":33.0,"turns":7.0},{"damage":0.0,"enemies":"3 Darklings","floor":35.0,"turns":3.0},{"damage":0.0,"enemies":"Orb Walker","floor":37.0,"turns":2.0},{"damage":8.0,"enemies":"3 Darklings","floor":38.0,"turns":6.0},{"damage":0.0,"enemies":"Jaw Worm Horde","floor":39.0,"turns":5.0},{"damage":4.0,"enemies":"Reptomancer","floor":41.0,"turns":6.0},{"damage":0.0,"enemies":"Maw","floor":42.0,"turns":9.0},{"damage":0,"enemies":"Nemesis","floor":44,"turns":7},{"damage":0,"enemies":"Transient","floor":48,"turns":6},{"damage":8,"enemies":"Awakened One","floor":50,"turns":22},{"damage":0,"enemies":"Time Eater","floor":51,"turns":21},{"damage":0,"enemies":"Shield and Spear","floor":55,"turns":11},{"damage":27,"enemies":"The Heart","floor":56,"turns":9}],"seed_played":"4500697408838323631","potions_obtained":[{"floor":7.0,"key":"GamblersBrew"},{"floor":13.0,"key":"BlessingOfTheForge"},{"floor":16.0,"key":"DuplicationPotion"},{"floor":19.0,"key":"Regen Potion"},{"floor":22.0,"key":"CunningPotion"},{"floor":24.0,"key":"SpeedPotion"},{"floor":29.0,"key":"Strength Potion"},{"floor":35.0,"key":"Dexterity Potion"},{"floor":38.0,"key":"FairyPotion"},{"floor":41.0,"key":"Dexterity Potion"},{"floor":42.0,"key":"Strength Potion"}],"is_trial":false,"path_per_floor":["M","?","?","T","M","R","E","R","T","?","$","R","M","M","R","B",null,"M","M","M","?","?","E","M","R","T","R","$","E","R","M","R","B",null,"M","?","M","M","M","R","E","M","T","E","$","R","?","M","R","B","B",null,"R","$","E","B",null],"character_chosen":"THE_SILENT","items_purchased":["ClockworkSouvenir","Footwork","TheAbacus","Footwork","Madness","Escape Plan","Backflip"],"campfire_rested":0,"item_purchase_floors":[11,28,28,45,54,54,54],"current_hp_per_floor":[59,59,59,59,59,59,59,59,59,41,41,41,41,41,41,22,51,50,49,50,50,43,43,36,36,36,36,36,35,35,35,35,35,54,54,54,54,46,46,46,42,42,42,42,42,42,42,42,42,34,34,54,54,54,54,27],"gold":43,"neow_bonus":"THREE_ENEMY_KILL","is_daily":false,"chose_seed":false,"campfire_upgraded":11,"win_rate":0.0,"timestamp":1609085872,"path_taken":["M","?","?","?","M","R","E","R","T","?","?","R","M","?","R","BOSS","M","M","M","?","?","E","M","R","T","R","?","E","R","M","R","BOSS","M","?","?","M","M","R","E","M","T","E","$","R","?","?","R","BOSS","BOSS","R","$","E","BOSS"],"items_purchased_type":["Relic","Card","Relic","Card","Card","Card","Card"],"build_version":"2020-12-22","purchased_purges":3,"victory":true,"max_hp_per_floor":[66,60,60,60,60,60,60,60,60,60,60,60,60,60,60,60,60,60,60,60,60,60,60,60,60,60,60,60,60,60,60,60,60,60,60,60,60,60,60,60,60,60,60,60,60,60,60,60,60,60,60,60,60,60,60,60],"relic_stats":{"Happy Flower":[39],"counters":[27,174],"Golden Idol":203,"StoneCalendar":[307],"PreservedInsect":127,"Whetstone":["Strike_G","Heel Hook"],"Question Card":24,"Boot":[116],"TheAbacus":[582],"Mummified Hand":[5],"Gambling Chip":[90],"obtain_stats":[{"Potion Belt":34,"Calipers":44,"NeowsBlessing":0,"Happy Flower":29,"Golden Idol":2,"StoneCalendar":7,"The Courier":34,"PreservedInsect":41,"Whetstone":23,"Question Card":4,"Boot":26,"ClockworkSouvenir":11,"Calling Bell":34,"TheAbacus":28,"Ninja Scroll":9,"Mummified Hand":55,"Gambling Chip":34,"Red Mask":22,"Ring of the Snake":0,"Runic Pyramid":17},{"Potion Belt":15,"Calipers":22,"NeowsBlessing":0,"Happy Flower":13,"Golden Idol":1,"StoneCalendar":3,"The Courier":15,"PreservedInsect":20,"Whetstone":11,"Question Card":1,"Boot":12,"ClockworkSouvenir":3,"Calling Bell":15,"TheAbacus":12,"Ninja Scroll":3,"Mummified Hand":26,"Gambling Chip":15,"Red Mask":10,"Ring of the Snake":0,"Runic Pyramid":6},{"Potion Belt":67,"Calipers":105,"NeowsBlessing":0,"Happy Flower":56,"Golden Idol":1,"StoneCalendar":4,"The Courier":67,"PreservedInsect":89,"Whetstone":45,"Question Card":1,"Boot":52,"ClockworkSouvenir":4,"Calling Bell":67,"TheAbacus":52,"Ninja Scroll":4,"Mummified Hand":165,"Gambling Chip":67,"Red Mask":41,"Ring of the Snake":0,"Runic Pyramid":17}],"Ring of the Snake":[54]},"card_choices":[{"not_picked":["Underhanded Strike","Deflect"],"picked":"Predator","floor":1.0},{"not_picked":["Dodge and Roll","Quick Slash","Acrobatics"],"picked":"Deadly Poison","floor":5.0},{"not_picked":["Dodge and Roll","Underhanded Strike","Dagger Throw"],"picked":"Backflip","floor":7.0},{"not_picked":["Deflect","Underhanded Strike","Envenom"],"picked":"Concentrate","floor":13.0},{"not_picked":["Acrobatics","Deflect","All Out Attack"],"picked":"Heel Hook","floor":14.0},{"not_picked":["Envenom","Malaise","Unload"],"picked":"Burst","floor":16.0},{"not_picked":["Dagger Throw","Blade Dance","Bane+1"],"picked":"Prepared+1","floor":18.0},{"not_picked":["Deadly Poison","Poisoned Stab","Dagger Throw"],"picked":"Escape Plan","floor":19.0},{"not_picked":["Dodge and Roll","Quick Slash","Bane+1","Deadly Poison"],"picked":"SKIP","floor":20.0},{"not_picked":["Endless Agony","Catalyst","Leg Sweep+1"],"picked":"Reflex","floor":22.0},{"not_picked":["Setup","Envenom","Deflect"],"picked":"Outmaneuver","floor":23.0},{"not_picked":["Dagger Throw","Leg Sweep","Infinite Blades+1"],"picked":"Crippling Poison","floor":24.0},{"not_picked":["Catalyst","Deflect","Backflip+1"],"picked":"Calculated Gamble","floor":29.0},{"not_picked":["Quick Slash","Cloak And Dagger","Deflect"],"picked":"Acrobatics","floor":31.0},{"not_picked":["Envenom","Phantasmal Killer","Unload"],"picked":"Night Terror","floor":33.0},{"not_picked":["Bane+1","Quick Slash","Dagger Spray"],"picked":"Skewer","floor":35.0},{"not_picked":["Dagger Throw","Bane","Cloak And Dagger+1"],"picked":"PiercingWail","floor":37.0},{"not_picked":["Dodge and Roll","Poisoned Stab","Deflect+1"],"picked":"Venomology","floor":38.0},{"not_picked":["Dodge and Roll+1","Quick Slash","Poisoned Stab","Cloak And Dagger"],"picked":"SKIP","floor":39.0},{"not_picked":["Corpse Explosion","Blade Dance","Flying Knee"],"picked":"Concentrate+1","floor":41.0},{"not_picked":["Dodge and Roll","Outmaneuver","Blade Dance"],"picked":"PiercingWail","floor":42.0},{"not_picked":["Outmaneuver","Sucker Punch+1","Underhanded Strike"],"picked":"Blur+1","floor":44},{"not_picked":["Backflip","Deflect","Blade Dance+1","Cloak And Dagger"],"picked":"SKIP","floor":48},{"not_picked":["Choke+1","Acrobatics","Doppelganger"],"picked":"Expertise+1","floor":55}],"player_experience":5708520,"relics_obtained":[{"floor":4.0,"key":"Question Card"},{"floor":7.0,"key":"StoneCalendar"},{"floor":9.0,"key":"Ninja Scroll"},{"floor":22.0,"key":"Red Mask"},{"floor":23.0,"key":"Whetstone"},{"floor":26.0,"key":"Boot"},{"floor":29.0,"key":"Happy Flower"},{"floor":34.0,"key":"Potion Belt"},{"floor":34.0,"key":"The Courier"},{"floor":34.0,"key":"Gambling Chip"},{"floor":41.0,"key":"PreservedInsect"},{"floor":44,"key":"Calipers"},{"floor":55,"key":"Mummified Hand"}],"event_choices":[{"damage_healed":0.0,"max_hp_gain":0.0,"max_hp_loss":6.0,"gold_gain":0.0,"event_name":"Golden Idol","player_choice":"Lose Max HP","floor":2.0,"gold_loss":0.0,"damage_taken":0.0,"relics_obtained":["Golden Idol"]},{"cards_removed":["Strike_G"],"damage_healed":0.0,"max_hp_gain":0.0,"max_hp_loss":0.0,"gold_gain":0.0,"event_name":"Living Wall","player_choice":"Forget","floor":3.0,"gold_loss":0.0,"damage_taken":0.0},{"damage_healed":0.0,"max_hp_gain":0.0,"max_hp_loss":0.0,"gold_gain":0.0,"event_name":"Shining Light","player_choice":"Entered Light","floor":10.0,"gold_loss":0.0,"damage_taken":18.0,"cards_upgraded":["Strike_G","Defend_G"]},{"damage_healed":0.0,"max_hp_gain":0.0,"max_hp_loss":0.0,"gold_gain":0.0,"event_name":"The Library","player_choice":"Read","floor":21.0,"gold_loss":0.0,"damage_taken":0.0,"cards_obtained":["Adrenaline"]},{"damage_healed":0.0,"max_hp_gain":0.0,"max_hp_loss":0.0,"gold_gain":0.0,"event_name":"Masked Bandits","player_choice":"Fought Bandits","floor":22.0,"gold_loss":0.0,"damage_taken":0.0},{"damage_healed":0.0,"max_hp_gain":0.0,"max_hp_loss":0.0,"gold_gain":0.0,"event_name":"Accursed Blacksmith","player_choice":"Forge","floor":36.0,"gold_loss":0.0,"damage_taken":0.0,"cards_upgraded":["Outmaneuver"]},{"cards_removed":["Strike_G"],"damage_healed":0,"gold_gain":0,"player_choice":"Offered Basic","damage_taken":0,"max_hp_gain":0,"max_hp_loss":0,"event_name":"Bonfire Elementals","floor":47,"gold_loss":0}],"is_beta":false,"boss_relics":[{"not_picked":["HoveringKite","Velvet Choker"],"picked":"Runic Pyramid"},{"not_picked":["Black Star","Pandora\u0027s Box"],"picked":"Calling Bell"}],"items_purged_floors":[11,28,45],"is_endless":false,"potions_floor_spawned":[7,13,16,19,22,24,29,31,35,38,41,42,55],"ascension_level":20}}