{"host":"ixtszv54kd1m8623","time":1609088023,"event":{"mods":["Act Like it!","Aspiration","Bard","BaseMod","Beaked The Cultist","ChefMod","Colored Map","Colored Powertips","Conspire","Downfall","Gensokyo","Halation","Hermit","Hubris","Infinite Spire","Jorbs\u0027s Wanderer Trilogy","Minty Spire (QoL Compilation)","Replay The Spire","Robot Space Explorer","Shade Mod","StSLib","The Blackbeard","The Bug Knight","The Cursed","The Disciple","The Dragon Tamer","The Marked","The Runesmith","The Servant 0.9.4"],"gold_per_floor":[99,117,135,135,135,163,190,190,210,227,227,241,252,308,319,422,422,422,442,442,442,542,562,562,576,603,603,603,603,622,641,658,763,763,763,773,785,798,175,175,201,111,131,141,141,141,141],"floor_reached":45,"playtime":3368,"items_purged":["Writhe"],"score":566,"play_id":"0ed3aa0b-6664-416e-b6f9-3bb2a3ce8715","local_time":"20201227085343","is_ascension_mode":false,"campfire_choices":[{"data":"champ:Improvising","floor":1,"key":"SMITH"},{"floor":8,"key":"REST"},{"data":"champ:CrookedStrike","floor":11,"key":"SMITH"},{"data":"champ:FanOfKnives","floor":18,"key":"SMITH"},{"floor":29,"key":"RECALL"},{"data":"champ:HoldFirm","floor":35,"key":"SMITH"},{"floor":40,"key":"REST"}],"circlet_count":0,"master_deck":["champ:Strike","champ:Strike","champ:Strike","champ:Strike+1","champ:Defend","champ:Defend","champ:Defend+1","champ:Defend+1","champ:Execute+1","champ:Taunt+1","champ:Improvising+1","champ:CrookedStrike+1","champ:Riposte","champ:IronFortress","champ:AdrenalArmor","champ:FanOfKnives+1","champ:FaceSlap","champ:FlashCut","champ:PerfectedStrike","champ:LastStand","champ:PerfectForm","champ:RecklessLeap","champ:BladeFlurry+1","champ:Backstep+1","champ:DefensiveShout","champ:Control+1","CurseOfTheBell","Pot Of Greed","Pot Of Greed","Pot Of Greed","champ:TornadoPunch","champ:FightOn","champ:SteelEdge","champ:HoldFirm+1","champ:TornadoPunch+1","champ:Lariat+1","champ:BringItOn","champ:ShieldThrow","Pot Of Greed","Replay:Parry","champ:BringItOn+1","champ:ShieldWall","champ:FlashCut+1","champ:AdrenalArmor+1"],"relics":["champ:ChampionCrown","Ring of Fury","ReplayTheSpireMod:Ring of Addiction","SacredBark","hubris:EmptyBottle","Thread and Needle","Boot","HollowMod:PaleOreRelic","halation:HeavySnake","Ice Cream","White Beast Statue","infinitespire:Eraser","Pen Nib","Calling Bell","Grinning Jar","aspiration:HatOfInfinitePower","conspire:BottledYoYo","Turnip","Black Star","HandDrill","hubris:TenFootPole","hubris:ToyBattleship","halation:KoshaPiece"],"acts_visited":["Exordium","TheCity","TheBeyond"],"potions_floor_usage":[6,9,13,14,16,16,19,22,22,23,25,26,26,30,31,32,33,33,33,33,36,36,37,38,39,43,44,44,45,45],"damage_taken":[{"damage":13,"enemies":"2 Louse","floor":2,"turns":4},{"damage":7,"enemies":"Small Slimes","floor":3,"turns":4},{"damage":78,"enemies":"3 Sentries","floor":6,"turns":8},{"damage":0,"enemies":"Cultist","floor":9,"turns":4},{"damage":18,"enemies":"Lots of Slimes","floor":10,"turns":5},{"damage":9,"enemies":"2 Fungi Beasts","floor":12,"turns":4},{"damage":12,"enemies":"Large Slime","floor":13,"turns":5},{"damage":11,"enemies":"3 Sentries","floor":14,"turns":5},{"damage":0,"enemies":"Lots of Slimes","floor":15,"turns":3},{"damage":18,"enemies":"downfall:Silent","floor":16,"turns":9},{"damage":8,"enemies":"3 Byrds","floor":19,"turns":6},{"damage":3,"enemies":"downfall:LadyInBlue","floor":22,"turns":2},{"damage":0,"enemies":"Chosen","floor":23,"turns":3},{"damage":39,"enemies":"3 Cultists","floor":25,"turns":5},{"damage":5,"enemies":"Slavers","floor":26,"turns":4},{"damage":34,"enemies":"Centurion and Healer","floor":30,"turns":4},{"damage":7,"enemies":"Cultist and Chosen","floor":31,"turns":5},{"damage":12,"enemies":"Chosen and Byrds","floor":32,"turns":3},{"damage":13,"enemies":"downfall:Defect","floor":33,"turns":4},{"damage":5,"enemies":"3 Shapes","floor":36,"turns":3},{"damage":14,"enemies":"3 Darklings","floor":37,"turns":5},{"damage":41,"enemies":"Sphere and 2 Shapes","floor":38,"turns":6},{"damage":15,"enemies":"downfall:FleeingMerchant","floor":39,"turns":4},{"damage":18,"enemies":"downfall:FleeingMerchant","floor":42,"turns":4},{"damage":27,"enemies":"Spire Growth","floor":43,"turns":5},{"damage":27,"enemies":"Jaw Worm Horde","floor":44,"turns":5},{"damage":9,"enemies":"Maw","floor":45,"turns":2}],"seed_played":"-6018328122287905369","potions_obtained":[{"floor":3,"key":"SkillPotion"},{"floor":4,"key":"champ:CounterPotion"},{"floor":4,"key":"Toxic Potion"},{"floor":10,"key":"GamblersBrew"},{"floor":12,"key":"champ:CounterPotion"},{"floor":15,"key":"Guardian:BlockOnCardUsePotion"},{"floor":19,"key":"Fire Potion"},{"floor":22,"key":"SpeedPotion"},{"floor":23,"key":"Elixir"},{"floor":25,"key":"ColorlessPotion"},{"floor":26,"key":"Dexterity Potion"},{"floor":30,"key":"Toxic Potion"},{"floor":31,"key":"CultistPotion"},{"floor":32,"key":"champ:OpenerPotion"},{"floor":33,"key":"CultistPotion"},{"floor":36,"key":"Adrenaline Potion"},{"floor":37,"key":"Milkshake"},{"floor":38,"key":"Adrenaline Potion"},{"floor":39,"key":"FearPotion"},{"floor":42,"key":"ColorlessPotion"},{"floor":43,"key":"SneckoOil"},{"floor":44,"key":"Adrenaline Potion"}],"is_trial":false,"path_per_floor":["R","M","M","?","?","E","T","R","M","M","R","M","M","?","M","B",null,"R","M","?","?","?","M","T","M","E","AVR","T","R","M","M","M","B",null,"R","M","M","M","$","R","T","$","M","M","M"],"character_chosen":"THE_CHAMP","items_purchased":["Replay:Parry","HandDrill","hubris:TenFootPole","hubris:ToyBattleship","champ:ShieldWall"],"campfire_rested":2,"item_purchase_floors":[39,39,39,39,42],"current_hp_per_floor":[81,73,71,71,71,26,26,50,50,49,49,47,47,45,45,34,79,79,75,75,60,57,57,57,35,35,35,35,35,12,12,11,11,82,82,77,68,29,25,49,49,46,28,2,0,0,0],"gold":141,"neow_bonus":"THREE_RARE_CARDS","is_daily":false,"chose_seed":false,"campfire_upgraded":4,"win_rate":0.0,"timestamp":1609088023,"path_taken":["R","M","M","?","?","E","T","R","M","?","R","?","M","?","M","BOSS","R","M","?","?","?","M","T","?","E","AVR","?","R","M","?","M","BOSS","R","M","M","M","$","R","T","?","M","M","M"],"items_purchased_type":["Card","Relic","Relic","Relic","Card"],"build_version":"2020-12-22","purchased_purges":1,"victory":false,"max_hp_per_floor":[81,81,81,81,81,81,81,81,81,81,81,81,79,79,79,79,79,79,79,79,84,84,84,84,84,84,84,84,84,82,82,82,82,82,82,82,82,82,82,82,82,82,80,80,80,80,80],"card_choices":[{"not_picked":["champ:SwordThrow","champ:CheapShot"],"picked":"champ:Improvising","floor":0},{"not_picked":["champ:RisingSlash","champ:DefensiveShout"],"picked":"champ:CrookedStrike","floor":2},{"not_picked":["champ:SkillfulDodge","champ:GladiatorStyle"],"picked":"champ:Riposte","floor":3},{"not_picked":["champ:FightOn","champ:ShieldWall"],"picked":"champ:IronFortress","floor":6},{"not_picked":["champ:RapidStrikes","champ:Circumvent"],"picked":"champ:AdrenalArmor","floor":9},{"not_picked":["champ:ShieldWall","champ:BerserkersShout"],"picked":"champ:FanOfKnives","floor":10},{"not_picked":["champ:Haymaker","champ:GutPunch"],"picked":"champ:FaceSlap","floor":12},{"not_picked":["champ:Shatter","champ:SkillfulDodge"],"picked":"champ:FlashCut","floor":13},{"not_picked":["champ:BladeFlurry","champ:FightOn"],"picked":"champ:PerfectedStrike","floor":14},{"not_picked":["champ:BladeFlurry","champ:Haymaker"],"picked":"champ:LastStand","floor":15},{"not_picked":["champ:CrownThrow","champ:SteelEdge"],"picked":"champ:PerfectForm","floor":16},{"not_picked":["champ:IronFortress","champ:GladiatorsShout+1"],"picked":"champ:RecklessLeap","floor":19},{"not_picked":["champ:CrookedStrike","champ:FocusedBerserking"],"picked":"champ:BladeFlurry+1","floor":22},{"not_picked":["champ:BerserkersShout","champ:Circumvent+1"],"picked":"champ:Backstep","floor":23},{"not_picked":["champ:FanOfKnives","champ:RecklessLeap"],"picked":"champ:DefensiveShout","floor":25},{"not_picked":["champ:FanOfKnives","champ:BerserkerStyle"],"picked":"champ:Control+1","floor":26},{"not_picked":["champ:Haymaker+1","champ:BerserkersShout"],"picked":"champ:TornadoPunch","floor":30},{"not_picked":["champ:FocusedBerserking+1","champ:TornadoPunch"],"picked":"champ:FightOn","floor":31},{"not_picked":["champ:BerserkersShout","champ:Balance"],"picked":"champ:SteelEdge","floor":32},{"not_picked":["champ:SwordThrow","champ:DancingMaster"],"picked":"champ:HoldFirm","floor":33},{"not_picked":["champ:FanOfKnives","champ:BladeFlurry"],"picked":"champ:TornadoPunch+1","floor":36},{"not_picked":["champ:EnragedBash","champ:SkillfulDodge+1"],"picked":"champ:Lariat+1","floor":37},{"not_picked":["champ:Backstep+1","champ:FocusedDefense"],"picked":"champ:BringItOn","floor":38},{"not_picked":["champ:CrookedStrike","champ:FanOfKnives+1"],"picked":"champ:ShieldThrow","floor":39},{"not_picked":["champ:FocusedDefense+1","champ:GladiatorsShout+1"],"picked":"champ:BringItOn+1","floor":42},{"not_picked":["champ:BerserkersShout+1","champ:TornadoPunch+1"],"picked":"champ:FlashCut+1","floor":43},{"not_picked":["champ:BerserkerStyle+1","champ:FalseCounter+1"],"picked":"champ:AdrenalArmor+1","floor":44}],"player_experience":154498,"relics_obtained":[{"floor":4,"key":"Ring of Fury"},{"floor":4,"key":"ReplayTheSpireMod:Ring of Addiction"},{"floor":4,"key":"SacredBark"},{"floor":4,"key":"hubris:EmptyBottle"},{"floor":6,"key":"Thread and Needle"},{"floor":7,"key":"Boot"},{"floor":14,"key":"HollowMod:PaleOreRelic"},{"floor":22,"key":"White Beast Statue"},{"floor":24,"key":"infinitespire:Eraser"},{"floor":26,"key":"Pen Nib"},{"floor":27,"key":"Grinning Jar"},{"floor":27,"key":"aspiration:HatOfInfinitePower"},{"floor":27,"key":"conspire:BottledYoYo"},{"floor":28,"key":"Turnip"},{"floor":41,"key":"halation:KoshaPiece"}],"event_choices":[{"cards_removed":["Delirium"],"damage_healed":0,"gold_gain":0,"player_choice":"Card Removal","damage_taken":0,"max_hp_gain":0,"max_hp_loss":0,"event_name":"Wheel of Change","floor":5,"gold_loss":0}],"is_beta":false,"boss_relics":[{"not_picked":["halation:MonkeysPaw","halation:Yufonium"],"picked":"halation:HeavySnake"},{"not_picked":["halation:SmartPhone","conspire:SeveredTorchhead"],"picked":"Black Star"}],"items_purged_floors":[39],"is_endless":false,"potions_floor_spawned":[3,10,12,15,19,23,25,26,30,31,32,33,36,37,38,39,42,43,44],"killed_by":"Maw","ascension_level":0}}