{"host":"kdt6w7ix8lwe69i9","time":1609109355,"event":{"mods":["Arknights The Spire","Bartender","BaseMod","Downfall","Fiend Mod","Jorbs\u0027s Wanderer Trilogy","Minty Spire (QoL Compilation)","Reimu（博丽灵梦）","Robot Space Explorer","StSLib","The Caster","The Cursed","The Disciple","The Dragon Tamer","The Druid","The Elementalist","The Forsaken","The Gatherer","The Judge","The Marked","TheBandit"],"gold_per_floor":[111,121,121,121,121,121,160,175,175,175,250,48,73,94,94,222,222,246,267,280,27,47,47,47,87,160,173,173,217,217,241,241,241,241],"floor_reached":33,"playtime":2342,"items_purged":[],"score":285,"play_id":"b5edd8c4-9d7b-4ede-913b-72e499c71a64","local_time":"20201227174915","is_ascension_mode":false,"campfire_choices":[{"data":"ats:Mental Burst","floor":6,"key":"SMITH"},{"data":"ats:Spore Proliferation","floor":10,"key":"SMITH"},{"data":"ats:Poison Spread","floor":15,"key":"SMITH"},{"data":"ats:Volcano","floor":23,"key":"SMITH"},{"floor":28,"key":"REST"},{"floor":32,"key":"RECALL"}],"circlet_count":0,"master_deck":["ats:Strike C","ats:Strike G","ats:Strike S+1","ats:Strike V","ats:Armor Crushing Shot+1","ats:Defend","ats:Defend","ats:Defend","ats:Defend","ats:Emotion Absorption","ats:Cat Scratch","ats:Mental Burst+1","Injury","ats:Poison Spread+1","ats:Spore Proliferation+1","ats:Leaping Hammer+1","ats:Cat Scratch+1","ats:Volcano+1","ats:Consecutive Shot Auto+1","ats:Ignite+1","ats:Apocalypse+1","ats:Powerful Strike+1","Shame","ats:Calcification","ats:Flexible Camouflage+1","ats:Part Time Job+1","ats:Consecutive Shot Auto+1"],"relics":["Silver_Glasses","StrikeDummy","Golden Idol","ats:Originium","Blood Vial","theForsaken:HumbleEgg","Whetstone","Orichalcum","SacredBark","Eternal Feather","Toy Ornithopter","ats:Originium","Vajra","ats:Originium","Mastiff:ReiMu","MutagenicStrength"],"acts_visited":["Exordium","TheCity"],"potions_floor_usage":[14,19,20,20,25,25],"damage_taken":[{"damage":1,"enemies":"Jaw Worm","floor":1,"turns":3},{"damage":4,"enemies":"2 Louse","floor":2,"turns":4},{"damage":16,"enemies":"Lagavulin","floor":7,"turns":4},{"damage":0,"enemies":"Cultist","floor":8,"turns":2},{"damage":0,"enemies":"2 Fungi Beasts","floor":14,"turns":2},{"damage":7,"enemies":"Slime Boss","floor":16,"turns":5},{"damage":7,"enemies":"3 Byrds","floor":18,"turns":4},{"damage":2,"enemies":"Shell Parasite","floor":19,"turns":2},{"damage":11,"enemies":"Cultist and Chosen","floor":20,"turns":5},{"damage":4,"enemies":"Centurion and Healer","floor":22,"turns":4},{"damage":10,"enemies":"Book of Stabbing","floor":25,"turns":3},{"damage":21,"enemies":"Sentry and Sphere","floor":27,"turns":4},{"damage":15,"enemies":"Gremlin Leader","floor":29,"turns":6},{"damage":10,"enemies":"3 Cultists","floor":31,"turns":4},{"damage":110,"enemies":"Champ","floor":33,"turns":10}],"seed_played":"-2062089221430267751","potions_obtained":[{"floor":7,"key":"FearPotion"},{"floor":8,"key":"SkillPotion"},{"floor":14,"key":"SpeedPotion"},{"floor":18,"key":"GrandPatriotsElixir:ReiMu"},{"floor":20,"key":"BlessingOfTheForge"},{"floor":22,"key":"DistilledChaos"}],"is_trial":false,"path_per_floor":["M","M","?","?","?","R","E","M","T","R","?","$","T","M","R","B",null,"M","M","M","$","M","R","?","E","T","M","R","E","?","M","R","B"],"character_chosen":"DOCTOR_CLASS","items_purchased":["Whetstone","ats:Leaping Hammer+1","Eternal Feather"],"campfire_rested":1,"item_purchase_floors":[12,12,21],"current_hp_per_floor":[71,67,55,55,55,55,39,41,41,41,30,30,30,32,32,27,72,65,65,56,56,59,71,71,62,62,44,72,57,57,54,69,0,0],"gold":241,"neow_bonus":"BOSS_RELIC","is_daily":false,"chose_seed":false,"campfire_upgraded":4,"win_rate":0.0,"timestamp":1609109355,"path_taken":["M","M","?","?","?","R","E","?","T","R","?","$","?","M","R","BOSS","M","?","M","$","M","R","?","E","T","M","R","E","?","M","R","BOSS"],"items_purchased_type":["Relic","Card","Relic"],"build_version":"2020-12-22","purchased_purges":0,"victory":false,"max_hp_per_floor":[72,72,72,72,72,72,72,72,72,72,72,72,72,72,72,72,72,72,72,72,72,72,72,72,72,72,72,72,72,72,72,72,72,72],"card_choices":[{"not_picked":["ats:Assault Order","ats:Steam Pump"],"picked":"ats:Cat Scratch","floor":1},{"not_picked":["ats:Magnetic Hammer","ats:Leaping Hammer"],"picked":"ats:Mental Burst","floor":2},{"not_picked":["ats:Rat Pack","ats:Mental Burst"],"picked":"ats:Poison Spread","floor":7},{"not_picked":["ats:Shell Defense","ats:Powerful Strike"],"picked":"ats:Spore Proliferation","floor":8},{"not_picked":["ats:Consecutive Shot Auto+1","ats:Powerful Strike+1"],"picked":"ats:Cat Scratch+1","floor":14},{"not_picked":["ats:True Silver Slash","ats:Wolf Pack"],"picked":"ats:Volcano","floor":16},{"not_picked":["ats:Steam Pump","ats:Powerful Strike+1"],"picked":"ats:Consecutive Shot Auto+1","floor":18},{"not_picked":["ats:Consecutive Shot Auto+1","ats:Curse Doll+1"],"picked":"ats:Ignite+1","floor":19},{"not_picked":["ats:Red Shift","ats:Thorns"],"picked":"ats:Apocalypse+1","floor":20},{"not_picked":["ats:Cat Scratch+1","ats:Soul Absorption+1"],"picked":"ats:Powerful Strike+1","floor":22},{"not_picked":["ats:Defend Order","ats:Poison Spread+1"],"picked":"ats:Calcification","floor":25},{"not_picked":["ats:Curse Doll+1","ats:Childhood Dance+1"],"picked":"ats:Flexible Camouflage+1","floor":27},{"not_picked":["ats:Poison Spread+1","ats:Echo Reverb"],"picked":"ats:Part Time Job+1","floor":29},{"not_picked":["ats:Powerful Strike+1","ats:Curse Doll+1"],"picked":"ats:Consecutive Shot Auto+1","floor":31}],"player_experience":1622513,"relics_obtained":[{"floor":7,"key":"ats:Originium"},{"floor":7,"key":"Blood Vial"},{"floor":9,"key":"theForsaken:HumbleEgg"},{"floor":13,"key":"Orichalcum"},{"floor":25,"key":"ats:Originium"},{"floor":25,"key":"Vajra"},{"floor":29,"key":"ats:Originium"},{"floor":29,"key":"Mastiff:ReiMu"}],"event_choices":[{"damage_healed":0,"gold_gain":0,"player_choice":"Success","damage_taken":12,"relics_obtained":["StrikeDummy"],"max_hp_gain":0,"max_hp_loss":0,"event_name":"Scrap Ooze","floor":3,"gold_loss":0},{"damage_healed":0,"gold_gain":0,"player_choice":"Take Wound","damage_taken":0,"relics_obtained":["Golden Idol"],"max_hp_gain":0,"max_hp_loss":0,"event_name":"Golden Idol","floor":4,"gold_loss":0,"cards_obtained":["Injury"]},{"damage_healed":0,"gold_gain":75,"player_choice":"Gather Gold","damage_taken":11,"max_hp_gain":0,"max_hp_loss":0,"event_name":"World of Goop","floor":11,"gold_loss":0},{"damage_healed":0,"gold_gain":0,"player_choice":"Stole Relic","damage_taken":0,"relics_obtained":["Toy Ornithopter"],"max_hp_gain":0,"max_hp_loss":0,"event_name":"Addict","floor":24,"gold_loss":0,"cards_obtained":["Shame"]},{"damage_healed":0,"gold_gain":0,"player_choice":"Inject Mutagens","damage_taken":0,"relics_obtained":["MutagenicStrength"],"max_hp_gain":0,"max_hp_loss":0,"event_name":"Drug Dealer","floor":30,"gold_loss":0}],"is_beta":false,"boss_relics":[{"not_picked":["Tiny House","Black Star"],"picked":"SacredBark"}],"items_purged_floors":[],"is_endless":false,"potions_floor_spawned":[7,8,14,18,20,22],"killed_by":"Champ","ascension_level":0}}