{"host":"om3vwxs2fz5vu4gd","time":1609070672,"event":{"mods":["BaseMod","Minty Spire (QoL Compilation)","Robot Space Explorer","StSLib","The Dragon Tamer","The Necromancer"],"gold_per_floor":[117,117,134,26,45,76,76,100,127,144,144,69,69,103,103,205,205,224,45,63,63,23,52,62,62,62],"floor_reached":25,"playtime":1236,"items_purged":["Defend_W","Strike_W"],"score":309,"play_id":"5a68723f-e199-4581-b86e-164488c203ee","local_time":"20201227230432","is_ascension_mode":true,"campfire_choices":[{"data":"Summon_Undead_Army","floor":11.0,"key":"SMITH"},{"data":"Bone_Wall","floor":15.0,"key":"SMITH"}],"circlet_count":0,"master_deck":["Strike_W","Strike_W","Defend_W","Defend_W","Defend_W","Negative_Energy_Arrows","Bone_Wall+1","Summon_Undead_Army+1","Bone_Armor","Bone_Armory","Summon_Lich","Corrupt","Skeleton_Dragon","Bones_to_Steel","Summon_Lich","Acid_Javelin+1","Shade_Step","Stop_Heart","Negative_Energy_Shield+1"],"relics":["Philosopher\u0027s Stone","Bag of Preparation","Pear","Happy Flower","PreservedInsect","Art of War","Sozu","Smiling Mask"],"acts_visited":["Exordium","TheCity"],"potions_floor_usage":[],"damage_taken":[{"damage":1.0,"enemies":"Small Slimes","floor":1.0,"turns":4.0},{"damage":0.0,"enemies":"Cultist","floor":3.0,"turns":4.0},{"damage":0.0,"enemies":"2 Louse","floor":5.0,"turns":3.0},{"damage":30.0,"enemies":"Gremlin Nob","floor":6.0,"turns":6.0},{"damage":5.0,"enemies":"Looter","floor":10.0,"turns":3.0},{"damage":1.0,"enemies":"Lagavulin","floor":14.0,"turns":5.0},{"damage":5.0,"enemies":"The Guardian","floor":16.0,"turns":10.0},{"damage":9.0,"enemies":"Shell Parasite","floor":18.0,"turns":5.0},{"damage":11.0,"enemies":"3 Byrds","floor":20.0,"turns":4.0},{"damage":45.0,"enemies":"Gremlin Leader","floor":23.0,"turns":6.0},{"damage":1,"enemies":"Centurion and Healer","floor":24,"turns":5},{"damage":12,"enemies":"Slavers","floor":25,"turns":1}],"seed_played":"-5934940384830317551","potions_obtained":[{"floor":1.0,"key":"SkillPotion"},{"floor":3.0,"key":"SpeedPotion"},{"floor":10.0,"key":"EssenceOfSteel"}],"is_trial":false,"path_per_floor":["M","?","M","$","M","E","?","T","T","M","R","$","?","E","R","B",null,"M","$","M","?","$","E","M","E"],"character_chosen":"NECROMANCER","items_purchased":["Bone_Armory","Summon_Lich","Summon_Lich","Stop_Heart"],"campfire_rested":0,"item_purchase_floors":[4,12,19,22],"current_hp_per_floor":[67,67,67,67,67,47,47,47,47,42,42,42,35,34,34,29,71,62,62,51,51,51,6,5,0,0],"gold":62,"neow_bonus":"BOSS_RELIC","is_daily":false,"chose_seed":false,"campfire_upgraded":2,"win_rate":0.0,"timestamp":1609070672,"path_taken":["M","?","M","?","M","E","?","?","T","?","R","$","?","E","R","BOSS","M","$","M","?","$","E","M","E"],"items_purchased_type":["Card","Card","Card","Card"],"build_version":"2020-12-22","purchased_purges":2,"victory":false,"max_hp_per_floor":[75,75,75,75,75,85,85,85,85,85,85,85,85,85,85,85,85,85,85,85,85,85,85,85,85,85],"card_choices":[{"not_picked":["Vampiric_Strike","Chill_Blood"],"picked":"Summon_Undead_Army","floor":1.0},{"not_picked":["Shackles_Of_Pain","Bones_to_Steel"],"picked":"Bone_Armor","floor":3.0},{"not_picked":["Chill_Blood","Shackles_Of_Pain","Finger_Of_Death"],"picked":"SKIP","floor":5.0},{"not_picked":["Bone_Shift","Negative_Energy_Mist","Reap_The_Weak"],"picked":"SKIP","floor":6.0},{"not_picked":["Plague_Bolt","Finger_Of_Death","Pandemic"],"picked":"SKIP","floor":10.0},{"not_picked":["Slay_Living","Bone_Armor"],"picked":"Corrupt","floor":14.0},{"not_picked":["Blood_Magic","Blood_Wake"],"picked":"Skeleton_Dragon","floor":16.0},{"not_picked":["Death_March_Dance","Life_Drain"],"picked":"Bones_to_Steel","floor":18.0},{"not_picked":["Negative_Energy_Sphere+1","Negative_Energy_Javelin"],"picked":"Acid_Javelin+1","floor":20.0},{"not_picked":["Finger_Of_Death+1","Death_Coil","Hellfire"],"picked":"SKIP","floor":23.0},{"not_picked":["Bone_Bullets","Death_Coil"],"picked":"Negative_Energy_Shield+1","floor":24}],"player_experience":401836,"relics_obtained":[{"floor":6.0,"key":"Pear"},{"floor":8.0,"key":"Happy Flower"},{"floor":9.0,"key":"PreservedInsect"},{"floor":14.0,"key":"Art of War"},{"floor":23.0,"key":"Smiling Mask"}],"event_choices":[{"damage_healed":0.0,"max_hp_gain":0.0,"max_hp_loss":0.0,"gold_gain":0.0,"event_name":"WeMeetAgain","player_choice":"Gave Potion","floor":2.0,"gold_loss":0.0,"damage_taken":0.0,"relics_obtained":["Bag of Preparation"]},{"damage_healed":0.0,"max_hp_gain":0.0,"max_hp_loss":0.0,"gold_gain":0.0,"event_name":"Liars Game","player_choice":"Ignored","floor":7.0,"gold_loss":0.0,"damage_taken":0.0},{"cards_removed":["Strike_W"],"damage_healed":0.0,"max_hp_gain":0.0,"max_hp_loss":0.0,"gold_gain":0.0,"event_name":"Golden Wing","player_choice":"Card Removal","floor":13.0,"gold_loss":0.0,"damage_taken":7.0},{"damage_healed":0.0,"max_hp_gain":0.0,"max_hp_loss":0.0,"gold_gain":0.0,"event_name":"The Library","player_choice":"Read","floor":21.0,"gold_loss":0.0,"damage_taken":0.0,"cards_obtained":["Shade_Step"]}],"is_beta":false,"boss_relics":[{"not_picked":["Empty Cage","Runic Pyramid"],"picked":"Sozu"}],"items_purged_floors":[4,19],"is_endless":false,"potions_floor_spawned":[1,3,10,23,24],"killed_by":"Slavers","ascension_level":7}}