{"host":"8k64rvi83ijr822k","time":1609087490,"event":{"mods":["BaseMod","Downfall","Googly Eyes","Hermit","Hero for Fun","Minty Spire (QoL Compilation)","Quick Restart","Replay The Spire","Shop Mod","StSLib","The Animator","The Bug Knight","The Construct","The Wild Card","everything is the same but u backflip on backflip"],"gold_per_floor":[125,19,19,29,79,79,79,96,96,118,118,154,176,191,191,295,295,277,202,202,223,291,291,319,345,422,422,422,442,442,466,466,476,476],"floor_reached":33,"playtime":2256,"items_purged":[],"score":240,"play_id":"59f377bc-099d-40ff-a8a1-af2c00655872","local_time":"20201227114450","is_ascension_mode":false,"campfire_choices":[{"data":"animator:DolaSchwi","floor":6,"key":"SMITH"},{"data":"animator:GoblinSlayer","floor":11,"key":"SMITH"},{"floor":23,"key":"REST"},{"floor":27,"key":"REST"},{"floor":32,"key":"REST"}],"circlet_count":0,"master_deck":["animator:Strike_NoGameNoLife","animator:Defend_NoGameNoLife","animator:Strike","animator:Defend","animator:Defend","animator:DolaSchwi+1","animator:DolaCouronne","animator:Tatsumaki","animator:Priestess","animator:Priestess","animator:NarberalGamma","theWildCard:Arsene","animator:Mitsuba","animator:Evileye","animator:GoblinSlayer+1","animator:Shiro","animator:Souei","animator:Darkness","animator:Ara","animator:Rimuru","animator:ChaikaTrabant+1","animator:UneriGinkaku+1","animator:Add+1","animator:Entoma","Necronomicurse","animator:GoblinSlayer","animator:Melzalgald+1","animator:GazelDwargon","Slimebound:CheckThePlaybook","animator:Witch","animator:LizardPriest"],"relics":["animator:LivingPicture","animator:TheMissingPiece","animator:PurgingStone","Ring of Greed","Ring of Misfortune","Smiling Mask","Replay:Bandana","Spirit Poop","White Beast Statue","Astrolabe","Necronomicon","Pantograph","Snack Pack"],"acts_visited":["Exordium","TheCity"],"potions_floor_usage":[10,10,29],"damage_taken":[{"damage":5,"enemies":"Small Slimes","floor":1,"turns":4},{"damage":8,"enemies":"2 Louse","floor":4,"turns":3},{"damage":0,"enemies":"Cultist","floor":8,"turns":3},{"damage":2,"enemies":"Gremlin Gang","floor":10,"turns":3},{"damage":5,"enemies":"Blue Slaver","floor":12,"turns":4},{"damage":0,"enemies":"Large Slime","floor":13,"turns":4},{"damage":0,"enemies":"3 Louse","floor":14,"turns":4},{"damage":9,"enemies":"The Guardian","floor":16,"turns":10},{"damage":15,"enemies":"2 Thieves","floor":18,"turns":5},{"damage":10,"enemies":"Shell Parasite","floor":21,"turns":2},{"damage":0,"enemies":"Centurion and Healer","floor":24,"turns":5},{"damage":19,"enemies":"Snake Plant","floor":25,"turns":4},{"damage":12,"enemies":"Shelled Parasite and Fungi","floor":29,"turns":6},{"damage":19,"enemies":"Sentry and Sphere","floor":31,"turns":6},{"damage":62,"enemies":"Pondfish","floor":33,"turns":8}],"seed_played":"8636736786999039721","potions_obtained":[{"floor":1,"key":"Cursed Concoction"},{"floor":8,"key":"Regen Potion"},{"floor":10,"key":"Weak Potion"},{"floor":12,"key":"Block Potion"},{"floor":13,"key":"Languid Potion"},{"floor":14,"key":"LiquidBronze"},{"floor":16,"key":"Milkshake"},{"floor":21,"key":"Elixir"},{"floor":24,"key":"hexamod:EctoCoolerPotion"},{"floor":25,"key":"Regen Potion"},{"floor":31,"key":"hexamod:EctoCoolerPotion"}],"is_trial":false,"path_per_floor":["M","$","?","M","?","R","?","M","T","M","R","M","M","M","R","B",null,"M","?","?","M","T","R","M","M","T","R","?","M","?","M","R","B"],"character_chosen":"THE_ANIMATOR","items_purchased":["animator:Priestess","animator:NarberalGamma"],"campfire_rested":3,"item_purchase_floors":[2,2],"current_hp_per_floor":[61,61,61,53,53,53,53,53,53,60,60,55,55,55,55,46,66,51,51,35,25,25,44,45,26,26,46,23,30,30,13,33,0,0],"gold":476,"neow_bonus":"ONE_RANDOM_RARE_CARD","is_daily":false,"chose_seed":false,"campfire_upgraded":2,"win_rate":0.0,"timestamp":1609087490,"path_taken":["M","$","?","M","?","R","?","?","T","M","R","?","M","M","R","BOSS","M","?","?","M","?","R","M","M","T","R","?","M","?","M","R","BOSS"],"items_purchased_type":["Card","Card"],"build_version":"2020-12-22","purchased_purges":0,"victory":false,"max_hp_per_floor":[66,66,66,66,66,66,66,66,66,66,66,66,66,66,66,66,66,66,66,66,66,66,66,67,67,67,67,67,67,67,67,67,67,67],"card_choices":[{"not_picked":["animator:AcuraAkari","animator:Mikaela"],"picked":"animator:Tatsumaki","floor":1},{"not_picked":["animator:Raven","animator:Mitsurugi"],"picked":"animator:Mitsuba","floor":4},{"not_picked":["animator:DolaRiku","animator:UneriGinkaku"],"picked":"animator:Evileye","floor":8},{"not_picked":["animator:GuildGirl","animator:Spearman"],"picked":"animator:GoblinSlayer","floor":10},{"not_picked":["animator:Shichika","animator:YuiTsuruno"],"picked":"animator:Shiro","floor":12},{"not_picked":["animator:YaoHaDucy","animator:Togame"],"picked":"animator:Souei","floor":13},{"not_picked":["animator:Vanir","animator:Guy"],"picked":"animator:Darkness","floor":14},{"not_picked":["animator:Shiro","animator:HomuraAkemi"],"picked":"animator:Rimuru","floor":16},{"not_picked":["animator:Evileye","animator:NarberalGamma"],"picked":"animator:Entoma","floor":18},{"not_picked":["animator:HiiragiShinya","animator:Priestess"],"picked":"animator:GoblinSlayer","floor":21},{"not_picked":["animator:Layla","animator:Viivi"],"picked":"animator:Melzalgald+1","floor":24},{"not_picked":["animator:Genos","animator:Melzalgald"],"picked":"animator:GazelDwargon","floor":25},{"not_picked":["animator:Priestess","animator:CowGirl"],"picked":"animator:Witch","floor":29},{"not_picked":["animator:Boros","animator:IrohaTamaki"],"picked":"animator:LizardPriest","floor":31}],"player_experience":86702,"relics_obtained":[{"floor":5,"key":"Ring of Greed"},{"floor":5,"key":"Ring of Misfortune"},{"floor":5,"key":"Smiling Mask"},{"floor":5,"key":"Replay:Bandana"},{"floor":9,"key":"White Beast Statue"},{"floor":20,"key":"Necronomicon"},{"floor":22,"key":"Pantograph"},{"floor":26,"key":"Snack Pack"}],"event_choices":[{"cards_removed":["Delirium"],"damage_healed":0,"gold_gain":0,"player_choice":"Offered Curse","damage_taken":0,"relics_obtained":["Spirit Poop"],"max_hp_gain":0,"max_hp_loss":0,"event_name":"Bonfire Elementals","floor":7,"gold_loss":0},{"cards_removed":["Replay:Hysterical Blindness"],"damage_healed":0,"gold_gain":0,"player_choice":"Gave Gold","damage_taken":0,"max_hp_gain":0,"max_hp_loss":0,"event_name":"Beggar","floor":19,"gold_loss":75},{"damage_healed":0,"gold_gain":0,"player_choice":"Obtained Book","damage_taken":16,"max_hp_gain":0,"max_hp_loss":0,"event_name":"Cursed Tome","floor":20,"gold_loss":0},{"cards_removed":["Voices"],"damage_healed":0,"gold_gain":0,"player_choice":"Removed","damage_taken":0,"max_hp_gain":0,"max_hp_loss":0,"event_name":"The Cursed Forest","floor":30,"gold_loss":0},{"cards_removed":["Delirium"],"damage_healed":0,"gold_gain":0,"player_choice":"Removed","damage_taken":0,"max_hp_gain":0,"max_hp_loss":0,"event_name":"The Cursed Forest","floor":30,"gold_loss":0}],"is_beta":false,"boss_relics":[{"not_picked":["animator:VividPicture","SacredBark"],"picked":"Astrolabe"}],"items_purged_floors":[],"is_endless":false,"potions_floor_spawned":[1,8,10,12,13,14,16,18,21,24,25,29,31],"killed_by":"Pondfish","ascension_level":0}}