{"host":"ppno391ju7318je5","time":1609085885,"event":{"mods":["AchievementEnabler","BaseMod","DeckTracker","Keyboard Shortcuts","Minty Spire (QoL Compilation)"],"gold_per_floor":[117,117,192,22,42,42,73,73,73,106,106,150,150,164,164,294,357,375,290,290,303,315,343,343,343,369,401,401,401],"floor_reached":28,"playtime":1720,"items_purged":[],"score":328,"play_id":"a3a2e3c3-a68b-4546-ae72-3c93534c633e","local_time":"20201227171805","is_ascension_mode":true,"campfire_choices":[{"data":"Defragment","floor":6.0,"key":"SMITH"},{"floor":8.0,"key":"REST"},{"floor":11.0,"key":"REST"},{"floor":15.0,"key":"REST"}],"circlet_count":0,"master_deck":["Strike_B+1","Strike_B+1","Strike_B+1","Defend_B+1","Defend_B+1","Defend_B+1","Zap","Dualcast","Rebound","Bandage Up","Capacitor","Defragment+1","Defragment","Cold Snap","Electrodynamics","Machine Learning","Capacitor","White Noise+1","Sweeping Beam","Defragment+1","Leap+1"],"relics":["Cracked Core","Bloody Idol","StoneCalendar","Ornamental Fan","Odd Mushroom","Anchor","Tiny House","Eternal Feather","Sundial","Bag of Marbles"],"acts_visited":["TheCity"],"potions_floor_usage":[23,28],"damage_taken":[{"damage":1.0,"enemies":"Cultist","floor":1.0,"turns":3.0},{"damage":6.0,"enemies":"2 Louse","floor":5.0,"turns":3.0},{"damage":39.0,"enemies":"3 Sentries","floor":7.0,"turns":7.0},{"damage":23.0,"enemies":"The Mushroom Lair","floor":10.0,"turns":4.0},{"damage":19.0,"enemies":"Gremlin Nob","floor":12.0,"turns":4.0},{"damage":2.0,"enemies":"Jaw Worm","floor":14.0,"turns":3.0},{"damage":0.0,"enemies":"Slime Boss","floor":16.0,"turns":5.0},{"damage":15.0,"enemies":"3 Byrds","floor":18.0,"turns":4.0},{"damage":10.0,"enemies":"Spheric Guardian","floor":21.0,"turns":5.0},{"damage":15.0,"enemies":"Snecko","floor":22.0,"turns":6.0},{"damage":7,"enemies":"Gremlin Leader","floor":23,"turns":6},{"damage":54,"enemies":"Slavers","floor":27,"turns":4},{"damage":13,"enemies":"Shelled Parasite and Fungi","floor":28,"turns":3}],"seed_played":"1772972303695011682","potions_obtained":[{"floor":10.0,"key":"Explosive Potion"},{"floor":12.0,"key":"Energy Potion"},{"floor":14.0,"key":"PotionOfCapacity"},{"floor":18.0,"key":"Block Potion"},{"floor":23,"key":"DuplicationPotion"}],"is_trial":false,"path_per_floor":["M","?","?","$","M","R","E","R","T","?","R","E","?","M","R","B",null,"M","?","?","M","M","E","?","?","T","E","M"],"character_chosen":"DEFECT","items_purchased":["Bandage Up","Capacitor"],"campfire_rested":3,"item_purchase_floors":[4,4],"current_hp_per_floor":[67,50,39,39,37,37,2,22,22,3,23,4,4,6,26,30,73,62,62,62,61,51,53,53,53,58,13,0,0],"gold":401,"neow_bonus":"REMOVE_TWO","is_daily":false,"chose_seed":false,"campfire_upgraded":1,"win_rate":0.0,"timestamp":1609085885,"path_taken":["M","?","?","$","M","R","E","R","T","?","R","E","?","M","R","BOSS","M","?","?","M","M","E","?","?","T","E","M"],"items_purchased_type":["Card","Card"],"build_version":"2020-12-22","purchased_purges":0,"victory":false,"max_hp_per_floor":[68,68,68,68,68,68,68,68,68,68,68,68,68,68,68,68,73,73,73,73,73,73,73,73,73,73,73,73,73],"card_choices":[{"not_picked":["Undo","Coolheaded"],"picked":"Rebound","floor":1.0},{"not_picked":["Coolheaded","Ball Lightning"],"picked":"Defragment","floor":5.0},{"not_picked":["Double Energy","Streamline"],"picked":"Defragment","floor":7.0},{"not_picked":["Sunder","Stack"],"picked":"Cold Snap","floor":10.0},{"not_picked":["BootSequence","Stack"],"picked":"Electrodynamics","floor":12.0},{"not_picked":["Recycle","Sunder","Self Repair"],"picked":"SKIP","floor":14.0},{"not_picked":["Fission","Hyperbeam"],"picked":"Machine Learning","floor":16.0},{"not_picked":["Go for the Eyes","Sunder"],"picked":"Capacitor","floor":17.0},{"not_picked":["Turbo","Streamline"],"picked":"White Noise+1","floor":18.0},{"not_picked":["Steam","Leap"],"picked":"Sweeping Beam","floor":21.0},{"not_picked":["Go for the Eyes","Compile Driver+1","Gash"],"picked":"SKIP","floor":22.0},{"not_picked":["Leap","Rip and Tear","Stack+1"],"picked":"SKIP","floor":23},{"not_picked":["Steam","Doom and Gloom+1"],"picked":"Leap+1","floor":27}],"player_experience":102219,"relics_obtained":[{"floor":7.0,"key":"StoneCalendar"},{"floor":9.0,"key":"Ornamental Fan"},{"floor":10.0,"key":"Odd Mushroom"},{"floor":12.0,"key":"Anchor"},{"floor":23,"key":"Sundial"},{"floor":27,"key":"Bag of Marbles"}],"event_choices":[{"damage_healed":0.0,"max_hp_gain":0.0,"max_hp_loss":0.0,"gold_gain":0.0,"event_name":"Golden Idol","player_choice":"Take Damage","floor":2.0,"gold_loss":0.0,"damage_taken":17.0,"relics_obtained":["Golden Idol"]},{"damage_healed":0.0,"max_hp_gain":0.0,"max_hp_loss":0.0,"gold_gain":75.0,"event_name":"World of Goop","player_choice":"Gather Gold","floor":3.0,"gold_loss":0.0,"damage_taken":11.0},{"damage_healed":0.0,"max_hp_gain":0.0,"max_hp_loss":0.0,"gold_gain":0.0,"event_name":"Mushrooms","player_choice":"Fought Mushrooms","floor":10.0,"gold_loss":0.0,"damage_taken":0.0},{"damage_healed":0.0,"max_hp_gain":0.0,"max_hp_loss":0.0,"gold_gain":0.0,"event_name":"Golden Wing","player_choice":"Ignored","floor":13.0,"gold_loss":0.0,"damage_taken":0.0},{"damage_healed":0.0,"max_hp_gain":0.0,"max_hp_loss":0.0,"gold_gain":0.0,"event_name":"Addict","player_choice":"Obtained Relic","floor":19.0,"gold_loss":85.0,"damage_taken":0.0,"relics_obtained":["Eternal Feather"]},{"damage_healed":0.0,"max_hp_gain":0.0,"max_hp_loss":0.0,"gold_gain":0.0,"event_name":"Forgotten Altar","player_choice":"Gave Idol","floor":20.0,"relics_lost":["Golden Idol"],"gold_loss":0.0,"damage_taken":0.0,"relics_obtained":["Bloody Idol"]},{"damage_healed":0,"gold_gain":0,"player_choice":"Simplicity","damage_taken":0,"max_hp_gain":0,"max_hp_loss":0,"event_name":"Back to Basics","floor":24,"gold_loss":0,"cards_upgraded":["Strike_B","Strike_B","Defend_B","Defend_B","Defend_B"]},{"damage_healed":0,"gold_gain":0,"player_choice":"Copied","damage_taken":0,"max_hp_gain":0,"max_hp_loss":0,"event_name":"Duplicator","floor":25,"gold_loss":0,"cards_obtained":["Defragment"]}],"is_beta":false,"boss_relics":[{"not_picked":["Pandora\u0027s Box","Velvet Choker"],"picked":"Tiny House"}],"items_purged_floors":[],"is_endless":false,"potions_floor_spawned":[10,12,14,16,18,23],"killed_by":"Shelled Parasite and Fungi","ascension_level":1}}