{"host":"9tfjjwpnoasyvwkt","time":1609045092,"event":{"mods":["AchievementEnabler","Aspiration","Bard","BaseMod","Beaked The Cultist","Better Altar","Better Match","Better Note","Better Sensory Stone","Better Skull","Better Third Choice","BetterRewards","CCEM","Clawfect","Colored Map","Conspire","Downfall","GifTheSpireLib","Googly Eyes","Gremlin Mod","Halation","Hermit","Highlight Path","Hubris","Hunter ??","Infinite Spire","Jedi Mod","Jorbs\u0027s Wanderer Trilogy","Mad Scientist","Marisa????????","Mimic Mod","Minty Spire (QoL Compilation)","Permanent Neow","Replay The Spire","Shade Mod","Shop Mod","Spicy Shops","StSLib","Stuff the Spire","The Administrix","The Blackbeard","The Bug Knight","The Construct","The Cursed","The Disciple","The Gatherer","The Hierophant","The IronCluck","The Judge","The Jungle","The Mystic","The Necromancer","The Problem Sleuth","The Runesmith","The Senshi","The Servant 0.9.4","The Spell Scribe","The Witch","TheArtist","Unceasing Turn Reminder","[IsaacMod]????","everything is the same but u backflip on backflip","slay the spire mod where everything is the same but ironclad has a cowboy hat"],"gold_per_floor":[199,199,112,124,124,142,142,161,171,171,171,184,184,201,211,315,315,315,325,51,51,36,52,52,52,72,2,13,13,13,31,50,154,154,154,169,25,40,65,75,75,166,185,200,200,211,211,228,238,238],"floor_reached":51,"playtime":6663,"items_purged":[],"score":747,"play_id":"1f828b19-87f9-46c9-b658-b779d5e2499f","local_time":"20201227175812","is_ascension_mode":false,"campfire_choices":[{"data":"BloodyBrimstone","floor":1.0,"key":"SMITH"},{"floor":11.0,"key":"REST"},{"data":"ReplayTheSpireMod:Echoes of Time","floor":13.0,"key":"SMITH"},{"data":"Slimebound:SlimeSlap","floor":18.0,"key":"SMITH"},{"floor":25,"key":"REST"},{"data":"Slimebound:SpikyOuterGoop","floor":30,"key":"SMITH"},{"data":"Slimebound:PrepareCrush","floor":35,"key":"SMITH"},{"data":"Slimebound:PressTheAttack","floor":45,"key":"SMITH"},{"data":"Slimebound:RejuvenatingLick","floor":47,"key":"SMITH"}],"circlet_count":0,"master_deck":["Slimebound:Strike_Slimebound","Slimebound:Strike_Slimebound","Slimebound:Strike_Slimebound","Slimebound:Tackle","Slimebound:Defend_Slimebound","Slimebound:Defend_Slimebound","Slimebound:Defend_Slimebound","Slimebound:Defend_Slimebound","Slimebound:Split","Slimebound:CorrosiveSpit","BloodyBrimstone+1","ReplayTheSpireMod:Echoes of Time+1","Slimebound:SplitMire","Slimebound:FinishingTackle","Slimebound:RejuvenatingLick+1","Slimebound:Equalize","Slimebound:RejuvenatingLick","Slimebound:MinionMaster+1","Slimebound:SplitMire","Slimebound:Prepare","Slimebound:SlimeSpikes","Slimebound:SlimeSlap+1","Slimebound:LeadByExample","Slimebound:SplitBruiser+1","Slimebound:LeechEnergy","Slimebound:DisruptingSlam+1","Slimebound:GoopSpray","Slimebound:LeechingTouch","Slimebound:Nibble+1","Slimebound:Repurpose","Slimebound:Repurpose","Slimebound:SpikyOuterGoop+1","Slimebound:GrowthPunch","Slimebound:LeechLife","Slimebound:PrepareCrush+1","Slimebound:FirmFortitude","Slimebound:RollThrough","Slimebound:SplitMire","Slimebound:SplitMire","Slimebound:MegaLick","Slimebound:FinishingTackle+1","Slimebound:SplitLeeching","Slimebound:ViciousTackle+1","Slimebound:PressTheAttack+1","Slimebound:SplitLeeching","Slimebound:SplitAcid+1","Slimebound:GoopSpray+1","Slimebound:Overexert","Slimebound:SplitLeeching","Slimebound:SelfFormingGoo","Slimebound:DouseInSlime"],"relics":["Slimebound:AbsorbEndCombat","HushsDoor","KeepersGift","PillsDrop","ReplayTheSpireMod:TigerMarble","YumHeart","hubris:BlackHole","StuffTheSpire:Barrel","Bronze Scales"],"acts_visited":["Exordium","TheCity","TheBeyond"],"potions_floor_usage":[23,26,27,33,33,39,49,50,50],"damage_taken":[{"damage":12.0,"enemies":"downfall:FleeingMerchant","floor":3.0,"turns":4.0},{"damage":4.0,"enemies":"2 Louse","floor":4.0,"turns":2.0},{"damage":4.0,"enemies":"Jaw Worm","floor":6.0,"turns":1.0},{"damage":11.0,"enemies":"Cultist","floor":8.0,"turns":2.0},{"damage":27.0,"enemies":"Exordium Wildlife","floor":9.0,"turns":3.0},{"damage":8.0,"enemies":"3 Louse","floor":12.0,"turns":3.0},{"damage":22.0,"enemies":"Red Slaver","floor":14.0,"turns":3.0},{"damage":13.0,"enemies":"Lots of Slimes","floor":15.0,"turns":2.0},{"damage":31.0,"enemies":"downfall:Ironclad","floor":16.0,"turns":5.0},{"damage":23.0,"enemies":"3 Byrds","floor":19.0,"turns":5.0},{"damage":18.0,"enemies":"downfall:FleeingMerchant","floor":20.0,"turns":4.0},{"damage":26.0,"enemies":"downfall:FleeingMerchant","floor":22.0,"turns":4.0},{"damage":36,"enemies":"Centurion and Healer","floor":23,"turns":4},{"damage":25,"enemies":"Cultist and Chosen","floor":26,"turns":3},{"damage":36,"enemies":"downfall:FleeingMerchant","floor":27,"turns":4},{"damage":35,"enemies":"conspire:HollyBat","floor":28,"turns":7},{"damage":39,"enemies":"Shelled Parasite and Fungi","floor":31,"turns":4},{"damage":20,"enemies":"Snake Plant","floor":32,"turns":3},{"damage":30,"enemies":"downfall:Defect","floor":33,"turns":5},{"damage":10,"enemies":"3 Shapes","floor":36,"turns":1},{"damage":14,"enemies":"downfall:FleeingMerchant","floor":37,"turns":4},{"damage":26,"enemies":"3 Darklings","floor":38,"turns":4},{"damage":26,"enemies":"conspire:MimicChest","floor":39,"turns":4},{"damage":40,"enemies":"Maw","floor":40,"turns":6},{"damage":15,"enemies":"Sphere and 2 Shapes","floor":43,"turns":2},{"damage":16,"enemies":"Transient","floor":44,"turns":5},{"damage":22,"enemies":"Maw","floor":46,"turns":5},{"damage":33,"enemies":"4 Shapes","floor":48,"turns":2},{"damage":4,"enemies":"3 Darklings","floor":49,"turns":2},{"damage":8,"enemies":"downfall:Watcher","floor":50,"turns":6}],"seed_played":"7233713126874664584","potions_obtained":[{"floor":9.0,"key":"Slimebound:ThreeZeroPotion"},{"floor":14.0,"key":"Strength Potion"},{"floor":15.0,"key":"Dexterity Potion"},{"floor":16.0,"key":"SkillPotion"},{"floor":19.0,"key":"Guardian:BlockOnCardUsePotion"},{"floor":23,"key":"Reflective Coating"},{"floor":31,"key":"Ancient Potion"},{"floor":32,"key":"Cursed Concoction"},{"floor":33,"key":"jedi:StrikingPotion"},{"floor":39,"key":"jedi:wingpotion"},{"floor":40,"key":"Ancient Potion"},{"floor":46,"key":"Elixir"},{"floor":48,"key":"Adrenaline Potion"}],"is_trial":false,"path_per_floor":["R","?","$","M","?","M","T","M","M","?","R","M","R","M","M","B",null,"R","M","$","?","$","M","T","R","M","$","M","?","R","M","M","B",null,"R","M","$","M","?","M","T","?","M","M","R","M","R","M","M","B",null],"character_chosen":"SLIMEBOUND","items_purchased":["Slimebound:FinishingTackle","ReplayTheSpireMod:TigerMarble","Slimebound:LeechEnergy","Slimebound:Repurpose","Slimebound:SplitMire","Slimebound:MegaLick"],"campfire_rested":2,"item_purchase_floors":[3,20,20,27,37,37],"current_hp_per_floor":[60,45,41,41,41,43,43,44,35,35,50,47,47,43,38,36,39,39,35,39,39,31,30,30,42,39,19,32,32,32,30,30,31,39,39,39,39,28,35,36,36,27,28,33,33,33,33,19,33,30],"gold":238,"neow_bonus":"HUNDRED_GOLD","is_daily":false,"chose_seed":false,"campfire_upgraded":7,"win_rate":0.0,"timestamp":1609045092,"path_taken":["R","?","$","M","?","M","T","M","?","?","R","M","R","M","M","BOSS","R","M","?","?","?","M","T","R","M","$","M","?","R","M","M","BOSS","R","M","$","M","?","M","T","?","M","M","R","M","R","M","M","BOSS"],"items_purchased_type":["Card","Relic","Card","Card","Card","Card"],"build_version":"2020-12-22","purchased_purges":0,"victory":true,"max_hp_per_floor":[60,60,60,60,60,57,57,54,51,51,51,48,48,48,45,39,39,39,39,39,39,39,42,42,42,39,39,39,39,39,42,42,39,39,39,39,39,39,36,36,36,36,33,33,33,33,33,33,33,30],"card_choices":[{"not_picked":[],"picked":"BloodyBrimstone","floor":0.0},{"not_picked":["infinitespire:Fortify","infinitespire:Execution"],"picked":"ReplayTheSpireMod:Echoes of Time","floor":2.0},{"not_picked":["Slimebound:PressTheAttack","Slimebound:SplitBruiser"],"picked":"Slimebound:SplitMire","floor":3.0},{"not_picked":["Slimebound:ProtectTheBoss","Bomb"],"picked":"Slimebound:RejuvenatingLick","floor":4.0},{"not_picked":["Bomb","Slimebound:LeechingTouch"],"picked":"Slimebound:Equalize","floor":6.0},{"not_picked":["Slimebound:ViciousTackle","Slimebound:SplitBruiser"],"picked":"Slimebound:RejuvenatingLick","floor":8.0},{"not_picked":["Slimebound:SamplingLick","Slimebound:PressTheAttack"],"picked":"Slimebound:MinionMaster","floor":9.0},{"not_picked":["Slimebound:BestDefense","Slimebound:Schlurp"],"picked":"Slimebound:SplitMire","floor":12.0},{"not_picked":["Slimebound:SplitMire","Slimebound:Equalize"],"picked":"Slimebound:Prepare","floor":14.0},{"not_picked":["Slimebound:SplitBruiser","Slimebound:LeechEnergy"],"picked":"Slimebound:SlimeSpikes","floor":15.0},{"not_picked":["Slimebound:RallyTheTroops","Slimebound:SelfFormingGoo"],"picked":"Slimebound:SlimeSlap","floor":16.0},{"not_picked":["Slimebound:SamplingLick","Slimebound:Prepare"],"picked":"Slimebound:LeadByExample","floor":19.0},{"not_picked":["Slimebound:LeadByExample","Slimebound:HauntingLick"],"picked":"Slimebound:SplitBruiser+1","floor":20.0},{"not_picked":["Slimebound:SplitLeeching","Slimebound:Schlurp"],"picked":"Slimebound:DisruptingSlam+1","floor":22},{"not_picked":["Slimebound:Nibble","Slimebound:HauntingLick+1"],"picked":"Slimebound:GoopSpray","floor":23},{"not_picked":["Slimebound:GoopSpray","Slimebound:GrowthPunch"],"picked":"Slimebound:LeechingTouch","floor":26},{"not_picked":["Slimebound:SplitAcid","Slimebound:LeechingTouch"],"picked":"Slimebound:Nibble+1","floor":27},{"not_picked":["Slimebound:Dissolve","Slimebound:PressTheAttack"],"picked":"Slimebound:SpikyOuterGoop","floor":28},{"not_picked":["Slimebound:GoopSpray","Slimebound:SplitMire+1"],"picked":"Slimebound:GrowthPunch","floor":31},{"not_picked":["Slimebound:SplitAcid","Slimebound:FirmFortitude"],"picked":"Slimebound:LeechLife","floor":32},{"not_picked":["Slimebound:DouseInSlime","Slimebound:RallyTheTroops"],"picked":"Slimebound:PrepareCrush","floor":33},{"not_picked":["Slimebound:FormOfPuddle","Slimebound:LeechingTouch+1"],"picked":"Slimebound:FirmFortitude","floor":36},{"not_picked":["Slimebound:SlimeBarrage+1","Slimebound:ViciousTackle"],"picked":"Slimebound:RollThrough","floor":37},{"not_picked":["Slimebound:SplitBruiser","Slimebound:LevelUp+1"],"picked":"Slimebound:FinishingTackle+1","floor":38},{"not_picked":["Slimebound:RollThrough","Slimebound:HauntingLick+1"],"picked":"Slimebound:SplitLeeching","floor":39},{"not_picked":["Slimebound:TongueLash+1","Slimebound:RollThrough+1"],"picked":"Slimebound:ViciousTackle+1","floor":40},{"not_picked":["Slimebound:MegaLick","Slimebound:GrowthPunch+1"],"picked":"Slimebound:PressTheAttack","floor":42},{"not_picked":["Slimebound:BestDefense","Slimebound:SamplingLick+1"],"picked":"Slimebound:SplitLeeching","floor":42},{"not_picked":["Slimebound:GrowthPunch+1","Slimebound:SplitLeeching"],"picked":"Slimebound:SplitAcid+1","floor":42},{"not_picked":["Slimebound:SplitBruiser+1","Slimebound:LeechEnergy"],"picked":"Slimebound:GoopSpray+1","floor":43},{"not_picked":["Slimebound:PressTheAttack","Slimebound:BestDefense"],"picked":"Slimebound:Overexert","floor":44},{"not_picked":["Slimebound:GrowthPunch+1","Slimebound:SplitAcid"],"picked":"Slimebound:SplitLeeching","floor":46},{"not_picked":["Slimebound:SlimeSpikes","Slimebound:Schlurp+1"],"picked":"Slimebound:SelfFormingGoo","floor":48},{"not_picked":["Slimebound:LeechEnergy","Slimebound:SlimeBarrage"],"picked":"Slimebound:DouseInSlime","floor":49}],"player_experience":244591,"relics_obtained":[{"floor":7.0,"key":"PillsDrop"},{"floor":24,"key":"YumHeart"},{"floor":39,"key":"StuffTheSpire:Barrel"},{"floor":41,"key":"Bronze Scales"}],"event_choices":[{"damage_healed":0.0,"max_hp_gain":0.0,"max_hp_loss":0.0,"gold_gain":0.0,"event_name":"Upgrade Shrine","player_choice":"Upgraded","floor":10.0,"gold_loss":0.0,"damage_taken":0.0,"cards_upgraded":["Slimebound:MinionMaster"]},{"damage_healed":0.0,"max_hp_gain":0.0,"max_hp_loss":0.0,"gold_gain":0.0,"event_name":"betterNote:BetterNote","player_choice":"Ignored","floor":21.0,"gold_loss":0.0,"damage_taken":0.0,"cards_obtained":["Defend_B"]}],"is_beta":false,"boss_relics":[{"not_picked":["CCEMRelics:GreenEgg","jedi:hotpepper","Replay:Drink Me"]},{"not_picked":["beaked:MawFillet","halation:Yufonium"],"picked":"hubris:BlackHole"},{"not_picked":[]}],"items_purged_floors":[],"is_endless":false,"potions_floor_spawned":[9,14,15,16,19,23,31,32,33,39,40,46,48],"ascension_level":0}}