{"host":"5bdt6s51dmpd4l3v","time":1609085762,"event":{"mods":["AchievementEnabler","BaseMod","Colored Map","Colored Powertips","Highlight Path","Minty Spire (QoL Compilation)","Quick Restart","Rare Cards Sparkle","StSLib"],"gold_per_floor":[111,111,111,131,131,131,145,145,145,163,163,230,230,255,255,255,255],"floor_reached":16,"playtime":237,"items_purged":[],"score":167,"play_id":"b2c76381-4fb4-41ca-b919-b0352c878551","local_time":"20201228001602","is_ascension_mode":true,"campfire_choices":[{"data":"Armaments","floor":6,"key":"SMITH"},{"data":"Heavy Blade","floor":8,"key":"SMITH"},{"data":"Pommel Strike","floor":11,"key":"SMITH"},{"data":"Bash","floor":13,"key":"SMITH"},{"data":"Body Slam","floor":15,"key":"SMITH"}],"circlet_count":0,"master_deck":["AscendersBane","Strike_R+1","Strike_R","Strike_R","Strike_R","Strike_R","Defend_R","Defend_R+1","Defend_R","Defend_R","Bash+1","Armaments+1","Heavy Blade+1","Pommel Strike+1","Body Slam+1"],"relics":["Burning Blood","NeowsBlessing","Meat on the Bone","Ancient Tea Set","Odd Mushroom"],"acts_visited":["Exordium"],"potions_floor_usage":[14,16],"damage_taken":[{"damage":0,"enemies":"Jaw Worm","floor":1,"turns":1},{"damage":0,"enemies":"Cultist","floor":4,"turns":1},{"damage":2,"enemies":"2 Louse","floor":7,"turns":2},{"damage":11,"enemies":"Looter","floor":10,"turns":4},{"damage":16,"enemies":"The Mushroom Lair","floor":14,"turns":4},{"damage":19,"enemies":"Hexaghost","floor":16,"turns":4}],"seed_played":"7066589575890330498","potions_obtained":[{"floor":10,"key":"Block Potion"},{"floor":14,"key":"Block Potion"}],"is_trial":false,"path_per_floor":["M","?","T","M","?","R","M","R","T","M","R","?","R","?","R","B"],"character_chosen":"IRONCLAD","items_purchased":[],"campfire_rested":0,"item_purchase_floors":[],"current_hp_per_floor":[74,79,79,80,56,56,60,60,60,55,55,55,55,57,57,38,38],"gold":255,"neow_bonus":"THREE_ENEMY_KILL","is_daily":false,"chose_seed":false,"campfire_upgraded":5,"win_rate":0.0,"timestamp":1609085762,"path_taken":["M","?","?","?","?","R","M","R","T","M","R","?","R","?","R","BOSS"],"items_purchased_type":[],"build_version":"2020-12-22","purchased_purges":0,"victory":false,"max_hp_per_floor":[75,80,80,80,80,80,80,80,80,80,80,80,80,80,80,80,80],"card_choices":[{"not_picked":["Wild Strike","Intimidate"],"picked":"Armaments","floor":1},{"not_picked":["Perfected Strike","Entrench","Intimidate"],"picked":"SKIP","floor":4},{"not_picked":["Perfected Strike","Clothesline"],"picked":"Heavy Blade","floor":7},{"not_picked":["Bludgeon","Shrug It Off"],"picked":"Pommel Strike","floor":10},{"not_picked":["Pommel Strike","Fire Breathing"],"picked":"Body Slam","floor":14}],"player_experience":261295,"relics_obtained":[{"floor":3,"key":"Meat on the Bone"},{"floor":9,"key":"Ancient Tea Set"},{"floor":14,"key":"Odd Mushroom"}],"event_choices":[{"damage_healed":0,"gold_gain":0,"player_choice":"Donut","damage_taken":0,"max_hp_gain":5,"max_hp_loss":0,"event_name":"Big Fish","floor":2,"gold_loss":0},{"damage_healed":0,"gold_gain":0,"player_choice":"Entered Light","damage_taken":24,"max_hp_gain":0,"max_hp_loss":0,"event_name":"Shining Light","floor":5,"gold_loss":0,"cards_upgraded":["Strike_R","Defend_R"]},{"damage_healed":0,"gold_gain":67,"player_choice":"Gained Gold","damage_taken":0,"max_hp_gain":0,"max_hp_loss":0,"event_name":"Golden Wing","floor":12,"gold_loss":0},{"damage_healed":0,"gold_gain":0,"player_choice":"Fought Mushrooms","damage_taken":0,"max_hp_gain":0,"max_hp_loss":0,"event_name":"Mushrooms","floor":14,"gold_loss":0}],"is_beta":false,"boss_relics":[],"items_purged_floors":[],"is_endless":false,"potions_floor_spawned":[10,14],"killed_by":"Hexaghost","ascension_level":18}}