{"host":"vh33hu3wddwn6yt6","time":1609092486,"event":{"mods":["AchievementEnabler","Act Like it!","Aspiration","BaseMod","Better Altar","Better Match","Better Note","Better Sensory Stone","Better Skull","Better Third Choice","BetterRewards","Downfall","Hermit","Hubris","Infinite Spire","Minty Spire (QoL Compilation)","Permanent Neow","Replay The Spire","Shade Mod","Shop Mod","Spicy Shops","StSLib","SuperFastMode","The Blackbeard","The Necromancer","The Runesmith","The Servant 0.9.4","TheBandit","Wandering Minibosses"],"gold_per_floor":[99,117,117,117,30,58,82,107,107,121,148,158,183,86,102,202,202,52,66,53,71,82,82,82,82,94,114,39,39,68,68,78,183,183,183,200,222,322,343,113,113,132,144,154,179,104,119,119,135,165,165],"floor_reached":50,"playtime":2163,"items_purged":["sneckomod:Bewildered","Decay"],"score":706,"play_id":"aa6f40f3-450b-4eca-aa91-0c1bbcf94f64","local_time":"20201227190806","is_ascension_mode":true,"campfire_choices":[{"data":"Runesmith:CreatorForm","floor":1.0,"key":"SMITH"},{"data":"Runesmith:GrandSlam","floor":18.0,"key":"SMITH"},{"data":"Runesmith:FrozenChisel","floor":23.0,"key":"SMITH"},{"floor":29.0,"key":"REST"},{"floor":35.0,"key":"RECALL"},{"data":"Runesmith:LastStand","floor":46.0,"key":"SMITH"}],"circlet_count":0,"master_deck":["Runesmith:Strike_RS","Runesmith:Strike_RS+1","Runesmith:Strike_RS","Runesmith:Strike_RS","Runesmith:Defend_RS","Runesmith:Defend_RS","Runesmith:Defend_RS","Runesmith:Defend_RS","Runesmith:CraftFirestone","Runesmith:Fortify","Runesmith:CreatorForm+1","Runesmith:FrozenChisel+1","Runesmith:GrandSlam+1","Runesmith:FrozenChisel+1","Sadistic Nature","Runesmith:Grindstone+1","Runesmith:FrozenChisel+1","Runesmith:LastStand+1","Runesmith:FrozenChisel+1","infinitespire:Pacifist","expansioncontent:DarkVoid"],"relics":["Runesmith:BrokenRuby","TheAbacus","Thread and Needle","Pen Nib","Oddly Smooth Stone","infinitespire:Midas Blood","Lee\u0027s Waffle","ReplayTheSpireMod:CursedCoin","Cursed Key","downfall:HeartBlessingGreen","downfall:HeartBlessingBlue","wanderingMiniBosses:CarrionFlame","Iron Hammer","aspiration:TomeofQuesting","aspiration:MobileForge","Runesmith:EmergencyProvisions","SlaversCollar","Replay:Baseball","Lantern","DollysMirror","Ice Cream","infinitespire:PuzzleCube","Strawberry","downfall:HeartBlessingRed"],"acts_visited":["Exordium","TheCity","TheBeyond"],"potions_floor_usage":[50],"damage_taken":[{"damage":0.0,"enemies":"Jaw Worm","floor":2.0,"turns":4.0},{"damage":0.0,"enemies":"downfall:FleeingMerchant","floor":5.0,"turns":7.0},{"damage":32.0,"enemies":"3 Sentries","floor":6.0,"turns":9.0},{"damage":11.0,"enemies":"Gremlin Nob","floor":8.0,"turns":4.0},{"damage":0.0,"enemies":"2 Louse","floor":10.0,"turns":3.0},{"damage":3.0,"enemies":"Lagavulin","floor":11.0,"turns":6.0},{"damage":0.0,"enemies":"Small Slimes","floor":12.0,"turns":2.0},{"damage":0.0,"enemies":"3 Sentries","floor":13.0,"turns":7.0},{"damage":0.0,"enemies":"downfall:FleeingMerchant","floor":14.0,"turns":4.0},{"damage":0.0,"enemies":"3 Louse","floor":15.0,"turns":6.0},{"damage":13.0,"enemies":"downfall:Watcher","floor":16.0,"turns":9.0},{"damage":0.0,"enemies":"3 Byrds","floor":19.0,"turns":5.0},{"damage":1.0,"enemies":"downfall:FleeingMerchant","floor":20.0,"turns":4.0},{"damage":23.0,"enemies":"Shell Parasite","floor":21.0,"turns":6.0},{"damage":0.0,"enemies":"Centurion and Healer","floor":22.0,"turns":6.0},{"damage":0.0,"enemies":"Snake Plant","floor":26.0,"turns":3.0},{"damage":7.0,"enemies":"Snecko","floor":27.0,"turns":4.0},{"damage":0.0,"enemies":"Book of Stabbing","floor":30.0,"turns":6.0},{"damage":0.0,"enemies":"Shelled Parasite and Fungi","floor":32.0,"turns":4.0},{"damage":1.0,"enemies":"downfall:Silent","floor":33.0,"turns":6.0},{"damage":0.0,"enemies":"Orb Walker","floor":36.0,"turns":3.0},{"damage":5.0,"enemies":"3 Shapes","floor":37.0,"turns":6.0},{"damage":1.0,"enemies":"3 Darklings","floor":39.0,"turns":4.0},{"damage":0.0,"enemies":"downfall:FleeingMerchant","floor":40.0,"turns":4.0},{"damage":1.0,"enemies":"Transient","floor":42.0,"turns":5.0},{"damage":3.0,"enemies":"Sphere and 2 Shapes","floor":43.0,"turns":4.0},{"damage":0.0,"enemies":"Maw","floor":44.0,"turns":5.0},{"damage":0.0,"enemies":"R_Hoarder","floor":45.0,"turns":7.0},{"damage":4.0,"enemies":"3 Darklings","floor":47.0,"turns":4.0},{"damage":0.0,"enemies":"Jaw Worm Horde","floor":49.0,"turns":1.0},{"damage":122,"enemies":"downfall:Ironclad","floor":50,"turns":11}],"seed_played":"5720323601215979050","potions_obtained":[{"floor":6.0,"key":"AttackPotion"},{"floor":8.0,"key":"Swift Potion"},{"floor":11.0,"key":"DistilledChaos"},{"floor":13.0,"key":"Venom Potion"},{"floor":15.0,"key":"LiquidBronze"},{"floor":22.0,"key":"Elixir"},{"floor":27.0,"key":"Languid Potion"},{"floor":30.0,"key":"AttackPotion"},{"floor":33.0,"key":"Adrenaline Potion"},{"floor":39.0,"key":"Elixir"},{"floor":42.0,"key":"Dexterity Potion"},{"floor":43.0,"key":"ColorlessPotion"},{"floor":45.0,"key":"GamblersBrew"},{"floor":49.0,"key":"Venom Potion"}],"is_trial":false,"path_per_floor":["R","M","?","?","$","E","T","E","?","M","E","M","E","$","M","B",null,"R","M","$","M","M","R","T","?","M","M","?","R","E","AVR","M","B",null,"R","M","M","?","M","$","T","M","M","M","E","R","M","?","M","B"],"character_chosen":"RUNESMITH_CLASS","items_purchased":["TheAbacus","Lee\u0027s Waffle","ReplayTheSpireMod:CursedCoin","Replay:Baseball","Lantern","DollysMirror","Ice Cream"],"campfire_rested":1,"item_purchase_floors":[5,14,14,40,40,40,40],"current_hp_per_floor":[70,70,70,70,70,38,38,27,30,30,27,27,27,80,80,67,80,90,90,89,66,66,66,66,66,66,59,59,86,86,86,86,85,90,90,90,85,85,84,84,84,83,80,80,89,89,85,85,85,0,0],"gold":165,"neow_bonus":"ONE_RANDOM_RARE_CARD","is_daily":false,"chose_seed":false,"campfire_upgraded":4,"win_rate":0.0,"timestamp":1609092486,"path_taken":["R","M","?","?","$","E","T","E","?","M","E","M","E","?","M","BOSS","R","M","$","M","M","R","T","?","M","M","?","R","E","AVR","M","BOSS","R","M","M","?","?","$","T","M","M","M","E","R","M","?","M","BOSS"],"items_purchased_type":["Relic","Relic","Relic","Relic","Relic","Relic","Relic"],"build_version":"2020-12-22","purchased_purges":2,"victory":false,"max_hp_per_floor":[70,70,70,70,70,70,70,70,73,73,73,73,73,80,80,80,80,90,90,90,90,90,90,90,90,90,90,90,90,90,90,90,90,90,90,90,90,90,90,90,90,90,90,90,97,97,97,97,97,97,97],"card_choices":[{"not_picked":["Runesmith:CraftMagma","Runesmith:DoubleUp","Runesmith:GoWithTheFlow"],"picked":"SKIP","floor":2.0},{"not_picked":["Runesmith:RuneHurl","Runesmith:EarthShield","Runesmith:FieryHammer"],"picked":"SKIP","floor":5.0},{"not_picked":["Runesmith:HammerThrow","Runesmith:Malloc"],"picked":"Runesmith:FrozenChisel","floor":6.0},{"not_picked":["Runesmith:HammerThrow","Runesmith:CraftVitae","Runesmith:StaticCage"],"picked":"SKIP","floor":8.0},{"not_picked":["Runesmith:Overpower","Runesmith:Accelerate","Runesmith:ChiselStab"],"picked":"SKIP","floor":10.0},{"not_picked":["Runesmith:HeatedChisel","Runesmith:MakeshiftArmor","Runesmith:Superposition"],"picked":"SKIP","floor":11.0},{"not_picked":["Runesmith:RuneHurl","Runesmith:CraftIndustria","Runesmith:DoubleUp"],"picked":"SKIP","floor":12.0},{"not_picked":["Runesmith:BackupBattery","Runesmith:EarthShield","Runesmith:Attraction"],"picked":"SKIP","floor":13.0},{"not_picked":["Runesmith:MakeshiftArmor","Runesmith:Refine","Runesmith:Retool"],"picked":"SKIP","floor":14.0},{"not_picked":["Runesmith:StaticCage","Runesmith:PerfectChisel","Runesmith:HeatExchange"],"picked":"SKIP","floor":15.0},{"not_picked":["Runesmith:DuctTape","Runesmith:FissionHammer"],"picked":"Runesmith:GrandSlam","floor":16.0},{"not_picked":["Runesmith:RuneHurl","Runesmith:EarthShield","Runesmith:HeatExchange"],"picked":"SKIP","floor":19.0},{"not_picked":["Runesmith:Retool","Runesmith:HammerThrow","Runesmith:EnergizedChisel"],"picked":"SKIP","floor":20.0},{"not_picked":["Runesmith:HammerThrow","Runesmith:ChiselStab","Runesmith:RuneHurl"],"picked":"SKIP","floor":21.0},{"not_picked":["Runesmith:MakeshiftArmor","Runesmith:Repurpose","Runesmith:PerfectChisel"],"picked":"SKIP","floor":22.0},{"not_picked":["Runesmith:ShiftingStrike","Runesmith:MakeshiftArmor","Runesmith:HeatedChisel"],"picked":"SKIP","floor":26.0},{"not_picked":["Runesmith:CreatorForm","Runesmith:CraftProtectio","Runesmith:ShiftingStrike"],"picked":"SKIP","floor":27.0},{"not_picked":["expansioncontent:StudyTheSpire","expansioncontent:Corrupt"],"picked":"Sadistic Nature","floor":28.0},{"not_picked":["Runesmith:HammerTime","Runesmith:CraftObretio","Runesmith:EnergizedChisel"],"picked":"SKIP","floor":30.0},{"not_picked":["Runesmith:CreatorForm","Runesmith:GoWithTheFlow+1"],"picked":"Runesmith:Grindstone+1","floor":32.0},{"not_picked":["Runesmith:HammerThrow+1","Runesmith:HeatedChisel"],"picked":"Runesmith:FrozenChisel+1","floor":36.0},{"not_picked":["Runesmith:MakeshiftArmor+1","Runesmith:RuneHurl","Runesmith:UnstableHammer"],"picked":"SKIP","floor":37.0},{"not_picked":["Runesmith:Retool+1","Runesmith:EnergizedChisel"],"picked":"Runesmith:LastStand","floor":39.0},{"not_picked":["Runesmith:HeatedChisel+1","Runesmith:BackupBattery","Runesmith:Accelerate+1"],"picked":"SKIP","floor":40.0},{"not_picked":["Runesmith:HeatExchange+1","Runesmith:Prism+1","Runesmith:Firestorm+1"],"picked":"SKIP","floor":42.0},{"not_picked":["Runesmith:Firewall","Runesmith:ShiftingStrike","Runesmith:BackupBattery"],"picked":"SKIP","floor":43.0},{"not_picked":["Runesmith:MakeshiftArmor","Runesmith:DoubleUp+1","Runesmith:WhiteBalance+1"],"picked":"SKIP","floor":44.0},{"not_picked":["Runesmith:RuneHurl+1","Runesmith:OneForEveryone+1","Runesmith:Overpower+1"],"picked":"SKIP","floor":45.0},{"not_picked":["Runesmith:HeatExchange+1","Runesmith:ChiselStab+1","Runesmith:Empowerment"],"picked":"SKIP","floor":47.0},{"not_picked":["Master of Strategy","HandOfGreed"],"picked":"expansioncontent:DarkVoid","floor":48.0},{"not_picked":["Runesmith:CraftIncendium+1","Runesmith:HammerThrow","Runesmith:PerfectChisel"],"picked":"SKIP","floor":49.0}],"player_experience":604285,"relics_obtained":[{"floor":6.0,"key":"Thread and Needle"},{"floor":8.0,"key":"Pen Nib"},{"floor":11.0,"key":"Oddly Smooth Stone"},{"floor":13.0,"key":"infinitespire:Midas Blood"},{"floor":21.0,"key":"wanderingMiniBosses:CarrionFlame"},{"floor":24.0,"key":"Iron Hammer"},{"floor":30.0,"key":"aspiration:TomeofQuesting"},{"floor":41.0,"key":"infinitespire:PuzzleCube"},{"floor":45.0,"key":"Strawberry"}],"event_choices":[{"damage_healed":0.0,"max_hp_gain":0.0,"max_hp_loss":0.0,"gold_gain":0.0,"event_name":"Duplicator","player_choice":"Copied","floor":25.0,"gold_loss":0.0,"damage_taken":0.0,"cards_obtained":["Runesmith:FrozenChisel"]},{"damage_healed":0.0,"max_hp_gain":0.0,"max_hp_loss":0.0,"gold_gain":0.0,"event_name":"betterMatch:BetterMatch","player_choice":"1","floor":28.0,"gold_loss":0.0,"damage_taken":0.0,"cards_obtained":["betterMatch:ColorlessRareCard"]},{"damage_healed":0.0,"max_hp_gain":0.0,"max_hp_loss":0.0,"gold_gain":3.0,"event_name":"betterStone:BetterStone","player_choice":"1","floor":48.0,"gold_loss":0.0,"damage_taken":0.0}],"is_beta":false,"boss_relics":[{"not_picked":["aspiration:ServantSkillbook","Velvet Choker"],"picked":"Cursed Key"},{"not_picked":["Kintsugi","SacredBark"],"picked":"SlaversCollar"}],"items_purged_floors":[14,31],"is_endless":false,"potions_floor_spawned":[6,8,11,13,15,22,27,30,33,39,42,43,45,49],"killed_by":"downfall:Ironclad","ascension_level":1}}