{"host":"6kpik4p6m02tzjjt","time":1609045155,"event":{"mods":["BaseMod","Colored Map","Downfall","Minty Spire (QoL Compilation)","Quick Restart","Relic Stats","Replay The Spire","StSLib"],"gold_per_floor":[99,117,127,143,162,181,181,206,206,226,226,226,226,226],"floor_reached":12,"playtime":546,"items_purged":[],"score":82,"play_id":"0f7fbe65-bc9a-4e9a-8557-f79be83ec254","local_time":"20201226235915","is_ascension_mode":false,"campfire_choices":[{"data":"Specialist","floor":1,"key":"SMITH"},{"data":"Slimebound:PrepareCrush","floor":11,"key":"SMITH"}],"circlet_count":0,"master_deck":["Slimebound:Strike_Slimebound","Slimebound:Strike_Slimebound","Slimebound:Strike_Slimebound","Slimebound:Tackle","Slimebound:Defend_Slimebound","Slimebound:Defend_Slimebound","Slimebound:Defend_Slimebound","Slimebound:Defend_Slimebound","Slimebound:Split+1","Slimebound:CorrosiveSpit","Specialist+1","Slimebound:SplitLeeching","Slimebound:SlimeBarrage","Slimebound:ComboTackle","Slimebound:LevelUp","Slimebound:SplitBruiser","Slimebound:PrepareCrush+1","Slimebound:Prepare"],"relics":["Slimebound:AbsorbEndCombat","Mummified Hand","Bronze Scales"],"acts_visited":["Exordium"],"potions_floor_usage":[12],"damage_taken":[{"damage":8,"enemies":"Cultist","floor":2,"turns":4},{"damage":14,"enemies":"Jaw Worm","floor":3,"turns":3},{"damage":8,"enemies":"2 Louse","floor":4,"turns":2},{"damage":18,"enemies":"Red Slaver","floor":5,"turns":3},{"damage":13,"enemies":"2 Fungi Beasts","floor":6,"turns":3},{"damage":35,"enemies":"Lagavulin","floor":8,"turns":4},{"damage":12,"enemies":"Lots of Slimes","floor":10,"turns":2},{"damage":28,"enemies":"3 Sentries","floor":12,"turns":2}],"seed_played":"-5886129133839232248","potions_obtained":[{"floor":3,"key":"Swift Potion"},{"floor":5,"key":"SmokeBomb"},{"floor":8,"key":"SpeedPotion"}],"is_trial":false,"path_per_floor":["R","M","M","M","M","M","T","E","?","M","R","E"],"character_chosen":"SLIMEBOUND","items_purchased":[],"campfire_rested":0,"item_purchase_floors":[],"current_hp_per_floor":[60,56,54,58,52,51,51,28,28,24,24,0,0,0],"gold":226,"neow_bonus":"RANDOM_COLORLESS","is_daily":false,"chose_seed":false,"campfire_upgraded":2,"win_rate":0.0,"timestamp":1609045155,"path_taken":["R","M","M","?","M","M","T","E","?","M","R","E"],"items_purchased_type":[],"build_version":"2020-12-22","purchased_purges":0,"victory":false,"max_hp_per_floor":[60,60,60,60,60,60,60,60,60,60,60,60,60,60],"relic_stats":{"counters":[8,22],"Mummified Hand":[7],"Bronze Scales":[18],"obtain_stats":[{"Mummified Hand":7,"Bronze Scales":8,"Slimebound:AbsorbEndCombat":0},{"Mummified Hand":5,"Bronze Scales":6,"Slimebound:AbsorbEndCombat":0},{"Mummified Hand":15,"Bronze Scales":18,"Slimebound:AbsorbEndCombat":0}]},"card_choices":[{"not_picked":["Replay:BasicMightCard","expansioncontent:Sear"],"picked":"Specialist","floor":0},{"not_picked":["Slimebound:SlimeBrawl","Slimebound:ComboTackle"],"picked":"Slimebound:SplitLeeching","floor":2},{"not_picked":["Slimebound:SplitAcid","Slimebound:ViciousTackle"],"picked":"Slimebound:SlimeBarrage","floor":3},{"not_picked":["Slimebound:SlimeSpikes","Slimebound:AcidTongue"],"picked":"Slimebound:ComboTackle","floor":4},{"not_picked":["Slimebound:Equalize","Slimebound:Dissolve"],"picked":"Slimebound:LevelUp","floor":5},{"not_picked":["Slimebound:ServeAndProtect","Slimebound:ComboTackle"],"picked":"Slimebound:SplitBruiser","floor":6},{"not_picked":["Slimebound:SplitMire","Slimebound:RejuvenatingLick"],"picked":"Slimebound:PrepareCrush","floor":8},{"not_picked":["Slimebound:SamplingLick","Slimebound:RollThrough"],"picked":"Slimebound:Prepare","floor":10}],"player_experience":40426,"relics_obtained":[{"floor":7,"key":"Mummified Hand"},{"floor":8,"key":"Bronze Scales"}],"event_choices":[{"damage_healed":0,"gold_gain":0,"player_choice":"Upgraded","damage_taken":0,"max_hp_gain":0,"max_hp_loss":0,"event_name":"Upgrade Shrine","floor":9,"gold_loss":0,"cards_upgraded":["Slimebound:Split"]}],"is_beta":false,"boss_relics":[],"items_purged_floors":[],"is_endless":false,"potions_floor_spawned":[3,5,8],"killed_by":"3 Sentries","ascension_level":0}}