{"host":"a464imauj9yqom7y","time":1609106940,"event":{"mods":["AchievementEnabler","BaseMod","Better Altar","Better Match","Better Note","Better Sensory Stone","Better Skull","BetterRewards","Colored Map","Colored Powertips","Minty Spire (QoL Compilation)","Rare Cards Sparkle","Robot Space Explorer","Shade Mod","StSLib","TheArtist"],"gold_per_floor":[117,134,81,100,110,110,385,355,380,380,175,175,202,216,216,317,317,336,346,198,198,215,215,215],"floor_reached":23,"playtime":1397,"items_purged":["Regret"],"score":191,"play_id":"2df2b5d4-4815-4a3a-81a7-198ccbb332ef","local_time":"20201227160900","is_ascension_mode":false,"campfire_choices":[{"data":"artistmod:RainbowReality","floor":6,"key":"SMITH"},{"data":"artistmod:ResourceRampage","floor":10,"key":"SMITH"},{"data":"artistmod:FantasyForm","floor":12,"key":"SMITH"},{"data":"artistmod:InsaneInspiration","floor":15,"key":"SMITH"}],"circlet_count":0,"master_deck":["artistmod:StrokeStrike","artistmod:StrokeStrike","artistmod:StrokeStrike","artistmod:StrokeStrike","artistmod:DaringDefend+1","artistmod:DaringDefend+1","artistmod:DaringDefend","artistmod:DaringDefend","artistmod:BrushBash","artistmod:DarkenDrawing","artistmod:ColorfulClobber","artistmod:RainbowReality+1","artistmod:BlueBurst","artistmod:ColorCopy","artistmod:PaintballPelt","artistmod:ResourceRampage+1","artistmod:FantasyForm+1","artistmod:RedRage","artistmod:GreenGreed","artistmod:InsaneInspiration+1","artistmod:ArtificialArt","artistmod:ClearChroma","artistmod:PalettePick+1","artistmod:BlueBrews+1","artistmod:PaintbrushPanic"],"relics":["artistmod:BlueBrush","NeowsBlessing","Pen Nib","War Paint","Cursed Key"],"acts_visited":["Exordium","TheCity"],"potions_floor_usage":[22,23],"damage_taken":[{"damage":0,"enemies":"Cultist","floor":1,"turns":1},{"damage":0,"enemies":"Small Slimes","floor":2,"turns":1},{"damage":0,"enemies":"2 Louse","floor":4,"turns":1},{"damage":0,"enemies":"Large Slime","floor":5,"turns":7},{"damage":1,"enemies":"Looter","floor":8,"turns":4},{"damage":15,"enemies":"Lagavulin","floor":13,"turns":7},{"damage":2,"enemies":"Blue Slaver","floor":14,"turns":3},{"damage":50,"enemies":"Slime Boss","floor":16,"turns":11},{"damage":19,"enemies":"Shell Parasite","floor":18,"turns":4},{"damage":4,"enemies":"Spheric Guardian","floor":19,"turns":4},{"damage":36,"enemies":"Snake Plant","floor":22,"turns":6},{"damage":17,"enemies":"Centurion and Healer","floor":23,"turns":1}],"seed_played":"-216511700946512644","potions_obtained":[{"floor":13,"key":"SpeedPotion"},{"floor":14,"key":"Strength Potion"},{"floor":16,"key":"Strength Potion"},{"floor":18,"key":"PowerPotion"}],"is_trial":false,"path_per_floor":["M","M","$","M","M","R","?","M","T","R","$","R","E","M","R","B",null,"M","M","$","?","M","M"],"character_chosen":"THE_ARTIST","items_purchased":["artistmod:BlueBurst","artistmod:FantasyForm","artistmod:RedRage","artistmod:BlueBrews"],"campfire_rested":0,"item_purchase_floors":[3,11,11,20],"current_hp_per_floor":[71,71,71,71,71,71,71,70,70,70,70,70,55,53,53,3,71,52,48,48,48,12,0,0],"gold":215,"neow_bonus":"THREE_ENEMY_KILL","is_daily":false,"chose_seed":false,"campfire_upgraded":4,"win_rate":0.0,"timestamp":1609106940,"path_taken":["M","M","$","M","?","R","?","M","T","R","$","R","E","M","R","BOSS","M","M","$","?","M","M"],"items_purchased_type":["Card","Card","Card","Card"],"build_version":"2020-12-22","purchased_purges":1,"victory":false,"max_hp_per_floor":[71,71,71,71,71,71,71,71,71,71,71,71,71,71,71,71,71,71,71,71,71,71,71,71],"card_choices":[{"not_picked":["artistmod:BlueBrews","artistmod:WatercolorWhap"],"picked":"artistmod:ColorfulClobber","floor":1},{"not_picked":["artistmod:AquaAnnoyance","artistmod:CanvasCatapult"],"picked":"artistmod:RainbowReality","floor":2},{"not_picked":["artistmod:PalettePick","artistmod:IchorInk"],"picked":"artistmod:ColorCopy","floor":4},{"not_picked":["artistmod:DarkerDanger","artistmod:BlueBurst"],"picked":"artistmod:PaintballPelt","floor":5},{"not_picked":["artistmod:SweepingSadness","artistmod:IndigoIncapitation"],"picked":"artistmod:ResourceRampage","floor":8},{"not_picked":["artistmod:FantasyForm","artistmod:PaintballPelt"],"picked":"artistmod:GreenGreed","floor":13},{"not_picked":["artistmod:MagentaMadness","artistmod:RainbowReality"],"picked":"artistmod:InsaneInspiration","floor":14},{"not_picked":["artistmod:BlackBang","artistmod:MagentaMist"],"picked":"artistmod:ArtificialArt","floor":16},{"not_picked":["artistmod:RedRazzing","artistmod:ColorCopy"],"picked":"artistmod:ClearChroma","floor":18},{"not_picked":["artistmod:MagentaMadness","artistmod:DoubleDraw"],"picked":"artistmod:PalettePick+1","floor":19},{"not_picked":["artistmod:AquaAnnoyance","artistmod:HorridHarvest"],"picked":"artistmod:PaintbrushPanic","floor":22}],"player_experience":21566,"relics_obtained":[{"floor":9,"key":"Pen Nib"},{"floor":13,"key":"War Paint"}],"event_choices":[{"damage_healed":0,"gold_gain":275,"player_choice":"Desecrate","damage_taken":0,"max_hp_gain":0,"max_hp_loss":0,"event_name":"Golden Shrine","floor":7,"gold_loss":0,"cards_obtained":["Regret"]},{"damage_healed":0,"gold_gain":0,"player_choice":"Upgraded","damage_taken":0,"max_hp_gain":0,"max_hp_loss":0,"event_name":"Upgrade Shrine","floor":21,"gold_loss":0,"cards_upgraded":["artistmod:BlueBrews"]}],"is_beta":false,"boss_relics":[{"not_picked":["Velvet Choker","SlaversCollar"],"picked":"Cursed Key"}],"items_purged_floors":[20],"is_endless":false,"potions_floor_spawned":[13,14,16,18,19],"killed_by":"Centurion and Healer","ascension_level":0}}