{"host":"kdt6w7ix8lwe69i9","time":1609106966,"event":{"mods":["Arknights The Spire","Bartender","BaseMod","Downfall","Fiend Mod","Jorbs\u0027s Wanderer Trilogy","Minty Spire (QoL Compilation)","Reimu（博丽灵梦）","Robot Space Explorer","StSLib","The Caster","The Cursed","The Disciple","The Dragon Tamer","The Druid","The Elementalist","The Forsaken","The Gatherer","The Judge","The Marked","TheBandit"],"gold_per_floor":[117,117,128,128,2,2,2,29,29,40,40,40,40,60,60,161,161,174,174,186,186,186],"floor_reached":21,"playtime":1686,"items_purged":[],"score":202,"play_id":"74ba6189-7251-4917-9906-af24a3ebd8f9","local_time":"20201227170926","is_ascension_mode":false,"campfire_choices":[{"data":"ats:Neurotoxin","floor":6,"key":"SMITH"},{"floor":11,"key":"REST"},{"floor":15,"key":"REST"}],"circlet_count":0,"master_deck":["ats:Strike C","ats:Strike G","ats:Strike S","ats:Strike V","ats:Armor Crushing Shot","ats:Defend","ats:Defend","ats:Defend","ats:Emotion Absorption","ats:Beaten Up","ats:Demon Strength","ats:Neurotoxin+1","ats:Cat Scratch","ats:Revitalization","ats:Volcano+1","ats:Consecutive Shot Auto","ats:Wolf Pack","CurseOfTheBell","ats:Defend Order+1","Slimebound:CheckThePlaybook","ats:Consecutive Shot Auto"],"relics":["SacredBark","Pear","ats:Originium","theForsaken:Gavel","Ornamental Fan","Calling Bell","ats:MaxSp2","ats:Industrial Water Cannon","Mango"],"acts_visited":["Exordium","TheCity"],"potions_floor_usage":[18],"damage_taken":[{"damage":6,"enemies":"Cultist","floor":1,"turns":4},{"damage":2,"enemies":"Small Slimes","floor":3,"turns":6},{"damage":43,"enemies":"3 Sentries","floor":8,"turns":7},{"damage":17,"enemies":"Jaw Worm","floor":10,"turns":4},{"damage":22,"enemies":"2 Fungi Beasts","floor":14,"turns":4},{"damage":33,"enemies":"Slime Boss","floor":16,"turns":7},{"damage":33,"enemies":"Shell Parasite","floor":18,"turns":7},{"damage":42,"enemies":"Spheric Guardian","floor":20,"turns":5},{"damage":35,"enemies":"Shelled Parasite and Fungi","floor":21,"turns":3}],"seed_played":"3647702309962471523","potions_obtained":[{"floor":14,"key":"DuplicationPotion"},{"floor":16,"key":"FearPotion"},{"floor":18,"key":"ats:Top Emergency Sanity Potion"}],"is_trial":false,"path_per_floor":["M","?","M","?","$","R","T","E","T","M","R","$","?","M","R","B",null,"M","?","M","M"],"character_chosen":"DOCTOR_CLASS","items_purchased":["ats:Neurotoxin","ats:Cat Scratch"],"campfire_rested":2,"item_purchase_floors":[5,5],"current_hp_per_floor":[66,66,64,64,64,64,74,31,31,16,40,40,40,18,42,9,96,73,73,34,0,0],"gold":186,"neow_bonus":"BOSS_RELIC","is_daily":false,"chose_seed":false,"campfire_upgraded":1,"win_rate":0.0,"timestamp":1609106966,"path_taken":["M","?","?","?","$","R","?","E","T","M","R","$","?","M","R","BOSS","M","?","M","M"],"items_purchased_type":["Card","Card"],"build_version":"2020-12-22","purchased_purges":0,"victory":false,"max_hp_per_floor":[72,72,72,72,72,72,82,82,82,82,82,82,82,82,82,82,96,96,87,87,87,87],"card_choices":[{"not_picked":["ats:Explosion Area Strengthen","ats:Poison Spread"],"picked":"ats:Beaten Up","floor":1},{"not_picked":["ats:Ignite","ats:Directed Diagnosis"],"picked":"ats:Demon Strength","floor":3},{"not_picked":["ats:Powerful Strike","ats:Chain Hook"],"picked":"ats:Revitalization","floor":8},{"not_picked":["ats:Automatic Cover","ats:Flexible Camouflage"],"picked":"ats:Volcano","floor":10},{"not_picked":["ats:Ignite","ats:Powerful Strike"],"picked":"ats:Consecutive Shot Auto","floor":14},{"not_picked":["ats:True Silver Slash","ats:Rat Pack"],"picked":"ats:Wolf Pack","floor":16},{"not_picked":["ats:Consecutive Shot Auto","ats:Automatic Cover"],"picked":"ats:Defend Order+1","floor":18},{"not_picked":["ats:Charging Defense+1","ats:Curse Doll"],"picked":"ats:Consecutive Shot Auto","floor":20}],"player_experience":1620827,"relics_obtained":[{"floor":7,"key":"Pear"},{"floor":8,"key":"ats:Originium"},{"floor":8,"key":"theForsaken:Gavel"},{"floor":9,"key":"Ornamental Fan"},{"floor":17,"key":"ats:MaxSp2"},{"floor":17,"key":"ats:Industrial Water Cannon"},{"floor":17,"key":"Mango"}],"event_choices":[{"cards_removed":["ats:Defend"],"damage_healed":0,"gold_gain":0,"player_choice":"Offered Basic","damage_taken":0,"max_hp_gain":0,"max_hp_loss":0,"event_name":"Bonfire Elementals","floor":2,"gold_loss":0},{"damage_healed":0,"gold_gain":0,"player_choice":"Leave","damage_taken":0,"max_hp_gain":0,"max_hp_loss":0,"event_name":"The Cleric","floor":4,"gold_loss":0},{"damage_healed":0,"gold_gain":0,"player_choice":"Upgraded","damage_taken":0,"max_hp_gain":0,"max_hp_loss":0,"event_name":"Upgrade Shrine","floor":13,"gold_loss":0,"cards_upgraded":["ats:Volcano"]}],"is_beta":false,"boss_relics":[{"not_picked":["Fusion Hammer","Empty Cage"],"picked":"Calling Bell"}],"items_purged_floors":[],"is_endless":false,"potions_floor_spawned":[14,16,18],"killed_by":"Shelled Parasite and Fungi","ascension_level":0}}