{"host":"tqwl84lmv2x2hgjr","time":1609091078,"event":{"mods":["ATMod(∞¢Ë™Mod)","Act Like it!","BaseMod","Better Third Choice","Curses Come First","Gensokyo","GungeonMod","Hermit","Luminous","Marisa£®ÏF”Í°°ƒß¿Ì…≥£©","Minty Spire (QoL Compilation)","Reimu£®≤©¿ˆ¡È√Œ£©","Replay The Spire","Spicy Shops","StSLib","The Cursed","The Hierophant","The Servant 0.9.4","TheWitcher","Yakumo Yukari mod","°æ“≈ŒÔø®≈∆°øREMEMod"],"gold_per_floor":[213,36,52,72,72,105,150,184,211,230,230,243,257,269,383,488,488,501,516,114,132,149,149,149],"floor_reached":23,"playtime":1760,"items_purged":["ReplayTheSpireMod:Splinters"],"score":278,"play_id":"40b39470-6829-4839-bd5d-4500054f8745","local_time":"20201227124438","is_ascension_mode":true,"campfire_choices":[{"data":"MikOfLucky:ReiMu","floor":11,"key":"SMITH"}],"circlet_count":0,"master_deck":["Strike_Lin:ReiMu","Strike_Lin:ReiMu","Defend_Lin:ReiMu","Defend_Lin:ReiMu","Defend_Lin:ReiMu","Defend_Lin:ReiMu","NB:ReiMu","Stagnation:ReiMu","AT_OneInchPunch","TheWorld","UniversalSpiritual:ReiMu","MikOfLucky:ReiMu+1","Dreaming:ReiMu","OrbThrow:ReiMu","FoulBorder2:ReiMu","Conquer:ReiMu","AirStrike:ReiMu","BlastKick2:ReiMu","AirStrike:ReiMu","RainPray2:ReiMu","Amulet:ReiMu","EmergencyTakeOff:ReiMu","SubcavityFantasy:ReiMu","CurseOfTheBell","YinYangSange:ReiMu","SubAcupoint:ReiMu","AlertArray:ReiMu","Intuition:ReiMu+1","EmergencyTakeOff:ReiMu","AlertArray:ReiMu","RainPray2:ReiMu+1","SpiritualOutbreak2:ReiMu","Revelation:ReiMu"],"relics":["FlyPower:ReiMu","AT_ATBox","REME_ComplimentaryCards","AT_DeathDance","Bow_fan:ReiMu","Pear","AT_ArchangelStaff","Calling Bell","DemoMod:Metronome","DemoMod:MeltedRock","Torii","REME_IWantAll"],"acts_visited":["Gensokyo:Gensokyo","TheCity"],"potions_floor_usage":[8,16,16],"damage_taken":[{"damage":1,"enemies":"Gensokyo:2_Kodama","floor":1,"turns":3},{"damage":0,"enemies":"Gensokyo:Python","floor":3,"turns":2},{"damage":0,"enemies":"Gensokyo:3_Fairies","floor":4,"turns":4},{"damage":0,"enemies":"Gensokyo:Mamizou","floor":6,"turns":7},{"damage":5,"enemies":"Gensokyo:Aya","floor":8,"turns":4},{"damage":0,"enemies":"Gensokyo:VengefulSpirit","floor":10,"turns":3},{"damage":2,"enemies":"Gensokyo:Gryphon_and_Rabbit","floor":12,"turns":4},{"damage":1,"enemies":"Gensokyo:Python_and_Kodama","floor":13,"turns":3},{"damage":0,"enemies":"Gensokyo:Kitsune","floor":14,"turns":2},{"damage":12,"enemies":"Gensokyo:Kokoro","floor":16,"turns":9},{"damage":3,"enemies":"Shell Parasite","floor":18,"turns":6},{"damage":12,"enemies":"Spheric Guardian","floor":19,"turns":5},{"damage":3,"enemies":"Snake Plant","floor":21,"turns":5},{"damage":35,"enemies":"Shelled Parasite and Fungi","floor":22,"turns":6},{"damage":31,"enemies":"Gremlin Leader","floor":23,"turns":5}],"seed_played":"8641285286759712065","potions_obtained":[{"floor":1,"key":"ColorlessPotion"},{"floor":3,"key":"PowerPotion"},{"floor":13,"key":"BlessingOfTheForge"},{"floor":16,"key":"BottledKami:ReiMu"},{"floor":18,"key":"Venom Potion"}],"is_trial":false,"path_per_floor":["M","$","M","M","?","E","T","E","T","M","R","M","M","M","R","B",null,"M","M","$","M","M","E"],"character_chosen":"REIMU","items_purchased":["MikOfLucky:ReiMu","Dreaming:ReiMu","REME_IWantAll","AlertArray:ReiMu"],"campfire_rested":0,"item_purchase_floors":[2,2,20,20],"current_hp_per_floor":[64,64,64,64,51,51,51,56,56,56,56,54,53,53,53,41,75,72,60,60,60,28,0,0],"gold":149,"neow_bonus":"HUNDRED_GOLD","is_daily":false,"chose_seed":false,"campfire_upgraded":1,"win_rate":0.0,"timestamp":1609091078,"path_taken":["M","?","?","?","?","E","?","E","T","M","R","?","M","?","R","BOSS","M","?","$","M","M","E"],"items_purchased_type":["Card","Card","Relic","Card"],"build_version":"2020-12-22","purchased_purges":1,"victory":false,"max_hp_per_floor":[65,65,65,65,65,65,65,75,75,75,75,75,75,75,75,75,75,75,75,75,78,81,81,81],"card_choices":[{"not_picked":["AlertArray:ReiMu","CareerPray:ReiMu"],"picked":"UniversalSpiritual:ReiMu","floor":1},{"not_picked":["BarrageOfMoneybags:ReiMu","PrepareRite:ReiMu"],"picked":"OrbThrow:ReiMu","floor":3},{"not_picked":["Intuition:ReiMu","FantasyMoon:ReiMu","AirManeuver:ReiMu"],"picked":"SKIP","floor":4},{"not_picked":["DoubleButterfly:ReiMu","Meditation:ReiMu"],"picked":"FoulBorder2:ReiMu","floor":6},{"not_picked":["Mountainwind:ReiMu","UpKicking:ReiMu"],"picked":"Conquer:ReiMu","floor":8},{"not_picked":["FineLineFantasy:ReiMu","SubcavityInstant:ReiMu"],"picked":"AirStrike:ReiMu","floor":10},{"not_picked":["Enchanting:ReiMu","SpringWay:ReiMu"],"picked":"BlastKick2:ReiMu","floor":12},{"not_picked":["TakeOff:ReiMu","PayForSelf:ReiMu"],"picked":"AirStrike:ReiMu","floor":13},{"not_picked":["FoulBorder2:ReiMu","AirManeuver:ReiMu"],"picked":"RainPray2:ReiMu","floor":14},{"not_picked":["CareerPray:ReiMu","FoulBorder2:ReiMu"],"picked":"Amulet:ReiMu","floor":15},{"not_picked":["AlertArray:ReiMu","ManaGlint:ReiMu"],"picked":"EmergencyTakeOff:ReiMu","floor":15},{"not_picked":["KamiRite:ReiMu","Dreaming:ReiMu"],"picked":"SubcavityFantasy:ReiMu","floor":16},{"not_picked":["LovePray:ReiMu","SpringWay:ReiMu+1"],"picked":"YinYangSange:ReiMu","floor":18},{"not_picked":["BarrageOfMoneybags:ReiMu+1","SubcavityInstant:ReiMu"],"picked":"SubAcupoint:ReiMu","floor":19},{"not_picked":["Intuition:ReiMu+1","EmergencyTakeOff:ReiMu","AlertArray:ReiMu"],"picked":"Singing Bowl","floor":21},{"not_picked":["RainPray2:ReiMu+1","SpiritualOutbreak2:ReiMu","Revelation:ReiMu"],"picked":"Singing Bowl","floor":22}],"player_experience":800337,"relics_obtained":[{"floor":6,"key":"AT_DeathDance"},{"floor":7,"key":"Bow_fan:ReiMu"},{"floor":8,"key":"Pear"},{"floor":9,"key":"AT_ArchangelStaff"},{"floor":17,"key":"DemoMod:Metronome"},{"floor":17,"key":"DemoMod:MeltedRock"},{"floor":17,"key":"Torii"}],"event_choices":[],"is_beta":false,"boss_relics":[{"not_picked":["REME_DuelDisc","ReplayTheSpireMod:DimensionalGlitch"],"picked":"Calling Bell"}],"items_purged_floors":[20],"is_endless":false,"potions_floor_spawned":[1,3,13,16,18],"killed_by":"Gremlin Leader","ascension_level":2}}