{"host":"vbgsu3zpv6j9f5su","time":1609109840,"event":{"mods":["BaseMod","Block Reminder","Colored Powertips","DeckTracker","JesterMod","Minty Spire (QoL Compilation)","Quick Restart","StSLib"],"gold_per_floor":[118,134,34,34,34,34,69,89,89,109,134,146,146,161,161,240,240,258,240,240,140,140,140],"floor_reached":22,"playtime":838,"items_purged":["Strike_R","Strike_R"],"score":398,"play_id":"6838249c-6222-479b-9aed-64928b0983d5","local_time":"20201227235720","is_ascension_mode":true,"campfire_choices":[{"data":"Thunderclap","floor":6,"key":"SMITH"},{"data":"Heavy Blade","floor":13,"key":"SMITH"},{"floor":15,"key":"REST"}],"circlet_count":0,"master_deck":["AscendersBane","Strike_R","Strike_R+1","Strike_R","Defend_R","Defend_R+1","Defend_R","Defend_R","Bash","Pommel Strike","Shrug It Off","Thunderclap+1","Heavy Blade+1","Berserk","Spot Weakness","Sword Boomerang","Limit Break","Cleave+1"],"relics":["Burning Blood","NeowsBlessing","Omamori","Matryoshka","Magic Flower","Runic Cube"],"acts_visited":["Exordium","TheCity"],"potions_floor_usage":[11,16,19],"damage_taken":[{"damage":0,"enemies":"Jaw Worm","floor":1,"turns":1},{"damage":0,"enemies":"Small Slimes","floor":2,"turns":1},{"damage":0,"enemies":"Gremlin Nob","floor":7,"turns":1},{"damage":4,"enemies":"2 Louse","floor":8,"turns":2},{"damage":25,"enemies":"Gremlin Gang","floor":10,"turns":4},{"damage":18,"enemies":"Lagavulin","floor":11,"turns":8},{"damage":9,"enemies":"Exordium Thugs","floor":12,"turns":4},{"damage":23,"enemies":"Large Slime","floor":14,"turns":6},{"damage":24,"enemies":"Hexaghost","floor":16,"turns":7},{"damage":12,"enemies":"Chosen","floor":18,"turns":4},{"damage":25,"enemies":"2 Thieves","floor":19,"turns":4},{"damage":55,"enemies":"Sentry and Sphere","floor":22,"turns":5}],"seed_played":"-6892858533879718578","potions_obtained":[{"floor":2,"key":"Weak Potion"},{"floor":10,"key":"Swift Potion"},{"floor":14,"key":"Weak Potion"},{"floor":16,"key":"Strength Potion"}],"is_trial":false,"path_per_floor":["M","M","$","?","?","R","E","M","T","M","E","M","R","M","R","B",null,"M","M","?","$","M"],"character_chosen":"IRONCLAD","items_purchased":["Thunderclap"],"campfire_rested":1,"item_purchase_floors":[3],"current_hp_per_floor":[74,75,75,80,56,56,62,64,64,45,33,33,33,19,43,28,67,64,48,48,48,0,0],"gold":140,"neow_bonus":"THREE_ENEMY_KILL","is_daily":false,"chose_seed":false,"campfire_upgraded":2,"win_rate":0.0,"timestamp":1609109840,"path_taken":["M","M","$","?","?","R","E","M","T","M","E","M","R","M","R","BOSS","M","M","?","$","M"],"items_purchased_type":["Card"],"build_version":"2020-12-22","purchased_purges":2,"victory":false,"max_hp_per_floor":[75,75,75,80,80,80,80,80,80,80,80,80,80,80,80,80,80,80,80,80,80,80,80],"card_choices":[{"not_picked":["Havoc","Flame Barrier"],"picked":"Pommel Strike","floor":1},{"not_picked":["Wild Strike","Warcry"],"picked":"Shrug It Off","floor":2},{"not_picked":["Ghostly Armor","Flame Barrier"],"picked":"Heavy Blade","floor":7},{"not_picked":["Havoc","Hemokinesis","Seeing Red"],"picked":"SKIP","floor":8},{"not_picked":["True Grit","Perfected Strike"],"picked":"Berserk","floor":10},{"not_picked":["Warcry","Anger"],"picked":"Spot Weakness","floor":11},{"not_picked":["Sever Soul","Clothesline","Heavy Blade"],"picked":"SKIP","floor":12},{"not_picked":["Wild Strike","Evolve"],"picked":"Sword Boomerang","floor":14},{"not_picked":["Berserk","Impervious"],"picked":"Limit Break","floor":16},{"not_picked":["Disarm","Anger"],"picked":"Cleave+1","floor":18},{"not_picked":["Fire Breathing","Dual Wield","Wild Strike"],"picked":"SKIP","floor":19}],"player_experience":778660,"relics_obtained":[{"floor":7,"key":"Omamori"},{"floor":9,"key":"Matryoshka"},{"floor":11,"key":"Magic Flower"}],"event_choices":[{"damage_healed":0,"gold_gain":0,"player_choice":"Donut","damage_taken":0,"max_hp_gain":5,"max_hp_loss":0,"event_name":"Big Fish","floor":4,"gold_loss":0},{"damage_healed":0,"gold_gain":0,"player_choice":"Entered Light","damage_taken":24,"max_hp_gain":0,"max_hp_loss":0,"event_name":"Shining Light","floor":5,"gold_loss":0,"cards_upgraded":["Defend_R","Strike_R"]},{"damage_healed":0,"gold_gain":0,"player_choice":"Cursed","damage_taken":0,"max_hp_gain":0,"max_hp_loss":0,"event_name":"Wheel of Change","floor":20,"gold_loss":0,"cards_obtained":["Decay"]}],"is_beta":false,"boss_relics":[{"not_picked":["Empty Cage","Snecko Eye"],"picked":"Runic Cube"}],"items_purged_floors":[3,21],"is_endless":false,"potions_floor_spawned":[2,10,14,16,18],"killed_by":"Sentry and Sphere","ascension_level":16}}