{"host":"7l2t4psy44vpcd9q","time":1609074084,"event":{"mods":["AchievementEnabler","BaseMod","DeckTracker","Minty Spire (QoL Compilation)","SuperFastMode"],"gold_per_floor":[115,115,40,55,75,75,103,103,103,103,128,98,110,139,151,163,163],"floor_reached":16,"playtime":526,"items_purged":["Doubt"],"score":286,"play_id":"1a7ff725-9bfb-44bb-85ca-0a03f0c6744f","local_time":"20201227220124","is_ascension_mode":true,"campfire_choices":[{"data":"Catalyst","floor":6,"key":"SMITH"},{"data":"Deadly Poison","floor":8,"key":"SMITH"},{"data":"Deadly Poison","floor":10,"key":"SMITH"},{"floor":15,"key":"REST"}],"circlet_count":0,"master_deck":["AscendersBane","Strike_G","Strike_G","Strike_G","Strike_G","Strike_G","Defend_G","Defend_G","Defend_G","Defend_G","Defend_G","Survivor","Neutralize","Deadly Poison+1","Bane","Catalyst+1","Deadly Poison+1"],"relics":["Ring of the Snake","Ancient Tea Set","HornCleat","Smiling Mask","MawBank"],"acts_visited":["Exordium"],"potions_floor_usage":[7,16,16],"damage_taken":[{"damage":3,"enemies":"2 Louse","floor":1,"turns":3},{"damage":0,"enemies":"Small Slimes","floor":4,"turns":5},{"damage":0,"enemies":"Cultist","floor":5,"turns":3},{"damage":21,"enemies":"3 Sentries","floor":7,"turns":8},{"damage":0,"enemies":"Gremlin Nob","floor":11,"turns":3},{"damage":0,"enemies":"Large Slime","floor":13,"turns":3},{"damage":32,"enemies":"3 Sentries","floor":14,"turns":14},{"damage":45,"enemies":"Slime Boss","floor":16,"turns":7}],"seed_played":"-2619138188187343832","potions_obtained":[{"floor":1,"key":"PowerPotion"},{"floor":4,"key":"FearPotion"},{"floor":12,"key":"SpeedPotion"},{"floor":12,"key":"LiquidMemories"}],"is_trial":false,"path_per_floor":["M","?","$","M","M","R","E","R","T","R","E","?","M","E","R","B"],"character_chosen":"THE_SILENT","items_purchased":[],"campfire_rested":1,"item_purchase_floors":[],"current_hp_per_floor":[68,73,73,73,73,73,52,52,52,52,52,52,52,20,44,0,0],"gold":163,"neow_bonus":"TWENTY_PERCENT_HP_BONUS","is_daily":false,"chose_seed":false,"campfire_upgraded":3,"win_rate":0.0,"timestamp":1609074084,"path_taken":["M","?","$","M","M","R","E","R","T","R","E","?","M","E","R","BOSS"],"items_purchased_type":[],"build_version":"2020-12-22","purchased_purges":1,"victory":false,"max_hp_per_floor":[78,83,83,83,83,83,83,83,83,83,83,83,83,83,83,83,83],"card_choices":[{"not_picked":["Eviscerate","Dagger Spray"],"picked":"Deadly Poison","floor":1},{"not_picked":["Calculated Gamble","Poisoned Stab"],"picked":"Bane","floor":4},{"not_picked":["Outmaneuver","Backflip"],"picked":"Catalyst","floor":5},{"not_picked":["Outmaneuver","Unload"],"picked":"Deadly Poison","floor":7},{"not_picked":["Caltrops","Crippling Poison","Finisher"],"picked":"SKIP","floor":11},{"not_picked":["Outmaneuver","Endless Agony","Deflect"],"picked":"SKIP","floor":13},{"not_picked":["Tools of the Trade","Dagger Throw","Underhanded Strike"],"picked":"SKIP","floor":14}],"player_experience":1153270,"relics_obtained":[{"floor":7,"key":"Ancient Tea Set"},{"floor":9,"key":"HornCleat"},{"floor":11,"key":"Smiling Mask"},{"floor":14,"key":"MawBank"}],"event_choices":[{"damage_healed":0,"gold_gain":0,"player_choice":"Donut","damage_taken":0,"max_hp_gain":5,"max_hp_loss":0,"event_name":"Big Fish","floor":2,"gold_loss":0},{"damage_healed":0,"gold_gain":0,"player_choice":"Bought 2 Potions","damage_taken":0,"max_hp_gain":0,"max_hp_loss":0,"event_name":"The Woman in Blue","floor":12,"gold_loss":0}],"is_beta":false,"boss_relics":[],"items_purged_floors":[3],"is_endless":false,"potions_floor_spawned":[1,4,13,14],"killed_by":"Slime Boss","ascension_level":20}}