{"host":"6dypmz777xraikqf","time":1609039758,"event":{"mods":["AchievementEnabler","BaseMod","BetterRewards","Colored Map","Colored Powertips","Downfall","Highlight Path","Hubris","Infinite Spire","Minty Spire (QoL Compilation)","Replay The Spire","StSLib"],"gold_per_floor":[110,129,129,129,140,167,167,47,47,60,60,79,113,131,131,235,235,249,249,249,159,177,190,190,204,204,56,56,56,56,85,85,104,104,200,200,210,210,210,210,210,235,235,247,247,247,293,309,323,337,337,337,337],"floor_reached":52,"playtime":2956,"items_purged":["Strike_R","Defend_R"],"score":687,"play_id":"535ce575-f304-47e9-be59-b292671f3cee","local_time":"20201227032918","is_ascension_mode":false,"campfire_choices":[{"data":"Searing Blow","floor":7,"key":"SMITH"},{"floor":15,"key":"DIG"},{"data":"Scorching Beam","floor":30,"key":"SMITH"},{"data":"hubris:DuctTapeCard","floor":32,"key":"SMITH"},{"data":"Carnage","floor":34,"key":"SMITH"},{"floor":43,"key":"REST"},{"data":"Searing Blow+1","floor":51,"key":"SMITH"}],"circlet_count":0,"master_deck":["Strike_R+1","Strike_R+1","Defend_R","Defend_R","Bash","Seeing Red","Shrug It Off","Self Repair+1","Bludgeon+1","Searing Blow+2","Turbo","Carnage+1","Scorching Beam+1","Ghostly Armor","Run Through+1","hubris:DuctTapeCard+2","infinitespire:Collect+1","infinitespire:OneForAll+1","Intimidate+1","Shrug It Off","Reaper","Rampage+1","Offering","CurseOfTheBell","ReplayReversal+1","Spreading Infection","Madness","Madness","Pommel Strike+1","Pommel Strike+1","Body Slam+1","Body Slam+1","True Grit+1","ReplayTheSpireMod:Corrosion Curse+1"],"relics":["Regal Pillow","Iron Core","PreservedInsect","Whetstone","Gambling Chip","Replay:WaspNest","Sozu","hubris:DuctTape","Gremlin Food","infinitespire:BottledMercury","hubris:TinFlute","infinitespire:Beetle Shell","Calling Bell","Potion Belt","Molten Egg 2","Counterbalance","Ring of Misfortune","Ring of Chaos","hubris:Towel","hubris:SlimyHat","infinitespire:WardingShard","Oddly Smooth Stone"],"acts_visited":["Exordium","TheCity","TheBeyond"],"potions_floor_usage":[10,16,16],"damage_taken":[{"damage":1,"enemies":"Cultist","floor":1,"turns":4},{"damage":0,"enemies":"Small Slimes","floor":2,"turns":3},{"damage":0,"enemies":"Jaw Worm","floor":5,"turns":4},{"damage":36,"enemies":"3 Sentries","floor":6,"turns":11},{"damage":12,"enemies":"Large Slime","floor":10,"turns":2},{"damage":7,"enemies":"Blue Slaver","floor":12,"turns":2},{"damage":9,"enemies":"Replay:BlueRogue","floor":13,"turns":2},{"damage":14,"enemies":"Looter","floor":14,"turns":4},{"damage":17,"enemies":"Fading Forest","floor":16,"turns":11},{"damage":5,"enemies":"Shell Parasite","floor":18,"turns":3},{"damage":5,"enemies":"2 Thieves","floor":22,"turns":4},{"damage":2,"enemies":"Centurion and Healer","floor":23,"turns":4},{"damage":6,"enemies":"Chosen and Byrds","floor":25,"turns":3},{"damage":15,"enemies":"Replay:Snechameleon","floor":31,"turns":2},{"damage":15,"enemies":"Snake Plant","floor":33,"turns":3},{"damage":70,"enemies":"Automaton","floor":35,"turns":9},{"damage":21,"enemies":"3 Darklings","floor":37,"turns":3},{"damage":48,"enemies":"Reptomancer","floor":42,"turns":4},{"damage":6,"enemies":"3 Shapes","floor":44,"turns":4},{"damage":14,"enemies":"Jaw Worm Horde","floor":48,"turns":3},{"damage":8,"enemies":"Sphere and 2 Shapes","floor":49,"turns":5},{"damage":10,"enemies":"Writhing Mass","floor":50,"turns":3},{"damage":80,"enemies":"infinitespire:MassOfShapes","floor":52,"turns":10}],"seed_played":"9087283791774377182","potions_obtained":[{"floor":1,"key":"Death Potion"},{"floor":5,"key":"BloodPotion"},{"floor":6,"key":"sneckomod:MuddlingPotion"},{"floor":16,"key":"Swift Potion"}],"is_trial":false,"path_per_floor":["M","M","T","?","M","E","R","$","T","M","?","M","E","M","R_BF","B",null,"M","AVR","T","?","M","M","?","M","T","$","PTL","PTL","R","E","R","M","R","B",null,"M","?","?","?","?","E","R","M","T","?","T","M","M","M","R","B"],"character_chosen":"IRONCLAD","items_purchased":["Turbo","Shrug It Off"],"campfire_rested":1,"item_purchase_floors":[8,27],"current_hp_per_floor":[80,80,80,80,80,54,54,54,54,52,52,55,46,42,42,61,80,75,75,75,75,80,80,80,80,80,80,80,80,80,65,65,64,64,11,80,69,69,59,59,59,27,66,70,70,70,70,56,67,67,67,0,0],"gold":337,"neow_bonus":"","is_daily":false,"chose_seed":false,"campfire_upgraded":5,"win_rate":0.0,"timestamp":1609039758,"path_taken":["M","M","?","?","M","E","R","?","T","?","?","M","E","M","R_BF","BOSS","M","AVR","?","?","?","M","?","?","T","?","PTL","PTL","R","E","R","M","R","BOSS","M","?","?","?","?","E","R","M","T","?","?","?","M","M","R","BOSS"],"items_purchased_type":["Card","Card"],"build_version":"2020-12-22","purchased_purges":2,"victory":false,"max_hp_per_floor":[80,80,80,80,80,80,80,80,80,80,80,80,80,80,80,80,80,80,80,80,80,80,80,80,80,80,80,80,80,80,80,80,80,80,80,80,80,80,80,80,80,80,80,80,80,80,80,80,80,80,80,80,80],"card_choices":[{"not_picked":["Flex","Replay:Undeath\u0027s Touch"],"picked":"Seeing Red","floor":1},{"not_picked":["Abandon","Power Through"],"picked":"Shrug It Off","floor":2},{"not_picked":["Second Wind","Rebound"],"picked":"Bludgeon","floor":5},{"not_picked":["ReplayTheSpireMod:Corrosion Curse","Dark Embrace"],"picked":"Searing Blow","floor":6},{"not_picked":["Iron Wave","Beam Cell"],"picked":"Clash","floor":10},{"not_picked":["Infernal Blade","Warcry"],"picked":"Carnage","floor":12},{"not_picked":["Flame Barrier","Run Through"],"picked":"Scorching Beam","floor":13},{"not_picked":["Shockwave","Disarm"],"picked":"Ghostly Armor","floor":14},{"not_picked":["Thunderclap","Anger"],"picked":"Run Through+1","floor":18},{"not_picked":["Anger","Dropkick"],"picked":"infinitespire:OneForAll+1","floor":22},{"not_picked":["Seeing Red","Headbutt+1"],"picked":"Intimidate+1","floor":23},{"not_picked":["Twin Strike","ReplayTheSpireMod:Limb From Limb","Reckless Charge"],"picked":"SKIP","floor":25},{"not_picked":["Warcry","Replay:Undeath\u0027s Touch"],"picked":"Reaper","floor":31},{"not_picked":["Massacre","Clothesline"],"picked":"Rampage+1","floor":33},{"not_picked":["Demon Form","Impervious"],"picked":"Offering","floor":35},{"not_picked":["Perfected Strike+1","Sword Boomerang+1"],"picked":"ReplayReversal+1","floor":37},{"not_picked":["Replay:Undeath\u0027s Touch+1","Whirlwind+1"],"picked":"Pommel Strike+1","floor":42},{"not_picked":["Armaments+1","Power Through"],"picked":"Pommel Strike+1","floor":44},{"not_picked":["ReplayTheSpireMod:Strike From Hell+1","Sword Boomerang+1"],"picked":"Body Slam+1","floor":48},{"not_picked":["Carnage+1","Fire Breathing+1"],"picked":"True Grit+1","floor":49},{"not_picked":["Seeing Red","Armaments"],"picked":"ReplayTheSpireMod:Corrosion Curse+1","floor":50}],"player_experience":5488,"relics_obtained":[{"floor":3,"key":"Regal Pillow"},{"floor":6,"key":"PreservedInsect"},{"floor":9,"key":"Whetstone"},{"floor":13,"key":"Gambling Chip"},{"floor":15,"key":"Replay:WaspNest"},{"floor":20,"key":"Gremlin Food"},{"floor":26,"key":"hubris:TinFlute"},{"floor":31,"key":"infinitespire:Beetle Shell"},{"floor":36,"key":"Potion Belt"},{"floor":36,"key":"Molten Egg 2"},{"floor":36,"key":"Counterbalance"},{"floor":38,"key":"Ring of Misfortune"},{"floor":38,"key":"Ring of Chaos"},{"floor":42,"key":"hubris:SlimyHat"},{"floor":45,"key":"infinitespire:WardingShard"},{"floor":47,"key":"Oddly Smooth Stone"}],"event_choices":[{"cards_removed":["Defend_R"],"damage_healed":0,"gold_gain":0,"player_choice":"Offered Basic","damage_taken":0,"max_hp_gain":0,"max_hp_loss":0,"event_name":"Bonfire Elementals","floor":11,"gold_loss":0},{"cards_removed":["Strike_R"],"damage_healed":0,"gold_gain":0,"player_choice":"Upgrade and Remove","damage_taken":0,"max_hp_gain":0,"max_hp_loss":0,"event_name":"Designer","floor":21,"gold_loss":90,"cards_upgraded":["infinitespire:Collect"]},{"damage_healed":0,"gold_gain":0,"player_choice":"Gave Potion","damage_taken":0,"relics_obtained":["infinitespire:BottledMercury"],"max_hp_gain":0,"max_hp_loss":0,"event_name":"WeMeetAgain","floor":24,"gold_loss":0},{"damage_healed":0,"gold_gain":0,"player_choice":"Embrace Madness","damage_taken":10,"max_hp_gain":0,"max_hp_loss":0,"event_name":"Winding Halls","floor":39,"gold_loss":0,"cards_obtained":["Madness","Madness"]},{"damage_healed":0,"gold_gain":0,"player_choice":"Ignored","damage_taken":0,"max_hp_gain":0,"max_hp_loss":0,"event_name":"Tomb of Lord Red Mask","floor":40,"gold_loss":0}],"is_beta":false,"boss_relics":[{"not_picked":["hubris:ScarierMask","Tiny House"],"picked":"Sozu"},{"not_picked":["Replay:Wanted Poster","Kintsugi"],"picked":"Calling Bell"}],"items_purged_floors":[8,27],"is_endless":false,"potions_floor_spawned":[1,5,6,16,22,23,33,37,42,48],"killed_by":"infinitespire:MassOfShapes","ascension_level":0}}