{"host":"szp1d6dso4pv7ddl","time":1609050380,"event":{"mods":["AchievementEnabler","Alarm Clock","BaseMod","Bestiary","Block Reminder","Colored Map","Colored Powertips","Curses Come First","Displayed Cursed Tome","Highlight Path","Minty Spire (QoL Compilation)","Permanent Neow","Quick Restart","Relic Sorter","Relic Stats","StSLib","Synergy Search"],"gold_per_floor":[113,131,33,33,45,45,77,77,77,77,96,127,127,155,155,155,155],"floor_reached":16,"playtime":860,"items_purged":[],"score":195,"play_id":"74d7aa15-a1f4-46d5-9e3c-da269634c8ac","local_time":"20201226222620","is_ascension_mode":true,"campfire_choices":[{"data":"Blade Dance","floor":6,"key":"SMITH"},{"floor":8,"key":"REST"},{"floor":10,"key":"REST"},{"floor":15,"key":"REST"}],"circlet_count":0,"master_deck":["AscendersBane","Strike_G","Strike_G","Strike_G","Strike_G","Strike_G","Defend_G","Defend_G","Defend_G","Defend_G","Survivor","Neutralize","Doppelganger","Dagger Spray","Dagger Throw","Blade Dance+1","Dagger Throw","Choke","Infinite Blades","Acrobatics","Blade Dance","Flying Knee"],"relics":["Ring of the Snake","StrikeDummy","Blood Vial","Bottled Lightning","Tiny Chest"],"acts_visited":["Exordium"],"potions_floor_usage":[7,14],"damage_taken":[{"damage":0,"enemies":"Small Slimes","floor":1,"turns":6},{"damage":4,"enemies":"Cultist","floor":2,"turns":4},{"damage":1,"enemies":"Jaw Worm","floor":5,"turns":3},{"damage":43,"enemies":"Lagavulin","floor":7,"turns":7},{"damage":4,"enemies":"Looter","floor":11,"turns":3},{"damage":25,"enemies":"3 Sentries","floor":12,"turns":5},{"damage":25,"enemies":"Lagavulin","floor":14,"turns":4},{"damage":32,"enemies":"Slime Boss","floor":16,"turns":5}],"seed_played":"3706286079202218861","potions_obtained":[{"floor":5,"key":"EssenceOfSteel"},{"floor":7,"key":"SpeedPotion"},{"floor":12,"key":"Weak Potion"}],"is_trial":false,"path_per_floor":["M","M","$","?","M","R","E","R","T","R","M","E","?","E","R","B"],"character_chosen":"THE_SILENT","items_purchased":["Blade Dance","Dagger Throw"],"campfire_rested":3,"item_purchase_floors":[3,3],"current_hp_per_floor":[63,59,59,59,58,58,15,36,36,57,55,32,32,9,30,0,0],"gold":155,"neow_bonus":"ONE_RANDOM_RARE_CARD","is_daily":false,"chose_seed":false,"campfire_upgraded":1,"win_rate":0.0,"timestamp":1609050380,"path_taken":["M","M","$","?","M","R","E","R","T","R","?","E","?","E","R","BOSS"],"items_purchased_type":["Card","Card"],"build_version":"2020-12-22","purchased_purges":0,"victory":false,"max_hp_per_floor":[70,70,70,70,70,70,70,70,70,70,70,70,70,70,70,70,70],"relic_stats":{"Blood Vial":8,"counters":[8,37],"Tiny Chest":0,"obtain_stats":[{"Blood Vial":9,"Tiny Chest":14,"Bottled Lightning":12,"StrikeDummy":7,"Ring of the Snake":0},{"Blood Vial":4,"Tiny Chest":7,"Bottled Lightning":6,"StrikeDummy":4,"Ring of the Snake":0},{"Blood Vial":20,"Tiny Chest":32,"Bottled Lightning":28,"StrikeDummy":20,"Ring of the Snake":0}],"Ring of the Snake":[16]},"card_choices":[{"not_picked":["Prepared","Flechettes"],"picked":"Dagger Spray","floor":1},{"not_picked":["Footwork","Slice"],"picked":"Dagger Throw","floor":2},{"not_picked":["Sucker Punch","Footwork"],"picked":"Infinite Blades","floor":5},{"not_picked":["Flying Knee","All Out Attack"],"picked":"Acrobatics","floor":7},{"not_picked":["Flying Knee","Bane"],"picked":"Blade Dance","floor":11},{"not_picked":["Grand Finale","Storm of Steel"],"picked":"Flying Knee","floor":12},{"not_picked":["Catalyst","Underhanded Strike","Poisoned Stab"],"picked":"SKIP","floor":14}],"player_experience":1029581,"relics_obtained":[{"floor":7,"key":"StrikeDummy"},{"floor":9,"key":"Blood Vial"},{"floor":12,"key":"Bottled Lightning"},{"floor":14,"key":"Tiny Chest"}],"event_choices":[{"damage_healed":0,"gold_gain":0,"cards_transformed":["Defend_G"],"player_choice":"Transformed","damage_taken":0,"max_hp_gain":0,"max_hp_loss":0,"event_name":"Transmorgrifier","floor":4,"gold_loss":0,"cards_obtained":["Choke"]},{"damage_healed":0,"gold_gain":0,"player_choice":"Ignored","damage_taken":0,"max_hp_gain":0,"max_hp_loss":0,"event_name":"Shining Light","floor":13,"gold_loss":0}],"is_beta":false,"boss_relics":[],"items_purged_floors":[],"is_endless":false,"potions_floor_spawned":[5,7,12],"killed_by":"Slime Boss","ascension_level":13}}