{"host":"51dweoxrcspgw6ri","time":1609056825,"event":{"mods":["BaseMod","Colored Map","Colored Powertips","Minty Spire (QoL Compilation)","Rare Cards Sparkle","Relic Stats","StSLib","SuperFastMode","The Bug Knight"],"gold_per_floor":[110,110,39,58,78,112,112,131,206,206,240,258,278,304,304,411,411,435,213,138,147,156,194,194,232,317,335,354,354,42,68,68,68,68],"floor_reached":33,"playtime":1973,"items_purged":[],"score":342,"play_id":"7ddbb14a-fa0c-41e9-beca-bf8e96330122","local_time":"20201227091345","is_ascension_mode":true,"campfire_choices":[{"data":"HollowMod:MothsMistake","floor":7.0,"key":"SMITH"},{"data":"HollowMod:SiblingsSouls","floor":15.0,"key":"SMITH"},{"data":"HollowMod:SlysStrikes","floor":24,"key":"SMITH"},{"data":"HollowMod:RadiancesLament","floor":29,"key":"SMITH"},{"data":"HollowMod:MantisMark","floor":32,"key":"SMITH"}],"circlet_count":0,"master_deck":["HollowMod:NailStrikeStart","HollowMod:NailStrikeStart","HollowMod:NailStrikeStart","HollowMod:QuickDashStart","HollowMod:QuickDashStart","HollowMod:QuickDashStart","HollowMod:QuickDashStart","HollowMod:FocusHealStart+1","HollowMod:PogoStrike","HollowMod:MonomonsArchive","HollowMod:SoulStrike","HollowMod:GoodIntentions","HollowMod:SiblingsSouls+1","HollowMod:MothsMistake+1","HollowMod:CycloneSlash","HollowMod:InfectedCysts","Deep Breath","HollowMod:SoulSplash","HollowMod:NewLittleFool","HollowMod:CycloneSlash","HollowMod:SlysStrikes+1","HollowMod:SiblingsSouls+1","HollowMod:MantisMark+1","Writhe","Regret","HollowMod:RadiancesLament+1","HollowMod:CloakDash+1","Parasite","HollowMod:NewLittleFool"],"relics":["HollowMod:VesselMask","CaptainsWheel","Bottled Lightning","CeramicFish","Cursed Key","Bag of Preparation","Meat on the Bone","Mummified Hand","Ornamental Fan","HollowMod:LifeEnderRelic","Matryoshka","Ice Cream"],"acts_visited":["Exordium","TheCity"],"potions_floor_usage":[23,28,33,33],"damage_taken":[{"damage":4.0,"enemies":"Jaw Worm","floor":1.0,"turns":4.0},{"damage":4.0,"enemies":"2 Louse","floor":4.0,"turns":3.0},{"damage":0.0,"enemies":"Cultist","floor":5.0,"turns":3.0},{"damage":37.0,"enemies":"3 Sentries","floor":6.0,"turns":11.0},{"damage":7.0,"enemies":"Lots of Slimes","floor":8.0,"turns":3.0},{"damage":8.0,"enemies":"HollowMod:MossKnight","floor":11.0,"turns":9.0},{"damage":4.0,"enemies":"Exordium Wildlife","floor":12.0,"turns":1.0},{"damage":3.0,"enemies":"Blue Slaver","floor":13.0,"turns":4.0},{"damage":14.0,"enemies":"HollowMod:HuskWarrior","floor":14.0,"turns":3.0},{"damage":32.0,"enemies":"Hexaghost","floor":16.0,"turns":10.0},{"damage":25,"enemies":"Shell Parasite","floor":18,"turns":5},{"damage":38,"enemies":"HollowMod:Nosk","floor":23,"turns":7},{"damage":4,"enemies":"Gremlin Leader","floor":25,"turns":5},{"damage":5,"enemies":"3 Byrds","floor":27,"turns":5},{"damage":30,"enemies":"Snake Plant","floor":28,"turns":5},{"damage":7,"enemies":"Cultist and Chosen","floor":31,"turns":5},{"damage":65,"enemies":"Collector","floor":33,"turns":7}],"seed_played":"-2091954600502845364","potions_obtained":[{"floor":4.0,"key":"Energy Potion"},{"floor":5.0,"key":"Regen Potion"},{"floor":11.0,"key":"SpeedPotion"},{"floor":12.0,"key":"Dexterity Potion"},{"floor":13.0,"key":"SmokeBomb"},{"floor":14.0,"key":"Dexterity Potion"},{"floor":23,"key":"Dexterity Potion"},{"floor":27,"key":"SkillPotion"},{"floor":31,"key":"Dexterity Potion"}],"is_trial":false,"path_per_floor":["M","?","$","M","M","E","R","M","T","?","E","M","M","M","R","B",null,"M","$","?","?","T","E","R","E","T","M","M","R","$","M","R","B"],"character_chosen":"THE_BUGKNIGHT","items_purchased":["HollowMod:SoulStrike","HollowMod:GoodIntentions","Bag of Preparation","HollowMod:MantisMark","Ice Cream"],"campfire_rested":0,"item_purchase_floors":[3,3,19,19,30],"current_hp_per_floor":[75,75,75,75,75,62,62,55,55,55,59,55,52,44,44,24,75,56,56,56,56,56,46,46,48,48,53,41,41,41,44,44,0,0],"gold":68,"neow_bonus":"UPGRADE_CARD","is_daily":false,"chose_seed":false,"campfire_upgraded":5,"win_rate":0.0,"timestamp":1609056825,"path_taken":["M","?","$","M","M","E","R","M","T","?","E","?","M","M","R","BOSS","M","$","?","?","?","E","R","E","T","M","?","R","$","M","R","BOSS"],"items_purchased_type":["Card","Card","Relic","Card","Relic"],"build_version":"2020-12-22","purchased_purges":0,"victory":false,"max_hp_per_floor":[75,75,75,75,75,75,75,75,75,75,75,75,75,75,75,75,75,75,75,75,75,75,75,75,75,75,75,75,75,75,75,75,75,75],"relic_stats":{"counters":[17,90],"Mummified Hand":[14],"Ornamental Fan":[48],"CeramicFish":108,"Bag of Preparation":[12],"Cursed Key":2,"obtain_stats":[{"Ice Cream":30,"CaptainsWheel":6,"HollowMod:LifeEnderRelic":25,"Matryoshka":26,"Mummified Hand":22,"Ornamental Fan":23,"CeramicFish":11,"HollowMod:VesselMask":0,"Bag of Preparation":19,"Bottled Lightning":9,"Cursed Key":17,"Meat on the Bone":21},{"Ice Cream":15,"CaptainsWheel":4,"HollowMod:LifeEnderRelic":13,"Matryoshka":13,"Mummified Hand":11,"Ornamental Fan":12,"CeramicFish":6,"HollowMod:VesselMask":0,"Bag of Preparation":11,"Bottled Lightning":5,"Cursed Key":10,"Meat on the Bone":11},{"Ice Cream":78,"CaptainsWheel":21,"HollowMod:LifeEnderRelic":68,"Matryoshka":68,"Mummified Hand":56,"Ornamental Fan":63,"CeramicFish":33,"HollowMod:VesselMask":0,"Bag of Preparation":56,"Bottled Lightning":24,"Cursed Key":51,"Meat on the Bone":56}],"Meat on the Bone":24},"card_choices":[{"not_picked":["HollowMod:DescendingDark","HollowMod:VengefulVoid"],"picked":"HollowMod:MonomonsArchive","floor":1.0},{"not_picked":["HollowMod:BaldurShell","HollowMod:VengefulVoid"],"picked":"HollowMod:SiblingsSouls","floor":4.0},{"not_picked":["HollowMod:DashSlash","HollowMod:NewGlowingWomb"],"picked":"HollowMod:MothsMistake","floor":5.0},{"not_picked":["HollowMod:SoulStrike","HollowMod:GreatSlash"],"picked":"HollowMod:CycloneSlash","floor":6.0},{"not_picked":["HollowMod:SharpenedNail","HollowMod:ShapeofUnn"],"picked":"HollowMod:InfectedCysts","floor":8.0},{"not_picked":["HollowMod:NewJinnsSoul","HollowMod:HowlingWraiths"],"picked":"HollowMod:SoulSplash","floor":11.0},{"not_picked":["HollowMod:DescendingDark","HollowMod:MonomonsArchive","HollowMod:NewGlowingWomb"],"picked":"SKIP","floor":12.0},{"not_picked":["HollowMod:CrystalDash","HollowMod:SharpenedShadows"],"picked":"HollowMod:NewLittleFool","floor":13.0},{"not_picked":["HollowMod:BlackTendrils","HollowMod:ShadowDash"],"picked":"HollowMod:CycloneSlash","floor":14.0},{"not_picked":["HollowMod:SoulMaster","HollowMod:VoidDash"],"picked":"HollowMod:SlysStrikes","floor":16.0},{"not_picked":["HollowMod:NewJinnsSoul","HollowMod:MonarchWings+1"],"picked":"HollowMod:SiblingsSouls+1","floor":18},{"not_picked":["HollowMod:MonarchWings","HollowMod:SoulVessel+1"],"picked":"HollowMod:RadiancesLament","floor":23},{"not_picked":["HollowMod:HeavyBlow","HollowMod:WraithStrike"],"picked":"HollowMod:CloakDash+1","floor":25},{"not_picked":["HollowMod:BlackTendrils","HollowMod:NewJinnsSoul","HollowMod:ShadowDash"],"picked":"SKIP","floor":27},{"not_picked":["HollowMod:MonomonsArchive","HollowMod:LifebloodCocoon","HollowMod:InfectedAttack"],"picked":"SKIP","floor":28},{"not_picked":["HollowMod:SoulVessel","HollowMod:TaintedHusks"],"picked":"HollowMod:NewLittleFool","floor":31}],"player_experience":548888,"relics_obtained":[{"floor":6.0,"key":"CaptainsWheel"},{"floor":9.0,"key":"Bottled Lightning"},{"floor":11.0,"key":"CeramicFish"},{"floor":22,"key":"Mummified Hand"},{"floor":23,"key":"Ornamental Fan"},{"floor":25,"key":"HollowMod:LifeEnderRelic"},{"floor":26,"key":"Matryoshka"}],"event_choices":[{"damage_healed":0.0,"max_hp_gain":0.0,"max_hp_loss":0.0,"gold_gain":0.0,"event_name":"Match and Keep!","player_choice":"1 cards matched","floor":10.0,"gold_loss":0.0,"damage_taken":0.0,"cards_obtained":["Deep Breath"]},{"cards_removed":["HollowMod:NailStrikeStart"],"damage_healed":0,"gold_gain":0,"player_choice":"Gave Gold","damage_taken":0,"max_hp_gain":0,"max_hp_loss":0,"event_name":"Beggar","floor":20,"gold_loss":75},{"damage_healed":0,"gold_gain":0,"player_choice":"Opened","damage_taken":0,"relics_obtained":["Meat on the Bone"],"max_hp_gain":0,"max_hp_loss":0,"event_name":"The Mausoleum","floor":21,"gold_loss":0,"cards_obtained":["Writhe"]}],"is_beta":false,"boss_relics":[{"not_picked":["Fusion Hammer","Runic Pyramid"],"picked":"Cursed Key"}],"items_purged_floors":[],"is_endless":false,"potions_floor_spawned":[4,5,11,12,13,14,23,27,31],"killed_by":"Collector","ascension_level":3}}