{"host":"uua02xqorlefedoe","time":1609038697,"event":{"mods":["AchievementEnabler","BaseMod","Bestiary","Colored Map","DeckTracker","Googly Eyes","Minty Spire (QoL Compilation)","Quick Restart","StSLib"],"gold_per_floor":[113,113,128,139,151,186,203,203,228,246,275,294,319,338,338,338,338],"floor_reached":16,"playtime":864,"items_purged":[],"score":183,"play_id":"9827bb1e-c20d-4e66-bb03-f507fb064925","local_time":"20201227031137","is_ascension_mode":true,"campfire_choices":[{"data":"Bouncing Flask","floor":8.0,"key":"SMITH"},{"data":"Neutralize","floor":15.0,"key":"SMITH"}],"circlet_count":0,"master_deck":["Strike_G","Strike_G","Strike_G","Strike_G","Defend_G","Defend_G","Defend_G","Defend_G","Defend_G","Survivor","Neutralize+1","Bouncing Flask+1","Flying Knee","All Out Attack","Choke","Leg Sweep","Skewer","Quick Slash","Acrobatics","Dodge and Roll","PiercingWail"],"relics":["Coffee Dripper","Tiny Chest","Pen Nib","Akabeko","Dream Catcher"],"acts_visited":["Exordium"],"potions_floor_usage":[16],"damage_taken":[{"damage":0.0,"enemies":"Small Slimes","floor":1.0,"turns":5.0},{"damage":0.0,"enemies":"Cultist","floor":3.0,"turns":4.0},{"damage":0.0,"enemies":"2 Louse","floor":4.0,"turns":2.0},{"damage":8.0,"enemies":"Exordium Wildlife","floor":5.0,"turns":4.0},{"damage":25.0,"enemies":"3 Sentries","floor":6.0,"turns":7.0},{"damage":8.0,"enemies":"Gremlin Gang","floor":7.0,"turns":5.0},{"damage":6.0,"enemies":"Looter","floor":10.0,"turns":3.0},{"damage":8.0,"enemies":"Gremlin Nob","floor":11.0,"turns":3.0},{"damage":0.0,"enemies":"Lots of Slimes","floor":12.0,"turns":4.0},{"damage":2.0,"enemies":"3 Sentries","floor":13.0,"turns":4.0},{"damage":1.0,"enemies":"Exordium Thugs","floor":14.0,"turns":4.0},{"damage":6,"enemies":"The Guardian","floor":16,"turns":5}],"seed_played":"-5582473554110888481","potions_obtained":[{"floor":4.0,"key":"Swift Potion"},{"floor":5.0,"key":"LiquidBronze"},{"floor":7.0,"key":"Strength Potion"},{"floor":11.0,"key":"CunningPotion"}],"is_trial":false,"path_per_floor":["M","?","M","M","M","E","M","R","T","M","E","M","E","M","R","B"],"character_chosen":"THE_SILENT","items_purchased":[],"campfire_rested":0,"item_purchase_floors":[],"current_hp_per_floor":[63,63,63,63,55,30,22,22,22,16,8,8,6,5,5,0,0],"gold":338,"neow_bonus":"BOSS_RELIC","is_daily":false,"chose_seed":false,"campfire_upgraded":2,"win_rate":0.0,"timestamp":1609038697,"path_taken":["M","?","M","M","M","E","M","R","T","M","E","?","E","M","R","BOSS"],"items_purchased_type":[],"build_version":"2020-12-22","purchased_purges":0,"victory":false,"max_hp_per_floor":[70,70,70,70,70,70,70,70,70,70,70,70,70,70,70,70,70],"card_choices":[{"not_picked":["Flying Knee","Backflip"],"picked":"Bouncing Flask","floor":1.0},{"not_picked":["PiercingWail","Acrobatics"],"picked":"Flying Knee","floor":3.0},{"not_picked":["Deflect","Prepared"],"picked":"All Out Attack","floor":4.0},{"not_picked":["Deflect","Flying Knee"],"picked":"Choke","floor":5.0},{"not_picked":["Endless Agony","Sucker Punch"],"picked":"Leg Sweep","floor":6.0},{"not_picked":["Outmaneuver","Acrobatics"],"picked":"Skewer","floor":7.0},{"not_picked":["Deadly Poison","Slice"],"picked":"Quick Slash","floor":10.0},{"not_picked":["Storm of Steel","Endless Agony"],"picked":"Acrobatics","floor":11.0},{"not_picked":["Predator","Deadly Poison"],"picked":"Dodge and Roll","floor":12.0},{"not_picked":["Catalyst","Underhanded Strike","Outmaneuver"],"picked":"SKIP","floor":13.0},{"not_picked":["Masterful Stab","Prepared"],"picked":"PiercingWail","floor":14.0}],"player_experience":492031,"relics_obtained":[{"floor":6.0,"key":"Tiny Chest"},{"floor":9.0,"key":"Pen Nib"},{"floor":11.0,"key":"Akabeko"},{"floor":13.0,"key":"Dream Catcher"}],"event_choices":[{"cards_removed":["Strike_G"],"damage_healed":0.0,"max_hp_gain":0.0,"max_hp_loss":0.0,"gold_gain":0.0,"event_name":"Bonfire Elementals","player_choice":"Offered Basic","floor":2.0,"gold_loss":0.0,"damage_taken":0.0}],"is_beta":false,"boss_relics":[],"items_purged_floors":[],"is_endless":false,"potions_floor_spawned":[4,5,7,11],"killed_by":"The Guardian","ascension_level":9}}