{"host":"m4hcknw9g39vw3hn","time":1609072796,"event":{"mods":["Act Like it!","BaseMod","Downfall","Hermit","KomeijiMod","Lobotomy","LobotomyExtend","Marisa（F雨　魔理沙）","Minty Spire (QoL Compilation)","Quick Restart","Remilia（蕾米莉亚）","RumiaBox-露米娅的神秘盒子","Shop Mod","Spicy Shops","StSLib","[IsaacMod]以撒尖塔"],"gold_per_floor":[99,99,199,199,199,199,199,199,199,299,328,356,356,356,373,485,485,485,485,511,531,531,548,548,575,605,646,571,583,603,630,657,763,763,763,788,705,729,752,771,771,796,854,879,904,914,1078,1097,1115,1115,1115],"floor_reached":52,"playtime":4732,"items_purged":[],"score":715,"play_id":"8eee1238-831a-4ad4-8272-c9afbf79e042","local_time":"20201227203956","is_ascension_mode":false,"campfire_choices":[{"data":"hexamod:Strike","floor":1.0,"key":"SMITH"},{"data":"hexamod:SoulSteal","floor":13.0,"key":"SMITH"},{"data":"hexamod:DynamicBlow","floor":18.0,"key":"SMITH"},{"floor":28.0,"key":"REST"},{"floor":35,"key":"RECALL"}],"circlet_count":0,"master_deck":["hexamod:Strike+1","hexamod:Strike+1","hexamod:Strike+1","hexamod:Defend+1","hexamod:Defend+1","hexamod:Defend+1","hexamod:Defend+1","hexamod:Sear+1","hexamod:Float+1","EpicFetus+1","hexamod:SecondSeal","hexamod:ThirdSeal","hexamod:FirstSeal","hexamod:StepThrough+1","hexamod:SoulSteal+1","hexamod:SkipABeat+1","hexamod:DynamicBlow+1","hexamod:VolcanoVisage+1","hexamod:TimeOfNeed","hexamod:EmpoweringStance+1","PerfectMaid+1","hexamod:NecessarySacrifice+1","hexamod:Rewind+1","hexamod:SoulSteal+1","hexamod:HexaLevel+1","hexamod:SixthSeal","hexamod:PhantomFireball+1","hexamod:DynamicBlow+1","hexamod:TimeWarp+1","hexamod:WildfireWeapon+1","Parasite","hexamod:FifthSeal"],"relics":["hexamod:SpiritBrand","HushsDoor","MoneyPower","downfall:HeartsMalice","LetterFromLob","Bag of Marbles","Heaven_r","Toy Ornithopter","Runic Dome","Mummified Hand","Red Mask","GodSword4","downfall:HeartBlessingGreen","SoulBox","Toolbox","GodSword1","Mango","Bronze Scales"],"acts_visited":["Exordium","TheCity","TheBeyond"],"potions_floor_usage":[33,47],"damage_taken":[{"damage":0.0,"enemies":"Jaw Worm","floor":2.0,"turns":1.0},{"damage":0.0,"enemies":"Cultist","floor":5.0,"turns":1.0},{"damage":0.0,"enemies":"Small Slimes","floor":6.0,"turns":1.0},{"damage":30.0,"enemies":"Gremlin Nob","floor":8.0,"turns":4.0},{"damage":5.0,"enemies":"Blue Slaver","floor":9.0,"turns":8.0},{"damage":47.0,"enemies":"Blue Slaver","floor":9.0,"turns":4.0},{"damage":10.0,"enemies":"3 Sentries","floor":11.0,"turns":3.0},{"damage":4.0,"enemies":"Blue Slaver","floor":12.0,"turns":4.0},{"damage":4.0,"enemies":"Exordium Thugs","floor":15.0,"turns":3.0},{"damage":26.0,"enemies":"downfall:Watcher","floor":16.0,"turns":7.0},{"damage":7.0,"enemies":"Spheric Guardian","floor":20.0,"turns":4.0},{"damage":2.0,"enemies":"Centurion and Healer","floor":21.0,"turns":5.0},{"damage":29.0,"enemies":"Snake Plant","floor":23.0,"turns":4.0},{"damage":19.0,"enemies":"Chosen and Byrds","floor":25.0,"turns":7.0},{"damage":0.0,"enemies":"Masked Bandits","floor":26.0,"turns":1.0},{"damage":42.0,"enemies":"Gremlin Leader","floor":27.0,"turns":7.0},{"damage":0.0,"enemies":"Snecko","floor":29.0,"turns":4.0},{"damage":3.0,"enemies":"Centurion and Healer","floor":30.0,"turns":6.0},{"damage":25.0,"enemies":"Shelled Parasite and Fungi","floor":31.0,"turns":6.0},{"damage":6,"enemies":"Chosen and Byrds","floor":32,"turns":5},{"damage":7,"enemies":"downfall:Defect","floor":33,"turns":8},{"damage":13,"enemies":"Orb Walker","floor":36,"turns":3},{"damage":4,"enemies":"downfall:FleeingMerchant","floor":37,"turns":4},{"damage":0,"enemies":"3 Darklings","floor":38,"turns":1},{"damage":2,"enemies":"Spire Growth","floor":39,"turns":4},{"damage":0,"enemies":"Transient","floor":40,"turns":5},{"damage":1,"enemies":"4 Shapes","floor":42,"turns":4},{"damage":15,"enemies":"Mind Bloom Boss Battle","floor":43,"turns":5},{"damage":27,"enemies":"Writhing Mass","floor":44,"turns":4},{"damage":0,"enemies":"Transient","floor":45,"turns":5},{"damage":0,"enemies":"Jaw Worm Horde","floor":46,"turns":2},{"damage":0,"enemies":"downfall:FleeingMerchant","floor":47,"turns":3},{"damage":27,"enemies":"Writhing Mass","floor":48,"turns":3},{"damage":20,"enemies":"Spire Growth","floor":49,"turns":4},{"damage":5,"enemies":"downfall:Ironclad","floor":50,"turns":4}],"seed_played":"-634408278214818096","potions_obtained":[{"floor":12.0,"key":"champ:CounterPotion"},{"floor":20.0,"key":"FearPotion"},{"floor":21.0,"key":"Fruit Juice"},{"floor":29.0,"key":"AttackPotion"},{"floor":30.0,"key":"Swift Potion"},{"floor":31.0,"key":"Regen Potion"},{"floor":32,"key":"Energy Potion"},{"floor":38,"key":"FearPotion"},{"floor":48,"key":"Fire Potion"}],"is_trial":false,"path_per_floor":["R","M","?","?","M","M","T","E","M","?","E","M","R","?","M","B",null,"R","?","M","M","?","M","T","M","?","E","R","M","M","M","M","B",null,"R","M","$","M","M","M","T","M","?","M","M","M","$","M","M","B",null,null],"character_chosen":"THE_SPIRIT","items_purchased":["Toolbox","Bronze Scales","hexamod:FifthSeal"],"campfire_rested":1,"item_purchase_floors":[37,47,47],"current_hp_per_floor":[70,70,70,63,63,63,63,40,23,23,20,23,23,23,26,12,70,70,70,70,70,70,48,48,46,46,11,33,33,37,24,25,35,75,75,69,72,72,71,75,75,74,80,60,67,74,79,52,39,41,41],"gold":1115,"neow_bonus":"THREE_ENEMY_KILL","is_daily":false,"chose_seed":false,"campfire_upgraded":3,"win_rate":0.0,"timestamp":1609072796,"path_taken":["R","M","?","?","M","?","T","E","M","?","E","M","R","?","M","BOSS","R","?","M","M","?","M","T","M","?","E","R","M","?","?","M","BOSS","R","M","$","M","M","M","T","M","?","?","M","M","$","M","M","BOSS"],"items_purchased_type":["Relic","Relic","Card"],"build_version":"2020-12-22","purchased_purges":0,"victory":true,"max_hp_per_floor":[70,70,70,70,70,70,70,70,70,70,70,70,70,70,70,70,70,70,70,70,70,70,70,70,75,75,75,75,75,75,75,75,75,75,75,75,75,75,75,75,75,75,89,89,89,89,89,89,89,86,86],"card_choices":[{"not_picked":[],"picked":"EpicFetus","floor":0.0},{"not_picked":["hexamod:ChargedBarrage","hexamod:NightmareGuise"],"picked":"hexamod:SecondSeal","floor":2.0},{"not_picked":["hexamod:Haunt","hexamod:NightmareStrike"],"picked":"hexamod:ThirdSeal","floor":3.0},{"not_picked":["hexamod:EmpoweredFlame","hexamod:HauntingEcho"],"picked":"hexamod:StepThrough","floor":5.0},{"not_picked":["hexamod:StepThrough","hexamod:Incineration"],"picked":"hexamod:SoulSteal","floor":6.0},{"not_picked":["hexamod:SpectersWail","hexamod:GhostShield"],"picked":"hexamod:SkipABeat","floor":8.0},{"not_picked":["hexamod:GhostShield","hexamod:SixthSeal","hexamod:Again"],"picked":"SKIP","floor":8.0},{"not_picked":["hexamod:InspiringFlames","hexamod:SpectersWail"],"picked":"hexamod:DynamicBlow","floor":10.0},{"not_picked":["hexamod:HauntingEcho","hexamod:ShieldOfDarkness"],"picked":"hexamod:VolcanoVisage","floor":11.0},{"not_picked":["hexamod:HauntingEcho","hexamod:BurningTouch"],"picked":"hexamod:TimeOfNeed","floor":11.0},{"not_picked":["hexamod:BacktrackSmack","hexamod:GhostShield","hexamod:ThermalTransfer"],"picked":"SKIP","floor":12.0},{"not_picked":["hexamod:HeatCrush","hexamod:Firestarter","hexamod:NightmareStrike"],"picked":"SKIP","floor":12.0},{"not_picked":["hexamod:GhostShield","hexamod:NightmareStrike"],"picked":"Bomb","floor":15.0},{"not_picked":["hexamod:CrushingStance","hexamod:SearingWound"],"picked":"hexamod:EmpoweringStance","floor":16.0},{"not_picked":["hexamod:GhostOfSpirePast","hexamod:AdvancingGuard+1"],"picked":"hexamod:NecessarySacrifice+1","floor":20.0},{"not_picked":["hexamod:AdvancingGuard","hexamod:Hexaguard","hexamod:PhantomCloak"],"picked":"SKIP","floor":21.0},{"not_picked":["hexamod:Firestarter","hexamod:NecessarySacrifice","hexamod:NightmareStrike"],"picked":"SKIP","floor":21.0},{"not_picked":["hexamod:RainOfEmbers","hexamod:NightmareStrike"],"picked":"hexamod:Rewind","floor":23.0},{"not_picked":["hexamod:ThermalTransfer","hexamod:InspiringFlames","hexamod:GhostLash"],"picked":"SKIP","floor":23.0},{"not_picked":["hexamod:GhostflameBarrier","hexamod:BacktrackSmack"],"picked":"hexamod:SoulSteal","floor":25.0},{"not_picked":["hexamod:SkipABeat","hexamod:ThermalTransfer"],"picked":"hexamod:HexaLevel","floor":25.0},{"not_picked":["hexamod:DynamicBlow+1","hexamod:AdvancingGuard"],"picked":"hexamod:SixthSeal","floor":27.0},{"not_picked":["hexamod:GhostShield","hexamod:PhantomCloak+1","hexamod:HeatCrush"],"picked":"SKIP","floor":27.0},{"not_picked":["hexamod:Hexaguard","hexamod:GhostOfSpirePast"],"picked":"hexamod:PhantomFireball","floor":29.0},{"not_picked":["hexamod:FastForward","hexamod:BurningTouch","hexamod:Hexaguard"],"picked":"SKIP","floor":29.0},{"not_picked":["hexamod:Firestarter","hexamod:GhostShield"],"picked":"hexamod:DynamicBlow+1","floor":30.0},{"not_picked":["hexamod:BacktrackSmack","hexamod:CatchUp","hexamod:EmpoweredFlame"],"picked":"SKIP","floor":30.0},{"not_picked":["hexamod:GhostLash","hexamod:GhostShield"],"picked":"hexamod:TimeWarp","floor":31.0},{"not_picked":["hexamod:RainOfEmbers","hexamod:ShieldOfDarkness","hexamod:ThermalTransfer+1"],"picked":"SKIP","floor":31.0},{"not_picked":["hexamod:Incineration","hexamod:Firestarter","hexamod:ThermalTransfer"],"picked":"SKIP","floor":32},{"not_picked":["hexamod:HexaLevel","hexamod:TimeOfNeed"],"picked":"hexamod:WildfireWeapon","floor":33},{"not_picked":["hexamod:RainOfEmbers","hexamod:ThermalTransfer+1","hexamod:HeatShield"],"picked":"SKIP","floor":36},{"not_picked":["hexamod:ShieldOfDarkness","hexamod:PhantomCloak+1","hexamod:ThermalTransfer+1"],"picked":"SKIP","floor":36},{"not_picked":["hexamod:SpectersWail+1","hexamod:Again+1","hexamod:PhantomCloak+1"],"picked":"SKIP","floor":37},{"not_picked":["hexamod:Again","hexamod:GhostOfSpirePast","hexamod:AdvancingGuard"],"picked":"SKIP","floor":38},{"not_picked":["hexamod:ShieldOfDarkness","hexamod:PhantomCloak+1","hexamod:RainOfEmbers"],"picked":"SKIP","floor":39},{"not_picked":["hexamod:GhostShield+1","hexamod:SoulSteal","hexamod:Hexaguard"],"picked":"SKIP","floor":40},{"not_picked":["hexamod:BurningTouch","hexamod:GhostShield","hexamod:EmpoweringStance"],"picked":"SKIP","floor":40},{"not_picked":["hexamod:RetreatToShadows","hexamod:RainOfEmbers+1","hexamod:ThermalTransfer"],"picked":"SKIP","floor":42},{"not_picked":["hexamod:RainOfEmbers+1","hexamod:HeatMetal","hexamod:InspiringFlames+1"],"picked":"SKIP","floor":44},{"not_picked":["hexamod:Again","hexamod:GhostShield","hexamod:HeatCrush+1"],"picked":"SKIP","floor":44},{"not_picked":["hexamod:PhantomFireball","hexamod:Firestarter+1","hexamod:CatchUp+1"],"picked":"SKIP","floor":45},{"not_picked":["hexamod:ExtraCrispy+1","hexamod:NightmareGuise+1","hexamod:HauntingEcho"],"picked":"SKIP","floor":45},{"not_picked":["hexamod:TimeOfNeed","hexamod:SecondSeal","hexamod:AdvancingGuard"],"picked":"SKIP","floor":46},{"not_picked":["hexamod:BurningTouch","hexamod:FastForward+1","hexamod:WildfireWeapon"],"picked":"SKIP","floor":47},{"not_picked":["hexamod:FirstSeal","hexamod:SecondSeal","hexamod:ThirdSeal"],"picked":"SKIP","floor":48},{"not_picked":["hexamod:GhostOfSpirePresent","hexamod:ChargedBarrage+1","hexamod:Hexaguard+1"],"picked":"SKIP","floor":48},{"not_picked":["hexamod:WildfireWeapon","hexamod:NecessarySacrifice","hexamod:SpectersWail+1"],"picked":"SKIP","floor":48},{"not_picked":["hexamod:InspiringFlames","hexamod:AdvancingGuard","hexamod:GhostShield"],"picked":"SKIP","floor":49}],"player_experience":256054,"relics_obtained":[{"floor":2.0,"key":"LetterFromLob"},{"floor":7.0,"key":"Bag of Marbles"},{"floor":11.0,"key":"Toy Ornithopter"},{"floor":24.0,"key":"Mummified Hand"},{"floor":26.0,"key":"Red Mask"},{"floor":27.0,"key":"GodSword4"},{"floor":41,"key":"GodSword1"},{"floor":43,"key":"Mango"}],"event_choices":[{"cards_removed":["hexamod:Strike"],"damage_healed":0.0,"max_hp_gain":0.0,"max_hp_loss":0.0,"gold_gain":0.0,"event_name":"Purifier","player_choice":"Purged","floor":14.0,"gold_loss":0.0,"damage_taken":0.0},{"damage_healed":0.0,"max_hp_gain":0.0,"max_hp_loss":0.0,"gold_gain":0.0,"event_name":"Back to Basics","player_choice":"Simplicity","floor":22.0,"gold_loss":0.0,"damage_taken":0.0,"cards_upgraded":["hexamod:Strike","hexamod:Strike","hexamod:Defend","hexamod:Defend","hexamod:Defend","hexamod:Defend"]},{"damage_healed":0.0,"max_hp_gain":0.0,"max_hp_loss":0.0,"gold_gain":0.0,"event_name":"Masked Bandits","player_choice":"Fought Bandits","floor":26.0,"gold_loss":0.0,"damage_taken":0.0}],"is_beta":false,"boss_relics":[{"not_picked":["Calling Bell","Tiny House"],"picked":"Runic Dome"},{"not_picked":[]},{"not_picked":["Astrolabe","AddBug"],"picked":"SoulBox"},{"not_picked":[]}],"items_purged_floors":[],"is_endless":false,"potions_floor_spawned":[8,9,12,20,21,29,30,31,32,38,39,42,45,48,49],"ascension_level":0}}