{"host":"7tkrmasug91pv8cz","time":1609048374,"event":{"mods":["2.2 Compatiblity","Ascension Reborn","BaseMod","CapriCore","DeckTracker","Hermit","Koishi","Marisa£¨Ùöéë¡¡Øª×âÞÞ£©","Minty Spire (QoL Compilation)","Permanent Neow","StSLib","SuperFastMode","The Alterego","The Cursed","The Dragon Tamer","The Gatherer","The Immortal"],"gold_per_floor":[14,30,30,30,49,68,68,92,92,116,146,146,187,224,224,367,367,398,416,457,192,192,192,192,225,225,267,322,367,402,447,447,579,678,701,701,733,761,775,775,821,859,1219,1265,1265,1288,798,822,822,822,822,822,499,551,551],"floor_reached":56,"playtime":3697,"items_purged":["Gatherer:Strike_Gatherer+1","Gatherer:SaveValuables"],"score":1734,"play_id":"1e0ea93f-ae0e-4b10-b0b8-c412de00b0b6","local_time":"20201227145254","is_ascension_mode":true,"metric_token":1117,"campfire_choices":[{"floor":7,"key":"RECALL"},{"data":"Gatherer:FlowerWhip+1","floor":12,"key":"SMITH"},{"data":"Gatherer:FlowerBeam+2","floor":15,"key":"SMITH"},{"data":"Gatherer:BlackTea","floor":23,"key":"SMITH"},{"data":"Gatherer:PoisonMastery","floor":32,"key":"SMITH"},{"data":"Gatherer:ColorfulGarden","floor":40,"key":"SMITH"},{"data":"Gatherer:Liquidism","floor":45,"key":"SMITH"},{"data":"Gatherer:ColorfulGarden","floor":49,"key":"SMITH"},{"data":"Gatherer:BalancedGrowth","floor":52,"key":"SMITH"}],"circlet_count":0,"master_deck":["Gatherer:Centralize+1","Gatherer:FlowerWhip+3","Gatherer:Frenzy+1","Gatherer:QuickSynthesis","Gatherer:TreeGrowth+1","Gatherer:DrugPower+1","Gatherer:BlackTea+1","Gatherer:CarefulStrike+1","Gatherer:FragileHammer+1","Gatherer:FlowerBeam+3","Gatherer:RecoveryHerb","Gatherer:FlowerFalling+3","Gatherer:FruitForce+1","Gatherer:Overflowing","Gatherer:FlowerFalling+3","Gatherer:BalancedGrowth+1","Gatherer:FlowerShield+3","Gatherer:OddSpoils+1","Gatherer:BalancedGrowth","Gatherer:AlchemyTrial+1","Gatherer:FlowerShield+2","Ghostly","Ghostly","Ghostly","Ghostly","Ghostly","Gatherer:PoisonMastery+1","Gatherer:Misfortune+1","Gatherer:GatherMaterial","Gatherer:ColorfulGarden+1","Gatherer:ColorfulGarden+1","Gatherer:RecoveryHerb","Gatherer:TreeGrowth","Gatherer:Liquidism+1","Gatherer:RecipeChange","Gatherer:Overflowing","Gatherer:TacticalStrike+1","Gatherer:SaveValuables","Gatherer:AcidicSpray+1","Gatherer:Snatch+1","Gatherer:TacticalStrike+1","Gatherer:Liquidism+1","Gatherer:BlackTea"],"relics":["Gatherer:AlchemyBag","WingedGreaves","Juzu Bracelet","Bloody Idol","Molten Egg 2","Toy Ornithopter","Gatherer:FloralEgg","Singing Bowl","FossilizedHelix","Coffee Dripper","Mummified Hand","CeramicFish","War Paint","Tiny Chest","HornCleat","Shuriken","Akabeko","Matryoshka","Boot","Du-Vu Doll","Calipers","Pandora\u0027s Box","Nunchaku","Bottled Flame","Ornamental Fan","Sundial","Ice Cream","Bag of Marbles","Mercury Hourglass","Old Coin","White Beast Statue","InkBottle","Bottled Tornado","Dream Catcher","Medical Kit","Torii","DollysMirror","Whetstone"],"acts_visited":["Exordium","TheCity","TheBeyond","TheEnding"],"potions_floor_usage":[50,55,55],"damage_taken":[{"damage":0,"enemies":"Small Slimes","floor":1,"turns":2},{"damage":0,"enemies":"2 Louse","floor":2,"turns":2},{"damage":0,"enemies":"Jaw Worm","floor":5,"turns":1},{"damage":0,"enemies":"Blue Slaver","floor":6,"turns":1},{"damage":0,"enemies":"Large Slime","floor":8,"turns":2},{"damage":0,"enemies":"Looter","floor":10,"turns":1},{"damage":0,"enemies":"Blue Slaver","floor":11,"turns":1},{"damage":7,"enemies":"3 Sentries","floor":13,"turns":3},{"damage":0,"enemies":"Lagavulin","floor":14,"turns":2},{"damage":0,"enemies":"Slime Boss","floor":16,"turns":2},{"damage":0,"enemies":"2 Thieves","floor":18,"turns":2},{"damage":0,"enemies":"3 Byrds","floor":19,"turns":2},{"damage":0,"enemies":"3 Cultists","floor":20,"turns":3},{"damage":0,"enemies":"Cultist and Chosen","floor":25,"turns":2},{"damage":0,"enemies":"Gremlin Leader","floor":27,"turns":2},{"damage":0,"enemies":"Slavers","floor":29,"turns":4},{"damage":0,"enemies":"Snake Plant","floor":30,"turns":1},{"damage":10,"enemies":"Gremlin Leader","floor":31,"turns":3},{"damage":0,"enemies":"Collector","floor":33,"turns":4},{"damage":1,"enemies":"3 Darklings","floor":35,"turns":4},{"damage":0,"enemies":"Orb Walker","floor":38,"turns":3},{"damage":0,"enemies":"Writhing Mass","floor":39,"turns":3},{"damage":0,"enemies":"Giant Head","floor":41,"turns":5},{"damage":0,"enemies":"Nemesis","floor":42,"turns":3},{"damage":0,"enemies":"Reptomancer","floor":44,"turns":4},{"damage":0,"enemies":"3 Darklings","floor":46,"turns":2},{"damage":6,"enemies":"4 Shapes","floor":48,"turns":2},{"damage":0,"enemies":"Time Eater","floor":50,"turns":6},{"damage":0,"enemies":"Shield and Spear","floor":54,"turns":4},{"damage":6,"enemies":"The Heart","floor":55,"turns":6}],"seed_played":"-2705936805764417590","potions_obtained":[{"floor":1,"key":"Poison Potion"},{"floor":1,"key":"Poison Potion"},{"floor":2,"key":"GamblersBrew"},{"floor":5,"key":"AttackPotion"},{"floor":11,"key":"EssenceOfSteel"},{"floor":19,"key":"PowerPotion"},{"floor":19,"key":"EssenceOfSteel"}],"is_trial":false,"path_per_floor":["M","M","?","?","M","M","R","M","T","M","M","R","E","E","R","B",null,"M","M","M","$","?","R","?","M","T","E","?","E","M","E","R","B",null,"M","?","T","M","M","R","E","E","T","E","R","M","$","M","R","B",null,"R","$","E","B",null],"character_chosen":"THE_GATHERER","items_purchased":["Gatherer:OddSpoils+1","Gatherer:BalancedGrowth","War Paint","Bottled Tornado","Dream Catcher","Medical Kit","Torii","DollysMirror"],"campfire_rested":0,"item_purchase_floors":[21,21,21,47,47,47,53,53],"current_hp_per_floor":[77,77,58,65,65,65,65,65,65,65,65,65,58,64,64,71,91,91,91,91,91,91,91,91,91,91,91,45,45,45,45,45,50,50,52,49,49,49,51,51,51,53,53,53,53,55,55,57,57,62,62,62,62,62,67],"gold":551,"neow_bonus":"ONE_RARE_RELIC","is_daily":false,"chose_seed":false,"campfire_upgraded":8,"win_rate":0.0,"timestamp":1609048374,"path_taken":["M","M","?","?","M","M","R","M","T","M","M","R","E","E","R","BOSS","M","M","M","$","?","R","?","M","T","E","?","E","M","E","R","BOSS","M","?","?","M","M","R","E","E","T","E","R","M","$","M","R","BOSS","R","$","E","BOSS"],"items_purchased_type":["Card","Card","Relic","Relic","Relic","Relic","Relic","Relic"],"build_version":"2020-12-22","purchased_purges":2,"victory":true,"max_hp_per_floor":[77,77,77,82,82,82,82,82,82,82,82,82,82,86,86,91,91,91,91,91,91,91,91,91,91,91,91,45,45,45,45,45,50,50,52,49,49,49,51,51,51,53,53,53,53,55,55,57,57,62,62,62,62,62,67],"card_choices":[{"not_picked":["Gatherer:SmartManeuver","Gatherer:TacticalStrike+1"],"picked":"Gatherer:Frenzy+1","floor":1},{"not_picked":["Gatherer:AromaProtection","Gatherer:DrugPower"],"picked":"Gatherer:QuickSynthesis","floor":2},{"not_picked":["Gatherer:CarefulStrike","Gatherer:Convert"],"picked":"Gatherer:TreeGrowth","floor":5},{"not_picked":["Gatherer:ScentOfRosmari","Gatherer:CarefulStrike"],"picked":"Gatherer:DrugPower+1","floor":6},{"not_picked":["Gatherer:UpgradeBag","Gatherer:RottenStipe"],"picked":"Gatherer:BlackTea","floor":8},{"not_picked":["Gatherer:AromaProtection","Gatherer:Polymorphism+1"],"picked":"Gatherer:CarefulStrike+1","floor":10},{"not_picked":["Gatherer:SmartManeuver+1","Gatherer:CarefulStrike+1"],"picked":"Gatherer:FragileHammer+1","floor":11},{"not_picked":["Gatherer:Solidify","Gatherer:ColorfulGarden"],"picked":"Gatherer:FlowerBeam+1","floor":13},{"not_picked":["Gatherer:Frenzy+1","Gatherer:BlackTea"],"picked":"Gatherer:RecoveryHerb","floor":13},{"not_picked":["Gatherer:Frenzy+1","Gatherer:Duplicator"],"picked":"Gatherer:FlowerFalling+1","floor":14},{"not_picked":["Gatherer:FeelingFine","Gatherer:RecoveryHerb"],"picked":"Gatherer:FruitForce+1","floor":14},{"not_picked":["Gatherer:BlackTea","Gatherer:CursedBlade+1"],"picked":"Gatherer:Overflowing","floor":16},{"not_picked":["Gatherer:AromaProtection","Gatherer:TreeGrowth"],"picked":"Gatherer:FlowerFalling+1","floor":18},{"not_picked":["Gatherer:CollectorsShot+1","Gatherer:EnergyBasket+1"],"picked":"Gatherer:BalancedGrowth","floor":19},{"not_picked":["Gatherer:FruitForce+1","Gatherer:WoolGloves+1"],"picked":"Gatherer:FlowerShield+1","floor":20},{"not_picked":["Gatherer:Enchant+1","Gatherer:AromaProtection+1"],"picked":"Gatherer:AlchemyTrial+1","floor":25},{"not_picked":["Gatherer:AromaProtection","Gatherer:Solidify"],"picked":"Gatherer:FlowerShield+1","floor":27},{"not_picked":["Gatherer:DrugPower+1","Gatherer:Convert"],"picked":"Gatherer:PoisonMastery","floor":29},{"not_picked":["Gatherer:QuickSynthesis","Gatherer:AcidicSpray+1"],"picked":"Gatherer:Misfortune+1","floor":30},{"not_picked":["Gatherer:MiningStrike+1","Gatherer:DrugPower+1"],"picked":"Gatherer:GatherMaterial","floor":31},{"not_picked":["Gatherer:BomberForm","Gatherer:Examine"],"picked":"Gatherer:ColorfulGarden","floor":33},{"not_picked":["Gatherer:SaveValuables+1","Gatherer:ScrollOfWall+1","Gatherer:AromaProtection"],"picked":"Singing Bowl","floor":35},{"not_picked":["Gatherer:FlowerFalling+1","Gatherer:DrugPower+1"],"picked":"Gatherer:AcidicSpray+1","floor":38},{"not_picked":["Gatherer:SaveValuables+1","Gatherer:OddSpoils+1","Gatherer:AcidicSpray+1"],"picked":"Singing Bowl","floor":39},{"not_picked":["Gatherer:AcidicSpray+1","Gatherer:VenomBarrier+1"],"picked":"Gatherer:Snatch+1","floor":41},{"not_picked":["Gatherer:FragileHammer+1","Gatherer:Transmute+1","Gatherer:WoolGloves+1"],"picked":"Singing Bowl","floor":42},{"not_picked":["Gatherer:Nutrients","Gatherer:BalancedGrowth"],"picked":"Gatherer:TacticalStrike+1","floor":44},{"not_picked":["Gatherer:AcidicSpray+1","Gatherer:AromaProtection","Gatherer:EchoOfNature+1"],"picked":"Singing Bowl","floor":46},{"not_picked":["Gatherer:GatherMaterial","Gatherer:EnergyBasket+1","Gatherer:Enchant"],"picked":"Singing Bowl","floor":48},{"not_picked":["Gatherer:AlchemyTrial","Gatherer:Polymorphism+1"],"picked":"Gatherer:BlackTea","floor":54}],"player_experience":127770,"relics_obtained":[{"floor":1,"key":"Juzu Bracelet"},{"floor":9,"key":"Molten Egg 2"},{"floor":9,"key":"Toy Ornithopter"},{"floor":13,"key":"Gatherer:FloralEgg"},{"floor":14,"key":"Singing Bowl"},{"floor":16,"key":"FossilizedHelix"},{"floor":18,"key":"Mummified Hand"},{"floor":20,"key":"CeramicFish"},{"floor":26,"key":"HornCleat"},{"floor":26,"key":"Shuriken"},{"floor":27,"key":"Akabeko"},{"floor":29,"key":"Matryoshka"},{"floor":30,"key":"Boot"},{"floor":31,"key":"Du-Vu Doll"},{"floor":33,"key":"Calipers"},{"floor":37,"key":"Nunchaku"},{"floor":37,"key":"Bottled Flame"},{"floor":38,"key":"Ornamental Fan"},{"floor":41,"key":"Sundial"},{"floor":42,"key":"Ice Cream"},{"floor":43,"key":"Bag of Marbles"},{"floor":43,"key":"Mercury Hourglass"},{"floor":43,"key":"Old Coin"},{"floor":44,"key":"White Beast Statue"},{"floor":46,"key":"InkBottle"},{"floor":54,"key":"Whetstone"}],"event_choices":[{"damage_healed":0,"gold_gain":0,"player_choice":"Take Damage","damage_taken":19,"relics_obtained":["Golden Idol"],"max_hp_gain":0,"max_hp_loss":0,"event_name":"Golden Idol","floor":3,"gold_loss":0},{"damage_healed":0,"gold_gain":0,"player_choice":"Donut","damage_taken":0,"max_hp_gain":5,"max_hp_loss":0,"event_name":"Big Fish","floor":4,"gold_loss":0},{"damage_healed":0,"gold_gain":0,"player_choice":"Opened","damage_taken":0,"relics_obtained":["Tiny Chest"],"max_hp_gain":0,"max_hp_loss":0,"event_name":"The Mausoleum","floor":22,"gold_loss":0},{"damage_healed":0,"gold_gain":0,"player_choice":"Gave Idol","damage_taken":0,"relics_obtained":["Bloody Idol"],"max_hp_gain":0,"max_hp_loss":0,"event_name":"Forgotten Altar","floor":24,"relics_lost":["Golden Idol"],"gold_loss":0},{"damage_healed":0,"gold_gain":0,"player_choice":"Became a Ghost","damage_taken":0,"max_hp_gain":0,"max_hp_loss":46,"event_name":"Ghosts","floor":28,"gold_loss":0,"cards_obtained":["Ghostly","Ghostly","Ghostly","Ghostly","Ghostly"]},{"damage_healed":0,"gold_gain":0,"player_choice":"Max HP","damage_taken":0,"max_hp_gain":0,"max_hp_loss":3,"event_name":"Winding Halls","floor":36,"gold_loss":0}],"is_beta":false,"boss_relics":[{"not_picked":["SacredBark","Snecko Eye"],"picked":"Coffee Dripper"},{"not_picked":["Fusion Hammer","Sozu"],"picked":"Pandora\u0027s Box"}],"items_purged_floors":[21,47],"is_endless":false,"potions_floor_spawned":[1,6,8,19,30,33,35,41,44,46,48,54],"ascension_level":0}}