{"host":"p9ipwvgp8zk1gu4u","time":1609058684,"event":{"mods":["Act Like it!","BaseMod","BetterRewards","Block Reminder","Colored Map","Colored Powertips","DeckTracker","Downfall","Gensokyo","Gold Saver","Hermit","Marisa????????","Minty Spire (QoL Compilation)","Nova Terra(??·??)","Relic Filter","Replay The Spire","StSLib","The Alterego","The Bladedancer","The Hierophant","The Servant 0.9.4","TheSwordswoman","Yakumo Yukari mod","Yuri Mod"],"gold_per_floor":[631,642,642,203,216,244,244,272,318,318,338,348,365,393,393,490,85,508,508,526,586,602,602,619,642,692,262,294,294,305,324,324,425,425,441,441,441,459,459,486,486,506,506,525,552,552,567,594,594,698,748,766,595,606,619,619,619,636,652,652,668,693,693,717,717,717,751],"floor_reached":68,"playtime":3645,"items_purged":["sneckomod:Bewildered","Dualcast"],"score":1266,"play_id":"fa6c48cc-0c83-4641-ba0f-a28d5c9af09e","local_time":"20201227034444","is_ascension_mode":true,"campfire_choices":[{"data":"Beam Cell","floor":7,"key":"SMITH"},{"floor":10,"key":"REST"},{"floor":15,"key":"REST"},{"data":"Seek","floor":23,"key":"SMITH"},{"data":"Beam Cell","floor":29,"key":"SMITH"},{"data":"Violence","floor":32,"key":"SMITH"},{"data":"Steam","floor":46,"key":"SMITH"},{"data":"ReplayGash","floor":49,"key":"SMITH"},{"data":"Steam","floor":57,"key":"SMITH"},{"data":"ReplayGash","floor":63,"key":"SMITH"},{"data":"Scrape","floor":66,"key":"SMITH"}],"circlet_count":0,"master_deck":["Strike_B","Strike_B","Strike_B","Strike_B","Defend_B","Defend_B+1","Defend_B","Defend_B+1","Zap+1","Gash","Gash","Beam Cell+1","Scrape+1","Seek+1","Steam+1","Go for the Eyes","ReplayGash+1","Electrodynamics+1","CurseOfTheBell","Gash","Gash","Defragment+1","FTL","Violence+1","Beam Cell+1","Gash","Ball Lightning","Steam+1","Writhe","ReplayGash+1","Scrape+1","Doubt","Ball Lightning+1","Redo+1","Ball Lightning+1","Reboot","Loop+1","Gash+1","ReplayGash+1","Steam+1","Shame","Gash+1","Sunder+1","ReplayTheSpireMod:Doomed"],"relics":["Cracked Core","DollysMirror","Frozen Egg 2","Mercury Hourglass","Potion Belt","Tiny Chest","Ornamental Fan","Calling Bell","Boot","Pear","Shovel","War Paint","Replay:Rubber Ducky","Geode","Vajra","Eternal Feather","ReplayTheSpireMod:CursedCoin","Question Card","Replay:Grab Bag","Cursed Key","Sozu","Black Star","SlaversCollar","Garlic","Centennial Puzzle","Bronze Scales","Molten Egg 2","Orichalcum","Kunai","Strawberry","Toy Ornithopter","Tiny House","Pen Nib","Replay:Bandana","Replay:PocketPolymizer","Anchor"],"acts_visited":["Exordium","TheCity","TheBeyond"],"potions_floor_usage":[16,50,50,50,50],"damage_taken":[{"damage":0,"enemies":"2 Louse","floor":1,"turns":4},{"damage":0,"enemies":"Cultist","floor":2,"turns":3},{"damage":1,"enemies":"Jaw Worm","floor":5,"turns":3},{"damage":30,"enemies":"3 Sentries","floor":6,"turns":9},{"damage":26,"enemies":"Lagavulin","floor":8,"turns":4},{"damage":0,"enemies":"Large Slime","floor":11,"turns":3},{"damage":3,"enemies":"Exordium Thugs","floor":12,"turns":3},{"damage":8,"enemies":"Gremlin Gang","floor":13,"turns":3},{"damage":4,"enemies":"Gremlin Nob","floor":14,"turns":3},{"damage":13,"enemies":"Hexaghost","floor":16,"turns":8},{"damage":3,"enemies":"Jaw Worm","floor":18,"turns":2},{"damage":0,"enemies":"2 Louse","floor":20,"turns":1},{"damage":0,"enemies":"3 Sentries","floor":21,"turns":3},{"damage":0,"enemies":"Small Slimes","floor":22,"turns":2},{"damage":0,"enemies":"3 Louse","floor":24,"turns":1},{"damage":0,"enemies":"Gremlin Nob","floor":28,"turns":2},{"damage":6,"enemies":"Looter","floor":30,"turns":2},{"damage":0,"enemies":"Large Slime","floor":31,"turns":3},{"damage":0,"enemies":"Fading Forest","floor":33,"turns":11},{"damage":0,"enemies":"2 Thieves","floor":35,"turns":2},{"damage":0,"enemies":"Spheric Guardian","floor":38,"turns":2},{"damage":0,"enemies":"Replay:Snechameleon","floor":40,"turns":4},{"damage":11,"enemies":"Snecko","floor":42,"turns":3},{"damage":0,"enemies":"Centurion and Healer","floor":44,"turns":2},{"damage":0,"enemies":"Gremlin Leader","floor":45,"turns":4},{"damage":0,"enemies":"Cultist and Chosen","floor":47,"turns":3},{"damage":0,"enemies":"Replay:Snechameleon","floor":48,"turns":2},{"damage":1,"enemies":"Collector","floor":50,"turns":4},{"damage":0,"enemies":"3 Shapes","floor":52,"turns":4},{"damage":0,"enemies":"Orb Walker","floor":54,"turns":2},{"damage":8,"enemies":"4 Shapes","floor":55,"turns":2},{"damage":1,"enemies":"Maw","floor":58,"turns":5},{"damage":0,"enemies":"Spire Growth","floor":59,"turns":2},{"damage":7,"enemies":"3 Darklings","floor":61,"turns":2},{"damage":1,"enemies":"R_Hoarder","floor":62,"turns":4},{"damage":8,"enemies":"Jaw Worm Horde","floor":64,"turns":3},{"damage":41,"enemies":"Replay:Hell Engine","floor":67,"turns":10}],"seed_played":"-217447440406329709","potions_obtained":[{"floor":11,"key":"SpeedPotion"},{"floor":12,"key":"Explosive Potion"},{"floor":13,"key":"DistilledChaos"},{"floor":14,"key":"ColorlessPotion"},{"floor":16,"key":"Adrenaline Potion"},{"floor":22,"key":"AttackPotion"},{"floor":24,"key":"EssenceOfDarkness"}],"is_trial":false,"path_per_floor":["M","M","?","$","M","E","R","E","T","R","M","M","M","E","R","B",null,"M","?","M","?","M","R","M","T","T","$","E","R","M","M","R","B",null,"M","?","?","M","T","E","?","M","T","M","E","R","M","E","R","B",null,"M","$","M","M","?","R","M","M","T","M","E","R","M","T","R","B",null],"character_chosen":"DEFECT","items_purchased":["Gash","DollysMirror","Frozen Egg 2","Gash","War Paint","FTL","Violence","Eternal Feather","ReplayTheSpireMod:CursedCoin","ReplayGash+1"],"campfire_rested":2,"item_purchase_floors":[4,4,4,17,17,27,27,27,27,53],"current_hp_per_floor":[75,75,75,75,74,44,44,18,18,40,40,37,29,25,47,34,85,82,82,82,82,82,82,82,82,82,82,82,85,79,79,85,85,85,85,85,85,85,85,85,79,68,68,68,68,85,85,92,92,91,97,97,97,97,89,89,97,96,96,96,89,88,97,89,89,97,56],"gold":751,"neow_bonus":"RANDOM_COLORLESS","is_daily":false,"chose_seed":false,"campfire_upgraded":9,"win_rate":0.0,"timestamp":1609058684,"path_taken":["M","M","?","$","M","E","R","E","T","R","?","M","M","E","R","BOSS","M","?","M","?","M","R","M","?","T","$","E","R","M","M","R","BOSS","M","?","?","?","?","E","?","M","T","M","E","R","M","E","R","BOSS","M","$","M","?","?","R","M","M","T","M","E","R","M","?","R","BOSS"],"items_purchased_type":["Card","Relic","Relic","Card","Relic","Card","Card","Relic","Relic","Card"],"build_version":"2020-12-22","purchased_purges":2,"victory":true,"max_hp_per_floor":[75,75,75,75,75,75,75,75,75,75,75,75,75,75,75,75,85,85,85,85,85,85,85,85,85,85,85,85,85,85,85,85,85,85,85,85,85,85,85,85,85,85,85,85,85,85,85,92,92,92,97,97,97,97,97,97,97,97,97,97,97,97,97,97,97,97,97],"card_choices":[{"not_picked":["Finesse","Dark Shackles"],"picked":"Madness","floor":0.0},{"not_picked":["Conserve Battery","Streamline","Panic Button"],"picked":"SKIP","floor":1},{"not_picked":["Stack","Steam Power","ReplayGash"],"picked":"SKIP","floor":2},{"not_picked":["Hologram","Cold Snap"],"picked":"Beam Cell","floor":5},{"not_picked":["ReplaySolidLightProjector","Leap"],"picked":"Scrape","floor":6},{"not_picked":["Coolheaded","Fusion"],"picked":"Seek","floor":8},{"not_picked":["Panic Button","Go for the Eyes"],"picked":"Steam","floor":11},{"not_picked":["Melter","White Noise"],"picked":"Go for the Eyes","floor":12},{"not_picked":["Compile Driver","Chill"],"picked":"ReplayGash","floor":13},{"not_picked":["Compile Driver","Streamline","Coolheaded"],"picked":"SKIP","floor":14},{"not_picked":["Amplify","Mirror Shield"],"picked":"Electrodynamics+1","floor":16},{"not_picked":["Coolheaded","BasicCrystalCard"],"picked":"Defragment+1","floor":18},{"not_picked":["Conserve Battery","Aggregate","Coolheaded"],"picked":"SKIP","floor":20},{"not_picked":["Rebound","Double Energy","Undo"],"picked":"SKIP","floor":22},{"not_picked":["Cold Snap","Amplify","Compile Driver"],"picked":"SKIP","floor":24},{"not_picked":["Streamline","Panic Button"],"picked":"Beam Cell","floor":28},{"not_picked":["Conserve Battery","Turbo","Reinforced Body"],"picked":"Gash","floor":30},{"not_picked":["Go for the Eyes","Blizzard","Hologram"],"picked":"Ball Lightning","floor":31},{"not_picked":["Coolheaded+1","Redo","Gash"],"picked":"Steam","floor":35},{"not_picked":["ReplayTheSpireMod:GoodbyeWorld+1","Go for the Eyes","Lockon","Sweeping Beam"],"picked":"SKIP","floor":38},{"not_picked":["ReplayTheSpireMod:System Scan","FIFO Queue+1","BasicCrystalCard"],"picked":"ReplayGash","floor":40},{"not_picked":["Reprogram","ReplayTheSpireMod:Omega Cannon","Steam"],"picked":"Scrape+1","floor":42},{"not_picked":["ReplaySort","Turbo","Consume","Static Discharge+1"],"picked":"SKIP","floor":44},{"not_picked":["Undo","Rebound+1","Hologram"],"picked":"Ball Lightning+1","floor":45},{"not_picked":["Self Repair+1","Conserve Battery+1","ReplayTheSpireMod:Reroute Power"],"picked":"Redo+1","floor":47},{"not_picked":["ReplayRNGCard","BasicCrystalCard+1","Time Bomb"],"picked":"Ball Lightning+1","floor":48},{"not_picked":["Rainbow","Electrodynamics+1","Core Surge+1"],"picked":"Reboot","floor":50},{"not_picked":["Chill","Rebound+1","Coolheaded+1"],"picked":"Loop+1","floor":51},{"not_picked":["Beam Cell+1","Leap","Rebound+1"],"picked":"Gash+1","floor":52},{"not_picked":["Panic Button","Fusion","Hologram+1","Barrage+1"],"picked":"SKIP","floor":54},{"not_picked":["Streamline+1","ReplayTheSpireMod:Reroute Power+1","Amplify"],"picked":"Steam","floor":55},{"not_picked":["Coolheaded","Turbo+1","Barrage+1","Panic Button+1"],"picked":"SKIP","floor":58},{"not_picked":["Leap","Steam","Hologram+1","Panic Button"],"picked":"SKIP","floor":59},{"not_picked":["Time Bomb+1","Coolheaded","Compile Driver+1"],"picked":"Gash+1","floor":61},{"not_picked":["Force Field+1","ReplayTheSpireMod:Calculation Training","Steam","Barrage+1"],"picked":"SKIP","floor":62},{"not_picked":["Storm+1","BasicCrystalCard","Melter+1"],"picked":"Sunder+1","floor":64}],"player_experience":313628,"relics_obtained":[{"floor":6,"key":"Mercury Hourglass"},{"floor":8,"key":"Potion Belt"},{"floor":9,"key":"Tiny Chest"},{"floor":14,"key":"Ornamental Fan"},{"floor":17,"key":"Boot"},{"floor":17,"key":"Pear"},{"floor":17,"key":"Shovel"},{"floor":21,"key":"Replay:Rubber Ducky"},{"floor":25,"key":"Geode"},{"floor":26,"key":"Vajra"},{"floor":28,"key":"Question Card"},{"floor":39,"key":"Garlic"},{"floor":40,"key":"Centennial Puzzle"},{"floor":40,"key":"Bronze Scales"},{"floor":43,"key":"Molten Egg 2"},{"floor":45,"key":"Orichalcum"},{"floor":45,"key":"Kunai"},{"floor":48,"key":"Strawberry"},{"floor":48,"key":"Toy Ornithopter"},{"floor":60,"key":"Pen Nib"},{"floor":62,"key":"Replay:Bandana"},{"floor":62,"key":"Replay:PocketPolymizer"},{"floor":65,"key":"Anchor"}],"event_choices":[{"damage_healed":0,"gold_gain":0,"player_choice":"Forge","damage_taken":0,"max_hp_gain":0,"max_hp_loss":0,"event_name":"Accursed Blacksmith","floor":3,"gold_loss":0,"cards_upgraded":["Zap"]},{"damage_healed":0,"gold_gain":30,"player_choice":"Searched \u00273\u0027 times","damage_taken":0,"max_hp_gain":0,"max_hp_loss":0,"event_name":"Dead Adventurer","floor":21,"gold_loss":0},{"damage_healed":0,"gold_gain":0,"player_choice":"Bought 0 Potions","damage_taken":0,"max_hp_gain":0,"max_hp_loss":0,"event_name":"The Woman in Blue","floor":37,"gold_loss":0},{"damage_healed":0,"gold_gain":0,"player_choice":"","damage_taken":6,"max_hp_gain":0,"max_hp_loss":0,"event_name":"Knowing Skull","floor":41,"potions_obtained":[],"gold_loss":0,"cards_obtained":[]}],"is_beta":false,"boss_relics":[{"not_picked":["Snecko Eye","Busted Crown"],"picked":"Calling Bell"},{"not_picked":["Replay:Drink Me","Velvet Choker"],"picked":"Replay:Grab Bag"},{"not_picked":["Philosopher\u0027s Stone","ReplayTheSpireMod:DimensionalGlitch"],"picked":"Cursed Key"},{"not_picked":["Busted Crown","Painkiller Herb"],"picked":"Sozu"},{"not_picked":["Snecko Eye","Kintsugi"],"picked":"Black Star"},{"not_picked":["Runic Pyramid","Astrolabe"],"picked":"SlaversCollar"},{"not_picked":["Runic Dome","Abe\u0027s Treasure"],"picked":"Tiny House"}],"items_purged_floors":[27,53],"is_endless":false,"potions_floor_spawned":[11,12,13,14,16,22,24,30,31,42,44,48,50,58,61,62],"ascension_level":1}}