{"host":"xko5sdb82mf02c09","time":1609052999,"event":{"mods":["AchievementEnabler","BaseMod","Colored Map","Minty Spire (QoL Compilation)","StSLib","everything is the same but u backflip on backflip"],"gold_per_floor":[119,130,43,43,43,43,75,75,122,122,135,135,155,166,166,261,261,274,274,274,36,54,54,68,81,81,180,225,225,237,16,16,111,111,124,142,192,192,208,208,208,208],"floor_reached":41,"playtime":1284,"items_purged":["Strike_B"],"score":503,"play_id":"98752dcc-8a0d-45e6-ac78-47088a127933","local_time":"20201227160959","is_ascension_mode":true,"campfire_choices":[{"data":"Zap","floor":6,"key":"SMITH"},{"data":"Reinforced Body","floor":8,"key":"SMITH"},{"data":"Dualcast","floor":10,"key":"SMITH"},{"data":"Swift Strike","floor":15,"key":"SMITH"},{"data":"Seek","floor":23,"key":"SMITH"},{"floor":29,"key":"REST"},{"floor":32,"key":"REST"},{"floor":40,"key":"REST"}],"circlet_count":0,"master_deck":["Strike_B","Strike_B","Strike_B","Defend_B","Defend_B","Defend_B","Defend_B","Zap+1","Dualcast+1","Ball Lightning","Gash","Swift Strike+1","Reinforced Body+1","Capacitor","Gash","Gash","Seek+1","FTL","FTL","Gash","Gash","Coolheaded","Stack","Compile Driver","Electrodynamics","Turbo+1","Hologram","Seek","Bandage Up","Swift Strike","Trip","Self Repair+1","Hologram"],"relics":["Cracked Core","NeowsBlessing","Symbiotic Virus","Calipers","Bag of Marbles","Tiny Chest","Runic Pyramid","TungstenRod","Dream Catcher","Gremlin Horn","Kunai","MealTicket","Orichalcum","Inserter","Shovel"],"acts_visited":["Exordium","TheCity","TheBeyond"],"potions_floor_usage":[16,35,39,41],"damage_taken":[{"damage":0,"enemies":"Small Slimes","floor":1,"turns":1},{"damage":0,"enemies":"Jaw Worm","floor":2,"turns":1},{"damage":0,"enemies":"3 Sentries","floor":7,"turns":1},{"damage":0,"enemies":"Cultist","floor":11,"turns":3},{"damage":6,"enemies":"Looter","floor":13,"turns":2},{"damage":9,"enemies":"Red Slaver","floor":14,"turns":2},{"damage":22,"enemies":"Slime Boss","floor":16,"turns":7},{"damage":2,"enemies":"Chosen","floor":18,"turns":4},{"damage":10,"enemies":"2 Thieves","floor":22,"turns":4},{"damage":10,"enemies":"Sentry and Sphere","floor":24,"turns":4},{"damage":21,"enemies":"Snake Plant","floor":25,"turns":3},{"damage":10,"enemies":"Chosen and Byrds","floor":30,"turns":4},{"damage":1,"enemies":"Champ","floor":33,"turns":9},{"damage":36,"enemies":"3 Darklings","floor":35,"turns":4},{"damage":8,"enemies":"Orb Walker","floor":36,"turns":3},{"damage":0,"enemies":"Mind Bloom Boss Battle","floor":37,"turns":3},{"damage":5,"enemies":"Sphere and 2 Shapes","floor":39,"turns":3},{"damage":52,"enemies":"Giant Head","floor":41,"turns":7}],"seed_played":"8095172634239910992","potions_obtained":[{"floor":2,"key":"DistilledChaos"},{"floor":7,"key":"Explosive Potion"},{"floor":12,"key":"DuplicationPotion"},{"floor":12,"key":"PotionOfCapacity"},{"floor":25,"key":"Energy Potion"},{"floor":36,"key":"SneckoOil"}],"is_trial":false,"path_per_floor":["M","M","$","?","T","R","E","R","T","R","M","?","M","M","R","B",null,"M","T","?","$","M","R","M","M","T","?","T","R","M","$","R","B",null,"M","M","?","?","M","R","E"],"character_chosen":"DEFECT","items_purchased":["Swift Strike","Gremlin Horn","Orichalcum"],"campfire_rested":3,"item_purchase_floors":[3,21,31],"current_hp_per_floor":[75,75,75,57,57,57,57,57,57,57,57,57,51,42,42,20,75,73,73,73,73,63,63,53,32,32,32,32,54,44,59,75,74,75,39,31,31,22,17,39,0,0],"gold":208,"neow_bonus":"THREE_ENEMY_KILL","is_daily":false,"chose_seed":false,"campfire_upgraded":5,"win_rate":0.0,"timestamp":1609052999,"path_taken":["M","M","$","?","?","R","E","R","T","R","?","?","?","M","R","BOSS","M","?","?","$","M","R","?","M","T","?","?","R","M","$","R","BOSS","M","M","?","?","M","R","E"],"items_purchased_type":["Card","Relic","Relic"],"build_version":"2020-12-22","purchased_purges":1,"victory":false,"max_hp_per_floor":[75,75,75,75,75,75,75,75,75,75,75,75,75,75,75,75,75,75,75,75,75,75,75,75,75,75,75,75,75,75,75,75,75,75,75,75,75,75,75,75,75,75],"card_choices":[{"not_picked":["Beam Cell","Compile Driver"],"picked":"Ball Lightning","floor":1},{"not_picked":["Redo","Stack"],"picked":"Gash","floor":2},{"not_picked":["Go for the Eyes","Gash"],"picked":"Reinforced Body","floor":7},{"not_picked":["Storm","Leap"],"picked":"Capacitor","floor":11},{"not_picked":["Beam Cell","Tempest"],"picked":"Gash","floor":13},{"not_picked":["Compile Driver","Coolheaded"],"picked":"Gash","floor":14},{"not_picked":["Hyperbeam","Multi-Cast"],"picked":"Seek","floor":16},{"not_picked":["Ball Lightning","Static Discharge+1"],"picked":"FTL","floor":18},{"not_picked":["Conserve Battery","Turbo"],"picked":"FTL","floor":22},{"not_picked":["Glacier","Double Energy"],"picked":"Gash","floor":24},{"not_picked":["Beam Cell","Darkness"],"picked":"Gash","floor":25},{"not_picked":["Tempest","Turbo"],"picked":"Coolheaded","floor":29},{"not_picked":["Barrage","Consume"],"picked":"Stack","floor":30},{"not_picked":["Rebound","Go for the Eyes+1"],"picked":"Compile Driver","floor":32},{"not_picked":["Hyperbeam","Amplify"],"picked":"Electrodynamics","floor":33},{"not_picked":["Consume","Rebound+1"],"picked":"Turbo+1","floor":35},{"not_picked":["Go for the Eyes","Static Discharge"],"picked":"Hologram","floor":36},{"not_picked":["Loop+1","Turbo"],"picked":"Seek","floor":37},{"not_picked":["Discovery","Panacea"],"picked":"Bandage Up","floor":38},{"not_picked":["Madness","HandOfGreed"],"picked":"Swift Strike","floor":38},{"not_picked":["Panache","Mind Blast"],"picked":"Trip","floor":38},{"not_picked":["Compile Driver","Turbo"],"picked":"Self Repair+1","floor":39},{"not_picked":["Cold Snap","Leap+1"],"picked":"Hologram","floor":40}],"player_experience":472485,"relics_obtained":[{"floor":5,"key":"Calipers"},{"floor":7,"key":"Bag of Marbles"},{"floor":9,"key":"Tiny Chest"},{"floor":19,"key":"TungstenRod"},{"floor":20,"key":"Dream Catcher"},{"floor":26,"key":"Kunai"},{"floor":28,"key":"MealTicket"},{"floor":37,"key":"Shovel"}],"event_choices":[{"damage_healed":0,"gold_gain":0,"player_choice":"Success","damage_taken":18,"relics_obtained":["Symbiotic Virus"],"max_hp_gain":0,"max_hp_loss":0,"event_name":"Scrap Ooze","floor":4,"gold_loss":0},{"damage_healed":0,"gold_gain":0,"player_choice":"Got Potions","damage_taken":0,"max_hp_gain":0,"max_hp_loss":0,"event_name":"Lab","floor":12,"gold_loss":0},{"damage_healed":0,"gold_gain":0,"player_choice":"Relic","damage_taken":0,"max_hp_gain":0,"max_hp_loss":0,"event_name":"Wheel of Change","floor":20,"gold_loss":0},{"damage_healed":0,"gold_gain":99,"player_choice":"Stole From Cult","damage_taken":0,"max_hp_gain":0,"max_hp_loss":0,"event_name":"Nest","floor":27,"gold_loss":0},{"damage_healed":0,"gold_gain":0,"player_choice":"Fight","damage_taken":0,"max_hp_gain":0,"max_hp_loss":0,"event_name":"MindBloom","floor":37,"gold_loss":0},{"damage_healed":0,"gold_gain":0,"player_choice":"Memory 3","damage_taken":10,"max_hp_gain":0,"max_hp_loss":0,"event_name":"SensoryStone","floor":38,"gold_loss":0}],"is_beta":false,"boss_relics":[{"not_picked":["Philosopher\u0027s Stone","Ectoplasm"],"picked":"Runic Pyramid"},{"not_picked":["Coffee Dripper","Empty Cage"],"picked":"Inserter"}],"items_purged_floors":[31],"is_endless":false,"potions_floor_spawned":[2,7,25,36],"killed_by":"Giant Head","ascension_level":3}}