{"host":"28p8ce41sjwa6lzf","time":1609028182,"event":{"mods":["AchievementEnabler","BaseMod","Colored Map","Colored Powertips","Highlight Path","Minty Spire (QoL Compilation)","Permanent Neow","Quick Restart","Random Character Button","Rare Cards Sparkle","Relic Stats","StSLib"],"gold_per_floor":[115,40,60,60,60,89,89,120,144,155,175,191,191,205,205,276,276,296,66,101,119,134,159,74,74,125,157,157,170,170,150,150,228,228,238,238,238,251,51,51,86,86,86,112,112,140,153,170,170,170,170,170,170,7,35,35],"floor_reached":57,"playtime":5401,"items_purged":["Shame"],"score":2976,"play_id":"0641eaf3-1c03-4320-8ecd-59c503e1ac1e","local_time":"20201226181622","is_ascension_mode":true,"campfire_choices":[{"data":"Carnage","floor":7.0,"key":"SMITH"},{"floor":13.0,"key":"REST"},{"data":"Clothesline","floor":15.0,"key":"SMITH"},{"data":"Corruption","floor":25.0,"key":"SMITH"},{"data":"Sentinel","floor":28.0,"key":"SMITH"},{"floor":30.0,"key":"RECALL"},{"data":"Havoc","floor":32.0,"key":"SMITH"},{"data":"Apotheosis","floor":40.0,"key":"SMITH"},{"data":"Feel No Pain","floor":42.0,"key":"SMITH"},{"data":"Thinking Ahead","floor":49.0,"key":"SMITH"},{"floor":53.0,"key":"REST"}],"circlet_count":0,"master_deck":["AscendersBane","Strike_R+1","Strike_R","Strike_R","Defend_R","Defend_R","Defend_R","Defend_R","Bash","Cleave","Clothesline+1","Carnage+1","Reckless Charge+1","Feel No Pain+1","Shrug It Off","Corruption+1","Sentinel+1","Thinking Ahead+1","Havoc+1","Ghostly Armor","Shockwave","Shockwave","Feed","Entrench","Shrug It Off","Exhume","Madness","Madness","Feel No Pain","Apotheosis+1","Bloodletting","Shrug It Off+1","Shrug It Off+1","Seeing Red+1","True Grit+1","Limit Break+1","Spot Weakness+1"],"relics":["Burning Blood","Dead Branch","Vajra","Toy Ornithopter","Centennial Puzzle","Empty Cage","Red Mask","StrikeDummy","Bag of Marbles","TungstenRod","Black Star","Pocketwatch","Omamori","Dream Catcher","Bottled Lightning","Anchor","Gremlin Horn","MealTicket","Toxic Egg 2","Akabeko","Whetstone"],"acts_visited":["Exordium","TheCity","TheBeyond","TheEnding"],"potions_floor_usage":[56],"damage_taken":[{"damage":7.0,"enemies":"2 Louse","floor":1.0,"turns":3.0},{"damage":0.0,"enemies":"Small Slimes","floor":3.0,"turns":2.0},{"damage":50.0,"enemies":"Gremlin Nob","floor":6.0,"turns":5.0},{"damage":25.0,"enemies":"3 Sentries","floor":8.0,"turns":5.0},{"damage":0.0,"enemies":"Cultist","floor":10.0,"turns":2.0},{"damage":4.0,"enemies":"Exordium Wildlife","floor":11.0,"turns":3.0},{"damage":8.0,"enemies":"3 Louse","floor":12.0,"turns":2.0},{"damage":18.0,"enemies":"Exordium Thugs","floor":14.0,"turns":3.0},{"damage":33.0,"enemies":"The Guardian","floor":16.0,"turns":15.0},{"damage":11.0,"enemies":"Spheric Guardian","floor":18.0,"turns":4.0},{"damage":9.0,"enemies":"Masked Bandits","floor":20.0,"turns":3.0},{"damage":2.0,"enemies":"Chosen","floor":21.0,"turns":4.0},{"damage":6.0,"enemies":"Snecko","floor":22.0,"turns":3.0},{"damage":16.0,"enemies":"Slavers","floor":23.0,"turns":3.0},{"damage":0.0,"enemies":"Gremlin Leader","floor":27.0,"turns":3.0},{"damage":5.0,"enemies":"Sentry and Sphere","floor":29.0,"turns":6.0},{"damage":8.0,"enemies":"Automaton","floor":33.0,"turns":5.0},{"damage":0.0,"enemies":"3 Darklings","floor":35.0,"turns":2.0},{"damage":0.0,"enemies":"3 Shapes","floor":38.0,"turns":9.0},{"damage":2.0,"enemies":"Giant Head","floor":41.0,"turns":6.0},{"damage":14.0,"enemies":"Nemesis","floor":44.0,"turns":9.0},{"damage":11.0,"enemies":"Reptomancer","floor":46.0,"turns":7.0},{"damage":12.0,"enemies":"Sphere and 2 Shapes","floor":47.0,"turns":6.0},{"damage":7.0,"enemies":"Spire Growth","floor":48.0,"turns":7.0},{"damage":23.0,"enemies":"Awakened One","floor":50.0,"turns":7.0},{"damage":46.0,"enemies":"Time Eater","floor":51.0,"turns":12.0},{"damage":18.0,"enemies":"Shield and Spear","floor":55.0,"turns":5.0},{"damage":36,"enemies":"The Heart","floor":56,"turns":6}],"seed_played":"3451286100959226064","potions_obtained":[{"floor":1.0,"key":"Explosive Potion"},{"floor":12.0,"key":"EntropicBrew"},{"floor":14.0,"key":"PowerPotion"},{"floor":16.0,"key":"Weak Potion"},{"floor":21.0,"key":"GamblersBrew"},{"floor":22.0,"key":"ColorlessPotion"},{"floor":23.0,"key":"Energy Potion"},{"floor":27.0,"key":"Explosive Potion"},{"floor":31.0,"key":"Strength Potion"},{"floor":35.0,"key":"Fruit Juice"},{"floor":38.0,"key":"SpeedPotion"},{"floor":46.0,"key":"DistilledChaos"}],"is_trial":false,"path_per_floor":["M","$","M","?","?","E","R","E","T","M","M","M","R","M","R","B",null,"M","$","?","M","M","E","?","R","T","E","R","M","R","?","R","B",null,"M","?","T","M","$","R","E","R","T","E","?","E","M","M","R","B","B",null,"R","$","E","B",null],"character_chosen":"IRONCLAD","items_purchased":["Thinking Ahead","Havoc","Apotheosis","Limit Break+1","LiquidBronze"],"campfire_rested":2,"item_purchase_floors":[19,19,39,54,54],"current_hp_per_floor":[67,67,73,73,73,29,29,10,10,16,18,16,38,26,26,14,60,55,55,57,66,66,61,61,61,61,75,75,79,79,79,79,80,83,84,70,70,89,89,89,92,92,92,84,102,101,99,102,102,94,54,102,118,118,106,81],"gold":35,"neow_bonus":"ONE_RARE_RELIC","is_daily":false,"chose_seed":false,"campfire_upgraded":8,"win_rate":0.0,"timestamp":1609028182,"path_taken":["M","$","M","?","?","E","R","E","T","M","M","M","R","M","R","BOSS","M","$","?","M","M","E","?","R","T","E","R","M","R","?","R","BOSS","M","?","?","M","$","R","E","R","T","E","?","E","?","M","R","BOSS","BOSS","R","$","E","BOSS"],"items_purchased_type":["Card","Card","Card","Card","Potion"],"build_version":"2020-12-22","purchased_purges":1,"victory":true,"max_hp_per_floor":[75,75,75,75,75,75,75,75,75,75,75,75,75,75,75,75,75,75,75,75,75,75,75,75,75,75,78,78,81,81,81,81,84,84,84,84,84,92,92,92,92,92,92,92,102,106,110,114,114,118,118,118,118,118,118,118],"relic_stats":{"Gremlin Horn":[12,12],"counters":[28,147],"Dead Branch":[504],"Whetstone":["Strike_R","Reckless Charge"],"Burning Blood":162,"Centennial Puzzle":[59],"Dream Catcher":1,"MealTicket":0,"Black Star":4,"obtain_stats":[{"Gremlin Horn":44,"Dead Branch":0,"Vajra":6,"Omamori":41,"Whetstone":55,"Empty Cage":17,"Burning Blood":0,"Akabeko":55,"Centennial Puzzle":9,"Dream Catcher":41,"Anchor":44,"MealTicket":46,"Red Mask":20,"Bag of Marbles":24,"Black Star":34,"Bottled Lightning":43,"Toxic Egg 2":46,"StrikeDummy":23,"Toy Ornithopter":8,"TungstenRod":27,"Pocketwatch":37},{"Gremlin Horn":21,"Dead Branch":0,"Vajra":3,"Omamori":20,"Whetstone":27,"Empty Cage":9,"Burning Blood":0,"Akabeko":27,"Centennial Puzzle":4,"Dream Catcher":20,"Anchor":21,"MealTicket":22,"Red Mask":11,"Bag of Marbles":14,"Black Star":17,"Bottled Lightning":20,"Toxic Egg 2":22,"StrikeDummy":14,"Toy Ornithopter":4,"TungstenRod":15,"Pocketwatch":18},{"Gremlin Horn":97,"Dead Branch":0,"Vajra":10,"Omamori":88,"Whetstone":141,"Empty Cage":40,"Burning Blood":0,"Akabeko":141,"Centennial Puzzle":15,"Dream Catcher":88,"Anchor":97,"MealTicket":104,"Red Mask":47,"Bag of Marbles":57,"Black Star":71,"Bottled Lightning":88,"Toxic Egg 2":104,"StrikeDummy":57,"Toy Ornithopter":15,"TungstenRod":60,"Pocketwatch":73}],"Toy Ornithopter":50,"TungstenRod":72,"Pocketwatch":[55]},"card_choices":[{"not_picked":["Perfected Strike","Sentinel"],"picked":"Cleave","floor":1.0},{"not_picked":["Iron Wave","Perfected Strike"],"picked":"Clothesline","floor":3.0},{"not_picked":["Body Slam","Anger"],"picked":"Carnage","floor":6.0},{"not_picked":["Thunderclap","Fire Breathing","Cleave"],"picked":"SKIP","floor":8.0},{"not_picked":["Clothesline","True Grit"],"picked":"Reckless Charge","floor":10.0},{"not_picked":["Clothesline","Warcry"],"picked":"Immolate","floor":11.0},{"not_picked":["Carnage","Rage"],"picked":"Feel No Pain","floor":12.0},{"not_picked":["Havoc","Whirlwind"],"picked":"Shrug It Off","floor":14.0},{"not_picked":["Berserk","Feed"],"picked":"Corruption","floor":16.0},{"not_picked":["Heavy Blade","Searing Blow"],"picked":"Sentinel","floor":18.0},{"not_picked":["Flex","Rupture"],"picked":"Ghostly Armor","floor":20.0},{"not_picked":["Flex","Thunderclap"],"picked":"Shockwave","floor":21.0},{"not_picked":["Perfected Strike","Cleave"],"picked":"Shockwave","floor":22.0},{"not_picked":["Feed","Wild Strike","Iron Wave"],"picked":"SKIP","floor":23.0},{"not_picked":["Wild Strike","Iron Wave"],"picked":"Feed","floor":23.0},{"not_picked":["Clothesline","Thunderclap"],"picked":"Entrench","floor":27.0},{"not_picked":["Thunderclap","Headbutt"],"picked":"Shrug It Off","floor":29.0},{"not_picked":["Barricade","Double Tap"],"picked":"Exhume","floor":33.0},{"not_picked":["Iron Wave","Perfected Strike+1","Dropkick+1"],"picked":"SKIP","floor":35.0},{"not_picked":["Battle Trance","Twin Strike"],"picked":"Feel No Pain","floor":38.0},{"not_picked":["Headbutt","Pommel Strike"],"picked":"Bloodletting","floor":41.0},{"not_picked":["Pummel","Whirlwind+1"],"picked":"Shrug It Off+1","floor":44.0},{"not_picked":["Havoc+1","Second Wind+1"],"picked":"Shrug It Off+1","floor":46.0},{"not_picked":["Wild Strike+1","Cleave"],"picked":"Seeing Red+1","floor":47.0},{"not_picked":["Armaments+1","Pommel Strike","Body Slam"],"picked":"SKIP","floor":48.0},{"not_picked":["Thunderclap","Reckless Charge"],"picked":"True Grit+1","floor":53.0},{"not_picked":["Flame Barrier+1","Pommel Strike"],"picked":"Spot Weakness+1","floor":55.0}],"player_experience":1042989,"relics_obtained":[{"floor":6.0,"key":"Vajra"},{"floor":8.0,"key":"Toy Ornithopter"},{"floor":9.0,"key":"Centennial Puzzle"},{"floor":20.0,"key":"Red Mask"},{"floor":23.0,"key":"StrikeDummy"},{"floor":27.0,"key":"TungstenRod"},{"floor":37.0,"key":"Pocketwatch"},{"floor":41.0,"key":"Omamori"},{"floor":41.0,"key":"Dream Catcher"},{"floor":43.0,"key":"Bottled Lightning"},{"floor":44.0,"key":"Anchor"},{"floor":44.0,"key":"Gremlin Horn"},{"floor":46.0,"key":"MealTicket"},{"floor":46.0,"key":"Toxic Egg 2"},{"floor":55.0,"key":"Akabeko"},{"floor":55.0,"key":"Whetstone"}],"event_choices":[{"damage_healed":0.0,"max_hp_gain":0.0,"max_hp_loss":0.0,"gold_gain":0.0,"event_name":"Liars Game","player_choice":"Ignored","floor":4.0,"gold_loss":0.0,"damage_taken":0.0},{"damage_healed":0.0,"max_hp_gain":0.0,"max_hp_loss":0.0,"gold_gain":0.0,"event_name":"The Cleric","player_choice":"Leave","floor":5.0,"gold_loss":0.0,"damage_taken":0.0},{"damage_healed":0.0,"max_hp_gain":0.0,"max_hp_loss":0.0,"gold_gain":0.0,"event_name":"Masked Bandits","player_choice":"Fought Bandits","floor":20.0,"gold_loss":0.0,"damage_taken":0.0},{"damage_healed":0.0,"max_hp_gain":0.0,"max_hp_loss":0.0,"gold_gain":0.0,"event_name":"Addict","player_choice":"Obtained Relic","floor":24.0,"gold_loss":85.0,"damage_taken":0.0,"relics_obtained":["Bag of Marbles"]},{"damage_healed":0.0,"max_hp_gain":0.0,"max_hp_loss":0.0,"gold_gain":0.0,"event_name":"The Woman in Blue","player_choice":"Bought 1 Potion","floor":31.0,"gold_loss":0.0,"damage_taken":0.0},{"damage_healed":0.0,"max_hp_gain":0.0,"max_hp_loss":0.0,"gold_gain":0.0,"event_name":"Winding Halls","player_choice":"Embrace Madness","floor":36.0,"gold_loss":0.0,"damage_taken":15.0,"cards_obtained":["Madness","Madness"]},{"cards_removed":["Immolate"],"damage_healed":8.0,"max_hp_gain":10.0,"max_hp_loss":0.0,"gold_gain":0.0,"event_name":"Bonfire Elementals","player_choice":"Offered Rare","floor":45.0,"gold_loss":0.0,"damage_taken":0.0}],"is_beta":false,"boss_relics":[{"not_picked":["Astrolabe","Velvet Choker"],"picked":"Empty Cage"},{"not_picked":["SacredBark","Runic Cube"],"picked":"Black Star"}],"items_purged_floors":[2],"is_endless":false,"potions_floor_spawned":[1,12,14,16,21,22,23,27,29,35,38,46],"ascension_level":20}}