{"host":"vj8ayykh40xqfkaq","time":1609076834,"event":{"mods":["BaseMod","Colored Map","Downfall","Minty Spire (QoL Compilation)","StSLib"],"gold_per_floor":[99,119,134,234,248,278,278,298,315,165,192,192,249,266,277,376,376,376,389,389,154,173,204,227,241,241,241,241,272,197,34,49,148,148,148,158,158,85,85,85,135,10,10,24,40,67,97,97,115,115,115,140,107,107,107],"floor_reached":56,"playtime":2535,"items_purged":["Guardian:Strike_Guardian","Guardian:Strike_Guardian","Guardian:Aged"],"score":1550,"play_id":"197f2cd7-9bbc-4faa-8199-782a54572023","local_time":"20201227154714","is_ascension_mode":false,"campfire_choices":[{"floor":1.0,"key":"RECALL"},{"floor":10.0,"key":"REST"},{"data":"Guardian:Emergency","floor":12.0,"key":"SMITH"},{"data":"Guardian:CurlUp","floor":18.0,"key":"SMITH"},{"data":"Guardian:FastForward","floor":30.0,"key":"SMITH"},{"data":"Guardian:FierceBash","floor":35.0,"key":"SMITH"},{"data":"Guardian:FuturePlans","floor":54,"key":"SMITH"}],"circlet_count":0,"master_deck":["Guardian:Defend_Guardian","Guardian:Defend_Guardian","Guardian:Defend_Guardian","Guardian:CurlUp+1","Guardian:TwinSlam","Guardian:BronzeOrb","Guardian:PiercingHide","Guardian:RollAttack","Guardian:FastForward+1","Guardian:FierceBash+1","Guardian:Emergency+1","Guardian:Recover","Guardian:SphericShield+1","Guardian:Reroute+1","Guardian:FuturePlans+1","Guardian:TimeCapacitor"],"relics":["Guardian:ModeShifterPlus","Regal Pillow","Shuriken","downfall:HeartBlessingGreen","downfall:HeartBlessingRed","Juzu Bracelet","Guardian:DefensiveModeMoreBlock","Velvet Choker","Question Card","MutagenicStrength","Darkstone Periapt","downfall:HeartBlessingBlue","Guardian:BottledStasis","Anchor","ClockworkSouvenir","Guardian:StasisEgg","Potion Belt","Bag of Marbles","Lantern","Akabeko"],"acts_visited":["Exordium","TheCity","TheBeyond","TheEnding"],"potions_floor_usage":[55,55],"damage_taken":[{"damage":0.0,"enemies":"2 Louse","floor":2.0,"turns":2.0},{"damage":1.0,"enemies":"Cultist","floor":3.0,"turns":4.0},{"damage":0.0,"enemies":"Jaw Worm","floor":5.0,"turns":4.0},{"damage":46.0,"enemies":"Lagavulin","floor":6.0,"turns":9.0},{"damage":0.0,"enemies":"Blue Slaver","floor":8.0,"turns":3.0},{"damage":0.0,"enemies":"Exordium Wildlife","floor":9.0,"turns":4.0},{"damage":14.0,"enemies":"Gremlin Nob","floor":11.0,"turns":4.0},{"damage":14.0,"enemies":"Gremlin Nob","floor":13.0,"turns":3.0},{"damage":0.0,"enemies":"Exordium Thugs","floor":14.0,"turns":3.0},{"damage":0.0,"enemies":"Gremlin Gang","floor":15.0,"turns":3.0},{"damage":3.0,"enemies":"downfall:Ironclad","floor":16.0,"turns":6.0},{"damage":15.0,"enemies":"3 Byrds","floor":19.0,"turns":4.0},{"damage":0.0,"enemies":"downfall:FleeingMerchant","floor":21.0,"turns":4.0},{"damage":1.0,"enemies":"Shelled Parasite and Fungi","floor":22.0,"turns":4.0},{"damage":0.0,"enemies":"Book of Stabbing","floor":23.0,"turns":3.0},{"damage":0.0,"enemies":"Cultist and Chosen","floor":25.0,"turns":6.0},{"damage":6.0,"enemies":"Gremlin Leader","floor":29.0,"turns":6.0},{"damage":0.0,"enemies":"downfall:FleeingMerchant","floor":31.0,"turns":4.0},{"damage":0.0,"enemies":"Snake Plant","floor":32.0,"turns":3.0},{"damage":7.0,"enemies":"downfall:Silent","floor":33.0,"turns":6.0},{"damage":0.0,"enemies":"3 Shapes","floor":36.0,"turns":3.0},{"damage":0.0,"enemies":"downfall:FleeingMerchant","floor":38.0,"turns":1.0},{"damage":0,"enemies":"3 Darklings","floor":44,"turns":4},{"damage":0,"enemies":"Transient","floor":45,"turns":5},{"damage":0,"enemies":"Giant Head","floor":47,"turns":5},{"damage":0,"enemies":"Spire Growth","floor":49,"turns":3},{"damage":0,"enemies":"downfall:Defect","floor":50,"turns":4},{"damage":0,"enemies":"downfall:CharBossMerchant","floor":52,"turns":6},{"damage":0,"enemies":"downfall:NeowBoss","floor":55,"turns":13}],"seed_played":"-1397189497295336880","potions_obtained":[{"floor":2.0,"key":"Energy Potion"},{"floor":5.0,"key":"AttackPotion"},{"floor":6.0,"key":"ColorlessPotion"},{"floor":8.0,"key":"DuplicationPotion"},{"floor":11.0,"key":"DuplicationPotion"},{"floor":45,"key":"EssenceOfSteel"},{"floor":49,"key":"DistilledChaos"}],"is_trial":false,"path_per_floor":["R","M","M","?","M","E","T","M","M","R","E","R","?","M","M","B",null,"R","M","?","$","M","E","T","M","?","?","?","E","R","$","M","B",null,"R","M","?","$","?","?","T","$","?","M","M","T","E","$","M","B",null,"E","$","R","B",null],"character_chosen":"GUARDIAN","items_purchased":["Guardian:SphericShield","Guardian:BottledStasis","Anchor","ClockworkSouvenir","Guardian:TimeCapacitor"],"campfire_rested":1,"item_purchase_floors":[21,31,38,38,53],"current_hp_per_floor":[80,80,79,79,79,33,33,33,33,72,58,58,44,44,44,41,80,80,65,65,65,64,64,64,64,64,64,64,58,68,68,68,61,90,90,90,90,90,90,96,96,96,96,96,96,96,96,96,96,96,96,96,96,96,96],"gold":107,"neow_bonus":"THREE_CARDS","is_daily":false,"chose_seed":false,"campfire_upgraded":5,"win_rate":0.0,"timestamp":1609076834,"path_taken":["R","M","M","?","M","E","T","M","?","R","E","R","?","M","M","BOSS","R","M","?","$","M","E","T","M","?","?","?","E","R","?","M","BOSS","R","M","?","$","?","?","T","$","?","M","M","?","E","?","M","BOSS","E","$","R","BOSS"],"items_purchased_type":["Card","Relic","Relic","Relic","Card"],"build_version":"2020-12-22","purchased_purges":3,"victory":true,"max_hp_per_floor":[80,80,80,80,80,80,80,80,80,80,80,80,80,80,80,80,80,80,80,80,80,80,80,80,80,80,80,80,80,90,90,90,90,90,90,90,90,90,90,96,96,96,96,96,96,96,96,96,96,96,96,96,96,96,96],"card_choices":[{"not_picked":["Guardian:WalkerClaw","Guardian:Gem_Lightblue"],"picked":"Guardian:BronzeOrb","floor":0.0},{"not_picked":["Guardian:GuardianWhirl","Guardian:VentSteam","Guardian:WalkerClaw"],"picked":"SKIP","floor":2.0},{"not_picked":["Guardian:GuardianWhirl","Guardian:VentSteam","Guardian:WalkerClaw"],"picked":"SKIP","floor":2.0},{"not_picked":["Guardian:Clone","Guardian:PrismaticBarrier"],"picked":"Guardian:PiercingHide","floor":3.0},{"not_picked":["Guardian:VentSteam","Guardian:PrimingBeam"],"picked":"Guardian:RollAttack","floor":5.0},{"not_picked":["Guardian:Gem_Red","Guardian:PrismaticBeam"],"picked":"Guardian:FastForward","floor":6.0},{"not_picked":["Guardian:RollAttack","Guardian:Recover"],"picked":"Guardian:Gem_White","floor":8.0},{"not_picked":["Guardian:Gem_Cyan","Guardian:Repulse"],"picked":"Guardian:FierceBash","floor":9.0},{"not_picked":["Guardian:Incinerate","Guardian:GuardianWhirl"],"picked":"Guardian:Emergency","floor":11.0},{"not_picked":["Guardian:ShieldSpikes","Guardian:Gem_Green"],"picked":"Guardian:Gem_Cyan","floor":13.0},{"not_picked":["Guardian:TemporalStrike","Guardian:ShieldSpikes"],"picked":"Guardian:Recover","floor":14.0},{"not_picked":["Guardian:Gem_Red","Guardian:RollAttack","Guardian:StasisStrike"],"picked":"SKIP","floor":15.0},{"not_picked":["Guardian:Gem_Cyan","Guardian:PiercingHide+1","Guardian:ShieldCharger+1"],"picked":"SKIP","floor":19.0},{"not_picked":["Guardian:RollAttack+1","Guardian:PrismaticBarrier","Guardian:BronzeOrb"],"picked":"SKIP","floor":21.0},{"not_picked":["Guardian:ChargeCore","Guardian:Recover+1","Guardian:Gem_Red"],"picked":"SKIP","floor":22.0},{"not_picked":["Guardian:Gem_Purple","Guardian:StasisStrike","Guardian:ChargeUp"],"picked":"SKIP","floor":23.0},{"not_picked":["Guardian:FloatingOrbs+1","Guardian:PiercingHide+1","Guardian:PrismaticBarrier+1"],"picked":"Guardian:Reroute+1","floor":25.0},{"not_picked":["Guardian:PiercingHide","Guardian:Suspension","Guardian:PrimingBeam+1"],"picked":"Guardian:FuturePlans","floor":29.0},{"not_picked":["Guardian:Gem_Green","Guardian:TemporalShield","Guardian:Suspension","Guardian:Gem_Lightblue"],"picked":"SKIP","floor":31.0},{"not_picked":["Guardian:Gem_Red","Guardian:Suspension","Guardian:TimeCapacitor","Guardian:RollAttack"],"picked":"SKIP","floor":32.0},{"not_picked":["Guardian:FierceBash","Guardian:ConstructionForm","Guardian:AncientConstruct"],"picked":"Guardian:Gem_Orange","floor":33.0},{"not_picked":["Guardian:Suspension+1","Guardian:TemporalShield","Guardian:ShieldCharger","Guardian:Gem_Cyan"],"picked":"SKIP","floor":36.0},{"not_picked":["Guardian:Gem_Cyan","Guardian:ShieldCharger","Guardian:Gem_Yellow","Guardian:Clone"],"picked":"SKIP","floor":38.0},{"not_picked":["Guardian:Reroute+1","Guardian:TimeBomb","Guardian:Suspension+1","Guardian:TemporalStrike+1"],"picked":"SKIP","floor":44},{"not_picked":["Guardian:Gem_Red","Guardian:TimeCapacitor+1","Guardian:Gem_Blue","Guardian:GuardianWhirl+1"],"picked":"SKIP","floor":45},{"not_picked":["Guardian:Gem_Yellow","Guardian:Clone+1","Guardian:PrismaticBarrier+1","Guardian:FloatingOrbs+1"],"picked":"SKIP","floor":47},{"not_picked":["Guardian:HyperBeam_Guardian","Guardian:Gem_Lightblue","Guardian:DonusPower+1","Guardian:TemporalStrike"],"picked":"SKIP","floor":49},{"not_picked":["Guardian:AncientConstruct","Guardian:RefractedBeam","Guardian:Planning+1","Guardian:Preprogram"],"picked":"SKIP","floor":52}],"player_experience":444383,"relics_obtained":[{"floor":6.0,"key":"Regal Pillow"},{"floor":7.0,"key":"Shuriken"},{"floor":11.0,"key":"Juzu Bracelet"},{"floor":13.0,"key":"Guardian:DefensiveModeMoreBlock"},{"floor":23.0,"key":"Question Card"},{"floor":29.0,"key":"Darkstone Periapt"},{"floor":41,"key":"Potion Belt"},{"floor":46,"key":"Bag of Marbles"},{"floor":47,"key":"Lantern"},{"floor":52,"key":"Akabeko"}],"event_choices":[{"damage_healed":0.0,"max_hp_gain":0.0,"max_hp_loss":0.0,"gold_gain":0.0,"event_name":"Drug Dealer","player_choice":"Inject Mutagens","floor":26.0,"gold_loss":0.0,"damage_taken":0.0,"relics_obtained":["MutagenicStrength"]},{"damage_healed":0.0,"max_hp_gain":0.0,"max_hp_loss":0.0,"gold_gain":0.0,"event_name":"FaceTrader","player_choice":"Leave","floor":28.0,"gold_loss":0.0,"damage_taken":0.0},{"cards_removed":["Guardian:Defend_Guardian"],"damage_healed":0.0,"max_hp_gain":0.0,"max_hp_loss":0.0,"gold_gain":0.0,"event_name":"Falling","player_choice":"Removed Skill","floor":37.0,"gold_loss":0.0,"damage_taken":0.0},{"damage_healed":0.0,"max_hp_gain":0.0,"max_hp_loss":0.0,"gold_gain":0.0,"event_name":"Upgrade Shrine","player_choice":"Upgraded","floor":39.0,"gold_loss":0.0,"damage_taken":0.0,"cards_upgraded":["Guardian:SphericShield"]}],"is_beta":false,"boss_relics":[{"not_picked":["Philosopher\u0027s Stone","Runic Dome"],"picked":"Velvet Choker"},{"not_picked":["Cursed Key","SlaversCollar"],"picked":"Guardian:ModeShifterPlus"}],"items_purged_floors":[21,38,42],"is_endless":false,"potions_floor_spawned":[2,5,6,8,11,16,19,23,25,33,45,49,52],"ascension_level":0}}