{"host":"2nzy6rv16qd8ry46","time":1609086338,"event":{"mods":["AchievementEnabler","BaseMod","Colored Map","Colored Powertips","Googly Eyes","Minty Spire (QoL Compilation)","StSLib","The IronCluck"],"gold_per_floor":[114,126,53,65,15,44,44,219,244,257,257,277,291,256,256,361,361,379,367,367,367,317,317,333,333,333,333,347,347,446,446,446,545,545,565,197,197,7,20,20,20,20,20],"floor_reached":42,"playtime":2321,"items_purged":["Fire Breathing+1"],"score":446,"play_id":"e7edb40f-a779-4fed-9eda-0866f72ff1f9","local_time":"20201227162538","is_ascension_mode":false,"campfire_choices":[{"data":"Armaments","floor":7,"key":"SMITH"},{"floor":11,"key":"REST"},{"data":"Armaments","floor":15,"key":"SMITH"},{"floor":23,"key":"REST"},{"floor":25,"key":"REST"},{"floor":27,"key":"REST"},{"floor":29,"key":"REST"},{"data":"Armaments","floor":32,"key":"SMITH"},{"data":"Apotheosis","floor":40,"key":"SMITH"}],"circlet_count":0,"master_deck":["Defend_R+1","Bash","Pommel Strike","Sword Boomerang","Flex","Spot Weakness","Heavy Blade","Armaments+1","Seeing Red+1","Doubt","Demon Form","Armaments+1","Burning Pact+1","Heavy Blade+1","Iron Wave","Bite","Bite","Bite","Bite","Bite","Rage+1","Armaments+1","Berserk+1","Iron Wave","Ghostly Armor","Rampage","Madness","Apotheosis+1","Warcry+1"],"relics":["Burning Blood","Bronze Scales","War Paint","Astrolabe","Nilry\u0027s Codex","Frozen Egg 2","Philosopher\u0027s Stone","Lantern"],"acts_visited":["Exordium","TheCity","TheBeyond"],"potions_floor_usage":[6,6,12,19,31,31,35,42],"damage_taken":[{"damage":0,"enemies":"Cultist","floor":1,"turns":4},{"damage":8,"enemies":"Jaw Worm","floor":2,"turns":3},{"damage":5,"enemies":"Small Slimes","floor":4,"turns":3},{"damage":46,"enemies":"Lagavulin","floor":6,"turns":8},{"damage":10,"enemies":"Exordium Wildlife","floor":10,"turns":3},{"damage":2,"enemies":"Looter","floor":12,"turns":2},{"damage":13,"enemies":"Red Slaver","floor":13,"turns":3},{"damage":35,"enemies":"The Guardian","floor":16,"turns":9},{"damage":5,"enemies":"Chosen","floor":18,"turns":3},{"damage":32,"enemies":"2 Thieves","floor":19,"turns":4},{"damage":54,"enemies":"Centurion and Healer","floor":24,"turns":7},{"damage":37,"enemies":"3 Cultists","floor":28,"turns":5},{"damage":7,"enemies":"Sentry and Sphere","floor":31,"turns":4},{"damage":66,"enemies":"Champ","floor":33,"turns":13},{"damage":33,"enemies":"3 Darklings","floor":35,"turns":4},{"damage":22,"enemies":"3 Shapes","floor":39,"turns":6},{"damage":35,"enemies":"3 Darklings","floor":42,"turns":2}],"seed_played":"-3920578081427895403","potions_obtained":[{"floor":1,"key":"ColorlessPotion"},{"floor":2,"key":"FearPotion"},{"floor":6,"key":"DistilledChaos"},{"floor":10,"key":"SmokeBomb"},{"floor":16,"key":"SteroidPotion"},{"floor":18,"key":"SteroidPotion"},{"floor":33,"key":"Swift Potion"},{"floor":35,"key":"Energy Potion"},{"floor":39,"key":"GamblersBrew"}],"is_trial":false,"path_per_floor":["M","M","$","M","$","E","R","?","T","M","R","M","M","?","R","B",null,"M","M","?","?","?","R","M","R","T","R","M","R","?","M","R","B",null,"M","$","?","$","M","R","?","M"],"character_chosen":"IRONCLAD","items_purchased":["Spot Weakness","Armaments","Lantern","Ghostly Armor","Rampage","Apotheosis"],"campfire_rested":5,"item_purchase_floors":[3,5,36,36,36,38],"current_hp_per_floor":[80,78,78,79,79,39,39,39,39,35,59,63,56,76,76,47,80,80,54,54,38,38,54,16,32,32,48,25,41,41,49,49,13,56,41,41,41,41,34,34,29,0,0],"gold":20,"neow_bonus":"THREE_CARDS","is_daily":false,"chose_seed":false,"campfire_upgraded":4,"win_rate":0.0,"timestamp":1609086338,"path_taken":["M","?","$","?","$","E","R","?","T","M","R","M","M","?","R","BOSS","M","M","?","?","?","R","M","R","T","R","?","R","?","M","R","BOSS","M","$","?","$","M","R","?","M"],"items_purchased_type":["Card","Card","Relic","Card","Card","Card"],"build_version":"2020-12-22","purchased_purges":1,"victory":false,"max_hp_per_floor":[80,80,80,80,80,80,80,80,80,80,80,80,80,80,80,80,80,80,80,56,56,56,56,56,56,56,56,56,56,56,56,56,56,56,56,56,56,56,56,56,56,56,56],"card_choices":[{"not_picked":["Shrug It Off","Metallicize"],"picked":"Pommel Strike","floor":0},{"not_picked":["Havoc","Bloodletting"],"picked":"Sword Boomerang","floor":1},{"not_picked":["Searing Blow","Entrench"],"picked":"Flex","floor":2},{"not_picked":["True Grit","Entrench"],"picked":"Heavy Blade","floor":4},{"not_picked":["Bloodletting","Combust"],"picked":"Seeing Red","floor":6},{"not_picked":["Seeing Red","Body Slam","Burning Pact"],"picked":"SKIP","floor":10},{"not_picked":["Reckless Charge","Pummel"],"picked":"Demon Form","floor":12},{"not_picked":["Inflame","Cleave"],"picked":"Armaments","floor":13},{"not_picked":["Twin Strike","Clothesline+1","Cleave+1"],"picked":"SKIP","floor":18},{"not_picked":["Sword Boomerang","Thunderclap"],"picked":"Iron Wave","floor":19},{"not_picked":["Cleave+1","Searing Blow"],"picked":"Rage+1","floor":24},{"not_picked":["Perfected Strike","Pommel Strike"],"picked":"Armaments","floor":28},{"not_picked":["Immolate","Offering"],"picked":"Berserk+1","floor":33},{"not_picked":["Shockwave","Body Slam+1"],"picked":"Iron Wave","floor":35},{"not_picked":["Dark Shackles","Discovery"],"picked":"Madness","floor":37},{"not_picked":["Feel No Pain+1","Wild Strike"],"picked":"Warcry+1","floor":39}],"player_experience":44547,"relics_obtained":[{"floor":6,"key":"Bronze Scales"},{"floor":9,"key":"War Paint"},{"floor":21,"key":"Nilry\u0027s Codex"},{"floor":26,"key":"Frozen Egg 2"}],"event_choices":[{"damage_healed":0,"gold_gain":175,"player_choice":"AGREE","damage_taken":0,"max_hp_gain":0,"max_hp_loss":0,"event_name":"Liars Game","floor":8,"gold_loss":0,"cards_obtained":["Doubt"]},{"damage_healed":20,"gold_gain":0,"player_choice":"Healed","damage_taken":0,"max_hp_gain":0,"max_hp_loss":0,"event_name":"The Cleric","floor":14,"gold_loss":35},{"damage_healed":0,"gold_gain":0,"player_choice":"Became a vampire","damage_taken":0,"max_hp_gain":0,"max_hp_loss":24,"event_name":"Vampires","floor":20,"gold_loss":0,"cards_obtained":["Bite","Bite","Bite","Bite","Bite"]},{"damage_healed":0,"gold_gain":0,"player_choice":"Obtained Book","damage_taken":16,"max_hp_gain":0,"max_hp_loss":0,"event_name":"Cursed Tome","floor":21,"gold_loss":0},{"damage_healed":0,"gold_gain":0,"player_choice":"Bet on Owner","damage_taken":0,"max_hp_gain":0,"max_hp_loss":0,"event_name":"The Joust","floor":22,"gold_loss":50},{"damage_healed":0,"gold_gain":99,"player_choice":"Stole From Cult","damage_taken":0,"max_hp_gain":0,"max_hp_loss":0,"event_name":"Nest","floor":30,"gold_loss":0},{"damage_healed":0,"gold_gain":0,"player_choice":"Memory 1","damage_taken":0,"max_hp_gain":0,"max_hp_loss":0,"event_name":"SensoryStone","floor":37,"gold_loss":0},{"damage_healed":0,"gold_gain":0,"player_choice":"Damaged","damage_taken":5,"max_hp_gain":0,"max_hp_loss":0,"event_name":"Wheel of Change","floor":41,"gold_loss":0}],"is_beta":false,"boss_relics":[{"not_picked":["Runic Cube","SacredBark"],"picked":"Astrolabe"},{"not_picked":["Tiny House","Velvet Choker"],"picked":"Philosopher\u0027s Stone"}],"items_purged_floors":[36],"is_endless":false,"potions_floor_spawned":[1,2,6,10,16,18,33,35,39],"killed_by":"3 Darklings","ascension_level":0}}