{"host":"fevvm7bbzuh4s1jc","time":1609105742,"event":{"mods":["BaseMod","Highlight Path","Minty Spire (QoL Compilation)","Relic Stats"],"gold_per_floor":[363,513,532,12,28,28,61,74,74,74,84,84,111,133,145,231,243,272,295,323,335,85,116,116,151,151,151,151],"floor_reached":27,"playtime":1569,"items_purged":["Doubt"],"score":576,"play_id":"85de0ff8-dbed-49fa-bf9d-3e0f415d8bf7","local_time":"20201227164902","is_ascension_mode":true,"campfire_choices":[{"data":"Whirlwind","floor":6.0,"key":"SMITH"},{"data":"Combust","floor":10.0,"key":"SMITH"},{"data":"Inflame","floor":12.0,"key":"SMITH"},{"floor":15.0,"key":"REST"},{"floor":24,"key":"REST"}],"circlet_count":0,"master_deck":["AscendersBane","Strike_R","Strike_R","Strike_R","Strike_R","Strike_R","Defend_R","Defend_R","Defend_R","Defend_R","Bash","Decay","Pommel Strike","Whirlwind+1","Feed+1","Clothesline+1","Combust+1","Inflame+1","Shrug It Off","True Grit","Offering","Shrug It Off","Spot Weakness"],"relics":["Burning Blood","Molten Egg 2","Singing Bowl","Matryoshka","MawBank","Velvet Choker","Enchiridion","Meat on the Bone","Omamori","Frozen Egg 2","Bronze Scales"],"acts_visited":["Exordium","TheCity"],"potions_floor_usage":[23,23],"damage_taken":[{"damage":11.0,"enemies":"2 Louse","floor":1.0,"turns":3.0},{"damage":12.0,"enemies":"Small Slimes","floor":3.0,"turns":4.0},{"damage":20.0,"enemies":"Jaw Worm","floor":5.0,"turns":5.0},{"damage":27.0,"enemies":"Lagavulin","floor":7.0,"turns":6.0},{"damage":0.0,"enemies":"2 Fungi Beasts","floor":8.0,"turns":2.0},{"damage":15.0,"enemies":"Large Slime","floor":11.0,"turns":6.0},{"damage":17.0,"enemies":"3 Sentries","floor":13.0,"turns":5.0},{"damage":17.0,"enemies":"Blue Slaver","floor":14.0,"turns":7.0},{"damage":16.0,"enemies":"Slime Boss","floor":16.0,"turns":7.0},{"damage":9.0,"enemies":"3 Byrds","floor":18.0,"turns":2.0},{"damage":26.0,"enemies":"2 Thieves","floor":19.0,"turns":4.0},{"damage":18.0,"enemies":"3 Cultists","floor":20.0,"turns":3.0},{"damage":28,"enemies":"Book of Stabbing","floor":23,"turns":4},{"damage":46,"enemies":"Slavers","floor":25,"turns":3},{"damage":47,"enemies":"Gremlin Leader","floor":27,"turns":3}],"seed_played":"-5331827659429501465","potions_obtained":[{"floor":5.0,"key":"DistilledChaos"},{"floor":7.0,"key":"Block Potion"},{"floor":13.0,"key":"Explosive Potion"},{"floor":14.0,"key":"BlessingOfTheForge"},{"floor":20.0,"key":"Fire Potion"},{"floor":25,"key":"Ancient Potion"}],"is_trial":false,"path_per_floor":["M","?","M","$","M","R","E","M","T","R","M","R","E","M","R","B",null,"M","M","M","?","$","E","R","E","T","E"],"character_chosen":"IRONCLAD","items_purchased":["Molten Egg 2","Feed+1","Meat on the Bone"],"campfire_rested":2,"item_purchase_floors":[4,4,22],"current_hp_per_floor":[63,63,57,57,47,47,30,38,38,38,33,33,26,19,48,38,82,79,65,59,38,38,32,65,39,39,0,0],"gold":151,"neow_bonus":"TWO_FIFTY_GOLD","is_daily":false,"chose_seed":false,"campfire_upgraded":3,"win_rate":0.0,"timestamp":1609105742,"path_taken":["M","?","M","$","M","R","E","M","T","R","M","R","E","M","R","BOSS","M","M","M","?","$","E","R","E","T","E"],"items_purchased_type":["Relic","Card","Relic"],"build_version":"2020-12-22","purchased_purges":1,"victory":false,"max_hp_per_floor":[75,75,75,75,79,79,83,85,85,85,89,89,93,97,97,97,97,97,103,109,109,109,113,113,115,115,115,115],"relic_stats":{"Singing Bowl":8,"counters":[15,64],"Bronze Scales":[12],"MawBank":108,"obtain_stats":[{"Matryoshka":9,"Singing Bowl":7,"Bronze Scales":26,"Velvet Choker":17,"Enchiridion":21,"Molten Egg 2":4,"Omamori":23,"Frozen Egg 2":25,"MawBank":13,"Burning Blood":0,"Meat on the Bone":22},{"Matryoshka":5,"Singing Bowl":4,"Bronze Scales":14,"Velvet Choker":9,"Enchiridion":12,"Molten Egg 2":2,"Omamori":13,"Frozen Egg 2":14,"MawBank":7,"Burning Blood":0,"Meat on the Bone":12},{"Matryoshka":20,"Singing Bowl":18,"Bronze Scales":61,"Velvet Choker":45,"Enchiridion":54,"Molten Egg 2":7,"Omamori":58,"Frozen Egg 2":61,"MawBank":31,"Burning Blood":0,"Meat on the Bone":54}],"Burning Blood":84,"Meat on the Bone":24},"card_choices":[{"not_picked":["Wild Strike","Shrug It Off"],"picked":"Pommel Strike","floor":1.0},{"not_picked":["Body Slam","Havoc"],"picked":"Whirlwind","floor":3.0},{"not_picked":["Pommel Strike+1","Twin Strike+1"],"picked":"Clothesline+1","floor":5.0},{"not_picked":["Power Through","Bloodletting"],"picked":"Combust","floor":7.0},{"not_picked":["Sentinel","Thunderclap+1","Havoc"],"picked":"Singing Bowl","floor":8.0},{"not_picked":["Disarm","Armaments"],"picked":"Inflame","floor":11.0},{"not_picked":["Rage","Clash+1"],"picked":"Shrug It Off","floor":13.0},{"not_picked":["Demon Form","Rampage+1"],"picked":"True Grit","floor":14.0},{"not_picked":["Double Tap","Immolate+1"],"picked":"Offering","floor":16.0},{"not_picked":["Warcry","Perfected Strike+1"],"picked":"Shrug It Off","floor":18.0},{"not_picked":["Havoc","Sword Boomerang+1","Warcry+1"],"picked":"Singing Bowl","floor":19.0},{"not_picked":["Rage","Power Through","Cleave+1"],"picked":"Singing Bowl","floor":20.0},{"not_picked":["Dark Embrace","Clothesline+1"],"picked":"Spot Weakness","floor":23},{"not_picked":["Seeing Red","Power Through","Bloodletting"],"picked":"Singing Bowl","floor":25}],"player_experience":2596936,"relics_obtained":[{"floor":7.0,"key":"Singing Bowl"},{"floor":9.0,"key":"Matryoshka"},{"floor":13.0,"key":"MawBank"},{"floor":21.0,"key":"Enchiridion"},{"floor":23,"key":"Omamori"},{"floor":25,"key":"Frozen Egg 2"},{"floor":26,"key":"Bronze Scales"}],"event_choices":[{"damage_healed":0.0,"max_hp_gain":0.0,"max_hp_loss":0.0,"gold_gain":150.0,"event_name":"Liars Game","player_choice":"AGREE","floor":2.0,"gold_loss":0.0,"damage_taken":0.0,"cards_obtained":["Doubt"]},{"damage_healed":0.0,"max_hp_gain":0.0,"max_hp_loss":0.0,"gold_gain":0.0,"event_name":"Cursed Tome","player_choice":"Obtained Book","floor":21.0,"gold_loss":0.0,"damage_taken":21.0}],"is_beta":false,"boss_relics":[{"not_picked":["Runic Dome","Fusion Hammer"],"picked":"Velvet Choker"}],"items_purged_floors":[4],"is_endless":false,"potions_floor_spawned":[5,7,13,14,20,25],"killed_by":"Gremlin Leader","ascension_level":20}}