{"host":"ywt8u9kq80n9hc8s","time":1609032197,"event":{"mods":["AchievementEnabler","Alarm Clock","BaseMod","Better Altar","Better Match","Better Note","Better Sensory Stone","Better Skull","Better Third Choice","BetterRewards","Filter the Spire","Minty Spire (QoL Compilation)","Permanent Neow","Rare Cards Sparkle","StSLib"],"gold_per_floor":[115,40,57,67,81,81,110,110,110,138,170,170,255,308,308,455,455,492,532,239,301,301,379,379,430,457,534,593,593,643,643,643,743,743,806,806,859,929,941,997,1055,1112,1112,1138,566,133,162,174,174,174],"floor_reached":51,"playtime":5404,"items_purged":["Deflect","Conserve Battery"],"score":1455,"play_id":"0d5f6ec8-353d-4005-aec6-d51573398f16","local_time":"20201227032317","daily_mods":["Draft","Vintage","Diverse","Heirloom","Time Dilation","Flight","DeadlyEvents","Elite Swarm","Terminal"],"is_ascension_mode":false,"campfire_choices":[{"data":"Echo Form","floor":6,"key":"SMITH"},{"data":"DevaForm","floor":8,"key":"SMITH"},{"data":"Wraith Form v2","floor":12,"key":"SMITH"},{"data":"Well Laid Plans","floor":15,"key":"SMITH"},{"floor":29,"key":"REST"},{"floor":32,"key":"REST"},{"data":"Demon Form","floor":49,"key":"SMITH"}],"circlet_count":0,"master_deck":["Demon Form+1","Wraith Form v2+1","Echo Form+1","DevaForm+1","Swivel","Underhanded Strike","Conserve Battery","Wireheading","Quick Slash","CutThroughFate","Tantrum","Dagger Spray","Cold Snap","Well Laid Plans+1","JustLucky","CrushJoints","Wish","Barricade","Establishment","Omniscience","Berserk","Omniscience","Meteor Strike","Bullet Time","Vault","Meteor Strike","Heatsinks","Study+1","Hyperbeam"],"relics":["Snecko Eye","GoldenEye","Pantograph","Bottled Tornado","Pocketwatch","MealTicket","Pear","Darkstone Periapt","Bird Faced Urn","Boot","TeardropLocket","White Beast Statue","Black Star","Sundial","Unceasing Top","Ginger","Happy Flower","Oddly Smooth Stone","Gambling Chip","Bottled Lightning","Bottled Flame","Ancient Tea Set","Centennial Puzzle","Smiling Mask","Bag of Preparation","CloakClasp","Tiny Chest","TungstenRod","Blood Vial","Bloody Idol","Philosopher\u0027s Stone","Anchor","Dead Branch","Thread and Needle","HornCleat","Kunai","Vajra","Mummified Hand","Regal Pillow","Ice Cream","Bronze Scales","Yang","Pen Nib","Peace Pipe","PreservedInsect","Bag of Marbles","Nunchaku","Orrery","Medical Kit","Lizard Tail","Calipers","Lantern","Omamori"],"acts_visited":["Exordium","TheCity","TheBeyond"],"potions_floor_usage":[],"damage_taken":[{"damage":0,"enemies":"Cultist","floor":1,"turns":2},{"damage":0,"enemies":"Small Slimes","floor":3,"turns":2},{"damage":0,"enemies":"Jaw Worm","floor":4,"turns":3},{"damage":0,"enemies":"Exordium Wildlife","floor":5,"turns":3},{"damage":0,"enemies":"Gremlin Nob","floor":7,"turns":2},{"damage":6,"enemies":"3 Sentries","floor":10,"turns":2},{"damage":0,"enemies":"Lagavulin","floor":11,"turns":4},{"damage":0,"enemies":"3 Sentries","floor":13,"turns":6},{"damage":0,"enemies":"Lagavulin","floor":14,"turns":4},{"damage":0,"enemies":"Hexaghost","floor":16,"turns":5},{"damage":16,"enemies":"Shell Parasite","floor":18,"turns":4},{"damage":0,"enemies":"Chosen","floor":19,"turns":3},{"damage":0,"enemies":"Snecko","floor":21,"turns":4},{"damage":0,"enemies":"Book of Stabbing","floor":23,"turns":3},{"damage":0,"enemies":"Slavers","floor":25,"turns":4},{"damage":14,"enemies":"Gremlin Leader","floor":27,"turns":4},{"damage":45,"enemies":"Slavers","floor":28,"turns":4},{"damage":0,"enemies":"Book of Stabbing","floor":30,"turns":3},{"damage":0,"enemies":"Collector","floor":33,"turns":3},{"damage":5,"enemies":"Orb Walker","floor":35,"turns":3},{"damage":0,"enemies":"Giant Head","floor":37,"turns":4},{"damage":0,"enemies":"3 Darklings","floor":39,"turns":2},{"damage":0,"enemies":"Reptomancer","floor":40,"turns":3},{"damage":0,"enemies":"Giant Head","floor":41,"turns":3},{"damage":0,"enemies":"Nemesis","floor":42,"turns":2},{"damage":0,"enemies":"Giant Head","floor":44,"turns":1},{"damage":0,"enemies":"Reptomancer","floor":47,"turns":1},{"damage":0,"enemies":"Transient","floor":48,"turns":2},{"damage":37,"enemies":"Time Eater","floor":50,"turns":3}],"seed_played":"-5810860939346358104","potions_obtained":[{"floor":1,"key":"StancePotion"},{"floor":4,"key":"BlessingOfTheForge"},{"floor":11,"key":"GamblersBrew"},{"floor":13,"key":"Regen Potion"},{"floor":23,"key":"Strength Potion"},{"floor":39,"key":"Ambrosia"},{"floor":47,"key":"StancePotion"}],"is_trial":true,"path_per_floor":["M","$","M","M","M","R","E","R","T","E","E","R","E","E","R","B",null,"M","M","$","M","$","E","?","E","T","E","E","R","E","?","R","B",null,"M","?","E","T","M","E","E","E","T","E","$","$","E","M","R","B",null],"character_chosen":"WATCHER","items_purchased":["Ginger","Bag of Marbles","Nunchaku","Heatsinks","Orrery","Medical Kit","Lizard Tail"],"campfire_rested":2,"item_purchase_floors":[20,45,45,45,45,46,46],"current_hp_per_floor":[70,69,68,67,66,65,74,73,72,66,70,69,68,67,66,65,64,62,62,61,60,59,58,57,56,55,54,27,42,51,14,29,48,47,46,45,44,43,42,41,40,39,38,37,36,35,34,33,32,31],"gold":174,"neow_bonus":"","is_daily":false,"chose_seed":false,"campfire_upgraded":5,"win_rate":0.0,"timestamp":1609032197,"path_taken":["M","$","M","M","M","R","E","R","T","E","E","R","E","E","R","BOSS","M","M","$","M","$","E","?","E","T","E","E","R","E","?","R","BOSS","M","?","?","?","M","E","E","E","T","E","$","$","E","M","R","BOSS"],"items_purchased_type":["Relic","Relic","Relic","Card","Relic","Relic","Relic"],"build_version":"2020-12-22","purchased_purges":2,"victory":true,"max_hp_per_floor":[70,69,68,67,66,65,74,73,72,71,70,69,68,67,66,65,64,63,62,61,60,59,58,57,56,55,54,53,52,51,50,49,48,47,46,45,44,43,42,41,40,39,38,37,36,35,34,33,32,31],"card_choices":[{"not_picked":["FollowUp","Bane"],"picked":"Swivel","floor":0},{"not_picked":["LikeWater","Bloodletting"],"picked":"Underhanded Strike","floor":0},{"not_picked":["Clothesline","WaveOfTheHand"],"picked":"Conserve Battery","floor":0},{"not_picked":["Deflect","Protect"],"picked":"Wireheading","floor":0},{"not_picked":["Leap","Warcry"],"picked":"Quick Slash","floor":0},{"not_picked":["Acrobatics","Darkness"],"picked":"Infinite Blades","floor":0},{"not_picked":["Crescendo","Dagger Throw"],"picked":"CutThroughFate","floor":0},{"not_picked":["Wireheading","Chaos"],"picked":"Tantrum","floor":0},{"not_picked":["Turbo","FlurryOfBlows"],"picked":"Dagger Spray","floor":0},{"not_picked":["Chaos","Quick Slash"],"picked":"Cold Snap","floor":0},{"not_picked":["Lockon","PathToVictory"],"picked":"Deflect","floor":0},{"not_picked":["Tempest","Steam"],"picked":"Well Laid Plans","floor":0},{"not_picked":["Cloak And Dagger","Noxious Fumes"],"picked":"JustLucky","floor":0},{"not_picked":["Heavy Blade","Flechettes"],"picked":"Conserve Battery","floor":0},{"not_picked":["Halt","Calculated Gamble"],"picked":"CrushJoints","floor":0},{"not_picked":["Double Tap","Unload","SpiritShield"],"picked":"SKIP","floor":7},{"not_picked":["Reboot","Ragnarok","Glass Knife"],"picked":"SKIP","floor":10},{"not_picked":["DevaForm","Double Tap"],"picked":"Wish","floor":11},{"not_picked":["Thunder Strike","Burst"],"picked":"Barricade","floor":13},{"not_picked":["Brilliance","DevaForm","Doppelganger"],"picked":"SKIP","floor":14},{"not_picked":["Core Surge","Night Terror"],"picked":"Establishment","floor":16},{"not_picked":["Corruption","Envenom"],"picked":"Omniscience","floor":23},{"not_picked":["ConjureBlade","Juggernaut"],"picked":"Berserk","floor":25},{"not_picked":["DeusExMachina","Corpse Explosion","Wraith Form v2"],"picked":"SKIP","floor":27},{"not_picked":["DeusExMachina","Corpse Explosion","Wraith Form v2"],"picked":"SKIP","floor":27},{"not_picked":["ConjureBlade","Glass Knife"],"picked":"Omniscience","floor":28},{"not_picked":["SpiritShield","Scrawl"],"picked":"Meteor Strike","floor":30},{"not_picked":["Glass Knife","Scrawl"],"picked":"Bullet Time","floor":33},{"not_picked":["Corpse Explosion","Reboot","Doppelganger"],"picked":"SKIP","floor":37},{"not_picked":["Bludgeon","Phantasmal Killer","Brilliance"],"picked":"SKIP","floor":40},{"not_picked":["All For One","Bullet Time"],"picked":"Vault","floor":41},{"not_picked":["Unload","ConjureBlade"],"picked":"Meteor Strike","floor":42},{"not_picked":["Amplify","Reboot","Venomology"],"picked":"SKIP","floor":44},{"not_picked":["Headbutt+1","Entrench+1"],"picked":"Study+1","floor":45},{"not_picked":["Devotion","DevaForm"],"picked":"Hyperbeam","floor":47}],"player_experience":88108,"relics_obtained":[{"floor":1,"key":"Pantograph"},{"floor":3,"key":"Bottled Tornado"},{"floor":4,"key":"Pocketwatch"},{"floor":5,"key":"MealTicket"},{"floor":7,"key":"Pear"},{"floor":9,"key":"Darkstone Periapt"},{"floor":10,"key":"Bird Faced Urn"},{"floor":11,"key":"Boot"},{"floor":13,"key":"TeardropLocket"},{"floor":14,"key":"White Beast Statue"},{"floor":18,"key":"Sundial"},{"floor":19,"key":"Unceasing Top"},{"floor":21,"key":"Happy Flower"},{"floor":23,"key":"Oddly Smooth Stone"},{"floor":23,"key":"Gambling Chip"},{"floor":25,"key":"Bottled Lightning"},{"floor":25,"key":"Bottled Flame"},{"floor":26,"key":"Ancient Tea Set"},{"floor":27,"key":"Centennial Puzzle"},{"floor":27,"key":"Smiling Mask"},{"floor":28,"key":"Bag of Preparation"},{"floor":28,"key":"CloakClasp"},{"floor":30,"key":"Tiny Chest"},{"floor":30,"key":"TungstenRod"},{"floor":35,"key":"Anchor"},{"floor":37,"key":"Dead Branch"},{"floor":37,"key":"Thread and Needle"},{"floor":38,"key":"HornCleat"},{"floor":39,"key":"Kunai"},{"floor":40,"key":"Vajra"},{"floor":40,"key":"Mummified Hand"},{"floor":41,"key":"Regal Pillow"},{"floor":41,"key":"Ice Cream"},{"floor":42,"key":"Bronze Scales"},{"floor":42,"key":"Yang"},{"floor":43,"key":"Pen Nib"},{"floor":44,"key":"Peace Pipe"},{"floor":44,"key":"PreservedInsect"},{"floor":47,"key":"Calipers"},{"floor":47,"key":"Lantern"},{"floor":48,"key":"Omamori"}],"event_choices":[{"damage_healed":0,"gold_gain":0,"player_choice":"Ignored","damage_taken":0,"max_hp_gain":0,"max_hp_loss":0,"event_name":"betterNote:BetterNote","floor":24,"gold_loss":0,"cards_obtained":["DevaForm"]},{"damage_healed":0,"gold_gain":0,"player_choice":" Vial Idol ","damage_taken":39,"relics_obtained":["Blood Vial","Bloody Idol"],"max_hp_gain":51,"max_hp_loss":14,"event_name":"betterAltar:BetterAltar","floor":31,"potions_obtained":[],"relics_lost":[],"gold_loss":0},{"cards_removed":["Infinite Blades"],"damage_healed":0,"gold_gain":0,"player_choice":"Purged","damage_taken":0,"max_hp_gain":0,"max_hp_loss":0,"event_name":"Purifier","floor":36,"gold_loss":0}],"is_beta":false,"boss_relics":[{"not_picked":["Cursed Key","Sozu"],"picked":"Black Star"},{"not_picked":["Busted Crown","Tiny House"],"picked":"Philosopher\u0027s Stone"}],"items_purged_floors":[2,45],"is_endless":false,"potions_floor_spawned":[1,4,11,13,16,18,19,21,23,25,27,28,30,33,35,37,39,40,41,42,44,47,48],"ascension_level":0}}