{"host":"oeeu8njhzvf3llor","time":1609036204,"event":{"mods":["BaseMod","Better Match","Better Note","Better Skull","Better Third Choice","Hubris","Minty Spire (QoL Compilation)","Rare Cards Sparkle","Replay The Spire","Shop Mod","Spicy Shops","StSLib","Swap Starting Deck Mod"],"gold_per_floor":[119,119,119,119,193,220,220,254,254,289,289,309,309,339,339,436,436,454,467,467,467,467,124,154,173,173,185,202,282,282,28,28,130,130,145,160,15,15,15,45,96,107,107,107,127,127,127,147,147,147,147,147,47,73,73,73],"floor_reached":55,"playtime":1883,"items_purged":["Strike_G","ReplayTheSpireMod:Splinters","Strike_G"],"score":980,"play_id":"3ac692fd-79ca-43b8-8385-a38f0b877c4a","local_time":"20201226213004","is_ascension_mode":true,"campfire_choices":[{"data":"Neutralize","floor":7,"key":"SMITH"},{"data":"Backstab","floor":13,"key":"SMITH"},{"data":"Backflip","floor":15,"key":"SMITH"},{"data":"Dagger Spray","floor":30,"key":"SMITH"},{"data":"Noxious Fumes","floor":32,"key":"SMITH"},{"floor":44,"key":"RECALL"}],"circlet_count":0,"master_deck":["Strike_G+1","Strike_G","Defend_G","Defend_G","Defend_G","Defend_G","Survivor","Neutralize+1","Dagger Spray+1","Die Die Die+1","Poisoned Stab","Backstab+1","Poisoned Stab","Poisoned Stab+1","Backflip+1","Poison Darts","Deadly Poison+1","Sucker Punch","Dagger Spray+1","Noxious Fumes+1","Glass Knife","Die Die Die+1","Replay:Poison Smokescreen","All Out Attack+1","Finisher","Finisher+1"],"relics":["Ring of the Snake","NeowsBlessing","Replay:Kaleidoscope","Iron Hammer","FossilizedHelix","hubris:Towel","Odd Mushroom","Mercury Hourglass","Replay:Wax Seal","FaceOfCleric","MerchantsRug","Blue Doll","HornCleat","ReplayTheSpireMod:TigerMarble","Anchor","Fusion Hammer","Chemical X","Ring of Panic","hubris:GlazedTorus","Juzu Bracelet","Replay:Baseball","Vajra"],"acts_visited":["Exordium","TheCity","TheBeyond","TheEnding"],"potions_floor_usage":[12,19,33,40,50,50,55],"damage_taken":[{"damage":0,"enemies":"Small Slimes","floor":1,"turns":1},{"damage":0,"enemies":"Lagavulin","floor":6,"turns":1},{"damage":0,"enemies":"Gremlin Nob","floor":8,"turns":1},{"damage":16,"enemies":"Lagavulin","floor":10,"turns":5},{"damage":0,"enemies":"The Mushroom Lair","floor":12,"turns":1},{"damage":0,"enemies":"3 Sentries","floor":14,"turns":4},{"damage":0,"enemies":"Slime Boss","floor":16,"turns":7},{"damage":0,"enemies":"Chosen","floor":18,"turns":3},{"damage":0,"enemies":"Shell Parasite","floor":19,"turns":2},{"damage":4,"enemies":"Replay:Snechameleon","floor":24,"turns":3},{"damage":0,"enemies":"Cultist and Chosen","floor":25,"turns":3},{"damage":7,"enemies":"Shelled Parasite and Fungi","floor":27,"turns":3},{"damage":0,"enemies":"Centurion and Healer","floor":28,"turns":5},{"damage":0,"enemies":"Collector","floor":33,"turns":6},{"damage":0,"enemies":"Orb Walker","floor":35,"turns":2},{"damage":0,"enemies":"3 Darklings","floor":36,"turns":2},{"damage":15,"enemies":"Giant Head","floor":40,"turns":6},{"damage":0,"enemies":"2 Orb Walkers","floor":41,"turns":3},{"damage":0,"enemies":"4 Shapes","floor":42,"turns":2},{"damage":0,"enemies":"Jaw Worm Horde","floor":45,"turns":3},{"damage":0,"enemies":"Spire Growth","floor":48,"turns":3},{"damage":33,"enemies":"Donu and Deca","floor":50,"turns":7},{"damage":11,"enemies":"Shield and Spear","floor":54,"turns":6},{"damage":89,"enemies":"The Heart","floor":55,"turns":6}],"seed_played":"8325696197360540892","potions_obtained":[{"floor":1,"key":"DistilledChaos"},{"floor":8,"key":"Doom Potion"},{"floor":14,"key":"Languid Potion"},{"floor":16,"key":"Poison Potion"},{"floor":25,"key":"AttackPotion"},{"floor":27,"key":"Weak Potion"},{"floor":35,"key":"Death Potion"},{"floor":40,"key":"Death Potion"},{"floor":41,"key":"Toxic Potion"},{"floor":54,"key":"SkillPotion"}],"is_trial":false,"path_per_floor":["M","?","?","?","?","E","R","E","T","E","?","?","R","E","R","B",null,"M","M","?","?","?","$","E","M","T","M","M","?","R","$","R","B",null,"M","M","$","?","T","E","?","M","T","R","M","?","?","M","R","B",null,"R","$","E","B"],"character_chosen":"THE_SILENT","items_purchased":["Dagger Spray","MerchantsRug","Blue Doll","Anchor","Chemical X","Replay:Baseball"],"campfire_rested":0,"item_purchase_floors":[23,23,23,31,37,53],"current_hp_per_floor":[70,70,70,70,70,70,70,84,84,68,68,68,68,68,68,68,84,84,84,84,84,84,84,81,82,82,76,77,77,77,77,77,78,89,90,91,91,91,91,77,78,79,79,79,80,80,80,81,81,49,92,92,92,82,0,0],"gold":73,"neow_bonus":"THREE_ENEMY_KILL","is_daily":false,"chose_seed":false,"campfire_upgraded":5,"win_rate":0.0,"timestamp":1609036204,"path_taken":["M","?","?","?","?","E","R","E","T","E","?","?","R","E","R","BOSS","M","M","?","?","?","$","E","M","T","M","M","?","R","$","R","BOSS","M","?","$","?","?","E","?","M","T","R","M","?","?","M","R","BOSS","R","$","E","BOSS"],"items_purchased_type":["Card","Relic","Relic","Relic","Relic","Relic"],"build_version":"2020-12-22","purchased_purges":3,"victory":false,"max_hp_per_floor":[70,70,70,70,70,70,70,84,84,84,84,84,84,84,84,84,84,84,84,84,84,84,84,85,86,86,87,88,88,88,88,88,89,89,90,91,91,91,91,92,93,94,94,94,95,95,90,91,91,92,92,92,92,93,93,93],"card_choices":[{"not_picked":["Predator","Blade Dance"],"picked":"Dagger Spray","floor":1},{"not_picked":["Dagger Throw","Blur"],"picked":"Poisoned Stab","floor":6},{"not_picked":["hubris:SlightOfHand","Dodge and Roll"],"picked":"Backstab","floor":8},{"not_picked":["Distraction","Reflex"],"picked":"Poisoned Stab","floor":10},{"not_picked":["Concentrate","After Image"],"picked":"Poisoned Stab","floor":12},{"not_picked":["Poison Darts","Dagger Throw"],"picked":"Backflip","floor":14},{"not_picked":["Bullet Time","Tools of the Trade"],"picked":"Poison Darts","floor":16},{"not_picked":["Tactician","Hidden Blade"],"picked":"Deadly Poison+1","floor":18},{"not_picked":["Accuracy+1","Grand Finale"],"picked":"Sucker Punch","floor":19},{"not_picked":["Well Laid Plans","ReplayTheSpireMod:Tripwire","Flying Knee"],"picked":"SKIP","floor":24},{"not_picked":["Malaise","Outmaneuver"],"picked":"Noxious Fumes","floor":25},{"not_picked":["Blade Dance","Heel Hook","Bouncing Flask"],"picked":"SKIP","floor":27},{"not_picked":["Underhanded Strike+1","Setup","Backflip"],"picked":"SKIP","floor":28},{"not_picked":["hubris:SlightOfHand","Heel Hook"],"picked":"Glass Knife","floor":29},{"not_picked":["Grand Finale","Storm of Steel"],"picked":"Die Die Die","floor":33},{"not_picked":["Cloak And Dagger","Flying Knee+1"],"picked":"Replay:Poison Smokescreen","floor":35},{"not_picked":["hubris:Sniper","Backstab+1","Bouncing Flask"],"picked":"SKIP","floor":36},{"not_picked":["Deflect+1","Hidden Blade+1"],"picked":"All Out Attack+1","floor":40},{"not_picked":["Dagger Spray","PiercingWail"],"picked":"Finisher","floor":41},{"not_picked":["Dagger Spray+1","Infinite Blades","Dagger Throw+1"],"picked":"SKIP","floor":42},{"not_picked":["Dagger Throw","All Out Attack+1"],"picked":"Finisher+1","floor":45},{"not_picked":["Distraction+1","Poisoned Stab","Deflect"],"picked":"SKIP","floor":48},{"not_picked":["Blur+1","Poisoned Stab","ReplayTheSpireMod:Scrap Shanks"],"picked":"SKIP","floor":54}],"player_experience":472659,"relics_obtained":[{"floor":6,"key":"Replay:Kaleidoscope"},{"floor":8,"key":"Mango"},{"floor":9,"key":"Iron Hammer"},{"floor":10,"key":"FossilizedHelix"},{"floor":12,"key":"Odd Mushroom"},{"floor":14,"key":"Mercury Hourglass"},{"floor":24,"key":"HornCleat"},{"floor":29,"key":"ReplayTheSpireMod:TigerMarble"},{"floor":38,"key":"Ring of Panic"},{"floor":39,"key":"Whetstone"},{"floor":40,"key":"Omamori"},{"floor":41,"key":"hubris:GlazedTorus"},{"floor":43,"key":"Juzu Bracelet"},{"floor":54,"key":"Vajra"}],"event_choices":[{"damage_healed":0,"gold_gain":0,"player_choice":"Grow","damage_taken":0,"max_hp_gain":0,"max_hp_loss":0,"event_name":"Living Wall","floor":4,"gold_loss":0,"cards_upgraded":["Dagger Spray"]},{"damage_healed":0,"gold_gain":74,"player_choice":"Gained Gold","damage_taken":0,"max_hp_gain":0,"max_hp_loss":0,"event_name":"Golden Wing","floor":5,"gold_loss":0},{"damage_healed":0,"gold_gain":0,"player_choice":"Fought Mushrooms","damage_taken":0,"max_hp_gain":0,"max_hp_loss":0,"event_name":"Mushrooms","floor":12,"gold_loss":0},{"damage_healed":0,"gold_gain":0,"player_choice":"Gave Potion","damage_taken":0,"relics_obtained":["Replay:Wax Seal"],"max_hp_gain":0,"max_hp_loss":0,"event_name":"WeMeetAgain","floor":20,"gold_loss":0},{"cards_removed":["Strike_G"],"damage_healed":0,"gold_gain":0,"player_choice":"Purged","damage_taken":0,"max_hp_gain":0,"max_hp_loss":0,"event_name":"Purifier","floor":21,"gold_loss":0},{"damage_healed":0,"gold_gain":0,"player_choice":"Trade","damage_taken":0,"relics_obtained":["FaceOfCleric"],"max_hp_gain":0,"max_hp_loss":0,"event_name":"FaceTrader","floor":22,"gold_loss":0},{"damage_healed":0,"gold_gain":0,"player_choice":"Fight","damage_taken":0,"max_hp_gain":0,"max_hp_loss":0,"event_name":"Mysterious Sphere","floor":41,"gold_loss":0},{"damage_healed":0,"gold_gain":0,"player_choice":"Got Potions","damage_taken":0,"max_hp_gain":0,"max_hp_loss":0,"event_name":"Lab","floor":46,"gold_loss":0},{"damage_healed":0,"gold_gain":0,"player_choice":"Max HP","damage_taken":0,"max_hp_gain":0,"max_hp_loss":5,"event_name":"Winding Halls","floor":47,"gold_loss":0}],"is_beta":false,"boss_relics":[{"not_picked":["Honey Jar","HoveringKite"],"picked":"Coffee Dripper"},{"not_picked":["hubris:Stopwatch","hubris:ScarierMask"],"picked":"Fusion Hammer"}],"items_purged_floors":[23,31,53],"is_endless":false,"potions_floor_spawned":[1,8,14,16,25,27,35,40,41,48,54],"killed_by":"The Heart","ascension_level":1}}