{"host":"6r341r9cz00j2qc1","time":1609087568,"event":{"mods":["BaseMod","Downfall","Hermit","Lobotomy","Minty Spire (QoL Compilation)","Shop Mod","StSLib","The Bug Knight"],"gold_per_floor":[118,43,55,55,55,99,99,122,122,140,165,179,179,132,132,251,251,264,363,363,363,381,381,381,381],"floor_reached":24,"playtime":1632,"items_purged":[],"score":195,"play_id":"89d4b4e7-ea4e-4189-b480-59e047a78bf6","local_time":"20201227174608","is_ascension_mode":false,"campfire_choices":[{"floor":7,"key":"REST"},{"floor":13,"key":"REST"},{"floor":15,"key":"REST"},{"data":"HollowMod:BlackTendrils","floor":23,"key":"SMITH"}],"circlet_count":0,"master_deck":["HollowMod:NailStrikeStart","HollowMod:NailStrikeStart","HollowMod:NailStrikeStart","HollowMod:NailStrikeStart","HollowMod:QuickDashStart","HollowMod:QuickDashStart","HollowMod:QuickDashStart","HollowMod:QuickDashStart","HollowMod:FocusHealStart","HollowMod:PogoStrike","HollowMod:QuirrelsAssistance","HollowMod:WraithStrike","HollowMod:VengefulVoid","HollowMod:WraithStrike","HollowMod:AbyssShriek","HollowMod:SharpenedNail","HollowMod:BlackTendrils+1","HollowMod:CycloneSlash","HollowMod:HornetsHelp","HollowMod:HornetsHelp"],"relics":["HollowMod:VesselMask","Golden Idol","Spirit Poop","Anchor","InkBottle","SacredBark","HollowMod:LumaflyLanternRelic"],"acts_visited":["Exordium","TheCity"],"potions_floor_usage":[16,16,24],"damage_taken":[{"damage":0,"enemies":"2 Louse","floor":1,"turns":2},{"damage":5,"enemies":"Cultist","floor":3,"turns":3},{"damage":33,"enemies":"Gremlin Nob","floor":6,"turns":5},{"damage":0,"enemies":"Small Slimes","floor":8,"turns":3},{"damage":9,"enemies":"Looter","floor":10,"turns":3},{"damage":33,"enemies":"Exordium Thugs","floor":11,"turns":5},{"damage":3,"enemies":"2 Fungi Beasts","floor":12,"turns":3},{"damage":57,"enemies":"Hexaghost","floor":16,"turns":10},{"damage":25,"enemies":"3 Byrds","floor":18,"turns":5},{"damage":47,"enemies":"Shell Parasite","floor":22,"turns":15},{"damage":19,"enemies":"Chosen and Byrds","floor":24,"turns":5}],"seed_played":"-9145914719788220350","potions_obtained":[{"floor":1,"key":"Energy Potion"},{"floor":10,"key":"LiquidBronze"},{"floor":16,"key":"Block Potion"}],"is_trial":false,"path_per_floor":["M","?","M","?","?","E","R","M","T","M","M","M","R","?","R","B",null,"M","?","T","?","M","R","M"],"character_chosen":"THE_BUGKNIGHT","items_purchased":[],"campfire_rested":3,"item_purchase_floors":[],"current_hp_per_floor":[75,80,75,75,75,42,66,66,66,57,24,23,47,47,71,17,80,57,57,57,57,13,13,0,0],"gold":381,"neow_bonus":"THREE_CARDS","is_daily":false,"chose_seed":false,"campfire_upgraded":1,"win_rate":0.0,"timestamp":1609087568,"path_taken":["M","?","M","?","?","E","R","M","T","M","M","?","R","?","R","BOSS","M","?","?","?","?","R","M"],"items_purchased_type":[],"build_version":"2020-12-22","purchased_purges":0,"victory":false,"max_hp_per_floor":[75,80,80,80,80,80,80,80,80,80,80,80,80,80,80,80,80,80,80,80,80,80,80,80,80],"card_choices":[{"not_picked":["HollowMod:MawleksShell","HollowMod:PerfectDash"],"picked":"HollowMod:QuirrelsAssistance","floor":0},{"not_picked":["HollowMod:CornifersMapStart","HollowMod:ChannelNail"],"picked":"HollowMod:WraithStrike","floor":1},{"not_picked":["HollowMod:DashSlash","HollowMod:SiblingsSouls"],"picked":"HollowMod:VengefulVoid","floor":3},{"not_picked":["HollowMod:SoulSplash","HollowMod:RecoilStrike"],"picked":"HollowMod:WraithStrike","floor":6},{"not_picked":["HollowMod:ShadowDash","HollowMod:ChannelNail"],"picked":"HollowMod:AbyssShriek","floor":8},{"not_picked":["HollowMod:NewGlowingWomb","HollowMod:SoulSplash"],"picked":"HollowMod:SharpenedNail","floor":10},{"not_picked":["HollowMod:NewInfectedGuardian","HollowMod:CloakDash"],"picked":"HollowMod:BlackTendrils","floor":11},{"not_picked":["HollowMod:NewLittleFool","HollowMod:CrystalDash"],"picked":"HollowMod:CycloneSlash","floor":12},{"not_picked":["HollowMod:Hiveblood","HollowMod:ElderbugsWisdom"],"picked":"HollowMod:HornetsHelp","floor":16},{"not_picked":["HollowMod:DesolateDive+1","HollowMod:SharpenedNail","HollowMod:ChannelNail"],"picked":"SKIP","floor":18},{"not_picked":["HollowMod:HeavyBlow","HollowMod:NewGlowingWomb","HollowMod:QuirrelsAssistance"],"picked":"SKIP","floor":22}],"player_experience":442151,"relics_obtained":[{"floor":6,"key":"Anchor"},{"floor":9,"key":"InkBottle"},{"floor":20,"key":"HollowMod:LumaflyLanternRelic"}],"event_choices":[{"damage_healed":0,"gold_gain":0,"player_choice":"Take Wound","damage_taken":0,"relics_obtained":["Golden Idol"],"max_hp_gain":0,"max_hp_loss":0,"event_name":"Golden Idol","floor":4,"gold_loss":0,"cards_obtained":["Injury"]},{"cards_removed":["Injury"],"damage_healed":0,"gold_gain":0,"player_choice":"Offered Curse","damage_taken":0,"relics_obtained":["Spirit Poop"],"max_hp_gain":0,"max_hp_loss":0,"event_name":"Bonfire Elementals","floor":5,"gold_loss":0},{"damage_healed":0,"gold_gain":0,"player_choice":"Left Gold","damage_taken":0,"max_hp_gain":0,"max_hp_loss":0,"event_name":"World of Goop","floor":14,"gold_loss":47},{"damage_healed":0,"gold_gain":99,"player_choice":"Stole From Cult","damage_taken":0,"max_hp_gain":0,"max_hp_loss":0,"event_name":"Nest","floor":19,"gold_loss":0},{"damage_healed":0,"gold_gain":0,"player_choice":"Copied","damage_taken":0,"max_hp_gain":0,"max_hp_loss":0,"event_name":"Duplicator","floor":21,"gold_loss":0,"cards_obtained":["HollowMod:HornetsHelp"]}],"is_beta":false,"boss_relics":[{"not_picked":["Empty Cage","Philosopher\u0027s Stone"],"picked":"SacredBark"}],"items_purged_floors":[],"is_endless":false,"potions_floor_spawned":[1,10,16],"killed_by":"Chosen and Byrds","ascension_level":0}}