{"host":"1tkoe3l8wf0xx8if","time":1609085083,"event":{"mods":["AchievementEnabler","BaseMod","Colored Map","Minty Spire (QoL Compilation)","Quick Restart","StSLib","SuperFastMode"],"gold_per_floor":[12,28,46,121,134,161,161,192,192,192,208,219,238,17,17,118,118,134,34,34,48,58,89,89,89,89,117,137,137,156,31,31,31,31],"floor_reached":33,"playtime":1110,"items_purged":["Strike_B","Strike_B","Strike_B"],"score":374,"play_id":"d6bea852-a7b2-4cf3-941f-5406ce919b56","local_time":"20201228010443","is_ascension_mode":true,"campfire_choices":[{"floor":7.0,"key":"REST"},{"data":"Gash","floor":10.0,"key":"SMITH"},{"data":"Zap","floor":15.0,"key":"SMITH"},{"data":"Beam Cell","floor":24.0,"key":"SMITH"},{"floor":29.0,"key":"REST"},{"data":"Gash","floor":32.0,"key":"SMITH"}],"circlet_count":0,"master_deck":["Defend_B","Defend_B","Defend_B","Defend_B","Zap+1","Dualcast","All For One","Conserve Battery","Sweeping Beam","Gash+1","Go for the Eyes","Rebound","Self Repair","Leap","Echo Form","Gash+1","Beam Cell+1","Gash+1"],"relics":["Cracked Core","StoneCalendar","Ornamental Fan","CaptainsWheel","HandDrill","Cursed Key","Gambling Chip","Orichalcum"],"acts_visited":["Exordium","TheCity"],"potions_floor_usage":[33],"damage_taken":[{"damage":2.0,"enemies":"Jaw Worm","floor":1.0,"turns":3.0},{"damage":1.0,"enemies":"Cultist","floor":2.0,"turns":3.0},{"damage":0.0,"enemies":"Small Slimes","floor":3.0,"turns":2.0},{"damage":7.0,"enemies":"Blue Slaver","floor":5.0,"turns":4.0},{"damage":40.0,"enemies":"Gremlin Nob","floor":6.0,"turns":5.0},{"damage":6.0,"enemies":"3 Sentries","floor":8.0,"turns":6.0},{"damage":6.0,"enemies":"Exordium Thugs","floor":11.0,"turns":4.0},{"damage":0.0,"enemies":"2 Fungi Beasts","floor":12.0,"turns":2.0},{"damage":7.0,"enemies":"Looter","floor":13.0,"turns":2.0},{"damage":20.0,"enemies":"Slime Boss","floor":16.0,"turns":7.0},{"damage":0.0,"enemies":"Spheric Guardian","floor":18.0,"turns":4.0},{"damage":2.0,"enemies":"3 Byrds","floor":21.0,"turns":4.0},{"damage":16.0,"enemies":"Centurion and Healer","floor":22.0,"turns":7.0},{"damage":37.0,"enemies":"Book of Stabbing","floor":23.0,"turns":5.0},{"damage":29.0,"enemies":"Slavers","floor":27.0,"turns":5.0},{"damage":0.0,"enemies":"Cultist and Chosen","floor":28.0,"turns":4.0},{"damage":17.0,"enemies":"Snake Plant","floor":30.0,"turns":4.0},{"damage":57,"enemies":"Automaton","floor":33,"turns":6}],"seed_played":"9148862385409051848","potions_obtained":[{"floor":1.0,"key":"Fruit Juice"},{"floor":3.0,"key":"SpeedPotion"},{"floor":8.0,"key":"Energy Potion"},{"floor":12.0,"key":"Swift Potion"},{"floor":13.0,"key":"Fire Potion"},{"floor":16.0,"key":"EssenceOfSteel"},{"floor":27.0,"key":"Swift Potion"},{"floor":30.0,"key":"LiquidBronze"}],"is_trial":false,"path_per_floor":["M","M","M","?","M","E","R","E","T","R","M","M","M","$","R","B",null,"M","$","?","M","M","E","R","?","T","E","M","R","M","$","R","B"],"character_chosen":"DEFECT","items_purchased":["HandDrill"],"campfire_rested":2,"item_purchase_floors":[14],"current_hp_per_floor":[78,77,77,69,62,22,46,40,40,40,41,41,41,41,41,28,67,74,74,74,79,70,40,40,40,40,18,25,49,32,32,32,0,0],"gold":31,"neow_bonus":"THREE_RARE_CARDS","is_daily":false,"chose_seed":false,"campfire_upgraded":4,"win_rate":0.0,"timestamp":1609085083,"path_taken":["M","M","M","?","M","E","R","E","T","R","M","M","M","$","R","BOSS","M","?","?","M","?","E","R","?","T","E","M","R","M","$","R","BOSS"],"items_purchased_type":["Relic"],"build_version":"2020-12-22","purchased_purges":3,"victory":false,"max_hp_per_floor":[80,80,80,80,80,80,80,80,80,80,80,80,80,80,80,80,80,80,80,80,80,80,80,80,80,80,80,80,80,80,80,80,80,80],"card_choices":[{"not_picked":["Reboot","Meteor Strike"],"picked":"All For One","floor":0.0},{"not_picked":["Chill","Coolheaded"],"picked":"Conserve Battery","floor":1.0},{"not_picked":["Auto Shields","Chill"],"picked":"Sweeping Beam","floor":2.0},{"not_picked":["Rip and Tear","Storm"],"picked":"Gash","floor":3.0},{"not_picked":["White Noise","Streamline"],"picked":"Go for the Eyes","floor":5.0},{"not_picked":["Steam","FTL"],"picked":"Rebound","floor":6.0},{"not_picked":["Creative AI","Hologram"],"picked":"Self Repair","floor":8.0},{"not_picked":["Cold Snap","Turbo","Streamline"],"picked":"SKIP","floor":11.0},{"not_picked":["Stack","Go for the Eyes","White Noise"],"picked":"SKIP","floor":12.0},{"not_picked":["Redo","Stack"],"picked":"Leap","floor":13.0},{"not_picked":["Creative AI","Rainbow"],"picked":"Echo Form","floor":16.0},{"not_picked":["Defragment","Blizzard"],"picked":"Gash","floor":18.0},{"not_picked":["Redo","Heatsinks"],"picked":"Beam Cell","floor":21.0},{"not_picked":["Beam Cell","Genetic Algorithm","Steam"],"picked":"SKIP","floor":22.0},{"not_picked":["Aggregate","FTL+1","Cold Snap"],"picked":"SKIP","floor":23.0},{"not_picked":["Static Discharge","FTL","Beam Cell"],"picked":"SKIP","floor":27.0},{"not_picked":["Cold Snap","Reprogram+1","Chill"],"picked":"SKIP","floor":28.0},{"not_picked":["Turbo","Storm+1"],"picked":"Gash","floor":30.0}],"player_experience":319135,"relics_obtained":[{"floor":6.0,"key":"StoneCalendar"},{"floor":8.0,"key":"Ornamental Fan"},{"floor":9.0,"key":"CaptainsWheel"},{"floor":23.0,"key":"Gambling Chip"},{"floor":27.0,"key":"Orichalcum"}],"event_choices":[{"damage_healed":0.0,"max_hp_gain":0.0,"max_hp_loss":0.0,"gold_gain":75.0,"event_name":"FaceTrader","player_choice":"Touch","floor":4.0,"gold_loss":0.0,"damage_taken":8.0},{"damage_healed":0.0,"max_hp_gain":0.0,"max_hp_loss":0.0,"gold_gain":0.0,"event_name":"Accursed Blacksmith","player_choice":"Forge","floor":20.0,"gold_loss":0.0,"damage_taken":0.0,"cards_upgraded":["Gash"]},{"cards_removed":["Strike_B"],"damage_healed":0.0,"max_hp_gain":0.0,"max_hp_loss":0.0,"gold_gain":0.0,"event_name":"Back to Basics","player_choice":"Elegance","floor":25.0,"gold_loss":0.0,"damage_taken":0.0}],"is_beta":false,"boss_relics":[{"not_picked":["Pandora\u0027s Box","Snecko Eye"],"picked":"Cursed Key"}],"items_purged_floors":[14,19,31],"is_endless":false,"potions_floor_spawned":[1,3,8,12,13,16,27,30],"killed_by":"Automaton","ascension_level":5}}