{"host":"hvwa7s69zr612rn1","time":1609035571,"event":{"mods":["BaseMod","Colored Map","Colored Powertips","Downfall","Minty Spire (QoL Compilation)","StSLib"],"gold_per_floor":[99,118,128,128,128,157,157,174,184,197,197,107,107,135,147,246,246,246,259,273,292,292,292,292,292,322,322,322,342,354,354,366,469,519,519,530,542,595,595,595,621,656,656,669,250,250,261,290,303,303],"floor_reached":51,"playtime":4063,"items_purged":["Slimebound:Icky","Slimebound:Strike_Slimebound"],"score":863,"play_id":"418f4cd6-1bca-461c-81f6-a1a648cc66d7","local_time":"20201227131931","is_ascension_mode":true,"campfire_choices":[{"data":"expansioncontent:QuickStudy","floor":1,"key":"SMITH"},{"data":"Slimebound:Split","floor":11,"key":"SMITH"},{"data":"Slimebound:SlimeBarrage","floor":13,"key":"SMITH"},{"data":"Slimebound:Equalize","floor":18,"key":"SMITH"},{"data":"Slimebound:Nibble","floor":23,"key":"SMITH"},{"data":"Slimebound:RallyTheTroops","floor":25,"key":"SMITH"},{"data":"Slimebound:CorrosiveSpit","floor":27,"key":"SMITH"},{"data":"Slimebound:RejuvenatingLick","floor":35,"key":"SMITH"},{"data":"Slimebound:SamplingLick","floor":40,"key":"SMITH"}],"circlet_count":0,"master_deck":["Slimebound:Defend_Slimebound","Slimebound:Defend_Slimebound+1","Slimebound:Defend_Slimebound","Slimebound:Defend_Slimebound","Slimebound:Split+1","Slimebound:CorrosiveSpit+1","expansioncontent:QuickStudy+1","Slimebound:Equalize+1","Slimebound:SlimeBarrage+1","Slimebound:ItLooksTasty","Slimebound:RejuvenatingLick+1","Slimebound:OneTwoCombo","Slimebound:TongueLash+1","Slimebound:SamplingLick","Slimebound:RallyTheTroops+1","Slimebound:ProtectTheBoss+1","Slimebound:PressTheAttack+1","Slimebound:RollThrough+1","Slimebound:SamplingLick","Slimebound:Nibble+1","Slimebound:Equalize","Slimebound:Recycling","Slimebound:SplitBruiser+1","Slimebound:SamplingLick+1","Slimebound:SplitBruiser+1","Slimebound:SamplingLick+1","Slimebound:MegaLick","Slimebound:SplitMire","Slimebound:Replication+1","Slimebound:Gluttony"],"relics":["Slimebound:AbsorbEndCombat","Slimebound:AggressiveSlimeRelic","Pen Nib","Blue Candle","Art of War","Nilry\u0027s Codex","Pear","Tiny Chest","Nloth\u0027s Gift","Tiny House","Oddly Smooth Stone","Vajra","Strawberry","Mummified Hand","Juzu Bracelet"],"acts_visited":["Exordium","TheCity","TheBeyond"],"potions_floor_usage":[14,14,21,26,30,46,48],"damage_taken":[{"damage":4,"enemies":"Small Slimes","floor":2,"turns":3},{"damage":11,"enemies":"Jaw Worm","floor":3,"turns":4},{"damage":28,"enemies":"3 Sentries","floor":6,"turns":6},{"damage":4,"enemies":"2 Louse","floor":8,"turns":1},{"damage":26,"enemies":"Red Slaver","floor":9,"turns":3},{"damage":4,"enemies":"3 Louse","floor":10,"turns":1},{"damage":12,"enemies":"downfall:FleeingMerchant","floor":12,"turns":4},{"damage":7,"enemies":"Gremlin Nob","floor":14,"turns":2},{"damage":29,"enemies":"Exordium Thugs","floor":15,"turns":3},{"damage":50,"enemies":"downfall:Ironclad","floor":16,"turns":5},{"damage":5,"enemies":"Shell Parasite","floor":19,"turns":3},{"damage":17,"enemies":"Centurion and Healer","floor":20,"turns":5},{"damage":24,"enemies":"Snake Plant","floor":21,"turns":3},{"damage":12,"enemies":"Gremlin Leader","floor":26,"turns":5},{"damage":40,"enemies":"Snecko","floor":29,"turns":4},{"damage":4,"enemies":"Cultist and Chosen","floor":30,"turns":3},{"damage":12,"enemies":"Snake Plant","floor":32,"turns":3},{"damage":33,"enemies":"downfall:Defect","floor":33,"turns":7},{"damage":38,"enemies":"3 Darklings","floor":36,"turns":3},{"damage":8,"enemies":"3 Shapes","floor":37,"turns":3},{"damage":16,"enemies":"Reptomancer","floor":42,"turns":4},{"damage":20,"enemies":"Jaw Worm Horde","floor":44,"turns":2},{"damage":20,"enemies":"downfall:FleeingMerchant","floor":45,"turns":4},{"damage":43,"enemies":"downfall:FleeingMerchant","floor":46,"turns":3},{"damage":12,"enemies":"4 Shapes","floor":47,"turns":1},{"damage":69,"enemies":"Giant Head","floor":48,"turns":6},{"damage":30,"enemies":"Spire Growth","floor":49,"turns":3},{"damage":30,"enemies":"downfall:Watcher","floor":50,"turns":5}],"seed_played":"-4152366606479495275","potions_obtained":[{"floor":2,"key":"Swift Potion"},{"floor":3,"key":"SmokeBomb"},{"floor":8,"key":"Slimebound:SlimedPotion"},{"floor":9,"key":"EssenceOfSteel"},{"floor":16,"key":"Weak Potion"},{"floor":19,"key":"ColorlessPotion"},{"floor":21,"key":"Slimebound:SlimedPotion"},{"floor":29,"key":"Guardian:BlockOnCardUsePotion"},{"floor":34,"key":"Block Potion"},{"floor":46,"key":"LiquidMemories"},{"floor":48,"key":"EssenceOfSteel"}],"is_trial":false,"path_per_floor":["R","M","M","?","?","E","T","M","M","M","R","$","R","E","M","B",null,"R","M","M","M","?","R","T","R","E","R","?","M","M","?","M","B",null,"R","M","M","T","?","R","T","E","?","M","$","?","M","E","M","B",null],"character_chosen":"SLIMEBOUND","items_purchased":["Mummified Hand","Slimebound:SplitMire"],"campfire_rested":0,"item_purchase_floors":[45,45],"current_hp_per_floor":[60,60,59,47,47,35,35,35,25,25,25,41,41,50,39,21,60,60,60,60,48,32,32,42,42,68,68,68,52,60,60,70,66,75,75,61,69,69,69,69,69,80,80,78,80,73,81,56,58,82],"gold":303,"neow_bonus":"RANDOM_COLORLESS_2","is_daily":false,"chose_seed":false,"campfire_upgraded":9,"win_rate":0.0,"timestamp":1609035571,"path_taken":["R","M","M","?","?","E","T","M","M","?","R","$","R","E","M","BOSS","R","M","M","M","?","R","T","R","E","R","?","?","M","?","M","BOSS","R","M","M","?","?","R","T","E","?","M","$","?","M","E","M","BOSS"],"items_purchased_type":["Relic","Card"],"build_version":"2020-12-22","purchased_purges":2,"victory":true,"max_hp_per_floor":[60,60,60,60,60,60,60,60,60,60,60,60,60,60,60,60,60,60,60,60,60,60,60,70,70,70,70,70,70,70,70,70,70,75,75,75,75,75,75,75,75,82,82,82,82,82,82,82,82,82],"card_choices":[{"not_picked":["Magnetism","Metamorphosis"],"picked":"expansioncontent:QuickStudy","floor":0},{"not_picked":["Slimebound:PressTheAttack","Slimebound:Nibble"],"picked":"Slimebound:Equalize","floor":2},{"not_picked":["Slimebound:LeadByExample","Slimebound:SplitBruiser","Slimebound:GoopSpray"],"picked":"SKIP","floor":3},{"not_picked":["Slimebound:FlameTackle","Slimebound:SplitBruiser"],"picked":"Slimebound:SlimeBarrage","floor":6},{"not_picked":["Slimebound:GoopSpray","Slimebound:Dissolve"],"picked":"Slimebound:ItLooksTasty","floor":8},{"not_picked":["Slimebound:Equalize","Slimebound:Gluttony"],"picked":"Slimebound:RejuvenatingLick","floor":9},{"not_picked":["Slimebound:SplitAcid","Slimebound:ServeAndProtect","Slimebound:ForwardTackle"],"picked":"SKIP","floor":10},{"not_picked":["Slimebound:Schlurp","Slimebound:DivideAndConquer"],"picked":"Slimebound:OneTwoCombo","floor":12},{"not_picked":["Slimebound:PressTheAttack","Slimebound:LeechingTouch"],"picked":"Slimebound:TongueLash","floor":14},{"not_picked":["Slimebound:Grow","Slimebound:PressTheAttack"],"picked":"Slimebound:SamplingLick","floor":15},{"not_picked":["Slimebound:CheckThePlaybook","Slimebound:Darklings"],"picked":"Slimebound:RallyTheTroops","floor":16},{"not_picked":["Slimebound:SplitBruiser","Slimebound:GrowthPunch"],"picked":"Slimebound:SamplingLick","floor":19},{"not_picked":["Slimebound:PressTheAttack","Slimebound:LeechingTouch+1","Slimebound:GrowthPunch+1"],"picked":"SKIP","floor":20},{"not_picked":["Slimebound:Schlurp","Slimebound:FlameTackle"],"picked":"Slimebound:Nibble","floor":21},{"not_picked":["Slimebound:GrowthPunch","Slimebound:ServeAndProtect"],"picked":"Slimebound:Equalize","floor":26},{"not_picked":["Slimebound:FinishingTackle","Slimebound:SplitAcid","Slimebound:PressTheAttack"],"picked":"SKIP","floor":29},{"not_picked":["Slimebound:MassRepurpose","Slimebound:SplitMire","Slimebound:HungryTackle"],"picked":"SKIP","floor":30},{"not_picked":["Slimebound:ViciousTackle","Slimebound:DivideAndConquer","Slimebound:LeechingTouch"],"picked":"SKIP","floor":32},{"not_picked":["Slimebound:DuplicatedForm","Slimebound:RallyTheTroops"],"picked":"Slimebound:Recycling","floor":33},{"not_picked":["Slimebound:LeechEnergy","Slimebound:ServeAndProtect"],"picked":"Slimebound:SplitBruiser+1","floor":34},{"not_picked":["Slimebound:FormOfPuddle","Slimebound:ProtectTheBoss"],"picked":"Slimebound:SamplingLick","floor":36},{"not_picked":["Slimebound:GoopSpray","Slimebound:SplitMire"],"picked":"Slimebound:SplitBruiser+1","floor":37},{"not_picked":["Slimebound:LeechEnergy+1","Slimebound:LevelUp+1","Slimebound:Teamwork"],"picked":"SKIP","floor":42},{"not_picked":["Slimebound:SlimeSpikes+1","Slimebound:SplitAcid+1"],"picked":"Slimebound:SamplingLick+1","floor":44},{"not_picked":["Slimebound:ComboTackle","Slimebound:GoopTackle"],"picked":"Slimebound:MegaLick","floor":45},{"not_picked":["Slimebound:ForwardTackle+1","Slimebound:SplitLeeching"],"picked":"Slimebound:Replication+1","floor":46},{"not_picked":["Slimebound:ServeAndProtect","Slimebound:DuplicatedForm"],"picked":"Slimebound:Gluttony","floor":47},{"not_picked":["Slimebound:GrowthPunch+1","Slimebound:LeechEnergy+1","Slimebound:SplitAcid"],"picked":"SKIP","floor":48},{"not_picked":["Slimebound:SamplingLick","Slimebound:Prepare","Slimebound:SplitAcid"],"picked":"SKIP","floor":49}],"player_experience":396912,"relics_obtained":[{"floor":6,"key":"Pen Nib"},{"floor":7,"key":"Blue Candle"},{"floor":14,"key":"Art of War"},{"floor":22,"key":"Nilry\u0027s Codex"},{"floor":24,"key":"Pear"},{"floor":26,"key":"Tiny Chest"},{"floor":38,"key":"Oddly Smooth Stone"},{"floor":41,"key":"Vajra"},{"floor":42,"key":"Strawberry"},{"floor":48,"key":"Juzu Bracelet"}],"event_choices":[{"damage_healed":0,"gold_gain":0,"player_choice":"Success","damage_taken":12,"relics_obtained":["Slimebound:AggressiveSlimeRelic"],"max_hp_gain":0,"max_hp_loss":0,"event_name":"Scrap Ooze","floor":4,"gold_loss":0},{"damage_healed":0,"gold_gain":0,"player_choice":"Upgraded","damage_taken":0,"max_hp_gain":0,"max_hp_loss":0,"event_name":"Upgrade Shrine","floor":28,"gold_loss":0,"cards_upgraded":["Slimebound:TongueLash"]}],"is_beta":false,"boss_relics":[{"not_picked":["Velvet Choker","Philosopher\u0027s Stone"],"picked":"Astrolabe"},{"not_picked":["Runic Dome","Busted Crown"],"picked":"Tiny House"}],"items_purged_floors":[12,45],"is_endless":false,"potions_floor_spawned":[2,3,8,9,16,19,21,29,37,46,48],"ascension_level":2}}