{"host":"5fasz840ryq7obdf","time":1609084469,"event":{"mods":["AchievementEnabler","BaseMod","Bestiary","Better Altar","Better Skull","Better Third Choice","BetterRewards","Block Reminder","Colored Map","Colored Powertips","Curses Come First","Minty Spire (QoL Compilation)","Quick Restart","Rare Cards Sparkle","Relic Stats","Shop Mod","Spicy Shops","StSLib"],"gold_per_floor":[113,31,45,45,2,37,37,62,88,106,124,124,149,161,161,234,234,248,265,265,276,286,319,319,1,51,83,103,118,118,151,151,225,225,240,57,57,103,116,149,0,32,32,52,102,113,113,138,138,138,138,138,138,29,62,62],"floor_reached":57,"playtime":5083,"items_purged":["Strike_G","Strike_G"],"score":4115,"play_id":"7a4a43d4-ce2c-4f3c-9897-73986bad7c89","local_time":"20201227155429","is_ascension_mode":true,"campfire_choices":[{"data":"Well Laid Plans","floor":7.0,"key":"SMITH"},{"data":"Night Terror","floor":15.0,"key":"SMITH"},{"data":"After Image","floor":24.0,"key":"SMITH"},{"data":"Burst","floor":30.0,"key":"SMITH"},{"data":"Terror","floor":32.0,"key":"SMITH"},{"floor":47,"key":"RECALL"},{"floor":49,"key":"REST"},{"data":"Footwork","floor":53,"key":"SMITH"}],"circlet_count":0,"master_deck":["AscendersBane","Strike_G","Strike_G","Defend_G","Defend_G+1","Defend_G","Defend_G","Defend_G+1","Survivor","Neutralize","Finisher","Blade Dance","Infinite Blades","Leg Sweep","Well Laid Plans+1","Tools of the Trade+1","Expertise","Slice","Sucker Punch","Night Terror+1","Prepared","Finisher","Cloak And Dagger","Skewer","Backflip+1","Infinite Blades+1","Cloak And Dagger","Prepared","Blade Dance","Footwork+1","Blade Dance","After Image+1","Cloak And Dagger","RitualDagger","Slice","Terror+1","Burst+1","After Image+1","Backflip","Infinite Blades+1","Wraith Form v2+1","Outmaneuver","A Thousand Cuts+1","Choke","Panache+1","Adrenaline","Prepared+1","Caltrops+1","Blade Dance+1","Acrobatics","Noxious Fumes+1","After Image+1","Well Laid Plans+1"],"relics":["Ring of the Snake","Sling","Lantern","Gremlin Horn","Omamori","Akabeko","TwistedFunnel","Lee\u0027s Waffle","Membership Card","PreservedInsect","Orrery","Incense Burner","Ice Cream","Happy Flower","HandDrill","The Courier","Bag of Preparation","Oddly Smooth Stone","War Paint","Calling Bell","Boot","Frozen Egg 2","The Specimen","Tingsha","Vajra","Torii","DollysMirror","Bronze Scales","White Beast Statue","Mummified Hand","Philosopher\u0027s Stone","Lizard Tail","Blue Candle","Red Mask","Potion Belt","Nunchaku","Ornamental Fan","Pantograph"],"acts_visited":["Exordium","TheCity","TheBeyond","TheEnding"],"potions_floor_usage":[51,56,56,56,56],"damage_taken":[{"damage":0.0,"enemies":"Jaw Worm","floor":1.0,"turns":3.0},{"damage":0.0,"enemies":"Small Slimes","floor":3.0,"turns":1.0},{"damage":2.0,"enemies":"3 Sentries","floor":6.0,"turns":2.0},{"damage":0.0,"enemies":"Gremlin Nob","floor":8.0,"turns":2.0},{"damage":0.0,"enemies":"2 Louse","floor":10.0,"turns":1.0},{"damage":0.0,"enemies":"Looter","floor":11.0,"turns":1.0},{"damage":3.0,"enemies":"3 Sentries","floor":13.0,"turns":3.0},{"damage":0.0,"enemies":"Large Slime","floor":14.0,"turns":4.0},{"damage":0.0,"enemies":"Slime Boss","floor":16.0,"turns":7.0},{"damage":0.0,"enemies":"Spheric Guardian","floor":18.0,"turns":3.0},{"damage":0.0,"enemies":"3 Byrds","floor":19.0,"turns":3.0},{"damage":0.0,"enemies":"Centurion and Healer","floor":21.0,"turns":5.0},{"damage":27.0,"enemies":"Snecko","floor":22.0,"turns":4.0},{"damage":0.0,"enemies":"Gremlin Leader","floor":23.0,"turns":4.0},{"damage":1.0,"enemies":"Book of Stabbing","floor":27.0,"turns":3.0},{"damage":0.0,"enemies":"3 Cultists","floor":28.0,"turns":4.0},{"damage":1.0,"enemies":"Snake Plant","floor":29.0,"turns":3.0},{"damage":0.0,"enemies":"Slavers","floor":31.0,"turns":3.0},{"damage":0.0,"enemies":"Automaton","floor":33.0,"turns":6.0},{"damage":0,"enemies":"Orb Walker","floor":35,"turns":3},{"damage":19,"enemies":"2 Orb Walkers","floor":38,"turns":3},{"damage":0,"enemies":"3 Shapes","floor":39,"turns":2},{"damage":1,"enemies":"Nemesis","floor":40,"turns":3},{"damage":0,"enemies":"Reptomancer","floor":42,"turns":3},{"damage":0,"enemies":"Writhing Mass","floor":44,"turns":3},{"damage":0,"enemies":"Transient","floor":46,"turns":6},{"damage":1,"enemies":"Nemesis","floor":48,"turns":3},{"damage":0,"enemies":"Time Eater","floor":50,"turns":6},{"damage":0,"enemies":"Awakened One","floor":51,"turns":7},{"damage":21,"enemies":"Shield and Spear","floor":55,"turns":4},{"damage":28,"enemies":"The Heart","floor":56,"turns":7}],"seed_played":"-1651985329371952670","potions_obtained":[{"floor":1.0,"key":"Regen Potion"},{"floor":6.0,"key":"Fire Potion"},{"floor":10.0,"key":"Weak Potion"},{"floor":11.0,"key":"Dexterity Potion"},{"floor":16.0,"key":"AttackPotion"},{"floor":21.0,"key":"FearPotion"},{"floor":27.0,"key":"SpeedPotion"},{"floor":29.0,"key":"GamblersBrew"},{"floor":31.0,"key":"Fruit Juice"},{"floor":33.0,"key":"SpeedPotion"},{"floor":35,"key":"Dexterity Potion"},{"floor":42,"key":"SneckoOil"},{"floor":44,"key":"AttackPotion"},{"floor":48,"key":"Regen Potion"},{"floor":55,"key":"LiquidMemories"}],"is_trial":false,"path_per_floor":["M","$","M","?","$","E","R","E","T","M","M","?","E","M","R","B",null,"M","M","?","M","M","E","R","$","T","E","M","M","R","E","R","B",null,"M","$","?","?","M","E","?","E","T","M","?","M","R","E","R","B","B",null,"R","$","E","B",null],"character_chosen":"THE_SILENT","items_purchased":["Sling","Lantern","Finisher","Blade Dance","Infinite Blades","Leg Sweep","Well Laid Plans","Gremlin Horn","Omamori","Akabeko","TwistedFunnel","Lee\u0027s Waffle","Membership Card","PreservedInsect","Orrery","Incense Burner","Prepared","Finisher","Ice Cream","Cloak And Dagger","HandDrill","Infinite Blades","Vajra","Torii","Burst","DollysMirror","Backflip","Panache+1","Adrenaline","Ornamental Fan"],"campfire_rested":1,"item_purchase_floors":[0,0,0,0,0,0,0,0,0,0,0,0,0,0,0,0,0,0,0,0,2,5,25,25,25,25,25,36,36,54],"current_hp_per_floor":[73,73,73,73,73,71,71,71,71,71,71,49,46,46,46,46,66,66,66,60,60,33,33,33,33,33,32,32,31,31,36,36,36,68,68,68,68,49,49,48,48,48,48,48,48,48,48,47,70,70,70,76,76,76,55,64],"gold":62,"neow_bonus":"","is_daily":false,"chose_seed":false,"campfire_upgraded":6,"win_rate":0.0,"timestamp":1609084469,"path_taken":["M","$","M","?","$","E","R","E","T","M","M","?","E","M","R","BOSS","M","M","?","M","M","E","R","$","T","E","M","M","R","E","R","BOSS","M","$","?","?","M","E","?","E","T","M","?","M","R","E","R","BOSS","BOSS","R","$","E","BOSS"],"items_purchased_type":["Relic","Relic","Card","Card","Card","Card","Card","Relic","Relic","Relic","Relic","Relic","Relic","Relic","Relic","Relic","Card","Card","Relic","Card","Relic","Card","Relic","Relic","Card","Relic","Card","Card","Card","Relic"],"build_version":"2020-12-22","purchased_purges":2,"victory":true,"max_hp_per_floor":[73,73,73,73,73,73,73,73,73,73,73,73,73,73,73,73,73,73,73,73,73,73,73,73,73,73,73,73,73,73,78,78,78,78,78,78,78,78,78,78,78,78,78,78,78,78,78,78,78,78,78,78,78,78,78,78],"relic_stats":{"Lee\u0027s Waffle":55,"Gremlin Horn":[60,61],"Happy Flower":[37],"Torii":31,"counters":[127,613],"Blue Candle":[10],"Tingsha":[131],"PreservedInsect":858,"Bag of Preparation":[54],"War Paint":["Defend_G","Defend_G"],"Boot":[188],"Lizard Tail":0,"Nunchaku":[19],"Mummified Hand":[111],"Ornamental Fan":[52],"Bronze Scales":[322],"Pantograph":23,"HandDrill":[60],"obtain_stats":[{"TwistedFunnel":19,"Ice Cream":0,"Tiny House":17,"Calipers":43,"Gremlin Horn":0,"CeramicFish":44,"Vajra":0,"HoveringKite":34,"Spirit Poop":5,"Whetstone":40,"Bottled Tornado":0,"Sling":0,"Boot":3,"Blood Vial":48,"Centennial Puzzle":22,"Lizard Tail":38,"Sundial":11,"DollysMirror":25,"MealTicket":0,"Prayer Wheel":17,"Philosopher\u0027s Stone":34,"HandDrill":2,"Kunai":26,"Toxic Egg 2":7,"Pear":27,"Happy Flower":0,"Blue Candle":41,"Oddly Smooth Stone":11,"Tingsha":0,"Pen Nib":36,"Letter Opener":40,"Paper Crane":36,"War Paint":0,"Question Card":17,"Akabeko":2,"Du-Vu Doll":13,"Shuriken":25,"Bronze Scales":26,"Unceasing Top":0,"Ring of the Serpent":17,"Pocketwatch":14,"Meat on the Bone":0,"Darkstone Periapt":9,"Lantern":23,"Regal Pillow":28,"Singing Bowl":36,"Torii":25,"Snake Skull":0,"Bag of Preparation":6,"Juzu Bracelet":30,"Incense Burner":0,"Smiling Mask":20,"Empty Cage":34,"Cursed Key":34,"Nunchaku":43,"Dream Catcher":26,"Matryoshka":8,"Mummified Hand":31,"Pantograph":55,"Tiny Chest":6,"Red Mask":36,"InkBottle":21,"Ring of the Snake":0,"Runic Pyramid":17,"Potion Belt":9,"Lee\u0027s Waffle":0,"The Specimen":17,"Golden Idol":2,"PreservedInsect":9,"The Courier":28,"Omamori":0,"Orichalcum":55,"Frozen Egg 2":17,"MawBank":14,"White Beast Statue":19,"Mercury Hourglass":8,"Calling Bell":17,"Ornamental Fan":54,"Orrery":0,"Art of War":40,"Membership Card":8,"Bottled Lightning":26,"Toy Ornithopter":9},{"TwistedFunnel":77,"Ice Cream":96,"Tiny House":9,"Calipers":89,"Gremlin Horn":0,"CeramicFish":25,"Vajra":0,"HoveringKite":20,"Spirit Poop":68,"Whetstone":88,"Bottled Tornado":42,"Sling":29,"Boot":43,"Blood Vial":27,"Centennial Puzzle":79,"Lizard Tail":117,"Sundial":37,"DollysMirror":110,"MealTicket":32,"Prayer Wheel":76,"Philosopher\u0027s Stone":115,"HandDrill":97,"Kunai":16,"Toxic Egg 2":36,"Pear":83,"Happy Flower":96,"Blue Candle":88,"Oddly Smooth Stone":7,"Tingsha":29,"Pen Nib":21,"Letter Opener":24,"Paper Crane":21,"War Paint":32,"Question Card":76,"Akabeko":33,"Du-Vu Doll":74,"Shuriken":16,"Bronze Scales":110,"Unceasing Top":29,"Ring of the Serpent":40,"Pocketwatch":8,"Meat on the Bone":66,"Darkstone Periapt":46,"Lantern":14,"Regal Pillow":17,"Singing Bowl":86,"Torii":110,"Snake Skull":32,"Bag of Preparation":4,"Juzu Bracelet":18,"Incense Burner":96,"Smiling Mask":51,"Empty Cage":58,"Cursed Key":85,"Nunchaku":24,"Dream Catcher":55,"Matryoshka":46,"Mummified Hand":114,"Pantograph":126,"Tiny Chest":45,"Red Mask":59,"InkBottle":51,"Ring of the Snake":0,"Runic Pyramid":50,"Potion Belt":46,"Lee\u0027s Waffle":96,"The Specimen":105,"Golden Idol":1,"PreservedInsect":70,"The Courier":83,"Omamori":96,"Orichalcum":95,"Frozen Egg 2":105,"MawBank":39,"White Beast Statue":77,"Mercury Hourglass":5,"Calling Bell":76,"Ornamental Fan":125,"Orrery":29,"Art of War":61,"Membership Card":36,"Bottled Lightning":82,"Toy Ornithopter":5},{"TwistedFunnel":427,"Ice Cream":501,"Tiny House":46,"Calipers":472,"Gremlin Horn":0,"CeramicFish":136,"Vajra":0,"HoveringKite":115,"Spirit Poop":395,"Whetstone":467,"Bottled Tornado":241,"Sling":179,"Boot":244,"Blood Vial":148,"Centennial Puzzle":435,"Lizard Tail":569,"Sundial":209,"DollysMirror":544,"MealTicket":186,"Prayer Wheel":425,"Philosopher\u0027s Stone":563,"HandDrill":504,"Kunai":93,"Toxic Egg 2":204,"Pear":450,"Happy Flower":501,"Blue Candle":467,"Oddly Smooth Stone":32,"Tingsha":179,"Pen Nib":120,"Letter Opener":132,"Paper Crane":120,"War Paint":186,"Question Card":425,"Akabeko":190,"Du-Vu Doll":415,"Shuriken":93,"Bronze Scales":544,"Unceasing Top":179,"Ring of the Serpent":230,"Pocketwatch":39,"Meat on the Bone":392,"Darkstone Periapt":260,"Lantern":82,"Regal Pillow":97,"Singing Bowl":460,"Torii":544,"Snake Skull":186,"Bag of Preparation":20,"Juzu Bracelet":102,"Incense Burner":501,"Smiling Mask":286,"Empty Cage":333,"Cursed Key":456,"Nunchaku":132,"Dream Catcher":308,"Matryoshka":260,"Mummified Hand":557,"Pantograph":606,"Tiny Chest":254,"Red Mask":338,"InkBottle":286,"Ring of the Snake":0,"Runic Pyramid":281,"Potion Belt":260,"Lee\u0027s Waffle":501,"The Specimen":525,"Golden Idol":2,"PreservedInsect":401,"The Courier":450,"Omamori":501,"Orichalcum":496,"Frozen Egg 2":525,"MawBank":219,"White Beast Statue":427,"Mercury Hourglass":24,"Calling Bell":425,"Ornamental Fan":602,"Orrery":179,"Art of War":353,"Membership Card":204,"Bottled Lightning":446,"Toy Ornithopter":24}],"Ring of the Snake":[170]},"card_choices":[{"not_picked":["Riddle With Holes","Outmaneuver"],"picked":"Tools of the Trade","floor":0.0},{"not_picked":["Well Laid Plans","Riddle With Holes"],"picked":"Expertise","floor":0.0},{"not_picked":["Deadly Poison","Quick Slash"],"picked":"Slice","floor":0.0},{"not_picked":["All Out Attack","Bouncing Flask"],"picked":"Sucker Punch","floor":0.0},{"not_picked":["Flying Knee","Deadly Poison"],"picked":"Night Terror","floor":0.0},{"not_picked":["Deflect","Noxious Fumes"],"picked":"Skewer","floor":1.0},{"not_picked":["Dagger Spray","Noxious Fumes"],"picked":"Backflip","floor":3.0},{"not_picked":["Poisoned Stab","Deadly Poison","Dagger Throw"],"picked":"SKIP","floor":6.0},{"not_picked":["Eviscerate","Dagger Spray"],"picked":"Cloak And Dagger","floor":8.0},{"not_picked":["PiercingWail","Dagger Throw"],"picked":"Prepared","floor":10.0},{"not_picked":["Flying Knee","Endless Agony"],"picked":"Blade Dance","floor":11.0},{"not_picked":["Setup","Sucker Punch"],"picked":"Footwork","floor":13.0},{"not_picked":["Sucker Punch","Finisher"],"picked":"Blade Dance","floor":14.0},{"not_picked":["A Thousand Cuts","Die Die Die"],"picked":"After Image","floor":16.0},{"not_picked":["Sucker Punch","Deadly Poison","Bane"],"picked":"SKIP","floor":18.0},{"not_picked":["Dodge and Roll","All Out Attack"],"picked":"Cloak And Dagger","floor":19.0},{"not_picked":["Underhanded Strike","Poisoned Stab"],"picked":"Slice","floor":21.0},{"not_picked":["Deadly Poison","Leg Sweep"],"picked":"Terror","floor":22.0},{"not_picked":["Expertise+1","Deflect","Poisoned Stab"],"picked":"SKIP","floor":23.0},{"not_picked":["Flying Knee","Skewer"],"picked":"Infinite Blades+1","floor":27.0},{"not_picked":["Flying Knee","Bane","Acrobatics"],"picked":"SKIP","floor":28.0},{"not_picked":["Bane","Eviscerate+1"],"picked":"Wraith Form v2+1","floor":29.0},{"not_picked":["Sucker Punch","Setup"],"picked":"Outmaneuver","floor":31.0},{"not_picked":["Unload","Venomology"],"picked":"A Thousand Cuts+1","floor":33.0},{"not_picked":["Dagger Throw","Sucker Punch"],"picked":"Choke","floor":35},{"not_picked":["Sucker Punch","Riddle With Holes"],"picked":"Prepared+1","floor":38},{"not_picked":["Quick Slash","Flechettes","Cloak And Dagger"],"picked":"SKIP","floor":39},{"not_picked":["Underhanded Strike","Venomology"],"picked":"Caltrops+1","floor":40},{"not_picked":["Outmaneuver","Bane"],"picked":"Blade Dance+1","floor":42},{"not_picked":["Backflip","Setup"],"picked":"Acrobatics","floor":44},{"not_picked":["PiercingWail","Poisoned Stab"],"picked":"Noxious Fumes+1","floor":46},{"not_picked":["PiercingWail","Skewer"],"picked":"After Image+1","floor":48},{"not_picked":["Bullet Time","Concentrate"],"picked":"Well Laid Plans+1","floor":55}],"player_experience":1170867,"relics_obtained":[{"floor":6.0,"key":"The Courier"},{"floor":8.0,"key":"Bag of Preparation"},{"floor":9.0,"key":"Oddly Smooth Stone"},{"floor":13.0,"key":"War Paint"},{"floor":17.0,"key":"Boot"},{"floor":17.0,"key":"Frozen Egg 2"},{"floor":17.0,"key":"The Specimen"},{"floor":23.0,"key":"Tingsha"},{"floor":26.0,"key":"Bronze Scales"},{"floor":27.0,"key":"White Beast Statue"},{"floor":31.0,"key":"Mummified Hand"},{"floor":38,"key":"Lizard Tail"},{"floor":40,"key":"Blue Candle"},{"floor":42,"key":"Potion Belt"},{"floor":48,"key":"Nunchaku"},{"floor":55,"key":"Pantograph"}],"event_choices":[{"damage_healed":0.0,"max_hp_gain":0.0,"max_hp_loss":0.0,"gold_gain":0.0,"event_name":"Living Wall","player_choice":"Grow","floor":4.0,"gold_loss":0.0,"damage_taken":0.0,"cards_upgraded":["Tools of the Trade"]},{"damage_healed":71.0,"max_hp_gain":0.0,"max_hp_loss":73.0,"gold_gain":0.0,"event_name":"betterThird:BetterShining","player_choice":"Upgrade","floor":12.0,"gold_loss":0.0,"damage_taken":22.0,"cards_upgraded":["Backflip","Infinite Blades"]},{"damage_healed":0.0,"max_hp_gain":0.0,"max_hp_loss":0.0,"gold_gain":0.0,"event_name":"betterThird:BetterNest","player_choice":"Dagger","floor":20.0,"gold_loss":0.0,"damage_taken":6.0,"cards_obtained":["RitualDagger"]},{"cards_removed":["Strike_G"],"damage_healed":0,"gold_gain":0,"player_choice":"Removed Attack","damage_taken":0,"max_hp_gain":0,"max_hp_loss":0,"event_name":"Falling","floor":37,"gold_loss":0},{"damage_healed":0,"gold_gain":0,"player_choice":"Fight","damage_taken":0,"max_hp_gain":0,"max_hp_loss":0,"event_name":"Mysterious Sphere","floor":38,"gold_loss":0},{"damage_healed":0,"gold_gain":0,"player_choice":"Paid","damage_taken":0,"relics_obtained":["Red Mask"],"max_hp_gain":0,"max_hp_loss":0,"event_name":"Tomb of Lord Red Mask","floor":41,"gold_loss":149},{"damage_healed":0,"gold_gain":50,"player_choice":"Pray","damage_taken":0,"max_hp_gain":0,"max_hp_loss":0,"event_name":"Golden Shrine","floor":45,"gold_loss":0}],"is_beta":false,"boss_relics":[{"not_picked":["Runic Dome","Tiny House"],"picked":"Calling Bell"},{"not_picked":["Ring of the Serpent","Fusion Hammer"],"picked":"Philosopher\u0027s Stone"}],"items_purged_floors":[0,0],"is_endless":false,"potions_floor_spawned":[1,6,10,11,16,21,27,28,29,31,33,35,38,39,40,42,44,46,48,55],"ascension_level":20}}