{"host":"yvb207ks1sg3cxef","time":1609051811,"event":{"mods":["2.2 Compatiblity","BaseMod","Bestiary","Colored Powertips","Minty Spire (QoL Compilation)","Permanent Neow","Quick Restart","Relic Stats","StSLib"],"gold_per_floor":[117,3,19,35,35,35,47,67,67,67,101,101,101,131,131,210,210,225,140,65,79,354,389,403,403,403,403,434,434,454,486,486,560,560,573,586,7,7,7],"floor_reached":38,"playtime":2660,"items_purged":["Strike_G","Strike_G"],"score":901,"play_id":"25e882db-302f-44fe-851c-b124400c496c","local_time":"20201227122011","is_ascension_mode":true,"campfire_choices":[{"data":"Quick Slash","floor":6.0,"key":"SMITH"},{"data":"Leg Sweep","floor":10.0,"key":"SMITH"},{"floor":13.0,"key":"REST"},{"data":"Acrobatics","floor":15.0,"key":"SMITH"},{"data":"Concentrate","floor":29,"key":"SMITH"},{"data":"Ghostly","floor":32,"key":"SMITH"}],"circlet_count":0,"master_deck":["AscendersBane","Strike_G","Defend_G","Defend_G","Defend_G","Defend_G","Defend_G","Survivor","Neutralize+1","Quick Slash+1","Leg Sweep+1","Escape Plan+1","Backflip","Backflip","Acrobatics+1","Predator","Underhanded Strike","After Image","Outmaneuver","Escape Plan+1","Regret","Concentrate+1","Escape Plan","Ghostly","Ghostly","Ghostly+1","Acrobatics","Corpse Explosion","After Image","Deadly Poison","Outmaneuver","Noxious Fumes","Calculated Gamble"],"relics":["Philosopher\u0027s Stone","WarpedTongs","The Courier","Mango","Question Card","Empty Cage","Vajra","Kunai","Eternal Feather","Bag of Marbles","Snake Skull","Black Star","Blood Vial","Paper Crane"],"acts_visited":["Exordium","TheCity","TheBeyond"],"potions_floor_usage":[25,30,31,31,31,35],"damage_taken":[{"damage":0.0,"enemies":"Small Slimes","floor":1.0,"turns":4.0},{"damage":4.0,"enemies":"Cultist","floor":3.0,"turns":4.0},{"damage":0.0,"enemies":"Jaw Worm","floor":4.0,"turns":5.0},{"damage":10.0,"enemies":"Large Slime","floor":7.0,"turns":9.0},{"damage":8.0,"enemies":"3 Louse","floor":8.0,"turns":5.0},{"damage":16.0,"enemies":"Gremlin Nob","floor":11.0,"turns":5.0},{"damage":10.0,"enemies":"Lagavulin","floor":14.0,"turns":9.0},{"damage":21.0,"enemies":"The Guardian","floor":16.0,"turns":20.0},{"damage":5.0,"enemies":"Spheric Guardian","floor":18.0,"turns":8.0},{"damage":0.0,"enemies":"Shell Parasite","floor":21.0,"turns":6.0},{"damage":27.0,"enemies":"Gremlin Leader","floor":23.0,"turns":12.0},{"damage":0.0,"enemies":"Centurion and Healer","floor":24.0,"turns":9.0},{"damage":0,"enemies":"Slavers","floor":25,"turns":1},{"damage":11,"enemies":"Book of Stabbing","floor":28,"turns":10},{"damage":1,"enemies":"Sentry and Sphere","floor":30,"turns":8},{"damage":7,"enemies":"Slavers","floor":31,"turns":14},{"damage":20,"enemies":"Automaton","floor":33,"turns":12},{"damage":15,"enemies":"3 Shapes","floor":35,"turns":5},{"damage":1,"enemies":"Orb Walker","floor":36,"turns":7},{"damage":28,"enemies":"3 Darklings","floor":38,"turns":2}],"seed_played":"5328870342903752737","potions_obtained":[{"floor":3.0,"key":"SmokeBomb"},{"floor":8.0,"key":"PowerPotion"},{"floor":16.0,"key":"EntropicBrew"},{"floor":28,"key":"Energy Potion"},{"floor":33,"key":"SkillPotion"}],"is_trial":false,"path_per_floor":["M","$","M","M","?","R","M","M","T","R","E","?","R","E","R","B",null,"M","?","?","M","?","E","M","E","T","?","E","R","M","E","R","B",null,"M","M","$","M"],"character_chosen":"THE_SILENT","items_purchased":["Leg Sweep","Noxious Fumes","Blood Vial","Paper Crane","Calculated Gamble","EssenceOfSteel"],"campfire_rested":1,"item_purchase_floors":[2,37,37,37,37,37],"current_hp_per_floor":[59,59,55,55,55,55,45,37,37,37,35,11,35,25,25,4,61,56,56,56,56,56,29,29,29,29,29,18,33,32,25,40,20,35,20,19,19,0,0],"gold":7,"neow_bonus":"BOSS_RELIC","is_daily":false,"chose_seed":false,"campfire_upgraded":5,"win_rate":0.0,"timestamp":1609051811,"path_taken":["M","$","M","M","?","R","?","M","T","R","E","?","R","E","R","BOSS","M","?","?","M","?","E","?","E","T","?","E","R","M","E","R","BOSS","M","M","$","M"],"items_purchased_type":["Card","Card","Relic","Relic","Card","Potion"],"build_version":"2020-12-22","purchased_purges":2,"victory":false,"max_hp_per_floor":[66,66,66,66,66,66,66,66,66,66,80,80,80,80,80,80,80,80,80,80,80,80,80,80,80,80,40,40,40,40,40,40,40,40,40,40,40,40,40],"relic_stats":{"Blood Vial":2,"counters":[20,155],"Eternal Feather":30,"Snake Skull":[10],"Black Star":0,"Kunai":[14],"Question Card":11,"obtain_stats":[{"Vajra":19,"Mango":11,"Eternal Feather":26,"The Courier":9,"Snake Skull":31,"Paper Crane":37,"Question Card":14,"Empty Cage":17,"WarpedTongs":5,"Blood Vial":37,"Philosopher\u0027s Stone":0,"Bag of Marbles":28,"Black Star":34,"Kunai":23,"Ring of the Snake":0},{"Vajra":9,"Mango":6,"Eternal Feather":13,"The Courier":5,"Snake Skull":16,"Paper Crane":19,"Question Card":7,"Empty Cage":8,"WarpedTongs":3,"Blood Vial":19,"Philosopher\u0027s Stone":0,"Bag of Marbles":14,"Black Star":17,"Kunai":11,"Ring of the Snake":0},{"Vajra":69,"Mango":32,"Eternal Feather":97,"The Courier":27,"Snake Skull":129,"Paper Crane":153,"Question Card":41,"Empty Cage":61,"WarpedTongs":13,"Blood Vial":153,"Philosopher\u0027s Stone":0,"Bag of Marbles":107,"Black Star":141,"Kunai":87,"Ring of the Snake":0}],"WarpedTongs":[127]},"card_choices":[{"not_picked":["Backflip","Well Laid Plans"],"picked":"Quick Slash","floor":1.0},{"not_picked":["Underhanded Strike","Blade Dance"],"picked":"Escape Plan","floor":3.0},{"not_picked":["Poisoned Stab","PiercingWail"],"picked":"Backflip","floor":4.0},{"not_picked":["Quick Slash","Unload"],"picked":"Backflip","floor":7.0},{"not_picked":["Flying Knee","Endless Agony"],"picked":"Acrobatics","floor":8.0},{"not_picked":["Quick Slash","Outmaneuver"],"picked":"Predator","floor":11.0},{"not_picked":["Cloak And Dagger","Infinite Blades"],"picked":"Underhanded Strike","floor":14.0},{"not_picked":["Glass Knife","Doppelganger","A Thousand Cuts"],"picked":"After Image","floor":16.0},{"not_picked":["Dagger Throw","Dagger Spray","Distraction"],"picked":"Outmaneuver","floor":18.0},{"not_picked":["Setup+1","Bane","Acrobatics"],"picked":"Escape Plan+1","floor":21.0},{"not_picked":["Outmaneuver","Burst","Expertise"],"picked":"Concentrate","floor":23.0},{"not_picked":["Sucker Punch","Blade Dance","Quick Slash"],"picked":"Escape Plan","floor":24.0},{"not_picked":["Finisher","Dagger Spray","Doppelganger"],"picked":"Acrobatics","floor":28},{"not_picked":["Setup","Masterful Stab","Skewer","Acrobatics"],"picked":"SKIP","floor":30},{"not_picked":["Slice","Predator","Dagger Spray"],"picked":"Corpse Explosion","floor":31},{"not_picked":["Venomology","Burst","Envenom"],"picked":"After Image","floor":33},{"not_picked":["Slice","Choke","Acrobatics+1"],"picked":"Deadly Poison","floor":35},{"not_picked":["Poisoned Stab+1","Sucker Punch","Acrobatics+1"],"picked":"Outmaneuver","floor":36}],"player_experience":226406,"relics_obtained":[{"floor":9.0,"key":"The Courier"},{"floor":11.0,"key":"Mango"},{"floor":14.0,"key":"Question Card"},{"floor":23.0,"key":"Kunai"},{"floor":26,"key":"Eternal Feather"},{"floor":28,"key":"Bag of Marbles"},{"floor":31,"key":"Snake Skull"}],"event_choices":[{"damage_healed":0.0,"max_hp_gain":0.0,"max_hp_loss":0.0,"gold_gain":0.0,"event_name":"Accursed Blacksmith","player_choice":"Rummage","floor":5.0,"gold_loss":0.0,"damage_taken":0.0,"relics_obtained":["WarpedTongs"],"cards_obtained":["Pain"]},{"damage_healed":0.0,"max_hp_gain":0.0,"max_hp_loss":0.0,"gold_gain":0.0,"event_name":"Shining Light","player_choice":"Entered Light","floor":12.0,"gold_loss":0.0,"damage_taken":24.0,"cards_upgraded":["Escape Plan","Neutralize"]},{"damage_healed":0.0,"max_hp_gain":0.0,"max_hp_loss":0.0,"gold_gain":0.0,"event_name":"Addict","player_choice":"Obtained Relic","floor":19.0,"gold_loss":85.0,"damage_taken":0.0,"relics_obtained":["Vajra"]},{"cards_removed":["Strike_G"],"damage_healed":0.0,"max_hp_gain":0.0,"max_hp_loss":0.0,"gold_gain":0.0,"event_name":"Beggar","player_choice":"Gave Gold","floor":20.0,"gold_loss":75.0,"damage_taken":0.0},{"damage_healed":0.0,"max_hp_gain":0.0,"max_hp_loss":0.0,"gold_gain":275.0,"event_name":"Golden Shrine","player_choice":"Desecrate","floor":22.0,"gold_loss":0.0,"damage_taken":0.0,"cards_obtained":["Regret"]},{"damage_healed":0,"gold_gain":0,"player_choice":"Became a Ghost","damage_taken":0,"max_hp_gain":0,"max_hp_loss":40,"event_name":"Ghosts","floor":27,"gold_loss":0,"cards_obtained":["Ghostly","Ghostly","Ghostly"]}],"is_beta":false,"boss_relics":[{"not_picked":["Snecko Eye","Velvet Choker"],"picked":"Empty Cage"},{"not_picked":["SlaversCollar","Tiny House"],"picked":"Black Star"}],"items_purged_floors":[2,37],"is_endless":false,"potions_floor_spawned":[3,8,16,23,25,28,33],"killed_by":"3 Darklings","ascension_level":17}}