{"host":"udzsrhbqdxqtlypj","time":1609106047,"event":{"mods":["BaseMod","Minty Spire (QoL Compilation)","Relic Stats"],"gold_per_floor":[117,130,140,15,15,15,30,57,57,57,85,58,78,94,94,190,190,208,63,63,79,98,98,132,132,156,156,156,168,197,208,208,208,208],"floor_reached":33,"playtime":1545,"items_purged":["Strike_G"],"score":446,"play_id":"9d1edac1-97b5-4820-ab92-e3579b13a8de","local_time":"20201227155407","is_ascension_mode":true,"campfire_choices":[{"data":"Deadly Poison","floor":6,"key":"SMITH"},{"floor":10,"key":"REST"},{"data":"1","floor":15,"key":"LIFT"},{"data":"2","floor":23,"key":"LIFT"},{"data":"3","floor":27,"key":"LIFT"},{"data":"After Image","floor":32,"key":"SMITH"}],"circlet_count":0,"master_deck":["AscendersBane","Strike_G","Strike_G","Strike_G","Strike_G","Defend_G","Defend_G","Defend_G","Defend_G","Defend_G","Survivor","Neutralize+1","Poisoned Stab","Endless Agony","Bane+1","Deadly Poison+1","Escape Plan","Backflip","After Image+1","Catalyst","Blade Dance","Envenom","Dash+1","Necronomicurse","Catalyst+1","All Out Attack","Dagger Spray+1"],"relics":["Ring of the Snake","Ancient Tea Set","Bottled Lightning","Girya","Coffee Dripper","Anchor","Necronomicon","Juzu Bracelet","Nloth\u0027s Gift","Bag of Marbles","Toy Ornithopter"],"acts_visited":["Exordium","TheCity"],"potions_floor_usage":[8,14,14,21,30,30,33],"damage_taken":[{"damage":4,"enemies":"Small Slimes","floor":1,"turns":5},{"damage":0,"enemies":"2 Louse","floor":2,"turns":3},{"damage":1,"enemies":"Cultist","floor":3,"turns":4},{"damage":8,"enemies":"Lots of Slimes","floor":7,"turns":4},{"damage":10,"enemies":"Gremlin Nob","floor":8,"turns":4},{"damage":10,"enemies":"3 Sentries","floor":11,"turns":9},{"damage":0,"enemies":"2 Fungi Beasts","floor":13,"turns":4},{"damage":11,"enemies":"Large Slime","floor":14,"turns":5},{"damage":32,"enemies":"Slime Boss","floor":16,"turns":12},{"damage":17,"enemies":"2 Thieves","floor":18,"turns":4},{"damage":1,"enemies":"Spheric Guardian","floor":21,"turns":3},{"damage":0,"enemies":"Chosen and Byrds","floor":22,"turns":5},{"damage":6,"enemies":"Slavers","floor":24,"turns":5},{"damage":0,"enemies":"Centurion and Healer","floor":29,"turns":2},{"damage":5,"enemies":"Book of Stabbing","floor":30,"turns":3},{"damage":1,"enemies":"3 Cultists","floor":31,"turns":4},{"damage":40,"enemies":"Champ","floor":33,"turns":8}],"seed_played":"1965846081497482293","potions_obtained":[{"floor":2,"key":"GhostInAJar"},{"floor":3,"key":"EntropicBrew"},{"floor":13,"key":"Fire Potion"},{"floor":18,"key":"FearPotion"},{"floor":29,"key":"CunningPotion"},{"floor":31,"key":"FairyPotion"}],"is_trial":false,"path_per_floor":["M","M","M","$","?","R","M","E","T","R","E","?","M","M","R","B",null,"M","$","?","M","M","R","E","?","T","R","?","M","E","M","R","B"],"character_chosen":"THE_SILENT","items_purchased":["Deadly Poison","Anchor"],"campfire_rested":1,"item_purchase_floors":[4,19],"current_hp_per_floor":[41,41,40,40,26,26,18,8,8,29,19,19,19,8,8,17,57,40,40,24,32,32,32,26,26,26,26,20,20,15,14,14,0,0],"gold":208,"neow_bonus":"ONE_RARE_RELIC","is_daily":false,"chose_seed":false,"campfire_upgraded":2,"win_rate":0.0,"timestamp":1609106047,"path_taken":["M","M","M","$","?","R","M","E","T","R","E","?","M","M","R","BOSS","M","$","?","M","M","R","E","?","T","R","?","M","E","M","R","BOSS"],"items_purchased_type":["Card","Relic"],"build_version":"2020-12-22","purchased_purges":1,"victory":false,"max_hp_per_floor":[70,70,70,70,70,70,70,70,70,70,70,70,70,70,70,70,70,70,70,70,70,70,70,70,70,70,70,70,70,70,70,70,70,70],"relic_stats":{"counters":[17,84],"Necronomicon":[7],"Juzu Bracelet":1,"Nloth\u0027s Gift":1,"obtain_stats":[{"Girya":11,"Lizard Tail":0,"Anchor":19,"Coffee Dripper":17,"Necronomicon":20,"Juzu Bracelet":24,"Nloth\u0027s Gift":25,"Bag of Marbles":26,"Bottled Lightning":9,"Ancient Tea Set":8,"Toy Ornithopter":30,"Ring of the Snake":0},{"Girya":6,"Lizard Tail":0,"Anchor":10,"Coffee Dripper":9,"Necronomicon":10,"Juzu Bracelet":13,"Nloth\u0027s Gift":13,"Bag of Marbles":13,"Bottled Lightning":5,"Ancient Tea Set":5,"Toy Ornithopter":15,"Ring of the Snake":0},{"Girya":29,"Lizard Tail":0,"Anchor":54,"Coffee Dripper":50,"Necronomicon":54,"Juzu Bracelet":67,"Nloth\u0027s Gift":67,"Bag of Marbles":67,"Bottled Lightning":20,"Ancient Tea Set":20,"Toy Ornithopter":72,"Ring of the Snake":0}],"Toy Ornithopter":5,"Ring of the Snake":[38]},"card_choices":[{"not_picked":["PiercingWail","Outmaneuver"],"picked":"Poisoned Stab","floor":1},{"not_picked":["Acrobatics","Dodge and Roll"],"picked":"Endless Agony","floor":2},{"not_picked":["Infinite Blades","Sucker Punch"],"picked":"Bane","floor":3},{"not_picked":["Skewer","Deadly Poison"],"picked":"Escape Plan","floor":7},{"not_picked":["Bane","Skewer"],"picked":"Backflip","floor":8},{"not_picked":["Quick Slash","Bane"],"picked":"After Image","floor":11},{"not_picked":["Poisoned Stab","Backflip"],"picked":"Catalyst","floor":13},{"not_picked":["Sucker Punch","Underhanded Strike"],"picked":"Blade Dance","floor":14},{"not_picked":["Die Die Die","Doppelganger"],"picked":"Envenom","floor":16},{"not_picked":["Slice","Acrobatics"],"picked":"Dash+1","floor":18},{"not_picked":["Acrobatics","Well Laid Plans","Dodge and Roll"],"picked":"SKIP","floor":21},{"not_picked":["Backflip","Setup","Acrobatics"],"picked":"SKIP","floor":22},{"not_picked":["Masterful Stab","Predator"],"picked":"Catalyst+1","floor":24},{"not_picked":["Underhanded Strike","Eviscerate"],"picked":"All Out Attack","floor":29},{"not_picked":["Night Terror","Cloak And Dagger","Tools of the Trade"],"picked":"SKIP","floor":30},{"not_picked":["Slice","Finisher"],"picked":"Dagger Spray+1","floor":31}],"player_experience":2750209,"relics_obtained":[{"floor":8,"key":"Ancient Tea Set"},{"floor":9,"key":"Bottled Lightning"},{"floor":11,"key":"Girya"},{"floor":20,"key":"Necronomicon"},{"floor":24,"key":"Juzu Bracelet"},{"floor":26,"key":"Bag of Marbles"},{"floor":30,"key":"Toy Ornithopter"}],"event_choices":[{"damage_healed":0,"gold_gain":0,"player_choice":"Entered Light","damage_taken":14,"max_hp_gain":0,"max_hp_loss":0,"event_name":"Shining Light","floor":5,"gold_loss":0,"cards_upgraded":["Bane","Neutralize"]},{"damage_healed":0,"gold_gain":0,"player_choice":"Left Gold","damage_taken":0,"max_hp_gain":0,"max_hp_loss":0,"event_name":"World of Goop","floor":12,"gold_loss":27},{"damage_healed":0,"gold_gain":0,"player_choice":"Obtained Book","damage_taken":16,"max_hp_gain":0,"max_hp_loss":0,"event_name":"Cursed Tome","floor":20,"gold_loss":0},{"damage_healed":0,"gold_gain":0,"player_choice":"Traded Relic","damage_taken":0,"relics_obtained":["Nloth\u0027s Gift"],"max_hp_gain":0,"max_hp_loss":0,"event_name":"N\u0027loth","floor":25,"relics_lost":["Lizard Tail"],"gold_loss":0},{"damage_healed":0,"gold_gain":0,"player_choice":"","damage_taken":6,"max_hp_gain":0,"max_hp_loss":0,"event_name":"Knowing Skull","floor":28,"potions_obtained":[],"gold_loss":0,"cards_obtained":[]}],"is_beta":false,"boss_relics":[{"not_picked":["Sozu","Black Star"],"picked":"Coffee Dripper"}],"items_purged_floors":[4],"is_endless":false,"potions_floor_spawned":[2,3,13,14,18,29,31],"killed_by":"Champ","ascension_level":10}}