{"host":"7elm0r5975gb9iir","time":1609031885,"event":{"mods":["AchievementEnabler","BaseMod","Colored Map","DeckTracker","Keyboard Shortcuts","Minty Spire (QoL Compilation)","Permanent Neow","Random Character Button","SuperFastMode"],"gold_per_floor":[119,119,139,155,155,155,196,196,222,263,286,68,92,117,117,241,241,256,181,202,202,218,218,252,275,275,275,374,395,436,436,436,567,567,587,587,587,603,622,655,669,669,669],"floor_reached":42,"playtime":3288,"items_purged":["Defend_B"],"score":528,"play_id":"a896814f-f28e-4be3-8a29-51342e829c9a","local_time":"20201227101805","is_ascension_mode":false,"campfire_choices":[{"floor":6,"key":"REST"},{"floor":8,"key":"REST"},{"floor":15,"key":"REST"},{"floor":23,"key":"REST"},{"floor":27,"key":"REST"},{"floor":32,"key":"REST"}],"circlet_count":0,"master_deck":["Strike_B","Strike_B","Strike_B","Strike_B","Defend_B","Zap","Dualcast","Streamline","White Noise","Steam Power","Buffer","Melter","Coolheaded","Meteor Strike","Glacier","Sunder","Fission","Genetic Algorithm","Turbo","Redo","Rainbow","Chill","Doom and Gloom+1","Consume","BootSequence+1","Seek","Doom and Gloom+1","Darkness+1","Electrodynamics+1","Redo","Thunder Strike","Stack+1","Mind Blast","Apotheosis","Dramatic Entrance","Fusion+1","Stack+1","Compile Driver+1","White Noise+1"],"relics":["Fusion Hammer","Golden Idol","Orichalcum","Omamori","Happy Flower","Orrery","Black Star","Frozen Egg 2","Unceasing Top","Dream Catcher","Kunai","Du-Vu Doll","WingedGreaves","Calling Bell","Anchor","Pantograph","CaptainsWheel","Smiling Mask","Bird Faced Urn"],"acts_visited":["Exordium","TheCity","TheBeyond"],"potions_floor_usage":[7,10,16,24,30,30,30,33,33,33,33,39,39,42],"damage_taken":[{"damage":0,"enemies":"2 Louse","floor":1,"turns":2},{"damage":1,"enemies":"Cultist","floor":3,"turns":3},{"damage":11,"enemies":"Jaw Worm","floor":4,"turns":2},{"damage":32,"enemies":"3 Sentries","floor":7,"turns":7},{"damage":2,"enemies":"Gremlin Nob","floor":10,"turns":4},{"damage":5,"enemies":"Exordium Wildlife","floor":11,"turns":5},{"damage":0,"enemies":"Large Slime","floor":13,"turns":4},{"damage":1,"enemies":"Blue Slaver","floor":14,"turns":3},{"damage":46,"enemies":"The Guardian","floor":16,"turns":15},{"damage":0,"enemies":"Spheric Guardian","floor":18,"turns":2},{"damage":9,"enemies":"3 Byrds","floor":20,"turns":6},{"damage":17,"enemies":"Cultist and Chosen","floor":22,"turns":5},{"damage":16,"enemies":"Gremlin Leader","floor":24,"turns":8},{"damage":3,"enemies":"Centurion and Healer","floor":29,"turns":9},{"damage":7,"enemies":"Book of Stabbing","floor":30,"turns":8},{"damage":57,"enemies":"Collector","floor":33,"turns":9},{"damage":3,"enemies":"Orb Walker","floor":35,"turns":3},{"damage":0,"enemies":"3 Shapes","floor":38,"turns":4},{"damage":11,"enemies":"Jaw Worm Horde","floor":39,"turns":4},{"damage":0,"enemies":"Nemesis","floor":40,"turns":5},{"damage":0,"enemies":"Writhing Mass","floor":41,"turns":4},{"damage":102,"enemies":"Giant Head","floor":42,"turns":10}],"seed_played":"-3921196139320095400","potions_obtained":[{"floor":1,"key":"Regen Potion"},{"floor":2,"key":"Regen Potion"},{"floor":2,"key":"FearPotion"},{"floor":11,"key":"EntropicBrew"},{"floor":14,"key":"BlessingOfTheForge"},{"floor":16,"key":"LiquidMemories"},{"floor":29,"key":"EntropicBrew"},{"floor":30,"key":"Strength Potion"},{"floor":35,"key":"BlessingOfTheForge"},{"floor":38,"key":"AttackPotion"},{"floor":39,"key":"ColorlessPotion"}],"is_trial":false,"path_per_floor":["M","?","M","M","?","R","E","R","T","E","M","$","M","M","R","B",null,"M","?","M","?","M","R","E","T","T","R","?","M","E","?","R","B",null,"M","?","?","M","M","E","M","E"],"character_chosen":"DEFECT","items_purchased":["Orrery"],"campfire_rested":6,"item_purchase_floors":[12],"current_hp_per_floor":[75,75,74,63,45,67,47,69,69,67,62,62,62,61,75,42,75,75,75,66,66,49,71,55,55,55,75,75,72,65,65,75,18,75,72,62,62,62,51,51,57,0,0],"gold":669,"neow_bonus":"BOSS_RELIC","is_daily":false,"chose_seed":false,"campfire_upgraded":0,"win_rate":0.0,"timestamp":1609031885,"path_taken":["M","?","?","M","?","R","E","R","T","E","M","$","M","M","R","BOSS","M","?","M","?","M","R","E","?","T","R","?","M","E","?","R","BOSS","M","?","?","M","?","E","M","E"],"items_purchased_type":["Relic"],"build_version":"2020-12-22","purchased_purges":1,"victory":false,"max_hp_per_floor":[75,75,75,75,75,75,75,75,75,75,75,75,75,75,75,75,75,75,75,75,75,75,75,75,75,75,75,75,75,75,75,75,75,75,75,75,75,75,75,75,75,75,75],"card_choices":[{"not_picked":["Capacitor","Defragment"],"picked":"Streamline","floor":1},{"not_picked":["Cold Snap","Scrape"],"picked":"White Noise","floor":3},{"not_picked":["Go for the Eyes","Rip and Tear"],"picked":"Steam Power","floor":4},{"not_picked":["Lockon","Self Repair"],"picked":"Buffer","floor":7},{"not_picked":["Steam","Stack"],"picked":"Melter","floor":10},{"not_picked":["Gash","Rip and Tear"],"picked":"Coolheaded","floor":11},{"not_picked":["Consume","Steam"],"picked":"Meteor Strike","floor":12},{"not_picked":["Go for the Eyes","Undo"],"picked":"Glacier","floor":12},{"not_picked":["Hologram","Gash"],"picked":"Sunder","floor":12},{"not_picked":["All For One","Cold Snap"],"picked":"Fission","floor":12},{"not_picked":["Tempest","Rip and Tear"],"picked":"Genetic Algorithm","floor":12},{"not_picked":["Leap","Gash"],"picked":"Turbo","floor":13},{"not_picked":["Rip and Tear","Sweeping Beam"],"picked":"Redo","floor":14},{"not_picked":["Machine Learning","Fission"],"picked":"Rainbow","floor":16},{"not_picked":["Capacitor","Barrage"],"picked":"Chill","floor":18},{"not_picked":["Reinforced Body","Sunder"],"picked":"Doom and Gloom+1","floor":20},{"not_picked":["Rebound","Go for the Eyes"],"picked":"BootSequence+1","floor":22},{"not_picked":["Lockon","Leap"],"picked":"Seek","floor":24},{"not_picked":["Ball Lightning","Beam Cell+1"],"picked":"Doom and Gloom+1","floor":27},{"not_picked":["Static Discharge+1","Stack"],"picked":"Darkness+1","floor":29},{"not_picked":["Coolheaded+1","Redo+1"],"picked":"Electrodynamics+1","floor":30},{"not_picked":["Steam Power","Rebound"],"picked":"Redo","floor":32},{"not_picked":["Amplify","Seek"],"picked":"Thunder Strike","floor":33},{"not_picked":["Beam Cell","Static Discharge+1"],"picked":"Stack+1","floor":35},{"not_picked":["Impatience","Madness"],"picked":"Mind Blast","floor":36},{"not_picked":["Jack Of All Trades","Finesse"],"picked":"Apotheosis","floor":36},{"not_picked":["Deep Breath","Forethought"],"picked":"Dramatic Entrance","floor":36},{"not_picked":["Chill","Barrage"],"picked":"Fusion+1","floor":38},{"not_picked":["Beam Cell","Genetic Algorithm+1"],"picked":"Stack+1","floor":39},{"not_picked":["Conserve Battery","Ball Lightning"],"picked":"Compile Driver+1","floor":40},{"not_picked":["Compile Driver+1","Ball Lightning"],"picked":"White Noise+1","floor":41}],"player_experience":72141,"relics_obtained":[{"floor":7,"key":"Orichalcum"},{"floor":9,"key":"Omamori"},{"floor":10,"key":"Happy Flower"},{"floor":24,"key":"Frozen Egg 2"},{"floor":24,"key":"Unceasing Top"},{"floor":25,"key":"Dream Catcher"},{"floor":26,"key":"Kunai"},{"floor":30,"key":"Du-Vu Doll"},{"floor":30,"key":"WingedGreaves"},{"floor":34,"key":"Anchor"},{"floor":34,"key":"Pantograph"},{"floor":34,"key":"CaptainsWheel"},{"floor":40,"key":"Smiling Mask"},{"floor":40,"key":"Bird Faced Urn"}],"event_choices":[{"damage_healed":0,"gold_gain":0,"player_choice":"Got Potions","damage_taken":0,"max_hp_gain":0,"max_hp_loss":0,"event_name":"Lab","floor":2,"gold_loss":0},{"damage_healed":0,"gold_gain":0,"player_choice":"Take Damage","damage_taken":18,"relics_obtained":["Golden Idol"],"max_hp_gain":0,"max_hp_loss":0,"event_name":"Golden Idol","floor":5,"gold_loss":0},{"cards_removed":["Defend_B"],"damage_healed":0,"gold_gain":0,"player_choice":"Gave Gold","damage_taken":0,"max_hp_gain":0,"max_hp_loss":0,"event_name":"Beggar","floor":19,"gold_loss":75},{"damage_healed":0,"gold_gain":0,"player_choice":"Read","damage_taken":0,"max_hp_gain":0,"max_hp_loss":0,"event_name":"The Library","floor":21,"gold_loss":0,"cards_obtained":["Consume"]},{"damage_healed":0,"gold_gain":99,"player_choice":"Stole From Cult","damage_taken":0,"max_hp_gain":0,"max_hp_loss":0,"event_name":"Nest","floor":28,"gold_loss":0},{"damage_healed":0,"gold_gain":0,"player_choice":"Ignored","damage_taken":0,"max_hp_gain":0,"max_hp_loss":0,"event_name":"Ghosts","floor":31,"gold_loss":0},{"damage_healed":0,"gold_gain":0,"player_choice":"Memory 3","damage_taken":10,"max_hp_gain":0,"max_hp_loss":0,"event_name":"SensoryStone","floor":36,"gold_loss":0},{"cards_removed":["Defend_B"],"damage_healed":0,"gold_gain":0,"player_choice":"Removed Skill","damage_taken":0,"max_hp_gain":0,"max_hp_loss":0,"event_name":"Falling","floor":37,"gold_loss":0}],"is_beta":false,"boss_relics":[{"not_picked":["SlaversCollar","Pandora\u0027s Box"],"picked":"Black Star"},{"not_picked":["Snecko Eye","Velvet Choker"],"picked":"Calling Bell"}],"items_purged_floors":[12],"is_endless":false,"potions_floor_spawned":[1,11,14,16,22,29,30,35,38,39],"killed_by":"Giant Head","ascension_level":0}}