{"host":"lctcqud4f9t1q6q5","time":1609033747,"event":{"mods":["BaseMod","Better Vampires","Block Reminder","Colored Map","Colored Powertips","Highlight Path","KinomotoSakuraMod(木之本樱)","Marisa（F雨　魔理沙）","Minty Spire (QoL Compilation)","Quick Restart","Reimu（博丽灵梦）","Relic Stats","Replay The Spire","RumiaBox-露米娅的神秘盒子","Shop Mod","Spicy Shops","StSLib","TestMod","The Bug Knight","WarShipGirlsR/战舰少女R mod","vexMod","【功能Mod】混沌之环修复补丁","篝火指南"],"gold_per_floor":[119,134,169,179,179,29,58,58,58,77,89,89,89,89,89,192,192,197,90,104,117,134,142,142,142],"floor_reached":24,"playtime":1079,"items_purged":[],"score":329,"play_id":"cb8cbe75-b841-41eb-955b-aed18cf387d1","local_time":"20201227094907","is_ascension_mode":true,"campfire_choices":[{"floor":8.0,"key":"REST"},{"data":"Life Link","floor":12.0,"key":"SMITH"}],"circlet_count":0,"master_deck":["Strike_R+1","Strike_R+1","Strike_R+1","Strike_R+1","Strike_R","Defend_R","Defend_R","Defend_R","Bash+1","Dark Embrace","Immolate+1","Life Link+1","Sever Soul+1","Fire Breathing","Offering+1","Havoc+1"],"relics":["Burning Blood","testmod-TestBox","testmod-Nine","vexMod:DeviousBotling","Baka2","MerchantsRug","CrazyTorch:ReiMu","Bottled Flame","GodSword6","Replay:WaspNest","Red Skull","testmod-SaigiyounoYou","Guide Book","Dream Catcher"],"acts_visited":["Exordium","TheCity"],"potions_floor_usage":[18,23,23,23],"damage_taken":[{"damage":0.0,"enemies":"Cultist","floor":1.0,"turns":2.0},{"damage":0.0,"enemies":"Small Slimes","floor":2.0,"turns":2.0},{"damage":28.0,"enemies":"Jaw Worm","floor":3.0,"turns":4.0},{"damage":18.0,"enemies":"Looter","floor":4.0,"turns":4.0},{"damage":30.0,"enemies":"Lagavulin","floor":7.0,"turns":5.0},{"damage":0.0,"enemies":"3 Sentries","floor":10.0,"turns":2.0},{"damage":13.0,"enemies":"Blue Slaver","floor":11.0,"turns":2.0},{"damage":4,"enemies":"Slime Boss","floor":16,"turns":4},{"damage":28,"enemies":"2 Thieves","floor":18,"turns":3},{"damage":6,"enemies":"Centurion and Healer","floor":20,"turns":4},{"damage":68,"enemies":"Sentry and Sphere","floor":21,"turns":3},{"damage":27,"enemies":"Shelled Parasite and Fungi","floor":22,"turns":1},{"damage":29,"enemies":"Gremlin Leader","floor":23,"turns":3},{"damage":9,"enemies":"Snake Plant","floor":24,"turns":1}],"seed_played":"3686796878401144855","potions_obtained":[{"floor":1.0,"key":"FearPotion"},{"floor":4.0,"key":"AttackPotion"},{"floor":7.0,"key":"Block Potion"},{"floor":16,"key":"Adrenaline Potion"},{"floor":20,"key":"ColorlessPotion"},{"floor":21,"key":"Dexterity Potion"},{"floor":22,"key":"Elixir"}],"is_trial":false,"path_per_floor":["M","M","M","M","?","R","E","R","T","E","M","R","?","?","R_BF","B",null,"M","$","M","M","M","E","M"],"character_chosen":"IRONCLAD","items_purchased":["MerchantsRug","CrazyTorch:ReiMu","Guide Book"],"campfire_rested":1,"item_purchase_floors":[6,6,19],"current_hp_per_floor":[80,80,58,46,46,46,22,46,46,52,45,45,45,45,69,80,80,70,70,79,24,11,9,5,5],"gold":142,"neow_bonus":"DOUBLE_BOSS_RELIC","is_daily":false,"chose_seed":false,"campfire_upgraded":1,"win_rate":0.0,"timestamp":1609033747,"path_taken":["M","M","?","M","?","R","E","R","T","E","M","R","?","?","R_BF","BOSS","M","$","M","M","?","E","M"],"items_purchased_type":["Relic","Relic","Relic"],"build_version":"2020-12-22","purchased_purges":0,"victory":false,"max_hp_per_floor":[80,80,80,80,80,80,80,80,80,80,80,80,80,80,80,80,80,80,80,80,80,80,44,44,44],"relic_stats":{"Dream Catcher":0,"counters":[14,40],"obtain_stats":[{"MerchantsRug":6,"testmod-TestBox":0,"Guide Book":19,"Replay:WaspNest":10,"Baka":1,"testmod-SaigiyounoYou":17,"Burning Blood":0,"Baka2":2,"Bottled Flame":7,"Dream Catcher":23,"testmod-AssaultLearning":3,"CrazyTorch:ReiMu":6,"vexMod:DeviousBotling":0,"GodSword6":9,"testmod-Nine":0,"vexMod:ImprovementManual":0,"Red Skull":14},{"MerchantsRug":4,"testmod-TestBox":0,"Guide Book":9,"Replay:WaspNest":6,"Baka":1,"testmod-SaigiyounoYou":8,"Burning Blood":0,"Baka2":2,"Bottled Flame":5,"Dream Catcher":13,"testmod-AssaultLearning":3,"CrazyTorch:ReiMu":4,"vexMod:DeviousBotling":0,"GodSword6":5,"testmod-Nine":0,"vexMod:ImprovementManual":0,"Red Skull":7},{"MerchantsRug":12,"testmod-TestBox":0,"Guide Book":28,"Replay:WaspNest":19,"Baka":2,"testmod-SaigiyounoYou":25,"Burning Blood":0,"Baka2":4,"Bottled Flame":17,"Dream Catcher":39,"testmod-AssaultLearning":8,"CrazyTorch:ReiMu":12,"vexMod:DeviousBotling":0,"GodSword6":17,"testmod-Nine":0,"vexMod:ImprovementManual":0,"Red Skull":21}],"Burning Blood":63},"card_choices":[{"not_picked":["Sentinel","Clothesline","ReplayTheSpireMod:Strike From Hell"],"picked":"SKIP","floor":1.0},{"not_picked":["Dual Wield","Warcry","Twin Strike"],"picked":"SKIP","floor":2.0},{"not_picked":["Pummel","Twin Strike"],"picked":"Dark Embrace","floor":3.0},{"not_picked":["Battle Trance","Heavy Blade"],"picked":"Immolate","floor":4.0},{"not_picked":["Heavy Blade","Flex"],"picked":"Life Link","floor":7.0},{"not_picked":["Immolate","Exhume"],"picked":"Sever Soul","floor":10.0},{"not_picked":["Infernal Blade","Iron Wave"],"picked":"Fire Breathing","floor":11.0},{"not_picked":["Berserk","Brutality"],"picked":"Offering","floor":16},{"not_picked":["Armaments+1","Body Slam+1","Clothesline"],"picked":"SKIP","floor":18},{"not_picked":["Havoc","Body Slam+1","Thunderclap+1"],"picked":"SKIP","floor":20},{"not_picked":["Clash","Warcry","Thunderclap"],"picked":"SKIP","floor":21},{"not_picked":["Pommel Strike","Clash","Uppercut"],"picked":"SKIP","floor":22},{"not_picked":["Run Through","Berserk"],"picked":"Havoc+1","floor":23}],"player_experience":282677,"relics_obtained":[{"floor":1.0,"key":"Baka"},{"floor":2.0,"key":"Baka2"},{"floor":3.0,"key":"testmod-AssaultLearning"},{"floor":7.0,"key":"Bottled Flame"},{"floor":9.0,"key":"GodSword6"},{"floor":10.0,"key":"Replay:WaspNest"},{"floor":23,"key":"Dream Catcher"}],"event_choices":[{"damage_healed":0.0,"max_hp_gain":0.0,"max_hp_loss":0.0,"gold_gain":0.0,"event_name":"WeMeetAgain","player_choice":"Gave Potion","floor":14.0,"gold_loss":0.0,"damage_taken":0.0,"relics_obtained":["Red Skull"]}],"is_beta":false,"boss_relics":[{"not_picked":["Velvet Choker","testmod-TimeTraveler"],"picked":"testmod-SaigiyounoYou"}],"items_purged_floors":[],"is_endless":false,"potions_floor_spawned":[1,4,7,16,20,21,22],"killed_by":"Snake Plant","ascension_level":4}}