{"host":"thf604eqjgpaykl0","time":1609105427,"event":{"mods":["AchievementEnabler","BaseMod","Minty Spire (QoL Compilation)","StSLib"],"gold_per_floor":[110,110,110,130,130,130,158,158,158,176,189,222,238,251,251,354,354,371,371,385,385,67,67,100,127,153,153,166,192,208,224,224,321,321,339,350,203,253,268,268,287,333,333,358,4,226,238,238,238,238],"floor_reached":51,"playtime":6524,"items_purged":[],"score":702,"play_id":"35df216a-5a48-426e-8b5e-177164f8ed3d","local_time":"20201227224347","is_ascension_mode":false,"campfire_choices":[{"data":"Thunderclap","floor":6.0,"key":"SMITH"},{"data":"Defend_R","floor":8.0,"key":"PURGE"},{"data":"Defend_R","floor":15,"key":"PURGE"},{"data":"Whirlwind","floor":27,"key":"SMITH"},{"data":"Fiend Fire","floor":32,"key":"SMITH"},{"data":"Bash","floor":40,"key":"PURGE"},{"data":"1","floor":49,"key":"LIFT"}],"circlet_count":0,"master_deck":["Strike_R+1","Strike_R+1","Strike_R+1","Strike_R+1","Strike_R+1","Defend_R+1","Defend_R+1","Cleave+1","Thunderclap+1","Shockwave","Shrug It Off+1","Shrug It Off+1","Armaments+1","Fiend Fire+1","Uppercut+1","Shrug It Off+1","Corruption","Carnage","Whirlwind+1","Carnage","Bloodletting+1","Rampage+1","Cleave+1","Pommel Strike+1","Reaper","Power Through+1","Heavy Blade+1","True Grit+1","Heavy Blade+1","Seeing Red+1","Inflame","Violence+1","Parasite","Dramatic Entrance"],"relics":["Burning Blood","CaptainsWheel","Toxic Egg 2","Peace Pipe","FossilizedHelix","Toy Ornithopter","Mark of Pain","Enchiridion","Centennial Puzzle","Bottled Flame","Red Skull","Red Mask","Regal Pillow","InkBottle","Busted Crown","Strange Spoon","Ginger","Girya","Meat on the Bone","Whetstone","Chemical X"],"acts_visited":["Exordium","TheCity","TheBeyond"],"potions_floor_usage":[28,33,38,50,50],"damage_taken":[{"damage":6.0,"enemies":"Jaw Worm","floor":1.0,"turns":3.0},{"damage":2.0,"enemies":"2 Louse","floor":4.0,"turns":2.0},{"damage":9.0,"enemies":"3 Sentries","floor":7.0,"turns":3.0},{"damage":0.0,"enemies":"Small Slimes","floor":10.0,"turns":2.0},{"damage":0.0,"enemies":"2 Fungi Beasts","floor":11.0,"turns":3.0},{"damage":6.0,"enemies":"Gremlin Nob","floor":12.0,"turns":5.0},{"damage":0,"enemies":"Large Slime","floor":13,"turns":7},{"damage":0,"enemies":"Blue Slaver","floor":14,"turns":3},{"damage":77,"enemies":"Hexaghost","floor":16,"turns":12},{"damage":0,"enemies":"Chosen","floor":18,"turns":4},{"damage":0,"enemies":"Spheric Guardian","floor":20,"turns":4},{"damage":0,"enemies":"Gremlin Leader","floor":24,"turns":5},{"damage":0,"enemies":"Masked Bandits","floor":25,"turns":2},{"damage":2,"enemies":"Centurion and Healer","floor":28,"turns":3},{"damage":14,"enemies":"Slavers","floor":29,"turns":4},{"damage":3,"enemies":"Chosen and Byrds","floor":30,"turns":3},{"damage":0,"enemies":"3 Cultists","floor":31,"turns":3},{"damage":28,"enemies":"Automaton","floor":33,"turns":8},{"damage":0,"enemies":"3 Darklings","floor":35,"turns":1},{"damage":12,"enemies":"3 Shapes","floor":36,"turns":1},{"damage":13,"enemies":"Mind Bloom Boss Battle","floor":38,"turns":5},{"damage":8,"enemies":"Maw","floor":39,"turns":6},{"damage":6,"enemies":"3 Darklings","floor":41,"turns":2},{"damage":11,"enemies":"2 Orb Walkers","floor":42,"turns":4},{"damage":4,"enemies":"Nemesis","floor":44,"turns":5},{"damage":0,"enemies":"Writhing Mass","floor":47,"turns":4},{"damage":17,"enemies":"Donu and Deca","floor":50,"turns":6}],"seed_played":"8604642174366889824","potions_obtained":[{"floor":4.0,"key":"DuplicationPotion"},{"floor":12,"key":"Strength Potion"},{"floor":14,"key":"Regen Potion"},{"floor":16,"key":"Block Potion"},{"floor":29,"key":"ColorlessPotion"},{"floor":30,"key":"BloodPotion"},{"floor":33,"key":"HeartOfIron"},{"floor":38,"key":"FairyPotion"},{"floor":41,"key":"ElixirPotion"},{"floor":44,"key":"Weak Potion"}],"is_trial":false,"path_per_floor":["M","?","?","M","T","R","E","R","T","M","M","E","M","M","R","B",null,"M","?","M","?","$","?","E","?","T","R","M","E","M","M","R","B",null,"M","M","$","?","M","R","M","?","T","E","$","?","M","?","R","B",null],"character_chosen":"IRONCLAD","items_purchased":["Whirlwind","Bottled Flame","Strange Spoon","Inflame","Chemical X","Violence+1"],"campfire_rested":0,"item_purchase_floors":[22,22,37,45,45,45],"current_hp_per_floor":[80,73,73,77,77,77,74,74,74,80,80,80,80,80,80,9,80,80,64,70,70,70,70,76,80,80,80,80,72,75,80,80,58,80,80,74,74,78,80,80,80,80,80,80,80,80,80,80,80,79],"gold":238,"neow_bonus":"THREE_CARDS","is_daily":false,"chose_seed":false,"campfire_upgraded":3,"win_rate":0.0,"timestamp":1609105427,"path_taken":["M","?","?","M","?","R","E","R","T","M","M","E","M","M","R","BOSS","M","?","M","?","$","?","E","?","T","R","M","E","M","?","R","BOSS","M","M","$","?","M","R","M","?","T","E","$","?","?","?","R","BOSS"],"items_purchased_type":["Card","Relic","Relic","Card","Relic","Card"],"build_version":"2020-12-22","purchased_purges":0,"victory":true,"max_hp_per_floor":[80,80,80,80,80,80,80,80,80,80,80,80,80,80,80,80,80,80,80,80,80,80,80,80,80,80,80,80,80,80,80,80,80,80,80,80,80,80,80,80,80,80,80,80,80,80,80,80,80,80],"card_choices":[{"not_picked":["Body Slam","Headbutt"],"picked":"Cleave","floor":0.0},{"not_picked":["True Grit","Flex"],"picked":"Thunderclap","floor":1.0},{"not_picked":["Second Wind","Dual Wield"],"picked":"Shockwave","floor":4.0},{"not_picked":["Reaper","Ghostly Armor+1"],"picked":"Shrug It Off+1","floor":7.0},{"not_picked":["Headbutt","Flame Barrier+1"],"picked":"Shrug It Off+1","floor":10.0},{"not_picked":["Shockwave+1","Dark Embrace"],"picked":"Armaments+1","floor":11.0},{"not_picked":["Ghostly Armor+1","Feel No Pain"],"picked":"Fiend Fire","floor":12},{"not_picked":["Flex+1","Sever Soul"],"picked":"Uppercut","floor":13},{"not_picked":["Twin Strike","Thunderclap"],"picked":"Shrug It Off+1","floor":14},{"not_picked":["Berserk","Limit Break+1"],"picked":"Corruption","floor":16},{"not_picked":["Entrench+1","Anger","Rage+1"],"picked":"SKIP","floor":18},{"not_picked":["Burning Pact+1","Sever Soul"],"picked":"Carnage","floor":20},{"not_picked":["True Grit+1","Rage+1"],"picked":"Carnage","floor":24},{"not_picked":["Thunderclap","Combust"],"picked":"Bloodletting+1","floor":28},{"not_picked":["Uppercut","Entrench+1"],"picked":"Rampage+1","floor":29},{"not_picked":["Body Slam","Heavy Blade"],"picked":"Cleave+1","floor":30},{"not_picked":["Clothesline","Sever Soul"],"picked":"Pommel Strike+1","floor":31},{"not_picked":["Fiend Fire","Corruption"],"picked":"Reaper","floor":33},{"not_picked":["Burning Pact+1"],"picked":"SKIP","floor":35},{"not_picked":[],"picked":"Power Through+1","floor":36},{"not_picked":[],"picked":"Heavy Blade+1","floor":38},{"not_picked":["Rampage"],"picked":"SKIP","floor":39},{"not_picked":[],"picked":"True Grit+1","floor":41},{"not_picked":[],"picked":"Heavy Blade+1","floor":42},{"not_picked":[],"picked":"Seeing Red+1","floor":44},{"not_picked":["Iron Wave+1"],"picked":"SKIP","floor":47},{"not_picked":[],"picked":"Dramatic Entrance","floor":48}],"player_experience":8363,"relics_obtained":[{"floor":5.0,"key":"Toxic Egg 2"},{"floor":7.0,"key":"Peace Pipe"},{"floor":9.0,"key":"FossilizedHelix"},{"floor":12,"key":"Toy Ornithopter"},{"floor":19,"key":"Enchiridion"},{"floor":24,"key":"Red Skull"},{"floor":25,"key":"Red Mask"},{"floor":26,"key":"Regal Pillow"},{"floor":29,"key":"InkBottle"},{"floor":38,"key":"Ginger"},{"floor":42,"key":"Girya"},{"floor":43,"key":"Meat on the Bone"},{"floor":44,"key":"Whetstone"}],"event_choices":[{"damage_healed":0.0,"max_hp_gain":0.0,"max_hp_loss":0.0,"gold_gain":0.0,"event_name":"Scrap Ooze","player_choice":"Success","floor":2.0,"gold_loss":0.0,"damage_taken":7.0,"relics_obtained":["CaptainsWheel"]},{"damage_healed":0.0,"max_hp_gain":0.0,"max_hp_loss":0.0,"gold_gain":0.0,"event_name":"Golden Wing","player_choice":"Ignored","floor":3.0,"gold_loss":0.0,"damage_taken":0.0},{"damage_healed":0,"gold_gain":0,"player_choice":"Obtained Book","damage_taken":16,"max_hp_gain":0,"max_hp_loss":0,"event_name":"Cursed Tome","floor":19,"gold_loss":0},{"damage_healed":0,"gold_gain":0,"player_choice":"Opened","damage_taken":0,"relics_obtained":["Centennial Puzzle"],"max_hp_gain":0,"max_hp_loss":0,"event_name":"The Mausoleum","floor":21,"gold_loss":0},{"damage_healed":0,"gold_gain":0,"player_choice":"Simplicity","damage_taken":0,"max_hp_gain":0,"max_hp_loss":0,"event_name":"Back to Basics","floor":23,"gold_loss":0,"cards_upgraded":["Strike_R","Strike_R","Strike_R","Strike_R","Strike_R","Defend_R","Defend_R"]},{"damage_healed":0,"gold_gain":0,"player_choice":"Fought Bandits","damage_taken":0,"max_hp_gain":0,"max_hp_loss":0,"event_name":"Masked Bandits","floor":25,"gold_loss":0},{"damage_healed":0,"gold_gain":0,"player_choice":"Fight","damage_taken":0,"max_hp_gain":0,"max_hp_loss":0,"event_name":"MindBloom","floor":38,"gold_loss":0},{"damage_healed":0,"gold_gain":0,"player_choice":"Fight","damage_taken":0,"max_hp_gain":0,"max_hp_loss":0,"event_name":"Mysterious Sphere","floor":42,"gold_loss":0},{"damage_healed":0,"gold_gain":222,"player_choice":"Wore Mask","damage_taken":0,"max_hp_gain":0,"max_hp_loss":0,"event_name":"Tomb of Lord Red Mask","floor":46,"gold_loss":0},{"damage_healed":0,"gold_gain":0,"player_choice":"Memory 1","damage_taken":0,"max_hp_gain":0,"max_hp_loss":0,"event_name":"SensoryStone","floor":48,"gold_loss":0}],"is_beta":false,"boss_relics":[{"not_picked":["Snecko Eye","Astrolabe"],"picked":"Mark of Pain"},{"not_picked":["Runic Pyramid","Tiny House"],"picked":"Busted Crown"}],"items_purged_floors":[],"is_endless":false,"potions_floor_spawned":[4,12,14,16,20,24,29,30,33,38,41,44],"ascension_level":0}}