{"host":"zig6x0mxqzam82fb","time":1609054860,"event":{"mods":["BaseMod","Block Reminder","Colored Map","Colored Powertips","Minty Spire (QoL Compilation)","Relic Stats","StSLib","The Marked"],"gold_per_floor":[119,119,119,119,44,73,19,19,46,63,63,92,113,129,129,231,231,245,40,40,54,0,0,32,32,55,88,12,12,12],"floor_reached":29,"playtime":1995,"items_purged":["theMarked:Defend"],"score":278,"play_id":"7abe8429-0ef7-4c80-b43c-9f894013ed9b","local_time":"20201227024100","is_ascension_mode":true,"campfire_choices":[{"floor":8,"key":"REST"},{"data":"theMarked:Opportunist","floor":15,"key":"SMITH"},{"floor":23,"key":"REST"},{"floor":25,"key":"REST"}],"circlet_count":0,"master_deck":["theMarked:Strike","theMarked:Strike","theMarked:Strike","theMarked:Strike","theMarked:Strike","theMarked:Defend","theMarked:Defend","theMarked:Defend","theMarked:SoldierOfQuellstein+1","theMarked:ChainLightning","theMarked:DispelDoubt","theMarked:WardOff","theMarked:WardOff","theMarked:Opportunist+1","theMarked:ReduceFriction","theMarked:Static","theMarked:EternalStudent","theMarked:EmpowerWeapon+1","Apotheosis","theMarked:WardOff","theMarked:TwofoldDefense","theMarked:RogueSparks+1","Shame","theMarked:Overthink","theMarked:HeritageOfTheMarked"],"relics":["Runic Pyramid","Pantograph","Prayer Wheel","Orichalcum","InkBottle","Odd Mushroom","Cursed Key","Darkstone Periapt","Anchor","Potion Belt"],"acts_visited":["Exordium","TheCity"],"potions_floor_usage":[6,12,16,16,16,24,29],"damage_taken":[{"damage":6,"enemies":"Jaw Worm","floor":1,"turns":3},{"damage":18,"enemies":"3 Sentries","floor":6,"turns":5},{"damage":5,"enemies":"Small Slimes","floor":10,"turns":3},{"damage":10,"enemies":"Gremlin Nob","floor":12,"turns":3},{"damage":0,"enemies":"The Mushroom Lair","floor":13,"turns":4},{"damage":0,"enemies":"Cultist","floor":14,"turns":3},{"damage":38,"enemies":"Slime Boss","floor":16,"turns":16},{"damage":14,"enemies":"2 Thieves","floor":18,"turns":4},{"damage":5,"enemies":"Spheric Guardian","floor":21,"turns":5},{"damage":35,"enemies":"Gremlin Leader","floor":24,"turns":5},{"damage":48,"enemies":"Slavers","floor":27,"turns":5},{"damage":12,"enemies":"3 Cultists","floor":29,"turns":3}],"seed_played":"4213188425570730164","potions_obtained":[{"floor":1,"key":"PowerPotion"},{"floor":4,"key":"Dexterity Potion"},{"floor":4,"key":"Strength Potion"},{"floor":10,"key":"SneckoOil"},{"floor":13,"key":"Energy Potion"},{"floor":21,"key":"AttackPotion"},{"floor":27,"key":"Swift Potion"}],"is_trial":false,"path_per_floor":["M","?","?","?","$","E","$","R","T","M","?","E","?","M","R","B",null,"M","$","?","M","?","R","E","R","T","E","$","M"],"character_chosen":"THE_DEFAULT","items_purchased":["theMarked:WardOff","Apotheosis","theMarked:WardOff","theMarked:HeritageOfTheMarked"],"campfire_rested":3,"item_purchase_floors":[7,19,19,28],"current_hp_per_floor":[64,64,52,52,52,34,34,55,55,50,70,60,60,60,60,32,70,56,56,43,38,38,60,25,47,53,5,5,0,0],"gold":12,"neow_bonus":"BOSS_RELIC","is_daily":false,"chose_seed":false,"campfire_upgraded":1,"win_rate":0.0,"timestamp":1609054860,"path_taken":["M","?","?","?","$","E","$","R","T","?","?","E","?","M","R","BOSS","M","$","?","M","?","R","E","R","T","E","?","M"],"items_purchased_type":["Card","Card","Card","Card"],"build_version":"2020-12-22","purchased_purges":1,"victory":false,"max_hp_per_floor":[70,70,70,70,70,70,70,70,70,70,70,70,70,70,70,70,70,70,70,75,75,75,75,75,75,81,81,81,81,81],"relic_stats":{"Darkstone Periapt":6,"counters":[12,59],"Pantograph":10,"Prayer Wheel":4,"Orichalcum":[66],"Cursed Key":1,"obtain_stats":[{"Darkstone Periapt":24,"Potion Belt":27,"theMarked:ArtifactOfAir":0,"Anchor":26,"Pantograph":3,"Prayer Wheel":6,"Orichalcum":9,"Odd Mushroom":13,"Cursed Key":17,"InkBottle":12,"Runic Pyramid":0},{"Darkstone Periapt":10,"Potion Belt":11,"theMarked:ArtifactOfAir":0,"Anchor":10,"Pantograph":1,"Prayer Wheel":2,"Orichalcum":2,"Odd Mushroom":5,"Cursed Key":7,"InkBottle":4,"Runic Pyramid":0},{"Darkstone Periapt":51,"Potion Belt":56,"theMarked:ArtifactOfAir":0,"Anchor":51,"Pantograph":3,"Prayer Wheel":8,"Orichalcum":8,"Odd Mushroom":18,"Cursed Key":37,"InkBottle":14,"Runic Pyramid":0}],"InkBottle":[14]},"card_choices":[{"not_picked":["theMarked:BanishingWave","theMarked:Static"],"picked":"theMarked:ChainLightning","floor":1},{"not_picked":["theMarked:Aftermath","theMarked:WardOff"],"picked":"theMarked:DispelDoubt","floor":6},{"not_picked":["theMarked:ElectricStrings","theMarked:DeterminationOfTheMarked"],"picked":"theMarked:WardOff","floor":10},{"not_picked":["theMarked:Reabsorb","theMarked:Parkour","theMarked:ElectricStrings"],"picked":"SKIP","floor":10},{"not_picked":["theMarked:Generate","theMarked:Electrify"],"picked":"theMarked:Opportunist","floor":12},{"not_picked":["theMarked:TakeCover","theMarked:EmpowerWeapon"],"picked":"theMarked:ReduceFriction","floor":13},{"not_picked":["theMarked:RepellingDischarge","theMarked:ElectricStrings"],"picked":"theMarked:Static","floor":14},{"not_picked":["theMarked:Static","theMarked:CreepingChasm","theMarked:Overcharge"],"picked":"SKIP","floor":14},{"not_picked":["theMarked:Challenge","theMarked:Levitate"],"picked":"theMarked:EternalStudent","floor":16},{"not_picked":["theMarked:EnhanceMovement","theMarked:ChainLightning+1"],"picked":"theMarked:EmpowerWeapon+1","floor":18},{"not_picked":["theMarked:WastefulAttack","theMarked:Overthink","theMarked:Static"],"picked":"SKIP","floor":18},{"not_picked":["theMarked:Aftermath","theMarked:Polarize+1"],"picked":"theMarked:TwofoldDefense","floor":21},{"not_picked":["theMarked:Static+1","theMarked:Aftermath","theMarked:Frustration+1"],"picked":"SKIP","floor":21},{"not_picked":["theMarked:ChainLightning+1","theMarked:DispelDoubt"],"picked":"theMarked:RogueSparks+1","floor":24},{"not_picked":["theMarked:SelfDefenseTraining","theMarked:RepellingDischarge+1"],"picked":"theMarked:Overthink","floor":27}],"player_experience":353733,"relics_obtained":[{"floor":6,"key":"Prayer Wheel"},{"floor":9,"key":"Orichalcum"},{"floor":12,"key":"InkBottle"},{"floor":13,"key":"Odd Mushroom"},{"floor":24,"key":"Darkstone Periapt"},{"floor":26,"key":"Anchor"},{"floor":27,"key":"Potion Belt"}],"event_choices":[{"damage_healed":0,"gold_gain":0,"player_choice":"Grow","damage_taken":0,"max_hp_gain":0,"max_hp_loss":0,"event_name":"Living Wall","floor":2,"gold_loss":0,"cards_upgraded":["theMarked:SoldierOfQuellstein"]},{"damage_healed":0,"gold_gain":0,"player_choice":"Success","damage_taken":12,"relics_obtained":["Pantograph"],"max_hp_gain":0,"max_hp_loss":0,"event_name":"Scrap Ooze","floor":3,"gold_loss":0},{"damage_healed":0,"gold_gain":0,"player_choice":"Got Potions","damage_taken":0,"max_hp_gain":0,"max_hp_loss":0,"event_name":"Lab","floor":4,"gold_loss":0},{"damage_healed":23,"gold_gain":0,"player_choice":"Banana","damage_taken":0,"max_hp_gain":0,"max_hp_loss":0,"event_name":"Big Fish","floor":11,"gold_loss":0},{"damage_healed":0,"gold_gain":0,"player_choice":"Fought Mushrooms","damage_taken":0,"max_hp_gain":0,"max_hp_loss":0,"event_name":"Mushrooms","floor":13,"gold_loss":0},{"damage_healed":0,"gold_gain":0,"player_choice":"Shed Blood","damage_taken":18,"max_hp_gain":5,"max_hp_loss":0,"event_name":"Forgotten Altar","floor":20,"gold_loss":0},{"damage_healed":0,"gold_gain":0,"player_choice":"Paid Fearfully","damage_taken":0,"max_hp_gain":0,"max_hp_loss":0,"event_name":"Masked Bandits","floor":22,"gold_loss":54}],"is_beta":false,"boss_relics":[{"not_picked":["SacredBark","Busted Crown"],"picked":"Cursed Key"}],"items_purged_floors":[5],"is_endless":false,"potions_floor_spawned":[1,10,13,14,21,27],"killed_by":"3 Cultists","ascension_level":1}}