{"host":"id956379ct737z9h","time":1609040235,"event":{"mods":["2.2 Compatiblity","BaseMod","Bestiary","Block Reminder","Colored Map","Colored Powertips","Hermit","Minty Spire (QoL Compilation)","Quick Restart","Rare Cards Sparkle","Relic Stats","StSLib","UnlockEverythingMod","everything is the same but u backflip on backflip"],"gold_per_floor":[111,76,96,107,118,118,130,140,140,157,71,88,88,120,120,215,215,230,230,245,245,13,13,13,13],"floor_reached":24,"playtime":4208,"items_purged":["Strike_R"],"score":232,"play_id":"5a9fe3bc-3d63-4630-bfd4-2bdcef835523","local_time":"20201226223715","is_ascension_mode":true,"campfire_choices":[{"data":"True Grit","floor":6.0,"key":"SMITH"},{"floor":13.0,"key":"REST"},{"floor":15.0,"key":"REST"},{"floor":23,"key":"REST"}],"circlet_count":0,"master_deck":["Strike_R","Strike_R","Strike_R","Strike_R","Defend_R","Defend_R","Defend_R","Defend_R","Bash","Body Slam","Twin Strike","True Grit+1","Pommel Strike","Iron Wave","Juggernaut","Disarm","Barricade","Shrug It Off","Shrug It Off"],"relics":["Runic Cube","Matryoshka","Bronze Scales","Potion Belt","Mark of Pain"],"acts_visited":["Exordium","TheCity"],"potions_floor_usage":[21,24,24],"damage_taken":[{"damage":9.0,"enemies":"Jaw Worm","floor":1.0,"turns":5.0},{"damage":9.0,"enemies":"2 Louse","floor":3.0,"turns":3.0},{"damage":1.0,"enemies":"Cultist","floor":4.0,"turns":3.0},{"damage":1.0,"enemies":"2 Fungi Beasts","floor":5.0,"turns":3.0},{"damage":15.0,"enemies":"Exordium Thugs","floor":7.0,"turns":5.0},{"damage":9.0,"enemies":"Red Slaver","floor":8.0,"turns":3.0},{"damage":1.0,"enemies":"Looter","floor":10.0,"turns":4.0},{"damage":11.0,"enemies":"Gremlin Gang","floor":12.0,"turns":5.0},{"damage":24.0,"enemies":"Gremlin Nob","floor":14.0,"turns":4.0},{"damage":36.0,"enemies":"The Guardian","floor":16.0,"turns":12.0},{"damage":40,"enemies":"Spheric Guardian","floor":18,"turns":6},{"damage":29,"enemies":"2 Thieves","floor":20,"turns":4},{"damage":49,"enemies":"Sentry and Sphere","floor":21,"turns":6},{"damage":38,"enemies":"Gremlin Leader","floor":24,"turns":8}],"seed_played":"-6593750885814791924","potions_obtained":[{"floor":4.0,"key":"DuplicationPotion"},{"floor":5.0,"key":"Weak Potion"},{"floor":12.0,"key":"SmokeBomb"}],"is_trial":false,"path_per_floor":["M","?","M","M","M","R","M","M","T","M","?","M","R","E","R","B",null,"M","?","M","M","$","R","E"],"character_chosen":"IRONCLAD","items_purchased":["DistilledChaos","GamblersBrew"],"campfire_rested":3,"item_purchase_floors":[22,22],"current_hp_per_floor":[71,80,71,70,69,69,54,45,45,44,44,33,57,33,57,21,80,40,80,51,2,2,26,0,0],"gold":13,"neow_bonus":"BOSS_RELIC","is_daily":false,"chose_seed":false,"campfire_upgraded":1,"win_rate":0.0,"timestamp":1609040235,"path_taken":["M","?","M","M","M","R","M","M","T","M","?","?","R","E","R","BOSS","M","?","M","M","$","R","E"],"items_purchased_type":["Potion","Potion"],"build_version":"2020-12-22","purchased_purges":1,"victory":false,"max_hp_per_floor":[80,80,80,80,80,80,80,80,80,80,80,80,80,80,80,80,80,80,80,80,80,80,80,80,80],"relic_stats":{"counters":[14,71],"Bronze Scales":[143],"obtain_stats":[{"Potion Belt":14,"Matryoshka":9,"Bronze Scales":11,"Mark of Pain":17,"Burning Blood":0,"Runic Cube":0},{"Potion Belt":9,"Matryoshka":6,"Bronze Scales":7,"Mark of Pain":10,"Burning Blood":0,"Runic Cube":0},{"Potion Belt":35,"Matryoshka":22,"Bronze Scales":26,"Mark of Pain":47,"Burning Blood":0,"Runic Cube":0}],"Runic Cube":[42]},"card_choices":[{"not_picked":["Armaments","Warcry"],"picked":"Body Slam","floor":1.0},{"not_picked":["Headbutt","Sever Soul"],"picked":"Twin Strike","floor":3.0},{"not_picked":["Flex","Perfected Strike","Body Slam"],"picked":"SKIP","floor":4.0},{"not_picked":["Thunderclap","Clash"],"picked":"True Grit","floor":5.0},{"not_picked":["True Grit","Reckless Charge"],"picked":"Pommel Strike","floor":7.0},{"not_picked":["Clash","Heavy Blade"],"picked":"Iron Wave","floor":8.0},{"not_picked":["Heavy Blade","Sever Soul"],"picked":"Juggernaut","floor":10.0},{"not_picked":["Twin Strike","Sever Soul","Heavy Blade"],"picked":"SKIP","floor":12.0},{"not_picked":["Sword Boomerang","True Grit"],"picked":"Disarm","floor":14.0},{"not_picked":["Fiend Fire","Reaper"],"picked":"Barricade","floor":16.0},{"not_picked":["Clothesline","Cleave"],"picked":"Shrug It Off","floor":18},{"not_picked":["Infernal Blade","Fire Breathing"],"picked":"Shrug It Off","floor":20}],"player_experience":6215,"relics_obtained":[{"floor":9.0,"key":"Matryoshka"},{"floor":14.0,"key":"Potion Belt"}],"event_choices":[{"damage_healed":20.0,"max_hp_gain":0.0,"max_hp_loss":0.0,"gold_gain":0.0,"event_name":"The Cleric","player_choice":"Healed","floor":2.0,"gold_loss":35.0,"damage_taken":0.0},{"damage_healed":0.0,"max_hp_gain":0.0,"max_hp_loss":0.0,"gold_gain":0.0,"event_name":"WeMeetAgain","player_choice":"Paid Gold","floor":11.0,"gold_loss":86.0,"damage_taken":0.0,"relics_obtained":["Bronze Scales"]},{"damage_healed":40,"gold_gain":0,"player_choice":"Full Heal","damage_taken":0,"max_hp_gain":0,"max_hp_loss":0,"event_name":"Wheel of Change","floor":19,"gold_loss":0}],"is_beta":false,"boss_relics":[{"not_picked":["Calling Bell","SlaversCollar"],"picked":"Mark of Pain"}],"items_purged_floors":[22],"is_endless":false,"potions_floor_spawned":[4,5,12,21],"killed_by":"Gremlin Leader","ascension_level":3}}