{"host":"7pe9xwx78c6nlay8","time":1609097315,"event":{"mods":["BaseMod","Minty Spire (QoL Compilation)"],"gold_per_floor":[118,118,130,130,143,171,136,164,164,177,177,177,202,216,216,216,216],"floor_reached":16,"playtime":648,"items_purged":[],"score":204,"play_id":"c231060b-c306-4ddf-bf56-21b760a38522","local_time":"20201228032835","is_ascension_mode":true,"campfire_choices":[{"floor":12,"key":"REST"},{"data":"CutThroughFate","floor":15,"key":"SMITH"}],"circlet_count":0,"master_deck":["AscendersBane","Strike_P","Strike_P","Strike_P","Strike_P","Defend_P","Defend_P","Defend_P","Eruption+1","Vigilance","CutThroughFate+1","Perseverance","Protect"],"relics":["PureWater","Incense Burner","Centennial Puzzle","Singing Bowl","Tiny Chest","Regal Pillow","Bottled Lightning"],"acts_visited":["Exordium"],"potions_floor_usage":[8,16],"damage_taken":[{"damage":10.0,"enemies":"Small Slimes","floor":1.0,"turns":6.0},{"damage":0.0,"enemies":"2 Louse","floor":3.0,"turns":2.0},{"damage":0.0,"enemies":"Jaw Worm","floor":5.0,"turns":2.0},{"damage":18.0,"enemies":"Lagavulin","floor":6.0,"turns":9.0},{"damage":5,"enemies":"Gremlin Nob","floor":8,"turns":3},{"damage":14,"enemies":"Lots of Slimes","floor":10,"turns":10},{"damage":3,"enemies":"Lagavulin","floor":13,"turns":7},{"damage":2,"enemies":"Exordium Wildlife","floor":14,"turns":4},{"damage":53,"enemies":"The Guardian","floor":16,"turns":8}],"seed_played":"-3549745810778056907","potions_obtained":[{"floor":3.0,"key":"DistilledChaos"},{"floor":6.0,"key":"DistilledChaos"},{"floor":13,"key":"Swift Potion"}],"is_trial":false,"path_per_floor":["M","?","M","?","M","E","?","E","T","M","?","R","E","M","R","B"],"character_chosen":"WATCHER","items_purchased":[],"campfire_rested":1,"item_purchase_floors":[],"current_hp_per_floor":[33,30,30,30,30,14,31,28,28,16,9,46,45,45,45,0,0],"gold":216,"neow_bonus":"ONE_RARE_RELIC","is_daily":false,"chose_seed":false,"campfire_upgraded":1,"win_rate":0.0,"timestamp":1609097315,"path_taken":["M","?","M","?","M","E","?","E","T","M","?","R","E","M","R","BOSS"],"items_purchased_type":[],"build_version":"2020-12-22","purchased_purges":0,"victory":false,"max_hp_per_floor":[68,68,68,68,68,70,70,72,72,74,74,74,76,78,78,78,78],"card_choices":[{"not_picked":["ThirdEye","Prostrate"],"picked":"CutThroughFate","floor":1.0},{"not_picked":["CrushJoints","CarveReality"],"picked":"Perseverance","floor":3.0},{"not_picked":["ClearTheMind","WreathOfFlame"],"picked":"Protect","floor":5.0},{"not_picked":["Fasting2","Prostrate","Conclude"],"picked":"Singing Bowl","floor":6.0},{"not_picked":["ThirdEye","Adaptation","LikeWater"],"picked":"Singing Bowl","floor":8},{"not_picked":["Halt","FlurryOfBlows","FlyingSleeves"],"picked":"Singing Bowl","floor":10},{"not_picked":["FollowUp","InnerPeace","FlyingSleeves"],"picked":"Singing Bowl","floor":13},{"not_picked":["ClearTheMind","Fasting2","Vengeance"],"picked":"Singing Bowl","floor":14}],"player_experience":1571220,"relics_obtained":[{"floor":6.0,"key":"Singing Bowl"},{"floor":8,"key":"Tiny Chest"},{"floor":9,"key":"Regal Pillow"},{"floor":13,"key":"Bottled Lightning"}],"event_choices":[{"damage_healed":0.0,"max_hp_gain":0.0,"max_hp_loss":0.0,"gold_gain":0.0,"event_name":"Scrap Ooze","player_choice":"Success","floor":2.0,"gold_loss":0.0,"damage_taken":3.0,"relics_obtained":["Centennial Puzzle"]},{"damage_healed":0.0,"max_hp_gain":0.0,"max_hp_loss":0.0,"gold_gain":0.0,"event_name":"Living Wall","player_choice":"Grow","floor":4.0,"gold_loss":0.0,"damage_taken":0.0,"cards_upgraded":["Eruption"]},{"damage_healed":17.0,"max_hp_gain":0.0,"max_hp_loss":0.0,"gold_gain":0.0,"event_name":"The Cleric","player_choice":"Healed","floor":7.0,"gold_loss":35.0,"damage_taken":0.0},{"cards_removed":["Defend_P"],"damage_healed":0,"gold_gain":0,"player_choice":"Card Removal","damage_taken":7,"max_hp_gain":0,"max_hp_loss":0,"event_name":"Golden Wing","floor":11,"gold_loss":0}],"is_beta":false,"boss_relics":[],"items_purged_floors":[],"is_endless":false,"potions_floor_spawned":[3,6,13],"killed_by":"The Guardian","ascension_level":14}}