{"host":"30jsp143e4v19aze","time":1609100545,"event":{"mods":["BaseMod","Colored Map","Colored Powertips","Curses Come First","DeckTracker","Highlight Path","Minty Spire (QoL Compilation)","Quick Restart","Relic Stats","StSLib","everything is the same but u backflip on backflip","slay the spire mod where everything is the same but ironclad has a cowboy hat"],"gold_per_floor":[115,46,121,131,145,180,200,200,225,252,265,296,308,334,334,334,334],"floor_reached":16,"playtime":598,"items_purged":[],"score":218,"play_id":"b64f4bc1-6472-4c99-be85-fd925533e705","local_time":"20201227212225","is_ascension_mode":true,"campfire_choices":[{"floor":8,"key":"REST"},{"data":"1","floor":15,"key":"LIFT"}],"circlet_count":0,"master_deck":["AscendersBane","Strike_B","Strike_B","Strike_B","Strike_B","Defend_B","Defend_B","Defend_B","Defend_B","Zap","Dualcast","Reinforced Body","Glacier","Gash","Chaos","Beam Cell","Sweeping Beam","Ball Lightning","Reinforced Body","Electrodynamics"],"relics":["Cracked Core","NeowsBlessing","Happy Flower","PreservedInsect","Toy Ornithopter","Strawberry","Girya"],"acts_visited":["Exordium"],"potions_floor_usage":[12,13,16],"damage_taken":[{"damage":0,"enemies":"2 Louse","floor":1,"turns":1},{"damage":0,"enemies":"Cultist","floor":4,"turns":1},{"damage":0,"enemies":"Jaw Worm","floor":5,"turns":1},{"damage":37,"enemies":"Lagavulin","floor":6,"turns":8},{"damage":12,"enemies":"3 Louse","floor":7,"turns":4},{"damage":15,"enemies":"Gremlin Nob","floor":10,"turns":4},{"damage":1,"enemies":"Looter","floor":11,"turns":4},{"damage":1,"enemies":"3 Sentries","floor":12,"turns":6},{"damage":8,"enemies":"Exordium Wildlife","floor":13,"turns":4},{"damage":12,"enemies":"Gremlin Nob","floor":14,"turns":4},{"damage":16,"enemies":"Hexaghost","floor":16,"turns":9}],"seed_played":"-419951454309779520","potions_obtained":[{"floor":5,"key":"DistilledChaos"},{"floor":6,"key":"Fire Potion"},{"floor":14,"key":"FearPotion"}],"is_trial":false,"path_per_floor":["M","$","?","M","M","E","M","R","T","E","M","E","M","E","R","B"],"character_chosen":"DEFECT","items_purchased":["Glacier"],"campfire_rested":1,"item_purchase_floors":[2],"current_hp_per_floor":[68,68,57,57,57,20,8,30,30,15,14,25,22,10,10,0,0],"gold":334,"neow_bonus":"THREE_ENEMY_KILL","is_daily":false,"chose_seed":false,"campfire_upgraded":0,"win_rate":0.0,"timestamp":1609100545,"path_taken":["M","$","?","M","M","E","M","R","T","E","M","E","M","E","R","BOSS"],"items_purchased_type":["Card"],"build_version":"2020-12-22","purchased_purges":0,"victory":false,"max_hp_per_floor":[75,75,75,75,75,75,75,75,75,75,75,82,82,82,82,82,82],"relic_stats":{"Happy Flower":[11],"counters":[11,46],"PreservedInsect":79,"obtain_stats":[{"Girya":14,"NeowsBlessing":0,"Happy Flower":6,"Strawberry":12,"PreservedInsect":9,"Cracked Core":0,"Toy Ornithopter":10},{"Girya":10,"NeowsBlessing":0,"Happy Flower":4,"Strawberry":8,"PreservedInsect":5,"Cracked Core":0,"Toy Ornithopter":6},{"Girya":37,"NeowsBlessing":0,"Happy Flower":11,"Strawberry":29,"PreservedInsect":15,"Cracked Core":0,"Toy Ornithopter":19}],"Toy Ornithopter":15},"card_choices":[{"not_picked":["Steam","Consume"],"picked":"Reinforced Body","floor":1},{"not_picked":["Undo","Redo"],"picked":"Gash","floor":4},{"not_picked":["Redo","Conserve Battery"],"picked":"Chaos","floor":5},{"not_picked":["FTL","Reinforced Body"],"picked":"Beam Cell","floor":6},{"not_picked":["Streamline","Loop","Redo"],"picked":"SKIP","floor":7},{"not_picked":["Storm","Stack"],"picked":"Sweeping Beam","floor":10},{"not_picked":["Compile Driver","Beam Cell","Rebound"],"picked":"SKIP","floor":11},{"not_picked":["Rebound","Scrape"],"picked":"Ball Lightning","floor":12},{"not_picked":["Double Energy","Turbo"],"picked":"Reinforced Body","floor":13},{"not_picked":["Leap","Creative AI"],"picked":"Electrodynamics","floor":14}],"player_experience":3275823,"relics_obtained":[{"floor":6,"key":"Happy Flower"},{"floor":9,"key":"PreservedInsect"},{"floor":10,"key":"Toy Ornithopter"},{"floor":12,"key":"Strawberry"},{"floor":14,"key":"Girya"}],"event_choices":[{"damage_healed":0,"gold_gain":75,"player_choice":"Gather Gold","damage_taken":11,"max_hp_gain":0,"max_hp_loss":0,"event_name":"World of Goop","floor":3,"gold_loss":0}],"is_beta":false,"boss_relics":[],"items_purged_floors":[],"is_endless":false,"potions_floor_spawned":[5,6,7,14],"killed_by":"Hexaghost","ascension_level":13}}