{"host":"873t0y8ybyo38pfq","time":1609080245,"event":{"mods":["BaseMod","Bestiary","Colored Map","Colored Powertips","Highlight Path","Minty Spire (QoL Compilation)","Quick Restart","RNG Fix","Rare Cards Sparkle","Relic Stats","StSLib"],"gold_per_floor":[364,439,439,458,608,608,659,673,744,744,476,493,493,41,41,118,118,137,62,79,40,55,75,75,75,98,110,110],"floor_reached":27,"playtime":1439,"items_purged":["Doubt","Strike_G"],"score":402,"play_id":"f36bbf32-aeee-4d66-afe2-d0723db0c011","local_time":"20201227094405","is_ascension_mode":true,"campfire_choices":[{"floor":6,"key":"REST"},{"floor":10,"key":"REST"},{"data":"Footwork","floor":13,"key":"SMITH"},{"data":"Deadly Poison","floor":15,"key":"SMITH"},{"floor":24,"key":"REST"}],"circlet_count":0,"master_deck":["AscendersBane","Survivor","Neutralize","Quick Slash","Footwork+1","Skewer","Deadly Poison+1","Outmaneuver","Leg Sweep","Backflip","Secret Technique","Envenom","Terror","A Thousand Cuts","Calculated Gamble","Adrenaline","Well Laid Plans","Dash","Deadly Poison","Unload","Poisoned Stab+1","Adrenaline","Slice"],"relics":["Ring of the Snake","White Beast Statue","Orichalcum","Membership Card","Snake Skull","Pandora\u0027s Box","MawBank"],"acts_visited":["Exordium","TheCity"],"potions_floor_usage":[16,20,23,27],"damage_taken":[{"damage":4,"enemies":"Cultist","floor":1,"turns":5},{"damage":0,"enemies":"2 Louse","floor":4,"turns":5},{"damage":0,"enemies":"Jaw Worm","floor":8,"turns":6},{"damage":4,"enemies":"Looter","floor":12,"turns":5},{"damage":23,"enemies":"Hexaghost","floor":16,"turns":14},{"damage":11,"enemies":"Shell Parasite","floor":18,"turns":5},{"damage":6,"enemies":"Chosen","floor":20,"turns":3},{"damage":23,"enemies":"Shelled Parasite and Fungi","floor":22,"turns":7},{"damage":21,"enemies":"Centurion and Healer","floor":23,"turns":6},{"damage":51,"enemies":"Slavers","floor":27,"turns":4}],"seed_played":"-379176027208727424","potions_obtained":[{"floor":4,"key":"FearPotion"},{"floor":12,"key":"SteroidPotion"},{"floor":16,"key":"CunningPotion"},{"floor":20,"key":"SteroidPotion"},{"floor":22,"key":"FairyPotion"},{"floor":23,"key":"CultistPotion"}],"is_trial":false,"path_per_floor":["M","?","?","M","?","R","T","M","T","R","$","M","R","$","R","B",null,"M","?","M","$","M","M","R","?","T","E"],"character_chosen":"THE_SILENT","items_purchased":["Deadly Poison","Orichalcum","Membership Card","Snake Skull","Leg Sweep","Backflip","Secret Technique","Adrenaline"],"campfire_rested":3,"item_purchase_floors":[11,11,14,14,14,14,14,21],"current_hp_per_floor":[40,29,9,9,9,28,28,28,28,47,47,43,43,43,43,20,55,44,44,38,38,15,19,38,51,51,0,0],"gold":110,"neow_bonus":"TWO_FIFTY_GOLD","is_daily":false,"chose_seed":false,"campfire_upgraded":2,"win_rate":0.0,"timestamp":1609080245,"path_taken":["M","?","?","M","?","R","?","M","T","R","$","M","R","$","R","BOSS","M","?","M","?","M","?","R","?","T","E"],"items_purchased_type":["Card","Relic","Relic","Relic","Card","Card","Card","Card"],"build_version":"2020-12-22","purchased_purges":2,"victory":false,"max_hp_per_floor":[66,66,66,66,66,66,66,66,66,66,66,66,66,66,66,66,66,66,66,66,66,66,66,66,66,66,66,66],"relic_stats":{"counters":[10,60],"Pandora\u0027s Box":["Terror","Terror","A Thousand Cuts","Calculated Gamble","Adrenaline","Well Laid Plans","Dash","Deadly Poison","Unload"],"Snake Skull":[34],"Orichalcum":[96],"MawBank":12,"obtain_stats":[{"Pandora\u0027s Box":17,"Snake Skull":14,"Membership Card":14,"Orichalcum":11,"MawBank":26,"White Beast Statue":9,"Ring of the Snake":0},{"Pandora\u0027s Box":5,"Snake Skull":4,"Membership Card":4,"Orichalcum":3,"MawBank":9,"White Beast Statue":3,"Ring of the Snake":0},{"Pandora\u0027s Box":35,"Snake Skull":21,"Membership Card":21,"Orichalcum":16,"MawBank":56,"White Beast Statue":16,"Ring of the Snake":0}],"Ring of the Snake":[20]},"card_choices":[{"not_picked":["Dodge and Roll","Reflex"],"picked":"Quick Slash","floor":1},{"not_picked":["Dodge and Roll","Heel Hook"],"picked":"Footwork","floor":4},{"not_picked":["PiercingWail","Quick Slash"],"picked":"Skewer","floor":8},{"not_picked":["Caltrops","Dagger Spray"],"picked":"Outmaneuver","floor":12},{"not_picked":["Grand Finale","Storm of Steel"],"picked":"Envenom","floor":16},{"not_picked":["Blade Dance","Distraction"],"picked":"Poisoned Stab+1","floor":18},{"not_picked":["Poisoned Stab","Blade Dance","Deadly Poison"],"picked":"SKIP","floor":20},{"not_picked":["Finisher","Flechettes","Poisoned Stab"],"picked":"SKIP","floor":22},{"not_picked":["Poisoned Stab","Blade Dance"],"picked":"Slice","floor":23}],"player_experience":1367584,"relics_obtained":[{"floor":9,"key":"White Beast Statue"},{"floor":26,"key":"MawBank"}],"event_choices":[{"damage_healed":0,"gold_gain":75,"player_choice":"Gather Gold","damage_taken":11,"max_hp_gain":0,"max_hp_loss":0,"event_name":"World of Goop","floor":2,"gold_loss":0},{"damage_healed":0,"gold_gain":0,"player_choice":"Entered Light","damage_taken":20,"max_hp_gain":0,"max_hp_loss":0,"event_name":"Shining Light","floor":3,"gold_loss":0,"cards_upgraded":["Strike_G","Defend_G"]},{"damage_healed":0,"gold_gain":150,"player_choice":"AGREE","damage_taken":0,"max_hp_gain":0,"max_hp_loss":0,"event_name":"Liars Game","floor":5,"gold_loss":0,"cards_obtained":["Doubt"]},{"cards_removed":["Terror"],"damage_healed":0,"gold_gain":0,"player_choice":"Gave Gold","damage_taken":0,"max_hp_gain":0,"max_hp_loss":0,"event_name":"Beggar","floor":19,"gold_loss":75},{"damage_healed":13,"gold_gain":0,"player_choice":"Heal","damage_taken":0,"max_hp_gain":0,"max_hp_loss":0,"event_name":"The Library","floor":25,"gold_loss":0}],"is_beta":false,"boss_relics":[{"not_picked":["Cursed Key","Busted Crown"],"picked":"Pandora\u0027s Box"}],"items_purged_floors":[11,14],"is_endless":false,"potions_floor_spawned":[4,12,16,18,20,22,23],"killed_by":"Slavers","ascension_level":20}}