{"host":"baymyijz6sxaqj5s","time":1609069486,"event":{"mods":["AchievementEnabler","BaseMod","Colored Map","Colored Powertips","DeckTracker","KOR Keyword Fix","Keyboard Shortcuts","Minty Spire (QoL Compilation)","Quick Restart","StSLib","SuperFastMode"],"gold_per_floor":[111,111,130,142,69,69,87,113,113,91,91,103,132,149,149,249,249,264,211,211,200,45,45,64,64,64,75,75,75],"floor_reached":28,"playtime":1013,"items_purged":[],"score":242,"play_id":"e8507c04-27a5-4644-96d3-cab8a8ed1be4","local_time":"20201227204446","is_ascension_mode":true,"campfire_choices":[{"data":"Leg Sweep","floor":6,"key":"SMITH"},{"floor":11,"key":"REST"},{"floor":15,"key":"REST"},{"data":"Blur","floor":23,"key":"SMITH"},{"floor":25,"key":"REST"}],"circlet_count":0,"master_deck":["Strike_G","Strike_G","Strike_G","Strike_G","Defend_G","Defend_G","Defend_G","Defend_G","Defend_G","Survivor","Neutralize","Blur+1","Sucker Punch","Deadly Poison","Outmaneuver","Leg Sweep+1","Dash","A Thousand Cuts","Backflip","Bane","Terror","Corpse Explosion","After Image","Backflip","Catalyst","Deadly Poison+1","Poisoned Stab+1"],"relics":["Ring of the Snake","Odd Mushroom","Blue Candle","WingedGreaves","SacredBark","Snake Skull","Dream Catcher"],"acts_visited":["Exordium","TheCity"],"potions_floor_usage":[8,8,13,21,21,27],"damage_taken":[{"damage":0,"enemies":"Cultist","floor":1,"turns":5},{"damage":7,"enemies":"Jaw Worm","floor":3,"turns":5},{"damage":2,"enemies":"2 Louse","floor":4,"turns":4},{"damage":2,"enemies":"2 Fungi Beasts","floor":7,"turns":5},{"damage":25,"enemies":"The Mushroom Lair","floor":8,"turns":7},{"damage":4,"enemies":"Looter","floor":12,"turns":4},{"damage":31,"enemies":"3 Sentries","floor":13,"turns":8},{"damage":2,"enemies":"3 Louse","floor":14,"turns":7},{"damage":33,"enemies":"The Guardian","floor":16,"turns":12},{"damage":9,"enemies":"Chosen","floor":18,"turns":10},{"damage":3,"enemies":"2 Thieves","floor":21,"turns":4},{"damage":36,"enemies":"Centurion and Healer","floor":24,"turns":16},{"damage":49,"enemies":"Cultist and Chosen","floor":27,"turns":10},{"damage":14,"enemies":"Snecko","floor":28,"turns":3}],"seed_played":"3738146279919205318","potions_obtained":[{"floor":4,"key":"EssenceOfSteel"},{"floor":7,"key":"Dexterity Potion"},{"floor":8,"key":"LiquidBronze"},{"floor":14,"key":"FearPotion"},{"floor":16,"key":"SkillPotion"},{"floor":18,"key":"Fire Potion"},{"floor":24,"key":"AttackPotion"}],"is_trial":false,"path_per_floor":["M","?","M","M","$","R","M","?","T","$","R","M","E","M","R","B",null,"M","$","?","M","$","R","M","R","T","M","M"],"character_chosen":"THE_SILENT","items_purchased":["Leg Sweep","Backflip","Backflip","Snake Skull"],"campfire_rested":3,"item_purchase_floors":[5,10,19,22],"current_hp_per_floor":[77,77,70,68,68,68,66,41,41,41,64,60,29,27,50,17,77,68,68,68,65,65,65,29,52,52,3,0,0],"gold":75,"neow_bonus":"TEN_PERCENT_HP_BONUS","is_daily":false,"chose_seed":false,"campfire_upgraded":2,"win_rate":0.0,"timestamp":1609069486,"path_taken":["M","?","?","M","$","R","M","?","T","?","R","?","E","M","R","BOSS","M","$","?","M","$","R","M","R","T","M","M"],"items_purchased_type":["Card","Card","Card","Relic"],"build_version":"2020-12-22","purchased_purges":0,"victory":false,"max_hp_per_floor":[77,77,77,77,77,77,77,77,77,77,77,77,77,77,77,77,77,77,77,77,77,77,77,77,77,77,77,77,77],"card_choices":[{"not_picked":["Bane","Distraction"],"picked":"Blur","floor":1},{"not_picked":["Flying Knee","Underhanded Strike"],"picked":"Deadly Poison","floor":3},{"not_picked":["Dagger Spray","Slice"],"picked":"Outmaneuver","floor":4},{"not_picked":["Dagger Throw","Cloak And Dagger"],"picked":"Dash","floor":7},{"not_picked":["Quick Slash","Acrobatics"],"picked":"A Thousand Cuts","floor":8},{"not_picked":["Underhanded Strike","Sucker Punch"],"picked":"Bane","floor":12},{"not_picked":["Endless Agony","Dagger Throw"],"picked":"Terror","floor":13},{"not_picked":["Expertise","Prepared"],"picked":"Corpse Explosion","floor":14},{"not_picked":["Die Die Die","Storm of Steel"],"picked":"After Image","floor":16},{"not_picked":["Flechettes","Finisher","Sucker Punch"],"picked":"SKIP","floor":18},{"not_picked":["Riddle With Holes+1","Cloak And Dagger+1"],"picked":"Deadly Poison+1","floor":21},{"not_picked":["Terror","Distraction+1","Dagger Throw"],"picked":"SKIP","floor":24},{"not_picked":["Backflip","Outmaneuver"],"picked":"Poisoned Stab+1","floor":27}],"player_experience":267700,"relics_obtained":[{"floor":8,"key":"Odd Mushroom"},{"floor":9,"key":"Blue Candle"},{"floor":13,"key":"WingedGreaves"},{"floor":26,"key":"Dream Catcher"}],"event_choices":[{"damage_healed":0,"gold_gain":0,"cards_transformed":["Strike_G"],"player_choice":"Transformed","damage_taken":0,"max_hp_gain":0,"max_hp_loss":0,"event_name":"Transmorgrifier","floor":2,"gold_loss":0,"cards_obtained":["Sucker Punch"]},{"damage_healed":0,"gold_gain":0,"player_choice":"Fought Mushrooms","damage_taken":0,"max_hp_gain":0,"max_hp_loss":0,"event_name":"Mushrooms","floor":8,"gold_loss":0},{"damage_healed":0,"gold_gain":0,"player_choice":"Read","damage_taken":0,"max_hp_gain":0,"max_hp_loss":0,"event_name":"The Library","floor":20,"gold_loss":0,"cards_obtained":["Catalyst"]}],"is_beta":false,"boss_relics":[{"not_picked":["Ectoplasm","Busted Crown"],"picked":"SacredBark"}],"items_purged_floors":[],"is_endless":false,"potions_floor_spawned":[4,7,8,14,16,18,24],"killed_by":"Snecko","ascension_level":2}}