{"host":"bq4pt811tk9yrmjl","time":1609073497,"event":{"mods":["AchievementEnabler","BaseMod","Colored Map","Colored Powertips","Defuse TimeMaze Blight","Hermit","Minty Spire (QoL Compilation)","StSLib","SuperFastMode","UnlockEverythingMod"],"gold_per_floor":[112,112,112,72,72,104,123,123,123,156,169,244,301,315,315,418,418,399,399,399,419,60,60,71,121,192,192,207,219,219,237,237,334,334,354,164,164,179,195,228,228,228,228],"floor_reached":42,"playtime":1051,"items_purged":[],"score":484,"play_id":"0a41fa5f-6a0a-48d3-8024-19ae5de27f82","local_time":"20201227105137","is_ascension_mode":true,"campfire_choices":[{"data":"hermit:Snapshot","floor":8.0,"key":"SMITH"},{"floor":15.0,"key":"REST"},{"data":"hermit:Covet","floor":23.0,"key":"SMITH"},{"data":"hermit:Glare","floor":27.0,"key":"SMITH"},{"floor":30,"key":"RECALL"},{"data":"hermit:FlashPowder","floor":32,"key":"SMITH"},{"floor":41,"key":"REST"}],"circlet_count":0,"master_deck":["hermit:Strike_Hermit+1","hermit:Strike_Hermit+1","hermit:Strike_Hermit+1","hermit:Strike_Hermit+1","hermit:Defend_Hermit+1","hermit:Defend_Hermit+1","hermit:Defend_Hermit+1","hermit:Defend_Hermit+1","hermit:Snapshot+1","hermit:Covet+1","hermit:Vantage+1","hermit:Brawl+1","hermit:Dive","hermit:Glare+1","hermit:Coalescence+1","hermit:FlashPowder+1","hermit:HighCaliber+1","hermit:FlashPowder+1","hermit:Deadeye+1"],"relics":["hermit:Momento","NeowsBlessing","Lantern","War Paint","PreservedInsect","The Courier","Mummified Hand","Sozu","ClockworkSouvenir","Vajra","Bronze Scales","Busted Crown","Ornamental Fan","Smiling Mask","CaptainsWheel"],"acts_visited":["Exordium","TheCity","TheBeyond"],"potions_floor_usage":[],"damage_taken":[{"damage":0.0,"enemies":"Jaw Worm","floor":1.0,"turns":1.0},{"damage":0.0,"enemies":"3 Sentries","floor":6.0,"turns":2.0},{"damage":0.0,"enemies":"2 Louse","floor":7.0,"turns":1.0},{"damage":14.0,"enemies":"Gremlin Nob","floor":10.0,"turns":4.0},{"damage":2.0,"enemies":"Small Slimes","floor":11.0,"turns":4.0},{"damage":9.0,"enemies":"Lagavulin Event","floor":13.0,"turns":4.0},{"damage":0.0,"enemies":"3 Louse","floor":14.0,"turns":3.0},{"damage":1.0,"enemies":"The Guardian","floor":16.0,"turns":12.0},{"damage":10.0,"enemies":"2 Thieves","floor":18.0,"turns":4.0},{"damage":0.0,"enemies":"Chosen","floor":21.0,"turns":6.0},{"damage":2.0,"enemies":"Sentry and Sphere","floor":24.0,"turns":4.0},{"damage":0,"enemies":"Chosen and Byrds","floor":28,"turns":5},{"damage":1,"enemies":"Centurion and Healer","floor":29,"turns":7},{"damage":7,"enemies":"Snake Plant","floor":31,"turns":3},{"damage":26,"enemies":"Collector","floor":33,"turns":14},{"damage":0,"enemies":"Orb Walker","floor":35,"turns":4},{"damage":4,"enemies":"3 Darklings","floor":38,"turns":13},{"damage":0,"enemies":"Writhing Mass","floor":39,"turns":6},{"damage":21,"enemies":"Reptomancer","floor":40,"turns":9},{"damage":78,"enemies":"Giant Head","floor":42,"turns":9}],"seed_played":"4911549811208452245","potions_obtained":[{"floor":6.0,"key":"hermit:BlackBile"},{"floor":7.0,"key":"FearPotion"},{"floor":11.0,"key":"Strength Potion"},{"floor":13.0,"key":"AttackPotion"},{"floor":16.0,"key":"LiquidMemories"}],"is_trial":false,"path_per_floor":["M","?","?","$","?","E","M","R","T","E","M","?","?","M","R","B",null,"M","?","?","M","$","R","M","?","T","R","M","M","R","M","R","B",null,"M","$","?","M","M","E","R","E"],"character_chosen":"HERMIT","items_purchased":["hermit:Brawl","ClockworkSouvenir","Vajra","Bronze Scales","Ornamental Fan"],"campfire_rested":2,"item_purchase_floors":[4,22,22,22,36],"current_hp_per_floor":[75,72,72,72,72,72,72,72,72,58,56,45,36,36,58,57,75,65,75,75,75,75,75,73,73,73,73,73,72,72,65,65,39,75,75,75,75,71,71,50,72,0,0],"gold":228,"neow_bonus":"THREE_ENEMY_KILL","is_daily":false,"chose_seed":false,"campfire_upgraded":4,"win_rate":0.0,"timestamp":1609073497,"path_taken":["M","?","?","$","?","E","M","R","T","E","M","?","?","M","R","BOSS","M","?","?","M","$","R","M","?","T","R","M","?","R","M","R","BOSS","M","$","?","M","M","E","R","E"],"items_purchased_type":["Card","Relic","Relic","Relic","Relic"],"build_version":"2020-12-22","purchased_purges":0,"victory":false,"max_hp_per_floor":[75,75,75,75,75,75,75,75,75,75,75,75,75,75,75,75,75,75,75,75,75,75,75,75,75,75,75,75,75,75,75,75,75,75,75,75,75,75,75,75,75,75,75],"card_choices":[{"not_picked":["hermit:CalledShot","hermit:SprayPray"],"picked":"hermit:Vantage","floor":1.0},{"not_picked":["hermit:FlashPowder","hermit:Purgatory"],"picked":"hermit:Dive","floor":6.0},{"not_picked":["hermit:LuckOfTheDraw","hermit:LowProfile","hermit:TakeCover"],"picked":"SKIP","floor":7.0},{"not_picked":["hermit:Headshot","hermit:BlackWind"],"picked":"hermit:Glare","floor":10.0},{"not_picked":["hermit:Headshot","hermit:Misfire","hermit:PistolWhip"],"picked":"SKIP","floor":11.0},{"not_picked":["hermit:Snipe","hermit:Headshot","hermit:ItchyTrigger"],"picked":"SKIP","floor":14.0},{"not_picked":["hermit:Desperado","hermit:Ricochet","hermit:TakeAim"],"picked":"SKIP","floor":18.0},{"not_picked":["hermit:Snipe","hermit:Desperado","hermit:Dive"],"picked":"SKIP","floor":21.0},{"not_picked":["hermit:HoleUp","hermit:TakeCover"],"picked":"hermit:Coalescence+1","floor":24.0},{"not_picked":["hermit:Horror","hermit:GhostlyPresence"],"picked":"hermit:FlashPowder","floor":28},{"not_picked":["hermit:Dive","hermit:FullyLoaded"],"picked":"hermit:HighCaliber+1","floor":29},{"not_picked":["hermit:LowProfile","hermit:Glare+1"],"picked":"hermit:FlashPowder+1","floor":31},{"not_picked":["hermit:WideOpen"],"picked":"SKIP","floor":35},{"not_picked":[],"picked":"hermit:Deadeye+1","floor":38},{"not_picked":["hermit:Misfire+1"],"picked":"SKIP","floor":39},{"not_picked":["hermit:LowProfile"],"picked":"SKIP","floor":40}],"player_experience":125164,"relics_obtained":[{"floor":6.0,"key":"War Paint"},{"floor":9.0,"key":"PreservedInsect"},{"floor":10.0,"key":"The Courier"},{"floor":13.0,"key":"Mummified Hand"},{"floor":40,"key":"CaptainsWheel"}],"event_choices":[{"damage_healed":0.0,"max_hp_gain":0.0,"max_hp_loss":0.0,"gold_gain":0.0,"event_name":"Scrap Ooze","player_choice":"Success","floor":2.0,"gold_loss":0.0,"damage_taken":3.0,"relics_obtained":["Lantern"]},{"damage_healed":0.0,"max_hp_gain":0.0,"max_hp_loss":0.0,"gold_gain":0.0,"event_name":"The Cleric","player_choice":"Leave","floor":3.0,"gold_loss":0.0,"damage_taken":0.0},{"damage_healed":0.0,"max_hp_gain":0.0,"max_hp_loss":0.0,"gold_gain":0.0,"event_name":"Living Wall","player_choice":"Grow","floor":5.0,"gold_loss":0.0,"damage_taken":0.0,"cards_upgraded":["hermit:Brawl"]},{"damage_healed":0.0,"max_hp_gain":0.0,"max_hp_loss":0.0,"gold_gain":75.0,"event_name":"World of Goop","player_choice":"Gather Gold","floor":12.0,"gold_loss":0.0,"damage_taken":11.0},{"damage_healed":0.0,"max_hp_gain":0.0,"max_hp_loss":0.0,"gold_gain":0.0,"event_name":"Dead Adventurer","player_choice":"Searched \u00272\u0027 times","floor":13.0,"gold_loss":0.0,"damage_taken":0.0},{"damage_healed":25.0,"max_hp_gain":0.0,"max_hp_loss":0.0,"gold_gain":0.0,"event_name":"The Library","player_choice":"Heal","floor":19.0,"gold_loss":0.0,"damage_taken":0.0},{"damage_healed":0.0,"max_hp_gain":0.0,"max_hp_loss":0.0,"gold_gain":0.0,"event_name":"Back to Basics","player_choice":"Simplicity","floor":20.0,"gold_loss":0.0,"damage_taken":0.0,"cards_upgraded":["hermit:Strike_Hermit","hermit:Strike_Hermit","hermit:Strike_Hermit","hermit:Strike_Hermit","hermit:Defend_Hermit","hermit:Defend_Hermit","hermit:Defend_Hermit"]},{"damage_healed":0.0,"max_hp_gain":0.0,"max_hp_loss":0.0,"gold_gain":100.0,"event_name":"The Joust","player_choice":"Bet on Murderer","floor":25.0,"gold_loss":50.0,"damage_taken":0.0},{"damage_healed":0,"gold_gain":0,"player_choice":"Gave Potion","damage_taken":0,"relics_obtained":["Smiling Mask"],"max_hp_gain":0,"max_hp_loss":0,"event_name":"WeMeetAgain","floor":37,"gold_loss":0}],"is_beta":false,"boss_relics":[{"not_picked":["Fusion Hammer","Runic Dome"],"picked":"Sozu"},{"not_picked":["SacredBark","Coffee Dripper"],"picked":"Busted Crown"}],"items_purged_floors":[],"is_endless":false,"potions_floor_spawned":[6,7,11,13,16,18,21,24,29,33,39],"killed_by":"Giant Head","ascension_level":1}}