{"host":"wha9hktbkslqvblg","time":1609038526,"event":{"mods":["BaseMod","Colored Map","Minty Spire (QoL Compilation)","Relic Stats","SuperFastMode","everything is the same but u backflip on backflip"],"gold_per_floor":[114,39,39,39,51,51,79,79,105,125,25,38,51,51,51,125,125,145,71,85,85,85,85,95,95,95],"floor_reached":25,"playtime":450,"items_purged":["Strike_R","Strike_R"],"score":452,"play_id":"8e0bcaf6-8aad-4ae3-86fa-bc3e7f837a50","local_time":"20201227120846","is_ascension_mode":true,"campfire_choices":[{"data":"Wild Strike","floor":6.0,"key":"SMITH"},{"data":"Barricade","floor":8.0,"key":"SMITH"},{"data":"Anger","floor":15.0,"key":"SMITH"},{"data":"Battle Trance","floor":23.0,"key":"SMITH"}],"circlet_count":0,"master_deck":["AscendersBane","Strike_R","Defend_R","Defend_R","Defend_R","Defend_R","Bash","Battle Trance+1","Wild Strike+1","Barricade+1","Anger+1","Flex+1","Offering+1","Second Wind+1","Armaments+1"],"relics":["Black Blood","NeowsBlessing","CaptainsWheel","Toxic Egg 2","Vajra"],"acts_visited":["Exordium","TheCity"],"potions_floor_usage":[],"damage_taken":[{"damage":0.0,"enemies":"Small Slimes","floor":1.0,"turns":1.0},{"damage":0.0,"enemies":"2 Louse","floor":5.0,"turns":1.0},{"damage":0.0,"enemies":"3 Sentries","floor":7.0,"turns":2.0},{"damage":1.0,"enemies":"Cultist","floor":10.0,"turns":3.0},{"damage":18.0,"enemies":"Large Slime","floor":12.0,"turns":4.0},{"damage":2.0,"enemies":"Exordium Wildlife","floor":13.0,"turns":4.0},{"damage":46.0,"enemies":"Slime Boss","floor":16.0,"turns":11.0},{"damage":35.0,"enemies":"3 Byrds","floor":18.0,"turns":6.0},{"damage":22.0,"enemies":"Shell Parasite","floor":20.0,"turns":3.0},{"damage":6,"enemies":"Centurion and Healer","floor":24,"turns":5},{"damage":42,"enemies":"Snecko","floor":25,"turns":8}],"seed_played":"7343960903010175106","potions_obtained":[{"floor":5.0,"key":"SpeedPotion"},{"floor":10.0,"key":"GamblersBrew"}],"is_trial":false,"path_per_floor":["M","$","?","?","M","R","E","R","T","M","$","M","M","?","R","B",null,"M","$","M","?","?","R","M","M"],"character_chosen":"IRONCLAD","items_purchased":["Second Wind+1"],"campfire_rested":0,"item_purchase_floors":[19],"current_hp_per_floor":[74,74,63,68,74,74,80,80,80,80,80,68,72,72,72,32,68,45,45,35,35,35,35,41,0,0],"gold":95,"neow_bonus":"THREE_ENEMY_KILL","is_daily":false,"chose_seed":false,"campfire_upgraded":4,"win_rate":0.0,"timestamp":1609038526,"path_taken":["M","$","?","?","M","R","E","R","T","M","$","M","M","?","R","BOSS","M","$","M","?","?","R","M","M"],"items_purchased_type":["Card"],"build_version":"2020-12-22","purchased_purges":2,"victory":false,"max_hp_per_floor":[75,75,75,80,80,80,80,80,80,80,80,80,80,80,80,80,80,80,80,80,80,80,80,80,80,80],"relic_stats":{"counters":[11,48],"Black Blood":73,"obtain_stats":[{"CaptainsWheel":3,"NeowsBlessing":0,"Vajra":9,"Black Blood":17,"Toxic Egg 2":7,"Burning Blood":0},{"CaptainsWheel":1,"NeowsBlessing":0,"Vajra":3,"Black Blood":7,"Toxic Egg 2":3,"Burning Blood":0},{"CaptainsWheel":1,"NeowsBlessing":0,"Vajra":4,"Black Blood":26,"Toxic Egg 2":4,"Burning Blood":0}]},"card_choices":[{"not_picked":["Perfected Strike","Iron Wave"],"picked":"Battle Trance","floor":1.0},{"not_picked":["Twin Strike","Sword Boomerang"],"picked":"Wild Strike","floor":5.0},{"not_picked":["Body Slam","Iron Wave"],"picked":"Barricade","floor":7.0},{"not_picked":["Iron Wave","Clash","Clothesline"],"picked":"SKIP","floor":10.0},{"not_picked":["Ghostly Armor+1","Rupture"],"picked":"Anger","floor":12.0},{"not_picked":["Blood for Blood","Heavy Blade","Headbutt"],"picked":"SKIP","floor":13.0},{"not_picked":["Reaper","Immolate"],"picked":"Offering+1","floor":16.0},{"not_picked":["Sword Boomerang","Headbutt","Pummel"],"picked":"SKIP","floor":18.0},{"not_picked":["Infernal Blade+1","Iron Wave"],"picked":"Armaments+1","floor":20.0},{"not_picked":["Clash","Headbutt","Wild Strike"],"picked":"SKIP","floor":24}],"player_experience":900154,"relics_obtained":[{"floor":7.0,"key":"Toxic Egg 2"},{"floor":9.0,"key":"Vajra"}],"event_choices":[{"damage_healed":0.0,"max_hp_gain":0.0,"max_hp_loss":0.0,"gold_gain":0.0,"event_name":"Scrap Ooze","player_choice":"Success","floor":3.0,"gold_loss":0.0,"damage_taken":11.0,"relics_obtained":["CaptainsWheel"]},{"damage_healed":0.0,"max_hp_gain":5.0,"max_hp_loss":0.0,"gold_gain":0.0,"event_name":"Big Fish","player_choice":"Donut","floor":4.0,"gold_loss":0.0,"damage_taken":0.0},{"damage_healed":0.0,"max_hp_gain":0.0,"max_hp_loss":0.0,"gold_gain":0.0,"cards_transformed":["Strike_R"],"event_name":"Living Wall","player_choice":"Change","floor":14.0,"gold_loss":0.0,"damage_taken":0.0,"cards_obtained":["Flex"]},{"cards_removed":["Strike_R"],"damage_healed":0.0,"max_hp_gain":0.0,"max_hp_loss":0.0,"gold_gain":0.0,"event_name":"Back to Basics","player_choice":"Elegance","floor":21.0,"gold_loss":0.0,"damage_taken":0.0},{"damage_healed":0.0,"max_hp_gain":0.0,"max_hp_loss":0.0,"gold_gain":0.0,"event_name":"Vampires","player_choice":"Ignored","floor":22.0,"gold_loss":0.0,"damage_taken":0.0}],"is_beta":false,"boss_relics":[{"not_picked":["Tiny House","Ectoplasm"],"picked":"Black Blood"}],"items_purged_floors":[2,11],"is_endless":false,"potions_floor_spawned":[5,10],"killed_by":"Snecko","ascension_level":20}}