{"host":"2461dio7vetlq1z3","time":1609070244,"event":{"mods":["2.2 Compatiblity","AchievementEnabler","Aspiration","BaseMod","Better Third Choice","Friendly Minions","Hermit","Minty Spire (QoL Compilation)","Relic Stats","Spicy Shops","StSLib","The Animator","Waifu the Spire"],"gold_per_floor":[110,127,127,142,142,142,173,173,198,198,198,239,58,73,73,164,164,182,7,27,27,27,27],"floor_reached":22,"playtime":1043,"items_purged":["Dualcast","Strike_B"],"score":364,"play_id":"b9f8bf4b-6c52-44f9-af78-f0604bfa85e0","local_time":"20201227125724","is_ascension_mode":true,"campfire_choices":[{"data":"Self Repair","floor":6,"key":"SMITH"},{"floor":8,"key":"REST"},{"data":"Cold Snap","floor":10,"key":"SMITH"},{"data":"Reprogram","floor":15,"key":"SMITH"}],"circlet_count":0,"master_deck":["AscendersBane","Strike_B+1","Strike_B","Strike_B","Defend_B","Defend_B+1","Defend_B","Zap","Auto Shields","Self Repair+1","Cold Snap+1","Barrage","Finesse","Reprogram+1","Undo","Sweeping Beam","Lockon","Sunder"],"relics":["Cracked Core","Golden Idol","Odd Mushroom","Akabeko","Gremlin Horn","Darkstone Periapt","aspiration:FutureDiary"],"acts_visited":["Exordium","TheCity"],"potions_floor_usage":[7,12,16,18,22],"damage_taken":[{"damage":0,"enemies":"Cultist","floor":1,"turns":3},{"damage":4,"enemies":"Small Slimes","floor":2,"turns":3},{"damage":2,"enemies":"2 Louse","floor":4,"turns":2},{"damage":11,"enemies":"The Mushroom Lair","floor":7,"turns":5},{"damage":26,"enemies":"Gremlin Nob","floor":12,"turns":4},{"damage":3,"enemies":"Blue Slaver","floor":14,"turns":3},{"damage":45,"enemies":"Slime Boss","floor":16,"turns":12},{"damage":30,"enemies":"Shell Parasite","floor":18,"turns":7},{"damage":19,"enemies":"Spheric Guardian","floor":20,"turns":6},{"damage":36,"enemies":"Shelled Parasite and Fungi","floor":22,"turns":5}],"seed_played":"8979099547885181993","potions_obtained":[{"floor":2,"key":"AttackPotion"},{"floor":7,"key":"ColorlessPotion"},{"floor":12,"key":"Regen Potion"},{"floor":16,"key":"FearPotion"},{"floor":20,"key":"Ancient Potion"}],"is_trial":false,"path_per_floor":["M","M","?","M","?","R","?","R","T","R","T","E","$","M","R","B",null,"M","$","M","?","M"],"character_chosen":"DEFECT","items_purchased":["Finesse","Reprogram"],"campfire_rested":1,"item_purchase_floors":[13,13],"current_hp_per_floor":[71,67,40,45,22,22,21,44,44,44,44,28,28,35,35,15,62,42,42,33,33,0,0],"gold":27,"neow_bonus":"TEN_PERCENT_HP_BONUS","is_daily":false,"chose_seed":false,"campfire_upgraded":3,"win_rate":0.0,"timestamp":1609070244,"path_taken":["M","M","?","M","?","R","?","R","T","R","?","E","$","M","R","BOSS","M","$","M","?","M"],"items_purchased_type":["Card","Card"],"build_version":"2020-12-22","purchased_purges":2,"victory":false,"max_hp_per_floor":[78,78,78,78,78,78,78,78,78,78,78,78,78,78,78,78,78,78,78,78,78,78,78],"relic_stats":{"Darkstone Periapt":0,"Gremlin Horn":[4,4],"counters":[10,50],"Golden Idol":46,"obtain_stats":[{"Darkstone Periapt":12,"Gremlin Horn":11,"Golden Idol":3,"Odd Mushroom":7,"aspiration:FutureDiary":17,"Cracked Core":0,"Akabeko":9},{"Darkstone Periapt":5,"Gremlin Horn":4,"Golden Idol":2,"Odd Mushroom":4,"aspiration:FutureDiary":7,"Cracked Core":0,"Akabeko":4},{"Darkstone Periapt":17,"Gremlin Horn":13,"Golden Idol":6,"Odd Mushroom":13,"aspiration:FutureDiary":32,"Cracked Core":0,"Akabeko":13}]},"card_choices":[{"not_picked":["Conserve Battery","Undo"],"picked":"Auto Shields","floor":1},{"not_picked":["Streamline","Chill"],"picked":"Self Repair","floor":2},{"not_picked":["Hologram","Compile Driver"],"picked":"Cold Snap","floor":4},{"not_picked":["Compile Driver","Turbo"],"picked":"Barrage","floor":7},{"not_picked":["Undo","Chaos"],"picked":"Sunder","floor":12},{"not_picked":["Streamline","Turbo"],"picked":"Undo","floor":14},{"not_picked":["Glacier+1","Reinforced Body"],"picked":"Sweeping Beam","floor":18},{"not_picked":["Compile Driver","White Noise","Storm"],"picked":"SKIP","floor":20}],"player_experience":1008569,"relics_obtained":[{"floor":7,"key":"Odd Mushroom"},{"floor":9,"key":"Akabeko"},{"floor":11,"key":"Gremlin Horn"},{"floor":12,"key":"Darkstone Periapt"}],"event_choices":[{"damage_healed":0,"gold_gain":0,"player_choice":"Take Damage","damage_taken":27,"relics_obtained":["Golden Idol"],"max_hp_gain":0,"max_hp_loss":0,"event_name":"Golden Idol","floor":3,"gold_loss":0},{"damage_healed":45,"gold_gain":0,"player_choice":"Upgrade","damage_taken":23,"max_hp_gain":0,"max_hp_loss":78,"event_name":"betterThird:BetterShining","floor":5,"gold_loss":0,"cards_upgraded":["Defend_B","Strike_B"]},{"damage_healed":0,"gold_gain":0,"player_choice":"Fought Mushrooms","damage_taken":0,"max_hp_gain":0,"max_hp_loss":0,"event_name":"Mushrooms","floor":7,"gold_loss":0},{"damage_healed":0,"gold_gain":0,"cards_transformed":["Sunder","Defend_B"],"player_choice":"Became Test Subject","damage_taken":0,"max_hp_gain":0,"max_hp_loss":0,"event_name":"Drug Dealer","floor":21,"gold_loss":0,"cards_obtained":["Lockon","Sunder"]}],"is_beta":false,"boss_relics":[{"not_picked":["Snecko Eye","Calling Bell"],"picked":"aspiration:FutureDiary"}],"items_purged_floors":[19,19],"is_endless":false,"potions_floor_spawned":[2,7,12,16,20],"killed_by":"Shelled Parasite and Fungi","ascension_level":20}}