{"host":"vydapxfau6612551","time":1609041345,"event":{"mods":["AchievementEnabler","BaseMod","Minty Spire (QoL Compilation)","StSLib","SuperFastMode"],"gold_per_floor":[118,118,68,68,144,169,189,207,231,256,267,286,321,37,37,37,37],"floor_reached":16,"playtime":443,"items_purged":[],"score":203,"play_id":"2a73f708-3367-4214-ab61-393ee6b99618","local_time":"20201227125545","is_ascension_mode":true,"campfire_choices":[{"floor":15,"key":"RECALL"}],"circlet_count":0,"master_deck":["Strike_R","Strike_R+1","Strike_R","Strike_R","Strike_R+1","Defend_R","Defend_R","Defend_R","Bash","Combust","Shrug It Off","Twin Strike","Pommel Strike","Shrug It Off","Wild Strike","Sword Boomerang","Master of Strategy","Finesse"],"relics":["Burning Blood","NeowsBlessing","Pantograph","Regal Pillow","Bag of Preparation","MealTicket"],"acts_visited":["Exordium"],"potions_floor_usage":[10,13],"damage_taken":[{"damage":0,"enemies":"Jaw Worm","floor":1,"turns":1},{"damage":0,"enemies":"Gremlin Nob","floor":6,"turns":1},{"damage":1,"enemies":"Small Slimes","floor":7,"turns":1},{"damage":5,"enemies":"2 Louse","floor":8,"turns":2},{"damage":44,"enemies":"Lagavulin","floor":10,"turns":6},{"damage":6,"enemies":"Blue Slaver","floor":11,"turns":3},{"damage":2,"enemies":"2 Fungi Beasts","floor":12,"turns":3},{"damage":10,"enemies":"Gremlin Nob","floor":13,"turns":3},{"damage":60,"enemies":"The Guardian","floor":16,"turns":10}],"seed_played":"-6356740646695993574","potions_obtained":[{"floor":1,"key":"EntropicBrew"},{"floor":6,"key":"SpeedPotion"},{"floor":8,"key":"Swift Potion"},{"floor":11,"key":"ElixirPotion"},{"floor":12,"key":"FearPotion"}],"is_trial":false,"path_per_floor":["M","?","?","?","T","E","M","M","T","E","M","M","E","$","R","B"],"character_chosen":"IRONCLAD","items_purchased":["Master of Strategy","Finesse"],"campfire_rested":0,"item_purchase_floors":[14,14],"current_hp_per_floor":[78,78,78,62,62,68,73,74,74,36,36,40,36,51,51,16,16],"gold":37,"neow_bonus":"THREE_ENEMY_KILL","is_daily":false,"chose_seed":false,"campfire_upgraded":0,"win_rate":0.0,"timestamp":1609041345,"path_taken":["M","?","?","?","?","E","M","?","T","E","M","M","E","$","R","BOSS"],"items_purchased_type":["Card","Card"],"build_version":"2020-12-22","purchased_purges":0,"victory":false,"max_hp_per_floor":[80,80,80,80,80,80,80,80,80,80,80,80,80,80,80,80,80],"card_choices":[{"not_picked":["Thunderclap","Twin Strike"],"picked":"Combust","floor":1},{"not_picked":["Whirlwind","Headbutt"],"picked":"Shrug It Off","floor":6},{"not_picked":["Disarm","Juggernaut"],"picked":"Twin Strike","floor":7},{"not_picked":["Iron Wave","Body Slam"],"picked":"Pommel Strike","floor":8},{"not_picked":["Rampage","Thunderclap"],"picked":"Shrug It Off","floor":10},{"not_picked":["Reckless Charge","Clash","Flex"],"picked":"SKIP","floor":11},{"not_picked":["Shockwave","Searing Blow"],"picked":"Wild Strike","floor":12},{"not_picked":["Metallicize","True Grit"],"picked":"Sword Boomerang","floor":13}],"player_experience":387289,"relics_obtained":[{"floor":6,"key":"Pantograph"},{"floor":9,"key":"Regal Pillow"},{"floor":10,"key":"Bag of Preparation"},{"floor":13,"key":"MealTicket"}],"event_choices":[{"damage_healed":0,"gold_gain":0,"player_choice":"Ignored","damage_taken":0,"max_hp_gain":0,"max_hp_loss":0,"event_name":"Liars Game","floor":2,"gold_loss":0},{"cards_removed":["Defend_R"],"damage_healed":0,"gold_gain":0,"player_choice":"Card Removal","damage_taken":0,"max_hp_gain":0,"max_hp_loss":0,"event_name":"The Cleric","floor":3,"gold_loss":50},{"damage_healed":0,"gold_gain":0,"player_choice":"Entered Light","damage_taken":16,"max_hp_gain":0,"max_hp_loss":0,"event_name":"Shining Light","floor":4,"gold_loss":0,"cards_upgraded":["Strike_R","Strike_R"]}],"is_beta":false,"boss_relics":[],"items_purged_floors":[],"is_endless":false,"potions_floor_spawned":[1,6,8,11,12],"killed_by":"The Guardian","ascension_level":8}}