{"host":"344lv32hnei0mdhu","time":1609037817,"event":{"mods":["Act Like it!","BaseMod","Better Match","Better Sensory Stone","Better Skull","Better Third Choice","Better Vampires","Colored Powertips","Highlight Path","Minty Spire (QoL Compilation)","Quick Restart","Random Character Button","Rare Cards Sparkle","StSLib"],"gold_per_floor":[115,115,115,290,290,290,290,290,315,315,332,357,183,193,193,193,193],"floor_reached":16,"playtime":1132,"items_purged":[],"score":175,"play_id":"cad6fc27-7552-4546-aa7d-bfc95cf2f2c2","local_time":"20201226205657","is_ascension_mode":true,"campfire_choices":[{"floor":6,"key":"REST"},{"data":"Eruption","floor":8,"key":"SMITH"},{"data":"Protect","floor":10,"key":"SMITH"},{"data":"MentalFortress","floor":15,"key":"SMITH"}],"circlet_count":0,"master_deck":["Strike_P","Strike_P","Strike_P","Strike_P","Defend_P+1","Defend_P+1","Defend_P+1","Defend_P+1","Eruption+1","Vigilance","Protect+1","Doubt","Indignation","MentalFortress+1","BowlingBash","Halt","FearNoEvil","ForeignInfluence"],"relics":["PureWater","NeowsBlessing","Boot","Eternal Feather","White Beast Statue","War Paint","Akabeko"],"acts_visited":["Exordium"],"potions_floor_usage":[16],"damage_taken":[{"damage":0,"enemies":"Jaw Worm","floor":1,"turns":1},{"damage":0,"enemies":"Small Slimes","floor":11,"turns":1},{"damage":0,"enemies":"Gremlin Nob","floor":12,"turns":1},{"damage":0,"enemies":"Cultist","floor":14,"turns":2},{"damage":12,"enemies":"Hexaghost","floor":16,"turns":9}],"seed_played":"-5172534741992654812","potions_obtained":[{"floor":11,"key":"Ambrosia"},{"floor":12,"key":"DistilledChaos"},{"floor":14,"key":"Regen Potion"}],"is_trial":false,"path_per_floor":["M","?","T","?","?","R","?","R","T","R","M","E","$","M","R","B"],"character_chosen":"WATCHER","items_purchased":["BowlingBash","Halt","FearNoEvil"],"campfire_rested":1,"item_purchase_floors":[13,13,13],"current_hp_per_floor":[65,36,36,36,36,63,49,55,55,61,61,61,61,61,70,58,58],"gold":193,"neow_bonus":"THREE_ENEMY_KILL","is_daily":false,"chose_seed":false,"campfire_upgraded":3,"win_rate":0.0,"timestamp":1609037817,"path_taken":["M","?","?","?","?","R","?","R","T","R","?","E","$","M","R","BOSS"],"items_purchased_type":["Card","Card","Card"],"build_version":"2020-12-22","purchased_purges":0,"victory":false,"max_hp_per_floor":[72,72,72,72,72,72,72,72,72,72,72,72,72,72,72,72,72],"card_choices":[{"not_picked":["CrushJoints","Study"],"picked":"Protect","floor":1},{"not_picked":["DeceiveReality","TalkToTheHand"],"picked":"Indignation","floor":11},{"not_picked":["Prostrate","Protect"],"picked":"MentalFortress","floor":12},{"not_picked":["Sanctity","Crescendo"],"picked":"ForeignInfluence","floor":14}],"player_experience":279279,"relics_obtained":[{"floor":3,"key":"White Beast Statue"},{"floor":9,"key":"War Paint"},{"floor":12,"key":"Akabeko"}],"event_choices":[{"damage_healed":0,"gold_gain":1,"player_choice":"Relic Relic ","damage_taken":29,"max_hp_gain":0,"max_hp_loss":0,"event_name":"betterThird:BetterScrap","floor":2,"gold_loss":0,"cards_obtained":["Glacier"]},{"damage_healed":0,"gold_gain":175,"player_choice":"AGREE","damage_taken":115,"max_hp_gain":0,"max_hp_loss":0,"event_name":"betterThird:BetterSerpent","floor":4,"gold_loss":0},{"damage_healed":0,"gold_gain":0,"player_choice":"Leave","damage_taken":0,"max_hp_gain":0,"max_hp_loss":0,"event_name":"The Cleric","floor":5,"gold_loss":0},{"damage_healed":63,"gold_gain":0,"player_choice":"Upgrade","damage_taken":14,"max_hp_gain":0,"max_hp_loss":72,"event_name":"betterThird:BetterShining","floor":7,"gold_loss":0,"cards_upgraded":["Defend_P","Defend_P"]}],"is_beta":false,"boss_relics":[],"items_purged_floors":[],"is_endless":false,"potions_floor_spawned":[11,12,14],"killed_by":"Hexaghost","ascension_level":9}}