{"host":"ryuep8ewa00k39z9","time":1609112772,"event":{"mods":["AchievementEnabler","BaseMod","Best Route Mod","Colored Map","Colored Powertips","Displayed Cursed Tome","Highlight Path","Minty Spire (QoL Compilation)","Quick Restart","SuperFastMode"],"gold_per_floor":[114,114,189,202,218,249,322,1,1,1,1],"floor_reached":10,"playtime":247,"items_purged":[],"score":76,"play_id":"bc08b1fe-9e3d-4b36-b6eb-2fe8e6213250","local_time":"20201227174612","is_ascension_mode":true,"campfire_choices":[],"circlet_count":0,"master_deck":["Strike_B","Strike_B","Strike_B","Strike_B","Defend_B","Defend_B","Defend_B","Defend_B","Zap","Dualcast","Panache","Double Energy","Double Energy","Doom and Gloom","Turbo"],"relics":["Cracked Core","Matryoshka","PreservedInsect","Prayer Wheel","Oddly Smooth Stone","Toxic Egg 2"],"acts_visited":["Exordium"],"potions_floor_usage":[],"damage_taken":[{"damage":8.0,"enemies":"2 Louse","floor":1.0,"turns":2.0},{"damage":0.0,"enemies":"Jaw Worm","floor":4.0,"turns":3.0},{"damage":2.0,"enemies":"Small Slimes","floor":5.0,"turns":4.0},{"damage":47.0,"enemies":"Gremlin Nob","floor":6.0,"turns":5.0},{"damage":0,"enemies":"3 Sentries","floor":10,"turns":2}],"seed_played":"277006495013370207","potions_obtained":[{"floor":4.0,"key":"LiquidBronze"},{"floor":5.0,"key":"FairyPotion"}],"is_trial":false,"path_per_floor":["M","?","?","M","M","E","?","$","T","E"],"character_chosen":"DEFECT","items_purchased":["Prayer Wheel","Turbo"],"campfire_rested":0,"item_purchase_floors":[8,8],"current_hp_per_floor":[46,43,32,32,30,8,8,8,8,8,8],"gold":1,"neow_bonus":"RANDOM_COLORLESS_2","is_daily":false,"chose_seed":false,"campfire_upgraded":0,"win_rate":0.0,"timestamp":1609112772,"path_taken":["M","?","?","M","M","E","?","?","T","E"],"items_purchased_type":["Relic","Card"],"build_version":"2020-12-22","purchased_purges":0,"victory":false,"max_hp_per_floor":[75,75,75,75,75,75,75,75,75,75,75],"card_choices":[{"not_picked":["Thinking Ahead","Violence"],"picked":"Panache","floor":0.0},{"not_picked":["Compile Driver","Stack"],"picked":"Double Energy","floor":1.0},{"not_picked":["Steam","Barrage"],"picked":"Double Energy","floor":4.0},{"not_picked":["Go for the Eyes","BootSequence"],"picked":"Doom and Gloom","floor":5.0},{"not_picked":["Redo","Gash","Leap"],"picked":"SKIP","floor":6.0}],"player_experience":3560441,"relics_obtained":[{"floor":6.0,"key":"PreservedInsect"},{"floor":9.0,"key":"Oddly Smooth Stone"},{"floor":9.0,"key":"Toxic Egg 2"}],"event_choices":[{"damage_healed":0.0,"max_hp_gain":0.0,"max_hp_loss":0.0,"gold_gain":0.0,"event_name":"Scrap Ooze","player_choice":"Success","floor":2.0,"gold_loss":0.0,"damage_taken":3.0,"relics_obtained":["Matryoshka"]},{"damage_healed":0.0,"max_hp_gain":0.0,"max_hp_loss":0.0,"gold_gain":75.0,"event_name":"World of Goop","player_choice":"Gather Gold","floor":3.0,"gold_loss":0.0,"damage_taken":11.0},{"damage_healed":0.0,"max_hp_gain":0.0,"max_hp_loss":0.0,"gold_gain":73.0,"event_name":"Golden Wing","player_choice":"Gained Gold","floor":7.0,"gold_loss":0.0,"damage_taken":0.0}],"is_beta":false,"boss_relics":[],"items_purged_floors":[],"is_endless":false,"potions_floor_spawned":[4,5],"killed_by":"3 Sentries","ascension_level":3}}