{"host":"qxeepl7ydvsgmfdb","time":1609083710,"event":{"mods":["AchievementEnabler","BaseMod","Colored Powertips","Minty Spire (QoL Compilation)","Quick Restart","slay the spire mod where everything is the same but ironclad has a cowboy hat"],"gold_per_floor":[119,119,67,142,142,142,172,172,196,228,246,246,246,268,268,367,417,435,451,44,62,62,62,112,61,61,111,111,141,141,156,156,256,256,271,321,371,371],"floor_reached":37,"playtime":1356,"items_purged":["Strike_G"],"score":571,"play_id":"05679cb5-b086-4f14-9bd8-9b22cfaa093f","local_time":"20201227104150","is_ascension_mode":true,"campfire_choices":[{"data":"Deadly Poison","floor":6,"key":"SMITH"},{"data":"Quick Slash","floor":8,"key":"SMITH"},{"floor":15,"key":"REST"},{"floor":23,"key":"REST"},{"data":"Adrenaline","floor":28,"key":"SMITH"},{"floor":30,"key":"REST"},{"floor":32,"key":"REST"}],"circlet_count":0,"master_deck":["Strike_G","Strike_G","Strike_G","Strike_G+1","Defend_G","Defend_G","Defend_G","Defend_G","Defend_G","Survivor","Neutralize","Deadly Poison+1","Backflip+1","Quick Slash+1","Acrobatics","Blade Dance+1","Adrenaline+1","All Out Attack+1","Noxious Fumes","Deadly Poison","Cloak And Dagger","Deadly Poison","Deflect","Bandage Up"],"relics":["Ring of the Snake","NeowsBlessing","Kunai","PreservedInsect","Juzu Bracelet","Omamori","Odd Mushroom","Tiny House","Meat on the Bone","SsserpentHead","Orichalcum","FossilizedHelix","WristBlade"],"acts_visited":["Exordium","TheCity","TheBeyond"],"potions_floor_usage":[14,14,21,21,29,33,37],"damage_taken":[{"damage":0,"enemies":"Cultist","floor":1,"turns":1},{"damage":0,"enemies":"Gremlin Nob","floor":7,"turns":1},{"damage":0,"enemies":"3 Sentries","floor":10,"turns":1},{"damage":0,"enemies":"Small Slimes","floor":11,"turns":4},{"damage":17,"enemies":"The Mushroom Lair","floor":14,"turns":5},{"damage":25,"enemies":"The Guardian","floor":16,"turns":13},{"damage":8,"enemies":"3 Byrds","floor":18,"turns":6},{"damage":16,"enemies":"Shell Parasite","floor":19,"turns":5},{"damage":29,"enemies":"Cultist and Chosen","floor":21,"turns":7},{"damage":35,"enemies":"Book of Stabbing","floor":29,"turns":4},{"damage":17,"enemies":"Snake Plant","floor":31,"turns":4},{"damage":69,"enemies":"Champ","floor":33,"turns":13},{"damage":0,"enemies":"3 Shapes","floor":35,"turns":3},{"damage":82,"enemies":"2 Orb Walkers","floor":37,"turns":4}],"seed_played":"-4310108338478366237","potions_obtained":[{"floor":7,"key":"SpeedPotion"},{"floor":10,"key":"Energy Potion"},{"floor":11,"key":"Block Potion"},{"floor":17,"key":"FearPotion"},{"floor":18,"key":"EssenceOfSteel"},{"floor":19,"key":"PowerPotion"},{"floor":21,"key":"LiquidBronze"},{"floor":35,"key":"Energy Potion"}],"is_trial":false,"path_per_floor":["M","T","$","?","$","R","E","R","T","E","M","?","?","?","R","B",null,"M","M","$","M","?","R","$","$","T","?","R","E","R","M","R","B",null,"M","?","?"],"character_chosen":"THE_SILENT","items_purchased":["Backflip","Meat on the Bone","Noxious Fumes","Deadly Poison","Deadly Poison"],"campfire_rested":4,"item_purchase_floors":[3,20,20,20,25],"current_hp_per_floor":[63,63,63,52,52,52,52,52,52,52,52,52,52,35,56,31,65,57,41,41,24,24,46,46,46,46,71,71,48,70,53,75,18,61,61,61,0,0],"gold":371,"neow_bonus":"THREE_ENEMY_KILL","is_daily":false,"chose_seed":false,"campfire_upgraded":3,"win_rate":0.0,"timestamp":1609083710,"path_taken":["M","?","$","?","$","R","E","R","T","E","M","?","?","?","R","BOSS","M","M","$","M","?","R","?","$","T","?","R","E","R","M","R","BOSS","M","?","?"],"items_purchased_type":["Card","Relic","Card","Card","Card"],"build_version":"2020-12-22","purchased_purges":1,"victory":false,"max_hp_per_floor":[70,70,70,70,70,70,70,70,70,70,70,70,70,70,70,70,75,75,75,75,75,75,75,75,75,75,75,75,75,75,75,75,75,75,75,75,75,75],"card_choices":[{"not_picked":["Quick Slash","Backflip"],"picked":"Deadly Poison","floor":1},{"not_picked":["Sucker Punch","Skewer"],"picked":"Quick Slash","floor":7},{"not_picked":["Bane","Infinite Blades"],"picked":"Acrobatics","floor":10},{"not_picked":["Cloak And Dagger","Outmaneuver"],"picked":"Blade Dance","floor":11},{"not_picked":["Wraith Form v2","Doppelganger"],"picked":"Adrenaline","floor":16},{"not_picked":["Infinite Blades","Sucker Punch"],"picked":"All Out Attack+1","floor":18},{"not_picked":["Backflip","Choke","Bane+1"],"picked":"SKIP","floor":19},{"not_picked":["Underhanded Strike","Calculated Gamble"],"picked":"Cloak And Dagger","floor":21},{"not_picked":["Tactician","Flechettes"],"picked":"Deflect","floor":29},{"not_picked":["Dodge and Roll","Leg Sweep","Endless Agony+1"],"picked":"SKIP","floor":31},{"not_picked":["Quick Slash+1","PiercingWail","Sucker Punch"],"picked":"SKIP","floor":35},{"not_picked":["Jack Of All Trades","The Bomb"],"picked":"Bandage Up","floor":36}],"player_experience":406761,"relics_obtained":[{"floor":2,"key":"Kunai"},{"floor":7,"key":"PreservedInsect"},{"floor":9,"key":"Juzu Bracelet"},{"floor":10,"key":"Omamori"},{"floor":14,"key":"Odd Mushroom"},{"floor":26,"key":"Orichalcum"},{"floor":29,"key":"FossilizedHelix"}],"event_choices":[{"damage_healed":0,"gold_gain":75,"player_choice":"Gather Gold","damage_taken":11,"max_hp_gain":0,"max_hp_loss":0,"event_name":"World of Goop","floor":4,"gold_loss":0},{"damage_healed":0,"gold_gain":0,"player_choice":"Forge","damage_taken":0,"max_hp_gain":0,"max_hp_loss":0,"event_name":"Accursed Blacksmith","floor":12,"gold_loss":0,"cards_upgraded":["Backflip"]},{"damage_healed":0,"gold_gain":0,"player_choice":"Grow","damage_taken":0,"max_hp_gain":0,"max_hp_loss":0,"event_name":"Living Wall","floor":13,"gold_loss":0,"cards_upgraded":["Blade Dance"]},{"damage_healed":0,"gold_gain":0,"player_choice":"Fought Mushrooms","damage_taken":0,"max_hp_gain":0,"max_hp_loss":0,"event_name":"Mushrooms","floor":14,"gold_loss":0},{"damage_healed":0,"gold_gain":0,"player_choice":"Trade","damage_taken":0,"relics_obtained":["SsserpentHead"],"max_hp_gain":0,"max_hp_loss":0,"event_name":"FaceTrader","floor":22,"gold_loss":0},{"damage_healed":25,"gold_gain":0,"player_choice":"Heal","damage_taken":0,"max_hp_gain":0,"max_hp_loss":0,"event_name":"The Library","floor":27,"gold_loss":0},{"damage_healed":0,"gold_gain":0,"player_choice":"Memory 1","damage_taken":0,"max_hp_gain":0,"max_hp_loss":0,"event_name":"SensoryStone","floor":36,"gold_loss":0},{"damage_healed":0,"gold_gain":0,"player_choice":"Fight","damage_taken":0,"max_hp_gain":0,"max_hp_loss":0,"event_name":"Mysterious Sphere","floor":37,"gold_loss":0}],"is_beta":false,"boss_relics":[{"not_picked":["Cursed Key","Fusion Hammer"],"picked":"Tiny House"},{"not_picked":["Coffee Dripper","Runic Pyramid"],"picked":"WristBlade"}],"items_purged_floors":[20],"is_endless":false,"potions_floor_spawned":[7,10,11,18,19,21,35],"killed_by":"2 Orb Walkers","ascension_level":6}}