{"host":"daa8jqyg4gqfaysm","time":1609096235,"event":{"mods":["BaseMod","Colored Powertips","Minty Spire (QoL Compilation)","StSLib"],"gold_per_floor":[114,164,175,191,33,61,61,77,128,128,171,171,182,201,201,281,281,306,351,351,351,379,379,423,440,440,440,453,453,111,127,127,207,216,243,243,257,125,125,125,125],"floor_reached":40,"playtime":1243,"items_purged":["Strike_R"],"score":857,"play_id":"977fcf69-3c47-4733-82fd-4c557c102a8f","local_time":"20201228031035","is_ascension_mode":true,"campfire_choices":[{"data":"Armaments","floor":7,"key":"SMITH"},{"data":"Bludgeon","floor":10,"key":"SMITH"},{"floor":15,"key":"REST"},{"data":"Demon Form","floor":23,"key":"SMITH"},{"data":"Shockwave","floor":29,"key":"SMITH"},{"data":"Pommel Strike","floor":32,"key":"SMITH"}],"circlet_count":0,"master_deck":["AscendersBane","Defend_R+1","Defend_R+1","Defend_R+1","Defend_R+1","Bash","Metallicize","Havoc","Headbutt","Wild Strike","Armaments+1","Bludgeon+1","Shockwave+1","Anger","Demon Form+1","Twin Strike","Bite","Bite","Bite","Bite","Pommel Strike+1","Shrug It Off","Impervious","CurseOfTheBell","Intimidate+1","Battle Trance+1","Havoc+1","Sword Boomerang","Shockwave"],"relics":["Burning Blood","Orichalcum","Ornamental Fan","Toy Ornithopter","CeramicFish","CaptainsWheel","Snecko Eye","Ancient Tea Set","Self Forming Clay","InkBottle","Matryoshka","Calling Bell","Tiny Chest","Shuriken","Turnip","Orrery"],"acts_visited":["Exordium","TheCity","TheBeyond"],"potions_floor_usage":[11,28,33,40,40],"damage_taken":[{"damage":4,"enemies":"Small Slimes","floor":1,"turns":4},{"damage":0,"enemies":"Cultist","floor":3,"turns":3},{"damage":7,"enemies":"2 Louse","floor":4,"turns":3},{"damage":41,"enemies":"Gremlin Nob","floor":6,"turns":5},{"damage":15,"enemies":"Lots of Slimes","floor":8,"turns":4},{"damage":12,"enemies":"Lagavulin","floor":11,"turns":6},{"damage":12,"enemies":"Large Slime","floor":13,"turns":4},{"damage":0,"enemies":"Exordium Wildlife","floor":14,"turns":4},{"damage":28,"enemies":"The Guardian","floor":16,"turns":12},{"damage":3,"enemies":"Spheric Guardian","floor":18,"turns":3},{"damage":8,"enemies":"2 Thieves","floor":22,"turns":4},{"damage":26,"enemies":"Book of Stabbing","floor":24,"turns":5},{"damage":12,"enemies":"Snake Plant","floor":25,"turns":4},{"damage":7,"enemies":"Centurion and Healer","floor":28,"turns":4},{"damage":6,"enemies":"3 Cultists","floor":31,"turns":4},{"damage":13,"enemies":"Collector","floor":33,"turns":5},{"damage":0,"enemies":"Orb Walker","floor":35,"turns":2},{"damage":29,"enemies":"3 Darklings","floor":37,"turns":12},{"damage":81,"enemies":"Giant Head","floor":40,"turns":7}],"seed_played":"-6956026504460680412","potions_obtained":[{"floor":1,"key":"SpeedPotion"},{"floor":4,"key":"SpeedPotion"},{"floor":11,"key":"Dexterity Potion"},{"floor":25,"key":"EssenceOfSteel"},{"floor":31,"key":"BloodPotion"},{"floor":33,"key":"Fire Potion"},{"floor":37,"key":"LiquidMemories"}],"is_trial":false,"path_per_floor":["M","?","M","M","$","E","R","M","T","R","E","T","M","M","R","B",null,"M","?","?","?","M","R","E","M","T","?","M","R","$","M","R","B",null,"M","?","M","$","?","E"],"character_chosen":"IRONCLAD","items_purchased":["Wild Strike","Armaments","Matryoshka","Block Potion","Orrery"],"campfire_rested":1,"item_purchase_floors":[5,5,30,30,38],"current_hp_per_floor":[70,63,69,68,68,33,33,24,24,24,23,23,17,23,45,23,62,65,52,52,52,52,52,32,38,38,25,37,37,37,43,43,45,54,57,57,57,57,54,0,0],"gold":125,"neow_bonus":"RANDOM_COMMON_RELIC","is_daily":false,"chose_seed":false,"campfire_upgraded":5,"win_rate":0.0,"timestamp":1609096235,"path_taken":["M","?","M","M","$","E","R","?","T","R","E","?","M","M","R","BOSS","M","?","?","?","?","R","E","M","T","?","M","R","$","M","R","BOSS","M","?","M","$","?","E"],"items_purchased_type":["Card","Card","Relic","Potion","Relic"],"build_version":"2020-12-22","purchased_purges":1,"victory":false,"max_hp_per_floor":[75,75,75,75,75,75,75,75,75,75,75,75,75,75,75,75,75,75,52,52,52,52,52,52,52,52,57,57,57,57,57,57,57,57,57,57,57,57,54,54,54],"card_choices":[{"not_picked":["Warcry","Evolve"],"picked":"Metallicize","floor":1},{"not_picked":["Perfected Strike","Evolve"],"picked":"Havoc","floor":3},{"not_picked":["Thunderclap","Seeing Red"],"picked":"Headbutt","floor":4},{"not_picked":["Sentinel","Rupture","Searing Blow"],"picked":"SKIP","floor":6},{"not_picked":["Sever Soul","Warcry"],"picked":"Bludgeon","floor":8},{"not_picked":["Infernal Blade","True Grit"],"picked":"Shockwave","floor":11},{"not_picked":["Armaments","Searing Blow","Fire Breathing"],"picked":"SKIP","floor":13},{"not_picked":["Bloodletting","Thunderclap"],"picked":"Anger","floor":14},{"not_picked":["Juggernaut","Bludgeon"],"picked":"Demon Form","floor":16},{"not_picked":["Searing Blow","True Grit"],"picked":"Twin Strike","floor":18},{"not_picked":["Dropkick+1","Body Slam"],"picked":"Pommel Strike","floor":22},{"not_picked":["Flex+1","Hemokinesis"],"picked":"Shrug It Off","floor":24},{"not_picked":["Havoc","Sentinel","Warcry"],"picked":"SKIP","floor":25},{"not_picked":["Bloodletting","Infernal Blade","Thunderclap+1"],"picked":"SKIP","floor":28},{"not_picked":["Perfected Strike","Berserk","Wild Strike"],"picked":"SKIP","floor":31},{"not_picked":["Offering","Corruption"],"picked":"Impervious","floor":33},{"not_picked":["Armaments","Reckless Charge"],"picked":"Intimidate+1","floor":35},{"not_picked":["Warcry","Entrench","Metallicize"],"picked":"SKIP","floor":37},{"not_picked":["Havoc","Rage"],"picked":"Battle Trance+1","floor":38},{"not_picked":["Pommel Strike","Wild Strike"],"picked":"Havoc+1","floor":38},{"not_picked":["Brutality","Rampage"],"picked":"Sword Boomerang","floor":38},{"not_picked":["Body Slam","Perfected Strike"],"picked":"Shockwave","floor":38}],"player_experience":746393,"relics_obtained":[{"floor":6,"key":"Ornamental Fan"},{"floor":9,"key":"Toy Ornithopter"},{"floor":11,"key":"CeramicFish"},{"floor":12,"key":"CaptainsWheel"},{"floor":24,"key":"Self Forming Clay"},{"floor":26,"key":"InkBottle"},{"floor":34,"key":"Tiny Chest"},{"floor":34,"key":"Shuriken"},{"floor":34,"key":"Turnip"}],"event_choices":[{"damage_healed":0,"gold_gain":50,"player_choice":"Touch","damage_taken":7,"max_hp_gain":0,"max_hp_loss":0,"event_name":"FaceTrader","floor":2,"gold_loss":0},{"damage_healed":0,"gold_gain":0,"player_choice":"Became a vampire","damage_taken":0,"max_hp_gain":0,"max_hp_loss":23,"event_name":"Vampires","floor":19,"gold_loss":0,"cards_obtained":["Bite","Bite","Bite","Bite","Bite"]},{"damage_healed":0,"gold_gain":0,"player_choice":"Simplicity","damage_taken":0,"max_hp_gain":0,"max_hp_loss":0,"event_name":"Back to Basics","floor":20,"gold_loss":0,"cards_upgraded":["Defend_R","Defend_R","Defend_R","Defend_R"]},{"cards_removed":["Bite"],"damage_healed":0,"gold_gain":0,"player_choice":"Gave Card","damage_taken":0,"relics_obtained":["Ancient Tea Set"],"max_hp_gain":0,"max_hp_loss":0,"event_name":"WeMeetAgain","floor":21,"gold_loss":0},{"damage_healed":0,"gold_gain":0,"player_choice":"Shed Blood","damage_taken":18,"max_hp_gain":5,"max_hp_loss":0,"event_name":"Forgotten Altar","floor":27,"gold_loss":0},{"damage_healed":0,"gold_gain":0,"player_choice":"Ignored","damage_taken":0,"max_hp_gain":0,"max_hp_loss":0,"event_name":"Tomb of Lord Red Mask","floor":36,"gold_loss":0},{"damage_healed":0,"gold_gain":0,"player_choice":"Max HP","damage_taken":0,"max_hp_gain":0,"max_hp_loss":3,"event_name":"Winding Halls","floor":39,"gold_loss":0}],"is_beta":false,"boss_relics":[{"not_picked":["Runic Pyramid","Mark of Pain"],"picked":"Snecko Eye"},{"not_picked":["SacredBark","Empty Cage"],"picked":"Calling Bell"}],"items_purged_floors":[5],"is_endless":false,"potions_floor_spawned":[1,4,11,25,31,33,35,37],"killed_by":"Giant Head","ascension_level":20}}