{"host":"4w8ocelhatf0iefc","time":1609079468,"event":{"mods":["AchievementEnabler","Act Like it!","Aspiration","BaseMod","Colored Map","Colored Powertips","Downfall","GifTheSpireLib","Hubris","Minty Spire (QoL Compilation)","StSLib"],"gold_per_floor":[109,109,47,58,73,104,115,115,115,115,115,149,163,183,183,283,283,293,68,167,167,177,210,210,226,226,244,271,271,271,15,15,112,112,127,147,147,157,171,197,197,223,298,298,331,331,115,126,126,126,126],"floor_reached":50,"playtime":17056,"items_purged":["Strike_B","Defend_B","Strike_B"],"score":692,"play_id":"f4cfd234-d82d-4215-86bc-4c30aa42d19d","local_time":"20201227223108","is_ascension_mode":true,"campfire_choices":[{"data":"Rainbow","floor":8,"key":"SMITH"},{"data":"Loop","floor":11,"key":"SMITH"},{"floor":15,"key":"REST"},{"data":"Dualcast","floor":24,"key":"SMITH"},{"floor":29,"key":"REST"},{"data":"Creative AI","floor":32,"key":"SMITH"},{"floor":41,"key":"REST"},{"data":"Echo Form","floor":46,"key":"SMITH"},{"floor":49,"key":"REST"}],"circlet_count":0,"master_deck":["Strike_B","Strike_B","Defend_B","Defend_B","Defend_B","Zap","Dualcast+1","Streamline+1","Loop+1","Cold Snap","Rainbow+1","Skim","Sunder","Conserve Battery","Redo","Ball Lightning+1","FTL+1","Leap+1","White Noise+1","Creative AI+1","Defragment","hubris:DoWhile","Capacitor","Capacitor","Pain","Heatsinks+1","Parasite","Echo Form+1","Doom and Gloom+1","Seek"],"relics":["Cracked Core","Ancient Tea Set","aspiration:DSix","aspiration:ChemicalBlood","Bag of Marbles","hubris:Backtick","DataDisk","sneckomod:BlankCard","hubris:Towel","Guardian:PocketSentry","PreservedInsect","Lizard Tail","HandDrill","Sozu","WarpedTongs","Meat on the Bone","HornCleat","Bottled Lightning","Pen Nib","Membership Card"],"acts_visited":["Exordium","TheCity","TheBeyond"],"potions_floor_usage":[7,12,12,12,16,16,23,23,27,28,33],"damage_taken":[{"damage":0,"enemies":"Small Slimes","floor":1,"turns":3},{"damage":1,"enemies":"Cultist","floor":4,"turns":3},{"damage":7,"enemies":"Jaw Worm","floor":5,"turns":3},{"damage":31,"enemies":"Lagavulin","floor":6,"turns":5},{"damage":3,"enemies":"Lots of Slimes","floor":7,"turns":4},{"damage":8,"enemies":"3 Sentries","floor":12,"turns":4},{"damage":7,"enemies":"Red Slaver","floor":13,"turns":3},{"damage":24,"enemies":"Large Slime","floor":14,"turns":4},{"damage":8,"enemies":"Slime Boss","floor":16,"turns":9},{"damage":37,"enemies":"3 Byrds","floor":18,"turns":4},{"damage":0,"enemies":"Chosen","floor":22,"turns":3},{"damage":15,"enemies":"Book of Stabbing","floor":23,"turns":4},{"damage":0,"enemies":"Snake Plant","floor":25,"turns":2},{"damage":5,"enemies":"Cultist and Chosen","floor":27,"turns":4},{"damage":18,"enemies":"Gremlin Leader","floor":28,"turns":4},{"damage":26,"enemies":"Champ","floor":33,"turns":10},{"damage":0,"enemies":"3 Shapes","floor":35,"turns":4},{"damage":10,"enemies":"Orb Walker","floor":36,"turns":3},{"damage":42,"enemies":"4 Shapes","floor":38,"turns":5},{"damage":15,"enemies":"Writhing Mass","floor":39,"turns":5},{"damage":28,"enemies":"Nemesis","floor":40,"turns":5},{"damage":14,"enemies":"Giant Head","floor":42,"turns":7},{"damage":60,"enemies":"Reptomancer","floor":45,"turns":7},{"damage":17,"enemies":"3 Darklings","floor":48,"turns":4},{"damage":57,"enemies":"Time Eater","floor":50,"turns":10}],"seed_played":"-1873208894874984182","potions_obtained":[{"floor":6,"key":"Slimebound:ThreeZeroPotion"},{"floor":7,"key":"hexamod:EctoCoolerPotion"},{"floor":10,"key":"Regen Potion"},{"floor":10,"key":"Block Potion"},{"floor":23,"key":"SneckoOil"},{"floor":27,"key":"Fruit Juice"}],"is_trial":false,"path_per_floor":["M","?","?","M","M","E","M","R","T","?","R","E","M","M","R","B",null,"M","$","?","?","M","E","R","M","T","M","E","R","?","$","R","B",null,"M","M","?","M","M","E","R","E","T","?","E","R","$","M","R","B"],"character_chosen":"DEFECT","items_purchased":["sneckomod:BlankCard","HandDrill","Membership Card"],"campfire_rested":4,"item_purchase_floors":[19,31,47],"current_hp_per_floor":[82,82,82,81,74,43,40,40,40,40,40,44,37,13,37,29,82,45,45,45,45,45,30,30,30,30,30,12,38,97,97,97,71,97,97,87,87,45,30,2,31,29,29,29,33,33,33,28,57,0,0],"gold":126,"neow_bonus":"TEN_PERCENT_HP_BONUS","is_daily":false,"chose_seed":false,"campfire_upgraded":5,"win_rate":0.0,"timestamp":1609079468,"path_taken":["M","?","?","M","M","E","?","R","T","?","R","E","M","M","R","BOSS","M","?","?","?","M","E","R","?","T","M","E","R","?","$","R","BOSS","M","?","?","M","?","E","R","E","T","?","E","R","$","?","R","BOSS"],"items_purchased_type":["Relic","Relic","Relic"],"build_version":"2020-12-22","purchased_purges":3,"victory":false,"max_hp_per_floor":[82,82,82,82,82,82,82,82,82,82,82,82,82,82,82,82,82,82,82,82,82,82,82,82,82,82,87,87,87,97,97,97,97,97,97,97,97,97,97,97,97,97,97,97,97,97,97,97,97,97,97],"card_choices":[{"not_picked":["Sweeping Beam","Turbo"],"picked":"Streamline","floor":1},{"not_picked":["Stack","Heatsinks"],"picked":"Loop","floor":4},{"not_picked":["Hello World","Rip and Tear"],"picked":"Cold Snap","floor":5},{"not_picked":["Barrage","Stack"],"picked":"Rainbow","floor":6},{"not_picked":["Gash","Coolheaded"],"picked":"Skim","floor":7},{"not_picked":["Barrage","Cold Snap"],"picked":"Sunder","floor":12},{"not_picked":["Redo","Steam"],"picked":"Conserve Battery","floor":13},{"not_picked":["Coolheaded","Streamline"],"picked":"Redo","floor":14},{"not_picked":["Thunder Strike","Machine Learning"],"picked":"Core Surge","floor":16},{"not_picked":["Sweeping Beam","Barrage+1"],"picked":"Ball Lightning+1","floor":18},{"not_picked":["Compile Driver","Sweeping Beam"],"picked":"FTL+1","floor":22},{"not_picked":["Lockon","Coolheaded"],"picked":"Leap+1","floor":23},{"not_picked":["Seek","Barrage"],"picked":"White Noise+1","floor":25},{"not_picked":["Hologram+1","Consume"],"picked":"Creative AI","floor":27},{"not_picked":["Sunder+1","Hologram"],"picked":"Defragment","floor":28},{"not_picked":["Multi-Cast","Creative AI"],"picked":"hubris:DoWhile","floor":33},{"not_picked":["Go for the Eyes","Stack+1"],"picked":"Capacitor","floor":35},{"not_picked":["Steam","Meteor Strike"],"picked":"Capacitor","floor":36},{"not_picked":["Stack","Go for the Eyes+1"],"picked":"Heatsinks+1","floor":38},{"not_picked":["Beam Cell+1","Coolheaded","Sunder+1"],"picked":"SKIP","floor":39},{"not_picked":["Undo+1","Compile Driver"],"picked":"Echo Form","floor":40},{"not_picked":["Beam Cell","Go for the Eyes+1"],"picked":"Doom and Gloom+1","floor":42},{"not_picked":["Gash","Barrage"],"picked":"Seek","floor":45},{"not_picked":["Stack","Scrape","Leap+1"],"picked":"SKIP","floor":48}],"player_experience":430706,"relics_obtained":[{"floor":6,"key":"aspiration:DSix"},{"floor":9,"key":"aspiration:ChemicalBlood"},{"floor":12,"key":"Bag of Marbles"},{"floor":23,"key":"Guardian:PocketSentry"},{"floor":26,"key":"PreservedInsect"},{"floor":28,"key":"Lizard Tail"},{"floor":40,"key":"Meat on the Bone"},{"floor":42,"key":"HornCleat"},{"floor":43,"key":"Bottled Lightning"},{"floor":45,"key":"Pen Nib"}],"event_choices":[{"damage_healed":0,"gold_gain":0,"player_choice":"Paid Gold","damage_taken":0,"relics_obtained":["Ancient Tea Set"],"max_hp_gain":0,"max_hp_loss":0,"event_name":"WeMeetAgain","floor":3,"gold_loss":62},{"damage_healed":0,"gold_gain":0,"player_choice":"Got Potions","damage_taken":0,"max_hp_gain":0,"max_hp_loss":0,"event_name":"Lab","floor":10,"gold_loss":0},{"damage_healed":0,"gold_gain":99,"player_choice":"Stole From Cult","damage_taken":0,"max_hp_gain":0,"max_hp_loss":0,"event_name":"Nest","floor":20,"gold_loss":0},{"cards_removed":["Core Surge"],"damage_healed":49,"gold_gain":0,"player_choice":"Offered Rare","damage_taken":0,"max_hp_gain":10,"max_hp_loss":0,"event_name":"Bonfire Elementals","floor":30,"gold_loss":0},{"damage_healed":0,"gold_gain":0,"player_choice":"Rummage","damage_taken":0,"relics_obtained":["WarpedTongs"],"max_hp_gain":0,"max_hp_loss":0,"event_name":"Accursed Blacksmith","floor":37,"gold_loss":0,"cards_obtained":["Pain"]},{"damage_healed":0,"gold_gain":0,"player_choice":"Bought 0 Potions","damage_taken":0,"max_hp_gain":0,"max_hp_loss":0,"event_name":"The Woman in Blue","floor":44,"gold_loss":0}],"is_beta":false,"boss_relics":[{"not_picked":["Velvet Choker","Busted Crown"],"picked":"hubris:Backtick"},{"not_picked":["hubris:RunicObelisk","Runic Dome"],"picked":"Sozu"}],"items_purged_floors":[19,31,47],"is_endless":false,"potions_floor_spawned":[6,7,23,27,38,42,45],"killed_by":"Time Eater","ascension_level":3}}