{"host":"qc268ltokmxwqyrx","time":1609089723,"event":{"mods":["BaseMod","Colored Map","Minty Spire (QoL Compilation)","Relic Stats","Slay the Relics Exporter","StSLib"],"gold_per_floor":[118,118,118,118,138,169,189,189,189,189,189,189,189],"floor_reached":12,"playtime":663,"items_purged":[],"score":156,"play_id":"22ec22b7-71d2-4107-8981-c10c77d846fa","local_time":"20201227112203","is_ascension_mode":true,"campfire_choices":[{"floor":11,"key":"REST"}],"circlet_count":0,"master_deck":["AscendersBane","Strike_G","Strike_G","Strike_G","Strike_G","Defend_G","Defend_G","Defend_G","Defend_G","Defend_G","Survivor","Neutralize","Poisoned Stab+1","Deadly Poison","Footwork","PiercingWail"],"relics":["Ring of the Snake","Golden Idol","Meat on the Bone","Toxic Egg 2"],"acts_visited":[],"potions_floor_usage":[6],"damage_taken":[{"damage":0.0,"enemies":"2 Louse","floor":1.0,"turns":3.0},{"damage":2.0,"enemies":"Jaw Worm","floor":2.0,"turns":4.0},{"damage":2,"enemies":"Small Slimes","floor":5,"turns":4},{"damage":39,"enemies":"3 Sentries","floor":6,"turns":12},{"damage":0,"enemies":"Looter","floor":7,"turns":4},{"damage":79,"enemies":"Gremlin Nob","floor":12,"turns":6}],"seed_played":"-2489847077896810126","potions_obtained":[{"floor":5,"key":"DuplicationPotion"}],"is_trial":false,"path_per_floor":["M","M","?","?","M","E","M","?","T","T","R","E"],"character_chosen":"THE_SILENT","items_purchased":[],"campfire_rested":1,"item_purchase_floors":[],"current_hp_per_floor":[65,63,63,63,61,22,34,27,27,27,46,0,0],"gold":189,"neow_bonus":"TEN_PERCENT_HP_BONUS","is_daily":false,"chose_seed":false,"campfire_upgraded":0,"win_rate":0.0,"timestamp":1609089723,"path_taken":["M","M","?","?","M","E","M","?","T","?","R","E"],"items_purchased_type":[],"build_version":"2020-12-22","purchased_purges":0,"victory":false,"max_hp_per_floor":[72,72,72,65,65,65,65,65,65,65,65,65,65],"relic_stats":{"counters":[6,33],"Golden Idol":14,"obtain_stats":[{"Golden Idol":4,"Toxic Egg 2":10,"Ring of the Snake":0,"Meat on the Bone":6},{"Golden Idol":2,"Toxic Egg 2":5,"Ring of the Snake":0,"Meat on the Bone":4},{"Golden Idol":7,"Toxic Egg 2":27,"Ring of the Snake":0,"Meat on the Bone":23}],"Ring of the Snake":[12],"Meat on the Bone":12},"card_choices":[{"not_picked":["Flying Knee","Footwork"],"picked":"Poisoned Stab","floor":1.0},{"not_picked":["Accuracy","Backflip"],"picked":"Deadly Poison","floor":5},{"not_picked":["Reflex","Riddle With Holes"],"picked":"Footwork","floor":6},{"not_picked":["Escape Plan","All Out Attack"],"picked":"PiercingWail","floor":7}],"player_experience":1678294,"relics_obtained":[{"floor":6,"key":"Meat on the Bone"},{"floor":10,"key":"Toxic Egg 2"}],"event_choices":[{"damage_healed":0,"gold_gain":0,"player_choice":"Grow","damage_taken":0,"max_hp_gain":0,"max_hp_loss":0,"event_name":"Living Wall","floor":3,"gold_loss":0,"cards_upgraded":["Poisoned Stab"]},{"damage_healed":0,"gold_gain":0,"player_choice":"Lose Max HP","damage_taken":0,"relics_obtained":["Golden Idol"],"max_hp_gain":0,"max_hp_loss":7,"event_name":"Golden Idol","floor":4,"gold_loss":0},{"cards_removed":["Strike_G"],"damage_healed":0,"gold_gain":0,"player_choice":"Card Removal","damage_taken":7,"max_hp_gain":0,"max_hp_loss":0,"event_name":"Golden Wing","floor":8,"gold_loss":0}],"is_beta":false,"boss_relics":[],"items_purged_floors":[],"is_endless":false,"potions_floor_spawned":[2,5],"killed_by":"Gremlin Nob","ascension_level":20}}