{"host":"Zion","time":1609102162,"event":{"mods":["AchievementEnabler","BaseMod","Colored Map","DeckTracker","Minty Spire (QoL Compilation)","Quick Restart","Rare Cards Sparkle"],"gold_per_floor":[110,185,198,215,140,167,179,206,232,232,232,244,122,136,136,238,238,255,255,11,24,24,58,74,74,74,74,105,55,0,30,30,131,131,151,101,116,116,116,116,132,132,180,193,193,212,162,112,112,112,112],"floor_reached":50,"playtime":2728,"items_purged":["Strike_P","Defend_P","Defend_P","Defend_P","Strike_P","Defend_P","FollowUp+1"],"score":670,"play_id":"86deab95-71d9-44ed-8225-b37ab240da76","local_time":"20201228054922","is_ascension_mode":true,"campfire_choices":[{"data":"EmptyFist","floor":10.0,"key":"SMITH"},{"data":"Adaptation","floor":15.0,"key":"SMITH"},{"data":"CutThroughFate","floor":25.0,"key":"SMITH"},{"data":"FlurryOfBlows","floor":27.0,"key":"SMITH"},{"data":"FollowUp","floor":32.0,"key":"SMITH"},{"floor":40.0,"key":"RECALL"},{"data":"Scrawl","floor":42.0,"key":"SMITH"},{"data":"FearNoEvil","floor":49,"key":"SMITH"}],"circlet_count":0,"master_deck":["Eruption+1","Vigilance+1","FlurryOfBlows+1","Adaptation+1","CutThroughFate+1","FearNoEvil+1","InnerPeace","Scrawl+1","Tantrum+1"],"relics":["PureWater","Smiling Mask","Vajra","Tiny Chest","Empty Cage","The Courier","Question Card","Omamori","Mummified Hand","Dead Branch","Toy Ornithopter","Sozu","Oddly Smooth Stone"],"acts_visited":["Exordium","TheCity","TheBeyond"],"potions_floor_usage":[],"damage_taken":[{"damage":2.0,"enemies":"Small Slimes","floor":1.0,"turns":3.0},{"damage":0.0,"enemies":"Jaw Worm","floor":3.0,"turns":2.0},{"damage":0.0,"enemies":"Cultist","floor":4.0,"turns":2.0},{"damage":18.0,"enemies":"Gremlin Nob","floor":6.0,"turns":4.0},{"damage":7.0,"enemies":"Gremlin Gang","floor":7.0,"turns":3.0},{"damage":17.0,"enemies":"Lagavulin","floor":8.0,"turns":8.0},{"damage":0.0,"enemies":"3 Louse","floor":12.0,"turns":2.0},{"damage":0.0,"enemies":"Large Slime","floor":14.0,"turns":5.0},{"damage":0.0,"enemies":"Slime Boss","floor":16.0,"turns":6.0},{"damage":14.0,"enemies":"2 Thieves","floor":18.0,"turns":4.0},{"damage":2.0,"enemies":"Chosen","floor":21.0,"turns":2.0},{"damage":4.0,"enemies":"Slavers","floor":23.0,"turns":4.0},{"damage":0.0,"enemies":"Centurion and Healer","floor":24.0,"turns":2.0},{"damage":21.0,"enemies":"Book of Stabbing","floor":28.0,"turns":3.0},{"damage":1.0,"enemies":"Gremlin Leader","floor":31.0,"turns":2.0},{"damage":1.0,"enemies":"Collector","floor":33.0,"turns":5.0},{"damage":0.0,"enemies":"Orb Walker","floor":35.0,"turns":1.0},{"damage":1.0,"enemies":"3 Shapes","floor":37.0,"turns":1.0},{"damage":0.0,"enemies":"Jaw Worm Horde","floor":41.0,"turns":1.0},{"damage":0,"enemies":"4 Shapes","floor":44,"turns":2},{"damage":0,"enemies":"Spire Growth","floor":46,"turns":1},{"damage":102,"enemies":"Time Eater","floor":50,"turns":4}],"seed_played":"6097912347214193340","potions_obtained":[{"floor":1.0,"key":"DuplicationPotion"},{"floor":3.0,"key":"Dexterity Potion"},{"floor":4.0,"key":"Fruit Juice"},{"floor":12.0,"key":"Block Potion"},{"floor":14.0,"key":"ColorlessPotion"},{"floor":23.0,"key":"SpeedPotion"},{"floor":24.0,"key":"FairyPotion"}],"is_trial":false,"path_per_floor":["M","?","M","M","$","E","M","E","T","R","?","M","$","M","R","B",null,"M","T","$","M","?","E","M","R","T","R","E","$","?","E","R","B",null,"M","$","M","?","T","R","M","R","T","M","?","M","$","$","R","B"],"character_chosen":"WATCHER","items_purchased":["Adaptation","Question Card"],"campfire_rested":0,"item_purchase_floors":[13,20],"current_hp_per_floor":[70,59,59,64,64,46,39,22,22,22,22,22,22,22,22,22,77,63,63,63,61,61,57,57,57,57,57,36,36,36,35,35,34,77,77,77,76,76,76,76,76,76,76,76,73,73,73,73,73,0,0],"gold":112,"neow_bonus":"UPGRADE_CARD","is_daily":false,"chose_seed":false,"campfire_upgraded":7,"win_rate":0.0,"timestamp":1609102162,"path_taken":["M","?","M","M","$","E","M","E","T","R","?","?","$","?","R","BOSS","M","?","$","M","?","E","M","R","T","R","E","$","?","E","R","BOSS","M","$","M","?","?","R","M","R","T","M","?","M","?","$","R","BOSS"],"items_purchased_type":["Card","Relic"],"build_version":"2020-12-18","purchased_purges":7,"victory":false,"max_hp_per_floor":[72,72,72,77,77,77,77,77,77,77,77,77,77,77,77,77,77,77,77,77,77,77,77,77,77,77,77,77,77,77,77,77,77,77,77,77,77,77,77,77,77,77,77,77,73,73,73,73,73,73,73],"card_choices":[{"not_picked":["Halt","CrushJoints","Wallop"],"picked":"SKIP","floor":1.0},{"not_picked":["Conclude","ClearTheMind"],"picked":"EmptyFist","floor":3.0},{"not_picked":["BowlingBash","ThirdEye","Halt"],"picked":"SKIP","floor":4.0},{"not_picked":["Evaluate","Fasting2"],"picked":"FollowUp","floor":6.0},{"not_picked":["Halt","ReachHeaven","Brilliance"],"picked":"SKIP","floor":7.0},{"not_picked":["Halt","BowlingBash","FollowUp"],"picked":"SKIP","floor":8.0},{"not_picked":["Weave","ThirdEye"],"picked":"FlurryOfBlows","floor":12.0},{"not_picked":["JustLucky","PathToVictory"],"picked":"CutThroughFate","floor":14.0},{"not_picked":["Evaluate","Study","Sanctity"],"picked":"SKIP","floor":18.0},{"not_picked":["Consecrate","FollowUp","Protect"],"picked":"FearNoEvil","floor":21.0},{"not_picked":["SashWhip","Wallop","Pray+1"],"picked":"InnerPeace","floor":23.0},{"not_picked":["Weave","EmptyMind","LikeWater+1","Crescendo"],"picked":"SKIP","floor":24.0},{"not_picked":["EmptyFist","ThirdEye","EmptyBody","FollowUp"],"picked":"SKIP","floor":28.0},{"not_picked":["ThirdEye","MasterReality","ConjureBlade","Meditate"],"picked":"SKIP","floor":31.0},{"not_picked":["MasterReality","SpiritShield","Brilliance"],"picked":"Scrawl","floor":33.0},{"not_picked":["EmptyFist","ThirdEye","FollowUp+1","Halt+1"],"picked":"SKIP","floor":35.0},{"not_picked":["CrushJoints+1","Prostrate","EmptyFist","SashWhip"],"picked":"SKIP","floor":37.0},{"not_picked":["EmptyBody+1","PathToVictory","Consecrate+1"],"picked":"Tantrum+1","floor":41.0},{"not_picked":["Protect","Wallop+1","Crescendo+1","FollowUp+1"],"picked":"SKIP","floor":44},{"not_picked":["Protect","Wallop+1","Crescendo+1","FollowUp+1"],"picked":"SKIP","floor":44},{"not_picked":["LikeWater+1","Collect+1","Wireheading","SignatureMove"],"picked":"SKIP","floor":46}],"player_experience":178830,"relics_obtained":[{"floor":6.0,"key":"Smiling Mask"},{"floor":8.0,"key":"Vajra"},{"floor":9.0,"key":"Tiny Chest"},{"floor":19.0,"key":"The Courier"},{"floor":23.0,"key":"Omamori"},{"floor":26.0,"key":"Mummified Hand"},{"floor":28.0,"key":"Dead Branch"},{"floor":31.0,"key":"Toy Ornithopter"},{"floor":43.0,"key":"Oddly Smooth Stone"}],"event_choices":[{"damage_healed":0.0,"max_hp_gain":0.0,"max_hp_loss":0.0,"gold_gain":75.0,"event_name":"World of Goop","player_choice":"Gather Gold","floor":2.0,"gold_loss":0.0,"damage_taken":11.0},{"damage_healed":0.0,"max_hp_gain":0.0,"max_hp_loss":0.0,"gold_gain":0.0,"event_name":"Accursed Blacksmith","player_choice":"Forge","floor":11.0,"gold_loss":0.0,"damage_taken":0.0,"cards_upgraded":["Vigilance"]},{"damage_healed":0.0,"max_hp_gain":0.0,"max_hp_loss":0.0,"gold_gain":0.0,"event_name":"Cursed Tome","player_choice":"Ignored","floor":22.0,"gold_loss":0.0,"damage_taken":0.0},{"damage_healed":0.0,"max_hp_gain":0.0,"max_hp_loss":0.0,"gold_gain":0.0,"event_name":"Masked Bandits","player_choice":"Paid Fearfully","floor":30.0,"gold_loss":55.0,"damage_taken":0.0},{"cards_removed":["EmptyFist"],"damage_healed":0.0,"max_hp_gain":0.0,"max_hp_loss":0.0,"gold_gain":0.0,"event_name":"Falling","player_choice":"Removed Attack","floor":38.0,"gold_loss":0.0,"damage_taken":0.0},{"damage_healed":0,"gold_gain":0,"player_choice":"Max HP","damage_taken":0,"max_hp_gain":0,"max_hp_loss":4,"event_name":"Winding Halls","floor":45,"gold_loss":0}],"is_beta":true,"boss_relics":[{"not_picked":["Pandora\u0027s Box","Fusion Hammer"],"picked":"Empty Cage"},{"not_picked":["Astrolabe","Busted Crown"],"picked":"Sozu"}],"items_purged_floors":[5,13,20,29,36,47,48],"is_endless":false,"potions_floor_spawned":[1,3,4,12,14,23,24,37,44],"killed_by":"Time Eater","ascension_level":3}}