{"host":"zv85muor2723jdwz","time":1609077475,"event":{"mods":["BaseMod","CapriCore","Decade(王小明)","KinomotoSakuraMod(木之本樱)","Marisa（F雨　魔理沙）","Minty Spire (QoL Compilation)","Reimu（博丽灵梦）","Remilia（蕾米莉亚）","StSLib","The Bug Knight","The Immortal","The Servant 0.9.4","WarShipGirlsR/战舰少女R mod","Yakumo Yukari mod","Youmu（魂魄妖梦）","Yuri Mod","Yuyuko"],"gold_per_floor":[114,114,132,152,7,17,17,50,75,92,23,78,78,110,110,211,211,229,529,529,529,544,875,892,892,892],"floor_reached":25,"playtime":1247,"items_purged":["yuri:yuriStrike"],"score":256,"play_id":"0f1e6033-6aec-400a-9032-dcdae9b11d5f","local_time":"20201227215755","is_ascension_mode":false,"campfire_choices":[{"data":"yuri:HeavierStrike","floor":7,"key":"SMITH"},{"data":"yuri:NoEscape","floor":13,"key":"SMITH"},{"floor":15,"key":"REST"}],"circlet_count":0,"master_deck":["yuri:yuriStrike","yuri:yuriStrike","yuri:yuriStrike","yuri:yuriDefend","yuri:yuriDefend","yuri:yuriDefend","yuri:Oolong","yuri:yuriStab","yuri:WickedSlash","yuri:MPose","yuri:TeaSet","yuri:NoEscape+1","yuri:HeavierStrike+1","yuri:AdaptiveAI","yuri:ThrowBook","yuri:BookRed","yuri:ReactiveMadness","yuri:Torment","yuri:ReactiveMadness","Greed_TH","yuri:SturdyUniform","yuri:Torment","yuri:CalmingAura","yuri:Parry"],"relics":["yuri:yuriKnife","NeowsBlessing","ScarletDevilRocket","Ancient Tea Set","MealTicket","Black Star","FaceOfCleric","Old Coin","Lantern"],"acts_visited":["Exordium","TheCity"],"potions_floor_usage":[10,16,16,18,23,23,23,23,24,25],"damage_taken":[{"damage":0,"enemies":"Small Slimes","floor":1,"turns":1},{"damage":0,"enemies":"Cultist","floor":3,"turns":1},{"damage":0,"enemies":"Jaw Worm","floor":4,"turns":1},{"damage":3,"enemies":"Exordium Wildlife","floor":6,"turns":2},{"damage":27,"enemies":"Gremlin Nob","floor":8,"turns":4},{"damage":10,"enemies":"3 Louse","floor":10,"turns":2},{"damage":25,"enemies":"Lagavulin","floor":14,"turns":6},{"damage":45,"enemies":"Hexaghost","floor":16,"turns":8},{"damage":15,"enemies":"3 Byrds","floor":18,"turns":5},{"damage":16,"enemies":"Chosen","floor":22,"turns":5},{"damage":20,"enemies":"Gremlin Leader","floor":23,"turns":6},{"damage":14,"enemies":"Snecko","floor":24,"turns":8},{"damage":41,"enemies":"3 Cultists","floor":25,"turns":6}],"seed_played":"243073426188034991","potions_obtained":[{"floor":3,"key":"ZuzhouPotion:ReiMu"},{"floor":4,"key":"Explosive Potion"},{"floor":14,"key":"BlessingOfTheForge"},{"floor":16,"key":"EntropicBrew"}],"is_trial":false,"path_per_floor":["M","?","M","M","$","M","R","E","T","M","$","?","R","E","R","B",null,"M","?","?","?","M","E","M","M"],"character_chosen":"YURI","items_purchased":["yuri:NoEscape","yuri:BookRed"],"campfire_rested":1,"item_purchase_floors":[5,11],"current_hp_per_floor":[80,80,80,80,80,77,77,54,54,48,48,48,48,30,54,16,80,65,65,65,65,53,38,32,0,0],"gold":892,"neow_bonus":"THREE_ENEMY_KILL","is_daily":false,"chose_seed":false,"campfire_upgraded":2,"win_rate":0.0,"timestamp":1609077475,"path_taken":["M","?","?","M","$","M","R","E","T","M","$","?","R","E","R","BOSS","M","?","?","?","M","E","M","M"],"items_purchased_type":["Card","Card"],"build_version":"2020-12-22","purchased_purges":1,"victory":false,"max_hp_per_floor":[80,80,80,80,80,80,80,80,80,80,80,80,80,80,80,80,80,80,80,80,80,81,82,83,83,83],"card_choices":[{"not_picked":["yuri:MPose","yuri:DeepBreathing"],"picked":"yuri:WickedSlash","floor":1},{"not_picked":["yuri:UnstableStrike","yuri:NerfBat"],"picked":"yuri:TeaSet","floor":3},{"not_picked":["yuri:SelfHarm","yuri:BookPurple","yuri:ThornRemove"],"picked":"SKIP","floor":4},{"not_picked":["yuri:Skip","yuri:GrowingInsanity"],"picked":"yuri:HeavierStrike","floor":6},{"not_picked":["yuri:RecklessStrike","yuri:BookGreen"],"picked":"yuri:AdaptiveAI","floor":8},{"not_picked":["yuri:Spin","yuri:BookBlue"],"picked":"yuri:ThrowBook","floor":10},{"not_picked":["yuri:DeepBreathing","yuri:yuriQuickStrike"],"picked":"yuri:ReactiveMadness","floor":14},{"not_picked":["yuri:Suicide","yuri:GlitchRemove"],"picked":"yuri:Torment","floor":16},{"not_picked":["yuri:CalmingAura","yuri:UnstableStrike+1"],"picked":"yuri:ReactiveMadness","floor":18},{"not_picked":["yuri:RecklessStrike","yuri:CorruptHitbox"],"picked":"yuri:CalmingAura","floor":22},{"not_picked":["yuri:ThrowBook+1","yuri:UnstableStrike+1"],"picked":"yuri:Parry","floor":23},{"not_picked":["yuri:UnstableStrike+1","yuri:ThrowingKnives","yuri:BookBlue"],"picked":"SKIP","floor":24}],"player_experience":36680,"relics_obtained":[{"floor":8,"key":"ScarletDevilRocket"},{"floor":9,"key":"Ancient Tea Set"},{"floor":14,"key":"MealTicket"},{"floor":23,"key":"Old Coin"},{"floor":23,"key":"Lantern"}],"event_choices":[{"damage_healed":0,"gold_gain":0,"cards_transformed":["yuri:yuriDefend"],"player_choice":"Transformed","damage_taken":0,"max_hp_gain":0,"max_hp_loss":0,"event_name":"Transmorgrifier","floor":2,"gold_loss":0,"cards_obtained":["yuri:MPose"]},{"damage_healed":0,"gold_gain":55,"player_choice":"Gained Gold","damage_taken":0,"max_hp_gain":0,"max_hp_loss":0,"event_name":"Golden Wing","floor":12,"gold_loss":0},{"damage_healed":0,"gold_gain":0,"cards_transformed":["yuri:yuriStrike","yuri:yuriDefend"],"player_choice":"Became Test Subject","damage_taken":0,"max_hp_gain":0,"max_hp_loss":0,"event_name":"Drug Dealer","floor":20,"gold_loss":0,"cards_obtained":["yuri:SturdyUniform","yuri:Torment"]},{"damage_healed":0,"gold_gain":0,"player_choice":"Trade","damage_taken":0,"relics_obtained":["FaceOfCleric"],"max_hp_gain":0,"max_hp_loss":0,"event_name":"FaceTrader","floor":21,"gold_loss":0}],"is_beta":false,"boss_relics":[{"not_picked":["yuri:PortraitOfMarkov","Snecko Eye"],"picked":"Black Star"}],"items_purged_floors":[5],"is_endless":false,"potions_floor_spawned":[3,4,14,16,22],"killed_by":"3 Cultists","ascension_level":0}}