{"host":"69rply1jf2d1wbmp","time":1609037175,"event":{"mods":["BaseMod","Minty Spire (QoL Compilation)","Quick Restart"],"gold_per_floor":[117,128,0,12,25,25,41,41,41,74,74,74,93,103,103,205,205,225,26,0,20,20,20,20,20,20,120,120,120],"floor_reached":28,"playtime":756,"items_purged":["Strike_R"],"score":218,"play_id":"e6757112-a7c1-4303-b300-587141da2273","local_time":"20201226214615","is_ascension_mode":false,"campfire_choices":[{"data":"Inflame","floor":6,"key":"SMITH"},{"data":"Bash","floor":8,"key":"SMITH"},{"data":"Armaments","floor":12,"key":"SMITH"},{"floor":15,"key":"REST"},{"floor":23,"key":"REST"},{"data":"Berserk","floor":25,"key":"SMITH"}],"circlet_count":0,"master_deck":["Strike_R","Strike_R","Strike_R","Defend_R","Defend_R","Defend_R","Defend_R","Bash+1","Sword Boomerang","Inflame+1","Shrug It Off","Twin Strike","Carnage","Armaments+1","Berserk+1","Flame Barrier","Feed","Anger+1"],"relics":["Black Blood","Orichalcum","Regal Pillow","CultistMask","Shovel","Charon\u0027s Ashes","InkBottle"],"acts_visited":["Exordium","TheCity"],"potions_floor_usage":[10,13,13,14,16,27,27],"damage_taken":[{"damage":18,"enemies":"Cultist","floor":1,"turns":6},{"damage":6,"enemies":"Jaw Worm","floor":2,"turns":4},{"damage":10,"enemies":"Small Slimes","floor":4,"turns":3},{"damage":9,"enemies":"Blue Slaver","floor":5,"turns":4},{"damage":5,"enemies":"2 Fungi Beasts","floor":7,"turns":4},{"damage":18,"enemies":"Lagavulin","floor":10,"turns":5},{"damage":38,"enemies":"Gremlin Gang","floor":13,"turns":5},{"damage":0,"enemies":"Red Slaver","floor":14,"turns":2},{"damage":33,"enemies":"Slime Boss","floor":16,"turns":7},{"damage":46,"enemies":"2 Thieves","floor":18,"turns":5},{"damage":0,"enemies":"Chosen","floor":21,"turns":4},{"damage":2,"enemies":"Colosseum Slavers","floor":27,"turns":4},{"damage":31,"enemies":"Colosseum Nobs","floor":27,"turns":5},{"damage":70,"enemies":"Gremlin Leader","floor":28,"turns":6}],"seed_played":"4440054159341940242","potions_obtained":[{"floor":7,"key":"BloodPotion"},{"floor":10,"key":"SteroidPotion"},{"floor":13,"key":"DuplicationPotion"},{"floor":14,"key":"Weak Potion"},{"floor":18,"key":"Explosive Potion"}],"is_trial":false,"path_per_floor":["M","M","$","M","M","R","M","R","T","E","?","R","M","M","R","B",null,"M","$","?","M","$","R","?","R","T","?","E"],"character_chosen":"IRONCLAD","items_purchased":["Inflame","PowerPotion","Feed","SkillPotion"],"campfire_rested":2,"item_purchase_floors":[3,3,19,19],"current_hp_per_floor":[68,68,68,64,61,61,62,62,62,50,50,50,34,40,79,52,80,46,46,46,58,58,80,80,80,80,61,0,0],"gold":120,"neow_bonus":"REMOVE_CARD","is_daily":false,"chose_seed":false,"campfire_upgraded":4,"win_rate":0.0,"timestamp":1609037175,"path_taken":["M","M","$","M","M","R","?","R","T","E","?","R","M","M","R","BOSS","M","$","?","M","$","R","?","R","T","?","E"],"items_purchased_type":["Card","Potion","Card","Potion"],"build_version":"2020-12-22","purchased_purges":1,"victory":false,"max_hp_per_floor":[80,80,80,80,80,80,80,80,80,80,80,80,80,80,80,80,80,80,80,80,80,80,80,80,80,80,80,80,80],"card_choices":[{"not_picked":["Headbutt","Reckless Charge"],"picked":"Sword Boomerang","floor":1},{"not_picked":["Havoc","Pommel Strike","Warcry"],"picked":"SKIP","floor":2},{"not_picked":["Power Through","Perfected Strike"],"picked":"Shrug It Off","floor":4},{"not_picked":["Anger","Second Wind"],"picked":"Twin Strike","floor":5},{"not_picked":["Iron Wave","Anger"],"picked":"Carnage","floor":7},{"not_picked":["Reaper","Pummel"],"picked":"Armaments","floor":10},{"not_picked":["Pommel Strike","Clash","Hemokinesis"],"picked":"SKIP","floor":13},{"not_picked":["Iron Wave","Anger","True Grit"],"picked":"SKIP","floor":14},{"not_picked":["Bludgeon","Feed"],"picked":"Berserk","floor":16},{"not_picked":["Heavy Blade+1","Blood for Blood"],"picked":"Flame Barrier","floor":18},{"not_picked":["Flex","Clash"],"picked":"Anger+1","floor":21}],"player_experience":409500,"relics_obtained":[{"floor":9,"key":"Orichalcum"},{"floor":10,"key":"Regal Pillow"},{"floor":26,"key":"Shovel"},{"floor":27,"key":"Charon\u0027s Ashes"},{"floor":27,"key":"InkBottle"}],"event_choices":[{"damage_healed":0,"gold_gain":0,"player_choice":"Trade","damage_taken":0,"relics_obtained":["CultistMask"],"max_hp_gain":0,"max_hp_loss":0,"event_name":"FaceTrader","floor":11,"gold_loss":0},{"damage_healed":0,"gold_gain":0,"player_choice":"Paid Fearfully","damage_taken":0,"max_hp_gain":0,"max_hp_loss":0,"event_name":"Masked Bandits","floor":20,"gold_loss":26},{"damage_healed":0,"gold_gain":0,"player_choice":"Ignored","damage_taken":0,"max_hp_gain":0,"max_hp_loss":0,"event_name":"Vampires","floor":24,"gold_loss":0},{"damage_healed":0,"gold_gain":0,"player_choice":"Fight","damage_taken":0,"max_hp_gain":0,"max_hp_loss":0,"event_name":"Colosseum","floor":27,"gold_loss":0},{"damage_healed":0,"gold_gain":0,"player_choice":"Fought Nobs","damage_taken":0,"max_hp_gain":0,"max_hp_loss":0,"event_name":"Colosseum","floor":27,"gold_loss":0}],"is_beta":false,"boss_relics":[{"not_picked":["Philosopher\u0027s Stone","Runic Pyramid"],"picked":"Black Blood"}],"items_purged_floors":[19],"is_endless":false,"potions_floor_spawned":[7,10,13,14,18,27],"killed_by":"Gremlin Leader","ascension_level":0}}