{"host":"43ljbksi7ebmxfn8","time":1609079161,"event":{"mods":["Act Like it!","BaseMod","Gensokyo","Minty Spire (QoL Compilation)","MostiFishMod","Pale of the Ancients","Quick Restart","Shop Mod","Spicy Shops","StSLib","TestMod","篝火指南"],"gold_per_floor":[117,117,517,530,549,577,147,147,170,203,220,246,264,264,264,343,343,357,357,652,1862,1934,1967,1967,1996,2049,2083,2093,2093,2122,2222,1565,1733,1733,1752,2004,2019,186,198,827,840,2382,2382,2952,3380,3829,4923,6066,2888,3561,4274,5033,5033,3027,2806,3326,3067,26,26,824],"floor_reached":61,"playtime":4463,"items_purged":["Strike_B","Defend_B","Shame","Writhe","Strike_B+1","Defend_B","Strike_B"],"score":2771,"play_id":"b1812396-abda-4952-a3b9-0b9ef689dbd8","local_time":"20201227222601","is_ascension_mode":true,"campfire_choices":[{"floor":15.0,"key":"RECALL"}],"circlet_count":18,"master_deck":["AscendersBane","Strike_B","Defend_B","Defend_B","Zap","Dualcast","MostiFishMod:Hijack+1","Tempest","White Noise","MostiFishMod:LinkProtocol","White Noise","Meteor Strike+1","White Noise+1","White Noise+1","Gensokyo:FourOfAKind","Gensokyo:FourOfAKind","Gensokyo:FourOfAKind+1","Electrodynamics","Double Energy","Coolheaded","Gensokyo:AllTheWorldsEvil","Double Energy+1","MostiFishMod:IntelligentEquipment","Gensokyo:ShootingStar","Creative AI","Defragment","MostiFishMod:DeathFromBelow+1","White Noise+1","Amplify+1","Seek+1","MostiFishMod:Nova+1","Multi-Cast+1","testmod-Dream+1","MostiFishMod:PerfectForm+1","Injury","Heatsinks"],"relics":["Cracked Core","testmod-TestBox","The Courier","testmod-ChristmasGift","SynthV:TestCard","testmod-LifeArmor","MerchantsRug","InkBottle","Gensokyo:Justice","Kunai","Vajra","Gensokyo:OccultBall","NightmareShop","Gensokyo:RedStar","Ornamental Fan","testmod-TurbochargingSystem","testmod-Antiphasic","Orichalcum","Pen Nib","testmod-Maize","OriginationStaff","Membership Card","ClockworkSouvenir","ImprovedEquipment","Mummified Hand","Transparent","Bag of Preparation","testmod-AssaultLearning","Omamori","Medical Kit","Calipers","Toxic Egg 2","Gremlin Horn","testmod-IndustrialRevolution","Molten Egg 2","testmod-CasingShield","testmod-Hope","Juzu Bracelet","Blue Candle","Blood Vial","Cables","Oddly Smooth Stone","Boot","Happy Flower","Art of War","Darkstone Periapt","Nunchaku","Centennial Puzzle","testmod-Acrobat","Lantern","testmod-ThousandKnives","Sundial","Toy Ornithopter","testmod-ArcanaOfDestiny","Letter Opener","Shuriken","testmod-Nyarlathotep","testmod-Déjàvu","Ginger","testmod-EqualTreatment","Incense Burner","Thread and Needle","TungstenRod","testmod-RealStoneCalender","Civilization","testmod-HeartOfStrike","BionicSphere","testmod-Muramasa","Bird Faced Urn","Ice Cream","paleoftheancients:Timepiece","paleoftheancients:KeyRelic","Bronze Scales","Lizard Tail","Strange Spoon","testmod-ObsoleteBoomerang","TheAbacus","Emotion Chip","Dead Branch","FossilizedHelix","testmod-InjuryResistance","testmod-ConstraintPeriapt","testmod-CyclicPeriapt","Unceasing Top","testmod-TheFather","Du-Vu Doll","DaCapo","Turnip","Torii","testmod-CrystalShield","Pocketwatch","SentryEyes","CaptainsWheel","testmod-Laevatain","testmod-BouquetWithThorns","Gambling Chip","TimeFreeze","Frozen Eye","paleoftheancients:SoulOfTheHexaghost","Technique","OrangePellets","PrismaticShard","Circlet"],"acts_visited":["Exordium","Gensokyo:Gensokyo","Gensokyo:Gensokyoer","Gensokyo:Gensokyoest"],"potions_floor_usage":[],"damage_taken":[{"damage":15.0,"enemies":"Gensokyo:3_Fairies","floor":1.0,"turns":10.0},{"damage":16.0,"enemies":"Gensokyo:2_Kodama","floor":4.0,"turns":4.0},{"damage":0.0,"enemies":"Gensokyo:Python","floor":5.0,"turns":2.0},{"damage":34.0,"enemies":"Gensokyo:Cirno","floor":6.0,"turns":6.0},{"damage":20.0,"enemies":"Gensokyo:Aya","floor":10.0,"turns":5.0},{"damage":0.0,"enemies":"Gensokyo:Gryphon_and_Rabbit","floor":11.0,"turns":2.0},{"damage":4.0,"enemies":"Gensokyo:Cirno","floor":12.0,"turns":6.0},{"damage":26.0,"enemies":"Gensokyo:LivingMonolith","floor":13.0,"turns":4.0},{"damage":24.0,"enemies":"Gensokyo:Reimu","floor":16.0,"turns":13.0},{"damage":11.0,"enemies":"Gensokyo:3_Dogs","floor":18.0,"turns":3.0},{"damage":39.0,"enemies":"Gensokyo:AngelMirror","floor":20.0,"turns":3.0},{"damage":43.0,"enemies":"Gensokyo:Slime_Group","floor":21.0,"turns":5.0},{"damage":12.0,"enemies":"Gensokyo:Tenshi","floor":23.0,"turns":3.0},{"damage":8.0,"enemies":"Gensokyo:Koishi","floor":25.0,"turns":4.0},{"damage":14.0,"enemies":"Gensokyo:Reisen","floor":27.0,"turns":4.0},{"damage":3.0,"enemies":"Gensokyo:3_Gloops","floor":28.0,"turns":3.0},{"damage":19.0,"enemies":"Gensokyo:Tenshi","floor":30.0,"turns":3.0},{"damage":0.0,"enemies":"Gensokyo:Tenshi","floor":31.0,"turns":5.0},{"damage":12.0,"enemies":"Gensokyo:Eiki","floor":33.0,"turns":4.0},{"damage":10.0,"enemies":"Gensokyo:3_Bats","floor":35.0,"turns":2.0},{"damage":28.0,"enemies":"Gensokyo:AncientGuardian","floor":36.0,"turns":1.0},{"damage":10.0,"enemies":"Gensokyo:AtlasGolem","floor":37.0,"turns":2.0},{"damage":6,"enemies":"Gensokyo:3_Boulders","floor":39,"turns":1},{"damage":18,"enemies":"Gensokyo:Doremy","floor":40,"turns":3},{"damage":6,"enemies":"Gensokyo:Doremy","floor":41,"turns":1},{"damage":44,"enemies":"Gensokyo:Kasen","floor":42,"turns":3},{"damage":58,"enemies":"Gensokyo:Doremy","floor":44,"turns":2},{"damage":43,"enemies":"Gensokyo:Dusk_and_Dawn","floor":45,"turns":2},{"damage":46,"enemies":"Gensokyo:3_Boulders","floor":46,"turns":1},{"damage":52,"enemies":"Gensokyo:Rafflesia","floor":47,"turns":2},{"damage":65,"enemies":"Gensokyo:Kasen","floor":48,"turns":3},{"damage":70,"enemies":"Gensokyo:Shinki","floor":50,"turns":3},{"damage":73,"enemies":"Gensokyo:Shinki","floor":51,"turns":1},{"damage":92,"enemies":"Gensokyo:Shinki","floor":52,"turns":2},{"damage":44,"enemies":"Gensokyo:Shinki","floor":56,"turns":1},{"damage":62,"enemies":"paleoftheancients:N","floor":60,"turns":2}],"seed_played":"-5535124525050432404","potions_obtained":[{"floor":4.0,"key":"PotionOfCapacity"},{"floor":12.0,"key":"PowerPotion"},{"floor":27.0,"key":"testmod-EscapePotion"},{"floor":28.0,"key":"Fire Potion"},{"floor":44,"key":"DistilledChaos"},{"floor":47,"key":"AttackPotion"}],"is_trial":false,"path_per_floor":["M","?","?","M","M","E","R","?","T","E","M","E","M","?","R","B",null,"M","?","M","M","T","E","?","E","T","E","M","?","E","?","R","B",null,"M","M","M","$","M","E","R","E","T","E","M","M","M","E","R","B","M","M","?","$","R","M","R","$","?","B",null],"character_chosen":"DEFECT","items_purchased":["MerchantsRug","InkBottle","White Noise","Membership Card","ClockworkSouvenir","ImprovedEquipment","testmod-FatalChain","ArrowTower","Mummified Hand","Bag of Preparation","testmod-AssaultLearning","Omamori","Medical Kit","Calipers","Toxic Egg 2","SynthV:C4","Gremlin Horn","Regal Pillow","Strawberry","testmod-IndustrialRevolution","Molten Egg 2","testmod-CasingShield","testmod-Hope","Juzu Bracelet","Blue Candle","Blood Vial","Cables","Oddly Smooth Stone","Boot","Happy Flower","Art of War","Darkstone Periapt","Nunchaku","Orrery","testmod-Dream+1","Whetstone","Lee\u0027s Waffle","testmod-Brilliant","testmod-ThousandKnives","Pear","HornCleat","testmod-Justice","Sundial","StrikeDummy","Toy Ornithopter","testmod-ArcanaOfDestiny","Letter Opener","Shuriken","Eternal Feather","testmod-Nyarlathotep","testmod-Fortitude","testmod-Déjàvu","Ginger","StoneCalendar","testmod-EqualTreatment","Incense Burner","PreservedInsect","Thread and Needle","TungstenRod","testmod-RealStoneCalender","Civilization","testmod-HeartOfStrike","BionicSphere","Mango","testmod-Muramasa","Bird Faced Urn","Ice Cream","MostiFishMod:PerfectForm","Lizard Tail","Strange Spoon","testmod-ObsoleteBoomerang","TheAbacus","Emotion Chip","Dead Branch","FossilizedHelix","testmod-InjuryResistance","testmod-ConstraintPeriapt","testmod-CyclicPeriapt","Unceasing Top","testmod-TheFather","Du-Vu Doll","DaCapo","Turnip","Torii","testmod-CrystalShield","Pocketwatch","SentryEyes","CaptainsWheel","testmod-Laevatain","testmod-BouquetWithThorns","Gambling Chip","TimeFreeze","Frozen Eye","Technique","OrangePellets","PrismaticShard","Circlet","Circlet","Circlet","Circlet","Circlet","Circlet","Circlet","Circlet","Circlet","Circlet","Circlet","Circlet","Circlet","Circlet","Circlet","Circlet","Circlet","Circlet","Heatsinks"],"campfire_rested":0,"item_purchase_floors":[7,7,7,32,32,32,32,32,32,38,38,38,38,38,38,38,38,38,38,38,38,38,38,38,38,38,38,38,38,38,38,38,38,38,49,49,49,49,49,49,49,49,49,49,49,49,49,49,49,49,49,49,49,49,49,49,49,49,49,49,49,49,49,49,49,49,49,54,54,54,54,54,54,54,54,54,54,54,54,54,54,54,54,54,54,54,54,54,54,54,54,55,55,57,58,58,58,58,58,58,58,58,58,58,58,58,58,58,58,58,58,58,58,58,58],"current_hp_per_floor":[54,54,54,42,44,21,21,21,21,15,24,30,19,19,19,24,54,56,56,22,12,12,11,11,24,24,27,34,34,24,47,47,50,52,52,57,57,64,64,64,64,69,69,79,84,89,94,99,130,137,146,160,160,172,172,204,204,204,204,247],"gold":824,"neow_bonus":"THREE_RARE_CARDS","is_daily":false,"chose_seed":false,"campfire_upgraded":0,"win_rate":0.0,"timestamp":1609079161,"path_taken":["M","?","?","M","M","E","R","?","T","E","?","E","M","?","R","BOSS","M","?","?","M","?","E","?","E","T","E","?","?","E","?","R","BOSS","M","?","?","$","M","E","R","E","T","E","M","M","M","E","R","BOSS","M","M","?","$","R","M","R","$","?","BOSS"],"items_purchased_type":["Relic","Relic","Card","Relic","Relic","Relic","Relic","Relic","Relic","Relic","Relic","Relic","Relic","Relic","Relic","Relic","Relic","Relic","Relic","Relic","Relic","Relic","Relic","Relic","Relic","Relic","Relic","Relic","Relic","Relic","Relic","Relic","Relic","Relic","Card","Relic","Relic","Relic","Relic","Relic","Relic","Relic","Relic","Relic","Relic","Relic","Relic","Relic","Relic","Relic","Relic","Relic","Relic","Relic","Relic","Relic","Relic","Relic","Relic","Relic","Relic","Relic","Relic","Relic","Relic","Relic","Relic","Card","Relic","Relic","Relic","Relic","Relic","Relic","Relic","Relic","Relic","Relic","Relic","Relic","Relic","Relic","Relic","Relic","Relic","Relic","Relic","Relic","Relic","Relic","Relic","Relic","Relic","Relic","Relic","Relic","Undefined","Undefined","Undefined","Undefined","Undefined","Undefined","Undefined","Undefined","Undefined","Undefined","Undefined","Undefined","Undefined","Undefined","Undefined","Undefined","Undefined","Undefined","Card"],"build_version":"2020-12-22","purchased_purges":7,"victory":true,"max_hp_per_floor":[64,64,64,64,64,64,64,64,64,64,64,64,64,64,64,64,64,64,64,64,64,64,64,42,42,42,47,47,47,47,47,47,52,52,52,57,57,64,64,64,64,69,69,79,84,89,94,99,130,137,146,160,160,172,172,204,204,204,204,247],"card_choices":[{"not_picked":["MostiFishMod:ATRI","MostiFishMod:ActiveDefenseSystem"],"picked":"MostiFishMod:Hijack","floor":0.0},{"not_picked":["Leap","MostiFishMod:ReprogramOld"],"picked":"Tempest","floor":1.0},{"not_picked":["Glacier","Rebound","Stack","Streamline"],"picked":"White Noise","floor":4.0},{"not_picked":["Steam Power","Steam","Turbo","Go for the Eyes","Beam Cell"],"picked":"SKIP","floor":5.0},{"not_picked":["Hello World","Sweeping Beam","Go for the Eyes","Steam"],"picked":"Reboot","floor":6.0},{"not_picked":["MostiFishMod:FluxCapactior","Stack","Self Repair","Conserve Battery"],"picked":"MostiFishMod:LinkProtocol","floor":10.0},{"not_picked":["White Noise","Biased Cognition","Turbo","Streamline"],"picked":"Recycle","floor":11.0},{"not_picked":["Ball Lightning","Sweeping Beam","Sunder","Rip and Tear","Turbo"],"picked":"SKIP","floor":12.0},{"not_picked":["Conserve Battery","Rebound","Reprogram","Darkness"],"picked":"White Noise","floor":13.0},{"not_picked":["MostiFishMod:InterfaceCompatibility","Electrodynamics","MostiFishMod:ActiveDefenseSystem","MostiFishMod:Distribution"],"picked":"Meteor Strike","floor":16.0},{"not_picked":["Leap","MostiFishMod:PushDownKick","Hologram","Conserve Battery"],"picked":"White Noise+1","floor":18.0},{"not_picked":["Conserve Battery","Ball Lightning","Gash","Turbo","Barrage"],"picked":"SKIP","floor":20.0},{"not_picked":["Steam","Cold Snap","Streamline","Rainbow"],"picked":"White Noise","floor":21.0},{"not_picked":["Recycle","Streamline+1","Go for the Eyes+1","Beam Cell","Turbo"],"picked":"SKIP","floor":23.0},{"not_picked":["Turbo","BootSequence","Compile Driver","Static Discharge"],"picked":"Electrodynamics","floor":25.0},{"not_picked":["Rip and Tear","Barrage+1","Leap+1","Gash"],"picked":"Double Energy","floor":27.0},{"not_picked":["Streamline","Stack","Compile Driver","Doom and Gloom"],"picked":"Coolheaded","floor":28.0},{"not_picked":["Steam","Ball Lightning","Auto Shields","Consume"],"picked":"Double Energy+1","floor":30.0},{"not_picked":["Cold Snap","Hologram","Leap","Conserve Battery"],"picked":"MostiFishMod:IntelligentEquipment","floor":31.0},{"not_picked":[],"picked":"Gensokyo:ShootingStar","floor":33.0},{"not_picked":["MostiFishMod:Hijack","MostiFishMod:GoodWordForIt","MostiFishMod:StarOceanB","Core Surge"],"picked":"Creative AI","floor":33.0},{"not_picked":["Gash","Ball Lightning+1","Compile Driver","Cold Snap+1","Sweeping Beam"],"picked":"SKIP","floor":35.0},{"not_picked":["Sunder","Steam","Blizzard","Leap+1"],"picked":"Defragment","floor":36.0},{"not_picked":["Gash+1","Stack","MostiFishMod:ReprogramOld","Rebound","Steam"],"picked":"SKIP","floor":37.0},{"not_picked":["Rebound+1","Recycle+1","Loop+1","Blizzard+1"],"picked":"MostiFishMod:DeathFromBelow+1","floor":38.0},{"not_picked":["Go for the Eyes+1","MostiFishMod:FluxCapactior+1","Ball Lightning+1","FTL+1"],"picked":"White Noise+1","floor":38.0},{"not_picked":["Barrage+1","Leap+1","Cold Snap+1","Multi-Cast+1"],"picked":"Amplify+1","floor":38.0},{"not_picked":["Glacier+1","Chaos+1","Leap+1","Steam+1","Sweeping Beam+1"],"picked":"SKIP","floor":39},{"not_picked":["MostiFishMod:SeaWaves","Coolheaded+1","Gash+1","Streamline+1"],"picked":"Seek+1","floor":40},{"not_picked":["White Noise+1","BootSequence+1","Ball Lightning+1","Sweeping Beam+1","Gash+1"],"picked":"SKIP","floor":41},{"not_picked":["Turbo+1","Compile Driver+1","Undo+1","MostiFishMod:FluxCapactior+1"],"picked":"MostiFishMod:Nova+1","floor":42},{"not_picked":["Blizzard+1","Beam Cell+1","Rip and Tear+1","Steam Power+1","Streamline+1"],"picked":"SKIP","floor":44},{"not_picked":["Conserve Battery+1","Hologram+1","Ball Lightning+1","Barrage+1","Melter+1"],"picked":"SKIP","floor":45},{"not_picked":["Loop","BootSequence+1","Static Discharge","Leap+1","Cold Snap+1"],"picked":"SKIP","floor":46},{"not_picked":["MostiFishMod:Nova+1","Gash+1","Leap+1","Hologram+1","Defragment"],"picked":"SKIP","floor":47},{"not_picked":["Ball Lightning+1","MostiFishMod:IntelligentEquipment","Streamline+1","Rebound+1"],"picked":"Multi-Cast+1","floor":48},{"not_picked":["Leap+1","Skim+1","Streamline+1","Self Repair","Cold Snap+1"],"picked":"SKIP","floor":51},{"not_picked":["BootSequence+1","Stack+1","Consume+1","Blizzard+1","MostiFishMod:PushDownKick+1"],"picked":"SKIP","floor":52},{"not_picked":["MostiFishMod:PushDownKick+1","Beam Cell+1","Glacier+1","Compile Driver+1","Go for the Eyes+1"],"picked":"SKIP","floor":56}],"player_experience":366055,"relics_obtained":[{"floor":1.0,"key":"SynthV:TestCard"},{"floor":6.0,"key":"testmod-LifeArmor"},{"floor":10.0,"key":"Kunai"},{"floor":12.0,"key":"Vajra"},{"floor":16.0,"key":"Gensokyo:OccultBall"},{"floor":20.0,"key":"Gensokyo:OccultBall"},{"floor":22.0,"key":"Ornamental Fan"},{"floor":23.0,"key":"Gensokyo:OccultBall"},{"floor":23.0,"key":"testmod-TurbochargingSystem"},{"floor":25.0,"key":"testmod-Antiphasic"},{"floor":26.0,"key":"Orichalcum"},{"floor":27.0,"key":"Gensokyo:OccultBall"},{"floor":27.0,"key":"Pen Nib"},{"floor":30.0,"key":"War Paint"},{"floor":31.0,"key":"testmod-Maize"},{"floor":31.0,"key":"OriginationStaff"},{"floor":33.0,"key":"Gensokyo:OccultBall"},{"floor":37.0,"key":"Gensokyo:OccultBall"},{"floor":40,"key":"testmod-InfectionSource"},{"floor":41,"key":"Gensokyo:OccultBall"},{"floor":42,"key":"Centennial Puzzle"},{"floor":43,"key":"testmod-Acrobat"},{"floor":44,"key":"Lantern"},{"floor":48,"key":"ThornShield"},{"floor":56,"key":"paleoftheancients:SoulOfTheHexaghost"}],"event_choices":[{"damage_healed":0.0,"max_hp_gain":0.0,"max_hp_loss":0.0,"gold_gain":400.0,"event_name":"恩洛斯的盘子","player_choice":"Sell","floor":3.0,"relics_lost":["DaveBox"],"gold_loss":0.0,"damage_taken":0.0},{"damage_healed":0,"gold_gain":0,"player_choice":"Ignored","damage_taken":0,"max_hp_gain":0,"max_hp_loss":0,"event_name":"给自己的盒子","floor":53,"gold_loss":0}],"is_beta":false,"boss_relics":[{"not_picked":["testmod-BloodSacrificeSpiritualization","FrostBlade"],"picked":"NightmareShop"},{"not_picked":["FrozenCore","Runic Pyramid"],"picked":"Transparent"}],"items_purged_floors":[7,32,49,54,55,57,57],"is_endless":false,"potions_floor_spawned":[4,5,12,20,27,28,35,36,37,44,47,48],"ascension_level":16}}