{"host":"wbdly04l9mkn9nrc","time":1609058976,"event":{"mods":["AchievementEnabler","BaseMod","BetterRewards","Minty Spire (QoL Compilation)","StSLib","[IsaacMod]ÒÔÈö¼âËþ"],"gold_per_floor":[111,261,261,261,275,302,314,326,326,326,340,415,143,163,163,234,234,245,264,279,294,26,26,55,68,68,68,68,68,68,68,68,145,145,165,40,66,81,81,81,109,134,159,174,24,57,0,0,0,0],"floor_reached":51,"playtime":1776,"items_purged":["Strike_R","Doubt","Shame","Writhe"],"score":1711,"play_id":"96a9b413-6592-40a6-8183-188a168af99c","local_time":"20201227164936","is_ascension_mode":true,"campfire_choices":[{"floor":10.0,"key":"REST"},{"data":"Apotheosis","floor":15.0,"key":"SMITH"},{"floor":23.0,"key":"REST"},{"data":"Double Tap","floor":28.0,"key":"SMITH"},{"data":"Spot Weakness","floor":30.0,"key":"SMITH"},{"data":"Shrug It Off","floor":32.0,"key":"SMITH"},{"data":"Defend_R","floor":40.0,"key":"SMITH"},{"data":"Defend_R","floor":49,"key":"SMITH"}],"circlet_count":0,"master_deck":["AscendersBane","Defend_R","Defend_R","Defend_R+1","Defend_R+1","Bash+1","EpicFetus+1","Apotheosis+1","Body Slam+1","Inflame+1","Shrug It Off+1","Rampage+1","Sword Boomerang+1","Iron Wave+1","Spot Weakness+1","Double Tap+1","Twin Strike+1","Pummel+1","Reaper+1","Battle Trance+1","Bite+1","Bite+1","Bite+1","Bite+1","Bite+1","Limit Break+1","True Grit+1","Flex+1","Seeing Red+1","Battle Trance+1"],"relics":["Burning Blood","HushsDoor","DoctorsRemote","Molten Egg 2","Chaos","Leech","DeadEye","BelialBook","Odd Mushroom","Oddly Smooth Stone","Toxic Egg 2","MagicMushroom","Void","Paper Frog","Meat on the Bone","Strawberry","Cursed Key","GuppysHead","HowToJump","Red Mask"],"acts_visited":["Exordium","TheCity","TheBeyond"],"potions_floor_usage":[],"damage_taken":[{"damage":0.0,"enemies":"2 Louse","floor":1.0,"turns":1.0},{"damage":6.0,"enemies":"Small Slimes","floor":5.0,"turns":4.0},{"damage":10.0,"enemies":"3 Sentries","floor":6.0,"turns":3.0},{"damage":0.0,"enemies":"Cultist","floor":7.0,"turns":3.0},{"damage":0.0,"enemies":"3 Louse","floor":8.0,"turns":2.0},{"damage":9.0,"enemies":"2 Fungi Beasts","floor":11.0,"turns":3.0},{"damage":9.0,"enemies":"The Mushroom Lair","floor":14.0,"turns":2.0},{"damage":7.0,"enemies":"Slime Boss","floor":16.0,"turns":5.0},{"damage":14.0,"enemies":"Chosen","floor":18.0,"turns":4.0},{"damage":14.0,"enemies":"Shell Parasite","floor":19.0,"turns":3.0},{"damage":27.0,"enemies":"Centurion and Healer","floor":20.0,"turns":4.0},{"damage":0.0,"enemies":"Snecko","floor":21.0,"turns":2.0},{"damage":26.0,"enemies":"Book of Stabbing","floor":24.0,"turns":3.0},{"damage":24.0,"enemies":"Snake Plant","floor":25.0,"turns":4.0},{"damage":77.0,"enemies":"Champ","floor":33.0,"turns":6.0},{"damage":17.0,"enemies":"Orb Walker","floor":35.0,"turns":3.0},{"damage":0.0,"enemies":"3 Shapes","floor":38.0,"turns":2.0},{"damage":41.0,"enemies":"Nemesis","floor":41.0,"turns":5.0},{"damage":9.0,"enemies":"Mind Bloom Boss Battle","floor":42.0,"turns":7.0},{"damage":7.0,"enemies":"Sphere and 2 Shapes","floor":44.0,"turns":2.0},{"damage":12.0,"enemies":"Giant Head","floor":46.0,"turns":3.0},{"damage":68,"enemies":"Time Eater","floor":50,"turns":8}],"seed_played":"-576487840814417064","potions_obtained":[{"floor":3.0,"key":"Energy Potion"},{"floor":3.0,"key":"LiquidMemories"}],"is_trial":false,"path_per_floor":["M","?","?","?","M","E","M","M","T","R","M","?","$","?","R","B",null,"M","M","M","M","$","R","E","M","T","?","R","?","R","$","R","B",null,"M","$","T","M","?","R","E","?","T","M","$","E","?","T","R","B",null],"character_chosen":"IRONCLAD","items_purchased":["Apotheosis","Molten Egg 2","Body Slam+1","Inflame","Chaos","Shrug It Off","BelialBook","Toxic Egg 2"],"campfire_rested":2,"item_purchase_floors":[0,0,0,0,0,0,13,22],"current_hp_per_floor":[43,43,43,20,20,16,24,31,31,53,52,41,41,39,39,42,67,62,57,39,46,46,68,58,50,50,50,50,50,50,50,50,16,47,45,45,52,63,63,63,57,64,64,64,64,64,64,64,64,28],"gold":0,"neow_bonus":"","is_daily":false,"chose_seed":false,"campfire_upgraded":6,"win_rate":0.0,"timestamp":1609058976,"path_taken":["M","?","?","?","M","E","M","M","T","R","?","?","$","?","R","BOSS","M","M","M","M","$","R","E","?","T","?","R","?","R","?","R","BOSS","M","$","?","?","?","R","E","?","T","?","$","E","?","?","R","BOSS"],"items_purchased_type":["Card","Relic","Card","Card","Card","Card","Relic","Relic"],"build_version":"2020-12-22","purchased_purges":4,"victory":true,"max_hp_per_floor":[75,75,75,75,75,75,75,75,75,75,75,75,75,75,75,75,75,75,75,75,75,75,75,82,82,82,82,82,57,57,57,57,57,57,57,57,64,64,64,64,64,64,64,64,64,64,64,64,64,64],"card_choices":[{"not_picked":[],"picked":"EpicFetus","floor":0.0},{"not_picked":["Rage","Disarm"],"picked":"Rampage+1","floor":1.0},{"not_picked":["Thunderclap+1","Headbutt+1"],"picked":"Sword Boomerang+1","floor":5.0},{"not_picked":["Searing Blow+1","Headbutt+1"],"picked":"Iron Wave+1","floor":6.0},{"not_picked":["Blood for Blood+1","Perfected Strike+1","True Grit"],"picked":"SKIP","floor":7.0},{"not_picked":["Berserk","Headbutt+1","Flex"],"picked":"SKIP","floor":8.0},{"not_picked":["Reckless Charge+1","Searing Blow+1","Cleave+1"],"picked":"SKIP","floor":11.0},{"not_picked":["Evolve","Reckless Charge+1"],"picked":"Spot Weakness","floor":14.0},{"not_picked":["Immolate+1","Impervious"],"picked":"Double Tap","floor":16.0},{"not_picked":["Body Slam+1","Combust"],"picked":"Twin Strike+1","floor":18.0},{"not_picked":["Shockwave","Reckless Charge+1","Anger+1"],"picked":"SKIP","floor":19.0},{"not_picked":["Havoc","Body Slam+1"],"picked":"Pummel+1","floor":20.0},{"not_picked":["Sentinel","Rampage+1","Fire Breathing"],"picked":"SKIP","floor":21.0},{"not_picked":["Clothesline+1","Wild Strike+1"],"picked":"Reaper+1","floor":24.0},{"not_picked":["Sever Soul+1","Clash+1"],"picked":"Battle Trance+1","floor":25.0},{"not_picked":["Offering+1","Fiend Fire+1"],"picked":"Limit Break+1","floor":33.0},{"not_picked":["Body Slam+1","Headbutt+1"],"picked":"True Grit+1","floor":35.0},{"not_picked":["Shockwave+1","Clothesline+1"],"picked":"Flex+1","floor":38.0},{"not_picked":["Clothesline+1","Entrench+1","Berserk"],"picked":"SKIP","floor":41.0},{"not_picked":["Wild Strike+1","Armaments+1"],"picked":"Seeing Red+1","floor":42.0},{"not_picked":["Flex+1","Twin Strike+1"],"picked":"Battle Trance+1","floor":44.0},{"not_picked":["Body Slam+1","Metallicize+1","Flex+1"],"picked":"SKIP","floor":46.0}],"player_experience":130435,"relics_obtained":[{"floor":6.0,"key":"Leech"},{"floor":9.0,"key":"DeadEye"},{"floor":14.0,"key":"Odd Mushroom"},{"floor":24.0,"key":"MagicMushroom"},{"floor":26.0,"key":"Void"},{"floor":37.0,"key":"Strawberry"},{"floor":42.0,"key":"Cursed Key"},{"floor":43.0,"key":"GuppysHead"},{"floor":46.0,"key":"HowToJump"}],"event_choices":[{"damage_healed":0.0,"max_hp_gain":0.0,"max_hp_loss":0.0,"gold_gain":150.0,"event_name":"Liars Game","player_choice":"AGREE","floor":2.0,"gold_loss":0.0,"damage_taken":0.0,"cards_obtained":["Doubt"]},{"damage_healed":0.0,"max_hp_gain":0.0,"max_hp_loss":0.0,"gold_gain":0.0,"event_name":"Lab","player_choice":"Got Potions","floor":3.0,"gold_loss":0.0,"damage_taken":0.0},{"damage_healed":0.0,"max_hp_gain":0.0,"max_hp_loss":0.0,"gold_gain":0.0,"event_name":"Shining Light","player_choice":"Entered Light","floor":4.0,"gold_loss":0.0,"damage_taken":23.0,"cards_upgraded":["EpicFetus","Bash"]},{"damage_healed":0.0,"max_hp_gain":0.0,"max_hp_loss":0.0,"gold_gain":75.0,"event_name":"World of Goop","player_choice":"Gather Gold","floor":12.0,"gold_loss":0.0,"damage_taken":11.0},{"damage_healed":0.0,"max_hp_gain":0.0,"max_hp_loss":0.0,"gold_gain":0.0,"event_name":"Mushrooms","player_choice":"Fought Mushrooms","floor":14.0,"gold_loss":0.0,"damage_taken":0.0},{"damage_healed":0.0,"max_hp_gain":0.0,"max_hp_loss":0.0,"gold_gain":0.0,"event_name":"Addict","player_choice":"Stole Relic","floor":27.0,"gold_loss":0.0,"damage_taken":0.0,"relics_obtained":["Paper Frog"],"cards_obtained":["Shame"]},{"damage_healed":0.0,"max_hp_gain":0.0,"max_hp_loss":25.0,"gold_gain":0.0,"event_name":"Vampires","player_choice":"Became a vampire","floor":29.0,"gold_loss":0.0,"damage_taken":0.0,"cards_obtained":["Bite","Bite","Bite","Bite","Bite"]},{"damage_healed":0.0,"max_hp_gain":0.0,"max_hp_loss":0.0,"gold_gain":0.0,"event_name":"Accursed Blacksmith","player_choice":"Forge","floor":39.0,"gold_loss":0.0,"damage_taken":0.0,"cards_upgraded":["Inflame"]},{"damage_healed":0.0,"max_hp_gain":0.0,"max_hp_loss":0.0,"gold_gain":0.0,"event_name":"MindBloom","player_choice":"Fight","floor":42.0,"gold_loss":0.0,"damage_taken":0.0},{"damage_healed":0.0,"max_hp_gain":0.0,"max_hp_loss":0.0,"gold_gain":0.0,"event_name":"Tomb of Lord Red Mask","player_choice":"Paid","floor":47.0,"gold_loss":57.0,"damage_taken":0.0,"relics_obtained":["Red Mask"]}],"is_beta":false,"boss_relics":[{"not_picked":["Void","Inserter"],"picked":"Oddly Smooth Stone"},{"not_picked":[]},{"not_picked":["Ninja Scroll","Medical Kit"],"picked":"Meat on the Bone"},{"not_picked":[]}],"items_purged_floors":[0,13,36,45],"is_endless":false,"potions_floor_spawned":[5,7,14,19,21,24,35,38],"ascension_level":17}}