{"host":"n9qtmgye2hz5t4ok","time":1609032542,"event":{"mods":["BaseMod","Downfall","Hermit","Marisa????????","Minty Spire (QoL Compilation)","StSLib","The Bug Knight","The Cursed","The Servant 0.9.4"],"gold_per_floor":[69000,67937,67962,67977,67100,67100,67118,67118,67118,67129,65638,65596,65614,65632,65632,65734,65734,65749,65749,65749,64962,64962,64962,64972,64986,64986,64986,65009,63940,63954,63971,63971,64074,64074,64094,63459,63459],"floor_reached":36,"playtime":4944,"items_purged":["Defend_S","Strike_S","Strike_S","Defend_S","Strike_S","Defend_S"],"score":454,"play_id":"541b8209-c55e-4d78-b592-a2bb6a490b65","local_time":"20201227022902","is_ascension_mode":false,"campfire_choices":[{"data":"expansioncontent:StudyTheSpire","floor":6,"key":"SMITH"},{"data":"Thinking Ahead","floor":8,"key":"SMITH"},{"data":"BestPractice","floor":15,"key":"SMITH"},{"data":"RealityMarble","floor":23,"key":"SMITH"},{"data":"expansioncontent:DarkVoid","floor":27,"key":"SMITH"},{"data":"MurderousAura","floor":32,"key":"SMITH"}],"circlet_count":0,"master_deck":["Strike_S+1","Defend_S+1","KidneyShot","Exchange","Rearm","Foresight","BottledTime+1","Swift Strike","Thinking Ahead+1","Potential","Spin","FanOfKnives","expansioncontent:StudyTheSpire+1","FastForward","Ricochet","InstantArmor","BestPractice+1","Master of Strategy","TheWorld","Starlight","ShiftingGears","expansioncontent:Torchfire","Desolation","Starlight","RealityMarble+1","FlawlessForm","Misdirection","Barrier+1","RitualDagger","expansioncontent:Corrupt","expansioncontent:DarkVoid+1","Bandage Up","expansioncontent:YouAreMine","expansioncontent:PolyBeam","Jack Of All Trades","expansioncontent:PolyBeam","FastForward","MurderousAura+1","BestPractice","FloweringNight","PendulumOfEternity","Replace+1","Foresight"],"relics":["Uniform","MealTicket","Ancient Tea Set","Sling","Toy Ornithopter","Pantograph","ClockworkSouvenir","War Paint","Lizard Tail","FossilizedHelix","Incense Burner","TheAbacus","Tiny House","PreservedInsect","Blood Vial","Centennial Puzzle","Toolbox","Bottled Flame","Juzu Bracelet","Shovel","StoneCalendar","Lee\u0027s Waffle","Coffee Dripper","Anchor","HollowMod:PaleOreRelic","DollysMirror"],"acts_visited":["Exordium","TheCity","TheBeyond"],"potions_floor_usage":[2],"damage_taken":[{"damage":1,"enemies":"Cultist","floor":1,"turns":4},{"damage":5,"enemies":"Small Slimes","floor":4,"turns":3},{"damage":0,"enemies":"2 Louse","floor":7,"turns":1},{"damage":27,"enemies":"Exordium Thugs","floor":10,"turns":4},{"damage":0,"enemies":"Looter","floor":13,"turns":3},{"damage":0,"enemies":"Gremlin Gang","floor":14,"turns":3},{"damage":5,"enemies":"Slime Boss","floor":16,"turns":6},{"damage":0,"enemies":"Chosen","floor":18,"turns":4},{"damage":0,"enemies":"Shell Parasite","floor":24,"turns":3},{"damage":0,"enemies":"Snecko","floor":25,"turns":5},{"damage":18,"enemies":"Chosen and Byrds","floor":30,"turns":4},{"damage":1,"enemies":"Sentry and Sphere","floor":31,"turns":4},{"damage":15,"enemies":"Collector","floor":33,"turns":9},{"damage":70,"enemies":"3 Shapes","floor":35,"turns":4}],"seed_played":"4311205621119653798","potions_obtained":[{"floor":18,"key":"BlessingOfTheForge"}],"is_trial":false,"path_per_floor":["M","$","T","M","$","R","M","R","T","M","$","?","M","M","R","B",null,"M","?","T","$","?","R","M","M","T","R","T","$","M","M","R","B",null,"M","$"],"character_chosen":"THE_SERVANT","items_purchased":["MealTicket","Ancient Tea Set","Sling","Foresight","BottledTime","Swift Strike","EntropicBrew","Thinking Ahead","Potential","Spin","Pantograph","ClockworkSouvenir","War Paint","expansioncontent:StudyTheSpire","FastForward","FossilizedHelix","Incense Burner","TheAbacus","BestPractice","Master of Strategy","TheWorld","Starlight","ShiftingGears","expansioncontent:Torchfire","Desolation","Blood Vial","Centennial Puzzle","Toolbox","expansioncontent:Corrupt","Shovel","StoneCalendar","Lee\u0027s Waffle","MurderousAura","Anchor","HollowMod:PaleOreRelic","DollysMirror"],"campfire_rested":0,"item_purchase_floors":[2,2,2,2,2,2,2,2,2,2,5,5,5,5,5,11,11,11,11,11,11,11,11,11,11,21,21,21,21,29,29,29,29,36,36,36],"current_hp_per_floor":[70,70,70,65,71,71,71,71,71,44,59,59,59,59,59,66,76,76,70,70,76,19,19,21,29,29,29,29,83,69,76,76,68,83,13,28,28],"gold":63459,"neow_bonus":"TEN_PERCENT_HP_BONUS","is_daily":false,"chose_seed":false,"campfire_upgraded":6,"win_rate":0.0,"timestamp":1609032542,"path_taken":["M","?","?","M","$","R","M","R","T","M","$","?","M","M","R","BOSS","M","?","?","$","?","R","M","?","T","R","?","$","M","M","R","BOSS","M","$"],"items_purchased_type":["Relic","Relic","Relic","Card","Card","Card","Potion","Card","Card","Card","Relic","Relic","Relic","Card","Card","Relic","Relic","Relic","Card","Card","Card","Card","Card","Card","Card","Relic","Relic","Relic","Card","Relic","Relic","Relic","Card","Relic","Relic","Relic"],"build_version":"2020-12-22","purchased_purges":6,"victory":false,"max_hp_per_floor":[71,71,71,71,71,71,71,71,71,71,71,71,71,71,71,71,76,76,76,76,76,76,76,76,76,76,76,76,83,83,83,83,83,83,83,83,83],"card_choices":[{"not_picked":["BottledTime","Potential"],"picked":"Rearm","floor":1},{"not_picked":["Revamp","Potential"],"picked":"FanOfKnives","floor":4},{"not_picked":["Rewind","MoonPhase"],"picked":"Ricochet","floor":7},{"not_picked":["Alleviate","Contraction"],"picked":"InstantArmor","floor":10},{"not_picked":["ReturningBlade","Unruled"],"picked":"Starlight","floor":13},{"not_picked":["FastForward","SpecialFormula"],"picked":"RealityMarble","floor":14},{"not_picked":["ForgedInTime","PendulumOfEternity"],"picked":"FlawlessForm","floor":16},{"not_picked":["Revamp","Gouge"],"picked":"Misdirection","floor":17},{"not_picked":["Unruled","ReturningBlade"],"picked":"Barrier+1","floor":18},{"not_picked":["Potential","Revamp+1","TimeWarp"],"picked":"SKIP","floor":24},{"not_picked":["Alleviate","Barrier"],"picked":"FastForward","floor":25},{"not_picked":["SpecialFormula","Rewind"],"picked":"BestPractice","floor":30},{"not_picked":["Rewind","Reset"],"picked":"FloweringNight","floor":31},{"not_picked":["FlawlessForm","Duplication"],"picked":"PendulumOfEternity","floor":33},{"not_picked":["Starlight","Revamp"],"picked":"Replace+1","floor":35}],"player_experience":20663,"relics_obtained":[{"floor":3,"key":"Toy Ornithopter"},{"floor":9,"key":"Lizard Tail"},{"floor":20,"key":"PreservedInsect"},{"floor":26,"key":"Bottled Flame"},{"floor":28,"key":"Juzu Bracelet"}],"event_choices":[{"damage_healed":0,"gold_gain":0,"player_choice":"Left Gold","damage_taken":0,"max_hp_gain":0,"max_hp_loss":0,"event_name":"World of Goop","floor":12,"gold_loss":42},{"damage_healed":0,"gold_gain":0,"player_choice":"Joined the Cult","damage_taken":6,"max_hp_gain":0,"max_hp_loss":0,"event_name":"Nest","floor":19,"gold_loss":0,"cards_obtained":["RitualDagger"]},{"damage_healed":0,"gold_gain":0,"player_choice":"CARD CARD CARD CARD CARD CARD ","damage_taken":57,"max_hp_gain":0,"max_hp_loss":0,"event_name":"Knowing Skull","floor":22,"potions_obtained":[],"gold_loss":0,"cards_obtained":["expansioncontent:DarkVoid","Bandage Up","expansioncontent:YouAreMine","expansioncontent:PolyBeam","Jack Of All Trades","expansioncontent:PolyBeam"]}],"is_beta":false,"boss_relics":[{"not_picked":["Cursed Key","MysterySword"],"picked":"Tiny House"},{"not_picked":["Busted Crown","Runic Pyramid"],"picked":"Coffee Dripper"}],"items_purged_floors":[2,5,11,21,29,36],"is_endless":false,"potions_floor_spawned":[10,13,14,18,25,33],"ascension_level":0}}