{"host":"dcj2yvrgcvh5dl2s","time":1609110453,"event":{"mods":["BaseMod","Better Note","Block Reminder","Colored Powertips","DeckTracker","Minty Spire (QoL Compilation)","Quick Restart","Rare Cards Sparkle","Relic Stats","StSLib"],"gold_per_floor":[20,20,35,48,48,77,77,96,169,195,120,45,57,57,57,135,135,153,166,181,181,181],"floor_reached":21,"playtime":569,"items_purged":["Strike_R"],"score":335,"play_id":"7d2bcd7a-10c1-4a51-9c98-85fb16211884","local_time":"20201228090733","is_ascension_mode":true,"campfire_choices":[{"data":"Carnage","floor":7,"key":"SMITH"},{"floor":15,"key":"REST"}],"circlet_count":0,"master_deck":["AscendersBane","Strike_R","Strike_R","Defend_R","Defend_R","Defend_R","Defend_R","Bash","Carnage+1","Shrug It Off","Pummel+1","Infernal Blade+1","Exhume+1","Pommel Strike","Body Slam","Heavy Blade+1"],"relics":["Burning Blood","FossilizedHelix","Toxic Egg 2","PreservedInsect","SlaversCollar"],"acts_visited":["Exordium","TheCity"],"potions_floor_usage":[6,16,16,20],"damage_taken":[{"damage":14,"enemies":"Small Slimes","floor":1,"turns":5},{"damage":0,"enemies":"Cultist","floor":3,"turns":2},{"damage":12,"enemies":"Jaw Worm","floor":4,"turns":2},{"damage":50,"enemies":"3 Sentries","floor":6,"turns":11},{"damage":8,"enemies":"Blue Slaver","floor":8,"turns":3},{"damage":0,"enemies":"Looter","floor":13,"turns":2},{"damage":69,"enemies":"Hexaghost","floor":16,"turns":11},{"damage":18,"enemies":"Chosen","floor":18,"turns":4},{"damage":16,"enemies":"Spheric Guardian","floor":19,"turns":4},{"damage":32,"enemies":"Shelled Parasite and Fungi","floor":20,"turns":6},{"damage":32,"enemies":"Snecko","floor":21,"turns":4}],"seed_played":"-2764394857652900016","potions_obtained":[{"floor":3,"key":"SteroidPotion"},{"floor":4,"key":"BloodPotion"},{"floor":13,"key":"BlessingOfTheForge"},{"floor":19,"key":"DistilledChaos"}],"is_trial":false,"path_per_floor":["M","?","M","M","$","E","R","M","T","T","?","$","M","?","R","B",null,"M","M","M","M"],"character_chosen":"IRONCLAD","items_purchased":[],"campfire_rested":1,"item_purchase_floors":[],"current_hp_per_floor":[74,74,80,74,74,47,47,45,45,45,45,45,51,51,77,14,70,58,48,22,0,0],"gold":181,"neow_bonus":"TWENTY_PERCENT_HP_BONUS","is_daily":false,"chose_seed":false,"campfire_upgraded":1,"win_rate":0.0,"timestamp":1609110453,"path_taken":["M","?","?","?","$","E","R","M","T","?","?","$","M","?","R","BOSS","M","?","M","M"],"items_purchased_type":[],"build_version":"2020-12-22","purchased_purges":1,"victory":false,"max_hp_per_floor":[89,89,89,89,89,89,89,89,89,89,89,89,89,89,89,89,89,89,89,89,89,89],"relic_stats":{"counters":[11,54],"PreservedInsect":0,"obtain_stats":[{"SlaversCollar":17,"PreservedInsect":10,"Toxic Egg 2":9,"Burning Blood":0,"FossilizedHelix":6},{"SlaversCollar":7,"PreservedInsect":5,"Toxic Egg 2":5,"Burning Blood":0,"FossilizedHelix":4},{"SlaversCollar":36,"PreservedInsect":23,"Toxic Egg 2":23,"Burning Blood":0,"FossilizedHelix":20}],"Burning Blood":60},"card_choices":[{"not_picked":["Flex","Entrench"],"picked":"Carnage","floor":1},{"not_picked":["Flame Barrier","Power Through","Clash"],"picked":"SKIP","floor":3},{"not_picked":["True Grit","Anger","Iron Wave"],"picked":"SKIP","floor":4},{"not_picked":["Anger","Thunderclap"],"picked":"Shrug It Off","floor":6},{"not_picked":["Clothesline","Clash"],"picked":"Pummel","floor":8},{"not_picked":["Anger","Wild Strike"],"picked":"Infernal Blade+1","floor":13},{"not_picked":["Berserk","Corruption"],"picked":"Exhume+1","floor":16},{"not_picked":["Twin Strike","Pommel Strike","Iron Wave"],"picked":"SKIP","floor":18},{"not_picked":["Twin Strike","Iron Wave"],"picked":"Pommel Strike","floor":18},{"not_picked":["Headbutt","Thunderclap"],"picked":"Body Slam","floor":19},{"not_picked":["Rupture","Headbutt+1"],"picked":"Heavy Blade+1","floor":20}],"player_experience":2079968,"relics_obtained":[{"floor":6,"key":"FossilizedHelix"},{"floor":9,"key":"Toxic Egg 2"},{"floor":10,"key":"PreservedInsect"}],"event_choices":[{"cards_removed":["Strike_R"],"damage_healed":0,"gold_gain":0,"player_choice":"Purged","damage_taken":0,"max_hp_gain":0,"max_hp_loss":0,"event_name":"Purifier","floor":2,"gold_loss":0},{"cards_removed":["Strike_R"],"damage_healed":0,"gold_gain":0,"player_choice":"Card Removal","damage_taken":0,"max_hp_gain":0,"max_hp_loss":0,"event_name":"The Cleric","floor":11,"gold_loss":75},{"damage_healed":0,"gold_gain":0,"player_choice":"Forge","damage_taken":0,"max_hp_gain":0,"max_hp_loss":0,"event_name":"Accursed Blacksmith","floor":14,"gold_loss":0,"cards_upgraded":["Pummel"]}],"is_beta":false,"boss_relics":[{"not_picked":["Empty Cage","Tiny House"],"picked":"SlaversCollar"}],"items_purged_floors":[12],"is_endless":false,"potions_floor_spawned":[3,4,13,19],"killed_by":"Snecko","ascension_level":17}}