{"host":"rcanb95qz4o6v6pp","time":1609098239,"event":{"mods":["AchievementEnabler","BaseMod","Better Third Choice","Colored Map","Downfall","Minty Spire (QoL Compilation)","Replay The Spire","Spicy Shops","StSLib","The Blue Laboratory"],"gold_per_floor":[99,114,114,114,129,129,129,159,189,204,219,254,284,299,334,434,434,434,449,374,389,469,499,499,518,562,562,608,668,691,718,739,853,853,778,801,571,594,235,235,260,308,380,405,436,361,429,79,104,126],"floor_reached":51,"playtime":42939,"items_purged":["Voices"],"score":1040,"play_id":"5eb2bc82-21a5-48bc-98a6-6b5b39795fa4","local_time":"20201227144359","daily_mods":["Shiny","Colorless Cards","DeadlyEvents"],"is_ascension_mode":false,"campfire_choices":[{"floor":1,"key":"DIG"},{"data":"Apotheosis","floor":6,"key":"SMITH"},{"data":"expansioncontent:DashGenerateEvil","floor":18,"key":"SMITH"},{"floor":27,"key":"RECALL"},{"data":"Slimebound:PrepareCrush","floor":35,"key":"SMITH"},{"data":"expansioncontent:DefensiveStance","floor":46,"key":"SMITH"}],"circlet_count":0,"master_deck":["Slimebound:Darklings","Slimebound:MassRepurpose","Slimebound:SelfFormingGoo","Slimebound:DouseInSlime","Slimebound:Teamwork","Slimebound:LeechLife","Slimebound:CheckThePlaybook","Slimebound:PrepareCrush+1","Slimebound:MassFeed","Slimebound:MinionMaster","Slimebound:DuplicatedForm","Slimebound:SlimeSlap","Slimebound:Overexert","Slimebound:OneTwoCombo","Slimebound:Recycling","Slimebound:OozeBath","Slimebound:TagTeam","Slimebound:RallyTheTroops","Slimebound:WasteNot","Magnetism","Midas Touch","ReplayTheSpireMod:Brewmster","Poisoned Strike","expansioncontent:StudyTheSpire","Sadistic Nature","expansioncontent:Corrupt","ReplayUltimateDefense","Transmutation","HandOfGreed","ReplayTheSpireMod:Necrogeddon","Secret Technique","Thinking Ahead","Metamorphosis","Master of Strategy","Chrysalis","Mayhem","Secret Weapon","expansioncontent:QuickStudy","Apotheosis+1","Panache","Violence","expansioncontent:DashGenerateEvil+1","The Bomb","Crow Ritual","Slimebound:SplitAcid","Slimebound:SplitSpecialist","Slimebound:SplitAcid","Slimebound:PrepareCrush","Replay:Bootleg Shield Generator","expansioncontent:DefensiveStance+1","expansioncontent:Corrupt","Slimebound:LevelUp","Slimebound:SplitBruiser+1","expansioncontent:Flail+1","Slimebound:SplitMire","Slimebound:HauntingLick","Decay","Enlightenment+1","Slimebound:LevelUp","Slimebound:LeechEnergy+1"],"relics":["Slimebound:AbsorbEndCombat","Replay:Baseball","Calipers","Mummified Hand","Bottled Tornado","Slimebound:MaxSlimesRelic","Happy Flower","SlaversCollar","Sling","ReplayTheSpireMod:TigerMarble","Slimebound:AggressiveSlimeRelic","Replay:Bandana","FossilizedHelix","ReplayFunnel","Smiling Mask","expansioncontent:StudyCardRelic","downfall:HeartBlessingRed","Strawberry","Ginger","Bronze Scales","BargainBundle","Ring of Peace","Ring of Chaos","Ancient Tea Set","Dream Catcher","downfall:HeartBlessingGreen","Turnip","ReplayTheSpireMod:CursedCoin","Vajra","Guardian:BottledAnomaly","Centennial Puzzle"],"acts_visited":["Exordium","TheCity","TheBeyond"],"potions_floor_usage":[16,16,20,23,33,33,33,50,50],"damage_taken":[{"damage":3,"enemies":"2 Louse","floor":2,"turns":2},{"damage":3,"enemies":"Small Slimes","floor":5,"turns":3},{"damage":6,"enemies":"Lagavulin","floor":8,"turns":3},{"damage":12,"enemies":"Gremlin Nob","floor":9,"turns":3},{"damage":13,"enemies":"Cultist","floor":10,"turns":1},{"damage":22,"enemies":"Blue Slaver","floor":11,"turns":1},{"damage":12,"enemies":"Red Slaver","floor":12,"turns":2},{"damage":39,"enemies":"Lagavulin","floor":13,"turns":4},{"damage":4,"enemies":"Exordium Wildlife","floor":14,"turns":1},{"damage":9,"enemies":"Lots of Slimes","floor":15,"turns":2},{"damage":11,"enemies":"The Guardian","floor":16,"turns":5},{"damage":4,"enemies":"Chosen","floor":19,"turns":3},{"damage":20,"enemies":"downfall:FleeingMerchant","floor":20,"turns":4},{"damage":8,"enemies":"Spheric Guardian","floor":21,"turns":2},{"damage":42,"enemies":"Gremlin Leader","floor":23,"turns":3},{"damage":23,"enemies":"Snake Plant","floor":25,"turns":2},{"damage":15,"enemies":"Book of Stabbing","floor":26,"turns":2},{"damage":24,"enemies":"Centurion and Healer","floor":28,"turns":4},{"damage":8,"enemies":"Replay:Snechameleon","floor":29,"turns":2},{"damage":14,"enemies":"Shelled Parasite and Fungi","floor":30,"turns":3},{"damage":28,"enemies":"3 Cultists","floor":31,"turns":2},{"damage":40,"enemies":"Snake Plant","floor":32,"turns":3},{"damage":39,"enemies":"downfall:Watcher","floor":33,"turns":4},{"damage":16,"enemies":"3 Shapes","floor":36,"turns":2},{"damage":8,"enemies":"Orb Walker","floor":38,"turns":2},{"damage":0,"enemies":"Spire Growth","floor":42,"turns":2},{"damage":12,"enemies":"Reptomancer","floor":43,"turns":3},{"damage":11,"enemies":"Jaw Worm Horde","floor":44,"turns":2},{"damage":8,"enemies":"4 Shapes","floor":45,"turns":2},{"damage":29,"enemies":"2 Orb Walkers","floor":47,"turns":2},{"damage":31,"enemies":"Transient","floor":49,"turns":5},{"damage":16,"enemies":"downfall:Defect","floor":50,"turns":4}],"seed_played":"4726349093531193793","potions_obtained":[{"floor":4,"key":"blueLaboratory:FruitPreserves"},{"floor":4,"key":"blueLaboratory:HummingbirdPotion"},{"floor":4,"key":"sneckomod:MuddlingPotion"},{"floor":11,"key":"Energy Potion"},{"floor":21,"key":"Slimebound:SlimedPotion"},{"floor":23,"key":"BlessingOfTheForge"},{"floor":33,"key":"Flashbang"}],"is_trial":false,"path_per_floor":["R_BF","M","?","?","M","R","T","E","E","M","M","M","E","M","M","B",null,"R","M","$","M","?","E","T","M","E","R","M","E","M","M","M","B",null,"R","M","$","M","$","?","T","M","E","M","M","R","?","$","M","B",null],"character_chosen":"SLIMEBOUND","items_purchased":["Sling","ReplayTheSpireMod:TigerMarble","Guardian:BlockOnCardUsePotion","Strawberry","Ginger","Bronze Scales","BargainBundle","CultistPotion","Slimebound:SplitMire","Slimebound:HauntingLick","ReplayTheSpireMod:CursedCoin","Vajra","Guardian:BottledAnomaly","Centennial Puzzle"],"campfire_rested":0,"item_purchase_floors":[20,20,20,37,37,39,39,39,39,39,48,48,48,48],"current_hp_per_floor":[60,66,54,54,51,51,51,53,49,40,37,43,28,32,31,28,70,70,70,66,66,66,66,66,70,70,70,66,70,68,54,45,49,70,70,66,73,77,77,77,77,77,73,74,77,77,75,75,77,77],"gold":126,"neow_bonus":"","is_daily":true,"chose_seed":false,"campfire_upgraded":4,"win_rate":0.0,"timestamp":1609098239,"path_taken":["R_BF","M","?","?","M","R","T","E","?","?","M","?","E","M","M","BOSS","R","M","$","M","?","E","T","M","?","R","M","?","M","M","M","BOSS","R","M","$","M","$","?","T","M","E","M","M","R","?","$","M","BOSS"],"items_purchased_type":["Relic","Relic","Potion","Relic","Relic","Relic","Relic","Potion","Card","Card","Relic","Relic","Relic","Relic"],"build_version":"2020-12-22","purchased_purges":1,"victory":true,"max_hp_per_floor":[60,66,66,66,66,66,66,66,66,66,66,66,66,70,70,70,70,70,70,70,70,70,70,70,70,70,70,70,70,70,70,70,70,70,70,70,77,77,77,77,77,77,77,77,77,77,77,77,77,77],"card_choices":[{"not_picked":["Slimebound:RollThrough","Slimebound:SlimeSpikes","Slimebound:Schlurp"],"picked":"SKIP","floor":2},{"not_picked":["Slimebound:ViciousTackle","Slimebound:RallyTheTroops"],"picked":"Slimebound:SplitAcid","floor":5},{"not_picked":["Slimebound:SlimeSlap","Slimebound:GrowthPunch","Slimebound:FinishingTackle"],"picked":"SKIP","floor":8},{"not_picked":["expansioncontent:Sear","Slimebound:SplitBruiser"],"picked":"Slimebound:SplitSpecialist","floor":9},{"not_picked":["Slimebound:GrowthPunch","Slimebound:LeechingTouch"],"picked":"Slimebound:SplitAcid","floor":10},{"not_picked":["Slimebound:DivideAndConquer","Slimebound:SplitAcid","Slimebound:LeechEnergy"],"picked":"SKIP","floor":11},{"not_picked":["Slimebound:SplitAcid","Slimebound:SplitMire"],"picked":"Slimebound:PrepareCrush","floor":12},{"not_picked":["Slimebound:RollThrough","Slimebound:SplitLeeching"],"picked":"Replay:Bootleg Shield Generator","floor":13},{"not_picked":["Slimebound:ComboTackle","Enlightenment","Slimebound:SlimeSpikes"],"picked":"SKIP","floor":14},{"not_picked":["Slimebound:FinishingTackle","Slimebound:FormOfPuddle"],"picked":"expansioncontent:DefensiveStance","floor":15},{"not_picked":["Slimebound:MinionMaster","Slimebound:DouseInSlime"],"picked":"expansioncontent:Corrupt","floor":16},{"not_picked":["Slimebound:ComboTackle","Slimebound:SamplingLick+1","expansioncontent:ManipulateTime+1"],"picked":"SKIP","floor":19},{"not_picked":["Slimebound:SplitMire","Slimebound:RollThrough","Slimebound:FinishingTackle"],"picked":"SKIP","floor":20},{"not_picked":["Slimebound:SplitAcid+1","expansioncontent:SuperHexaguard+1"],"picked":"Slimebound:LevelUp","floor":21},{"not_picked":["Slimebound:TongueLash","Magnetism"],"picked":"Slimebound:SplitBruiser+1","floor":23},{"not_picked":["Slimebound:RollThrough+1","Slimebound:GoopTackle+1","Slimebound:ProtectTheBoss"],"picked":"SKIP","floor":25},{"not_picked":["Slimebound:Schlurp","Slimebound:ViciousTackle","Slimebound:LeechingTouch"],"picked":"SKIP","floor":26},{"not_picked":["Impatience","Slimebound:LeechEnergy","Slimebound:Prepare"],"picked":"SKIP","floor":28},{"not_picked":["Slimebound:SamplingLick","Survey Options"],"picked":"expansioncontent:Flail+1","floor":29},{"not_picked":["Slimebound:CheckThePlaybook","Slimebound:Repurpose","Slimebound:Schlurp"],"picked":"SKIP","floor":30},{"not_picked":["Slimebound:RollThrough+1","Slimebound:FinishingTackle","Slimebound:FormOfPuddle"],"picked":"SKIP","floor":31},{"not_picked":["Slimebound:FinishingTackle","Slimebound:TongueLash","Slimebound:PressTheAttack"],"picked":"SKIP","floor":32},{"not_picked":["Slimebound:SplitLeeching","Slimebound:FinishingTackle+1","Slimebound:LeechingTouch+1"],"picked":"SKIP","floor":36},{"not_picked":["Slimebound:SplitBruiser+1","Slimebound:SplitLeeching","Slimebound:DivideAndConquer"],"picked":"SKIP","floor":38},{"not_picked":["Slimebound:SplitSpecialist","Slimebound:ViciousTackle+1","Slimebound:FinishingTackle+1"],"picked":"SKIP","floor":42},{"not_picked":["expansioncontent:GoopSpray+1","Slimebound:RallyTheTroops","Slimebound:Schlurp+1"],"picked":"SKIP","floor":43},{"not_picked":["Slimebound:LeechingTouch","Slimebound:SplitBruiser","Slimebound:ViciousTackle+1"],"picked":"SKIP","floor":44},{"not_picked":["Slimebound:ServeAndProtect","Slimebound:SlimeTap+1"],"picked":"Enlightenment+1","floor":45},{"not_picked":["Slimebound:Replication","expansioncontent:Chronoboost"],"picked":"Slimebound:LevelUp","floor":47},{"not_picked":["Slimebound:SplitSpecialist+1","Slimebound:LeechingTouch+1"],"picked":"Slimebound:LeechEnergy+1","floor":49}],"player_experience":1643577,"relics_obtained":[{"floor":1,"key":"Replay:Baseball"},{"floor":7,"key":"Mummified Hand"},{"floor":8,"key":"Bottled Tornado"},{"floor":9,"key":"Slimebound:MaxSlimesRelic"},{"floor":13,"key":"Happy Flower"},{"floor":22,"key":"Slimebound:AggressiveSlimeRelic"},{"floor":23,"key":"Replay:Bandana"},{"floor":24,"key":"FossilizedHelix"},{"floor":26,"key":"ReplayFunnel"},{"floor":29,"key":"Smiling Mask"},{"floor":40,"key":"Ring of Peace"},{"floor":40,"key":"Ring of Chaos"},{"floor":41,"key":"Ancient Tea Set"},{"floor":43,"key":"Dream Catcher"},{"floor":47,"key":"Turnip"}],"event_choices":[{"damage_healed":0,"gold_gain":0,"player_choice":"Success","damage_taken":12,"relics_obtained":["Calipers"],"max_hp_gain":0,"max_hp_loss":0,"event_name":"Scrap Ooze","floor":3,"gold_loss":0},{"damage_healed":0,"gold_gain":0,"player_choice":"Got Potions","damage_taken":0,"max_hp_gain":0,"max_hp_loss":0,"event_name":"Lab","floor":4,"gold_loss":0},{"damage_healed":0,"gold_gain":0,"player_choice":"Fight","damage_taken":0,"max_hp_gain":0,"max_hp_loss":0,"event_name":"Mysterious Sphere","floor":47,"gold_loss":0}],"is_beta":false,"boss_relics":[{"not_picked":["Astrolabe","Runic Dome"],"picked":"SlaversCollar"},{"not_picked":["Replay:Grab Bag","Sozu"],"picked":"expansioncontent:StudyCardRelic"}],"items_purged_floors":[48],"is_endless":false,"potions_floor_spawned":[5,10,11,14,16,21,23,25,28,32,33,38,42,47,49],"ascension_level":0}}