{"host":"udzsrhbqdxqtlypj","time":1609098609,"event":{"mods":["BaseMod","Minty Spire (QoL Compilation)","Relic Stats"],"gold_per_floor":[118,118,135,135,85,85,118,118,141,169,169,203,228,22,22,127,127,140,140,150,150,170,205,205,232,311,311,327,344,344,344],"floor_reached":30,"playtime":4048,"items_purged":[],"score":516,"play_id":"35992552-e08b-48e2-b3a7-17275af4143b","local_time":"20201227135009","is_ascension_mode":true,"campfire_choices":[{"data":"Zap","floor":6,"key":"SMITH"},{"data":"Chill","floor":8,"key":"SMITH"},{"floor":15,"key":"REST"},{"data":"Hyperbeam","floor":24,"key":"SMITH"},{"floor":27,"key":"REST"}],"circlet_count":0,"master_deck":["AscendersBane","Strike_B","Strike_B","Strike_B+1","Defend_B+1","Defend_B","Defend_B","Defend_B","Zap+1","Dualcast","Doom and Gloom+1","Compile Driver","Rebound","Chill+1","Multi-Cast","Coolheaded","Leap","Creative AI","Creative AI","Hyperbeam+1","Undo","Hologram","Consume"],"relics":["Cracked Core","WingedGreaves","Orichalcum","Mango","Pocketwatch","Ice Cream","StoneCalendar","MealTicket","Snecko Eye","Regal Pillow","Bag of Preparation","Letter Opener"],"acts_visited":["Exordium","TheCity"],"potions_floor_usage":[16,22,23,30],"damage_taken":[{"damage":4,"enemies":"Jaw Worm","floor":1,"turns":4},{"damage":0,"enemies":"2 Louse","floor":3,"turns":1},{"damage":29,"enemies":"Gremlin Nob","floor":7,"turns":4},{"damage":4,"enemies":"3 Sentries","floor":10,"turns":4},{"damage":16,"enemies":"Lagavulin","floor":12,"turns":6},{"damage":0,"enemies":"3 Sentries","floor":13,"turns":4},{"damage":10,"enemies":"The Guardian","floor":16,"turns":8},{"damage":0,"enemies":"Chosen","floor":18,"turns":4},{"damage":14,"enemies":"2 Thieves","floor":20,"turns":4},{"damage":23,"enemies":"Centurion and Healer","floor":22,"turns":7},{"damage":0,"enemies":"Slavers","floor":23,"turns":1},{"damage":21,"enemies":"Gremlin Leader","floor":25,"turns":4},{"damage":10,"enemies":"Shelled Parasite and Fungi","floor":28,"turns":5},{"damage":17,"enemies":"Snake Plant","floor":29,"turns":4},{"damage":33,"enemies":"Book of Stabbing","floor":30,"turns":4}],"seed_played":"3183634063638825661","potions_obtained":[{"floor":1,"key":"Strength Potion"},{"floor":7,"key":"GamblersBrew"},{"floor":10,"key":"DuplicationPotion"},{"floor":13,"key":"BlessingOfTheForge"},{"floor":25,"key":"Explosive Potion"},{"floor":28,"key":"EntropicBrew"},{"floor":29,"key":"Weak Potion"}],"is_trial":false,"path_per_floor":["M","?","M","?","?","R","E","R","T","E","T","E","E","$","R","B",null,"M","?","M","?","M","E","R","E","T","R","M","M","E"],"character_chosen":"DEFECT","items_purchased":["MealTicket","Leap"],"campfire_rested":2,"item_purchase_floors":[14,14],"current_hp_per_floor":[64,49,49,49,49,49,20,20,20,30,30,14,14,14,40,30,74,74,74,60,60,37,37,37,16,16,57,47,30,0,0],"gold":344,"neow_bonus":"THREE_CARDS","is_daily":false,"chose_seed":false,"campfire_upgraded":3,"win_rate":0.0,"timestamp":1609098609,"path_taken":["M","?","M","?","?","R","E","R","T","E","?","E","E","$","R","BOSS","M","?","?","?","M","E","R","E","T","R","M","M","E"],"items_purchased_type":["Relic","Card"],"build_version":"2020-12-22","purchased_purges":0,"victory":false,"max_hp_per_floor":[75,75,75,75,75,75,75,75,75,89,89,89,89,89,89,89,89,89,89,89,89,89,89,89,89,89,89,89,89,89,89],"relic_stats":{"Regal Pillow":15,"counters":[15,64],"Snecko Eye":[74,60,60,70],"StoneCalendar":[101],"MealTicket":0,"Bag of Preparation":[6],"Letter Opener":[10],"Orichalcum":[126],"obtain_stats":[{"Ice Cream":12,"Regal Pillow":23,"Snecko Eye":17,"Mango":10,"StoneCalendar":13,"MealTicket":14,"WingedGreaves":7,"Bag of Preparation":25,"Letter Opener":26,"Orichalcum":9,"Cracked Core":0,"Pocketwatch":11},{"Ice Cream":5,"Regal Pillow":11,"Snecko Eye":7,"Mango":4,"StoneCalendar":6,"MealTicket":6,"WingedGreaves":3,"Bag of Preparation":12,"Letter Opener":12,"Orichalcum":3,"Cracked Core":0,"Pocketwatch":4},{"Ice Cream":19,"Regal Pillow":47,"Snecko Eye":31,"Mango":13,"StoneCalendar":23,"MealTicket":23,"WingedGreaves":9,"Bag of Preparation":51,"Letter Opener":51,"Orichalcum":9,"Cracked Core":0,"Pocketwatch":13}],"Pocketwatch":[57]},"card_choices":[{"not_picked":["Blizzard","Sweeping Beam"],"picked":"Doom and Gloom","floor":0},{"not_picked":["Barrage","Capacitor"],"picked":"Compile Driver","floor":1},{"not_picked":["Doom and Gloom","Tempest"],"picked":"Rebound","floor":3},{"not_picked":["Rip and Tear","Rebound"],"picked":"Chill","floor":7},{"not_picked":["Reprogram","Hologram"],"picked":"Multi-Cast","floor":10},{"not_picked":["Heatsinks","White Noise"],"picked":"Coolheaded","floor":12},{"not_picked":["Consume","Rebound","Redo"],"picked":"SKIP","floor":13},{"not_picked":["All For One","Seek"],"picked":"Creative AI","floor":16},{"not_picked":["Redo","Stack","Streamline"],"picked":"SKIP","floor":18},{"not_picked":["Steam","Leap","Redo"],"picked":"SKIP","floor":20},{"not_picked":["Steam","Cold Snap"],"picked":"Hyperbeam","floor":22},{"not_picked":["Machine Learning","Gash+1"],"picked":"Undo","floor":23},{"not_picked":["Hello World","Cold Snap","Ball Lightning"],"picked":"SKIP","floor":25},{"not_picked":["Go for the Eyes","Conserve Battery"],"picked":"Hologram","floor":28},{"not_picked":["Hologram+1","Cold Snap"],"picked":"Consume","floor":29}],"player_experience":2740950,"relics_obtained":[{"floor":7,"key":"WingedGreaves"},{"floor":9,"key":"Orichalcum"},{"floor":10,"key":"Mango"},{"floor":11,"key":"Pocketwatch"},{"floor":12,"key":"Ice Cream"},{"floor":13,"key":"StoneCalendar"},{"floor":23,"key":"Regal Pillow"},{"floor":25,"key":"Bag of Preparation"},{"floor":26,"key":"Letter Opener"}],"event_choices":[{"damage_healed":0,"gold_gain":0,"player_choice":"Entered Light","damage_taken":15,"max_hp_gain":0,"max_hp_loss":0,"event_name":"Shining Light","floor":2,"gold_loss":0,"cards_upgraded":["Strike_B","Defend_B"]},{"damage_healed":0,"gold_gain":0,"player_choice":"Grow","damage_taken":0,"max_hp_gain":0,"max_hp_loss":0,"event_name":"Living Wall","floor":4,"gold_loss":0,"cards_upgraded":["Doom and Gloom"]},{"cards_removed":["Strike_B"],"damage_healed":0,"gold_gain":0,"player_choice":"Card Removal","damage_taken":0,"max_hp_gain":0,"max_hp_loss":0,"event_name":"The Cleric","floor":5,"gold_loss":50},{"damage_healed":0,"gold_gain":0,"player_choice":"Copied","damage_taken":0,"max_hp_gain":0,"max_hp_loss":0,"event_name":"Duplicator","floor":19,"gold_loss":0,"cards_obtained":["Creative AI"]},{"damage_healed":0,"gold_gain":0,"player_choice":"Ignored","damage_taken":0,"max_hp_gain":0,"max_hp_loss":0,"event_name":"Vampires","floor":21,"gold_loss":0}],"is_beta":false,"boss_relics":[{"not_picked":["Fusion Hammer","Black Star"],"picked":"Snecko Eye"}],"items_purged_floors":[],"is_endless":false,"potions_floor_spawned":[1,7,10,13,25,28,29],"killed_by":"Book of Stabbing","ascension_level":10}}