{"host":"7gnh07yij4i09woj","time":1609039569,"event":{"mods":["AchievementEnabler","BaseMod","Downfall","Minty Spire (QoL Compilation)","StSLib","Waifu the Spire"],"gold_per_floor":[114,114,138,313,330,330,357,10,10,26,26,38,53,53,53,158,158,173,102,102,120,139,139,153,169,218,41,55,55,86,105,105,105,105],"floor_reached":33,"playtime":3629,"items_purged":["Doubt","Discovery"],"score":269,"play_id":"36d2f195-90da-4db8-ae7c-4eb3628114ac","local_time":"20201226192609","is_ascension_mode":false,"campfire_choices":[{"floor":6,"key":"REST"},{"floor":11,"key":"REST"},{"floor":15,"key":"REST"},{"data":"Accuracy","floor":23,"key":"SMITH"},{"floor":32,"key":"REST"}],"circlet_count":0,"master_deck":["Strike_G+1","Strike_G","Strike_G","Strike_G","Strike_G","Defend_G+1","Defend_G","Defend_G","Defend_G","Defend_G","Survivor","Neutralize","Dagger Spray","Blade Dance","Poisoned Stab","expansioncontent:StudyTheSpire","expansioncontent:DefensiveStance","Poisoned Stab","Crippling Poison","Deflect","Cloak And Dagger","Dodge and Roll","Corpse Explosion","Flying Knee","Footwork","Accuracy+1","Terror","Masterful Stab","Caltrops+1","Accuracy+1","Dodge and Roll+1"],"relics":["Ring of the Snake","Centennial Puzzle","Dream Catcher","Thread and Needle","Pantograph","WristBlade","Ginger","Potion Belt","Mango"],"acts_visited":["Exordium","TheCity"],"potions_floor_usage":[30,30,31,31,33],"damage_taken":[{"damage":0,"enemies":"Small Slimes","floor":1,"turns":4},{"damage":2,"enemies":"Jaw Worm","floor":5,"turns":3},{"damage":55,"enemies":"Gremlin Nob","floor":7,"turns":6},{"damage":0,"enemies":"2 Louse","floor":10,"turns":2},{"damage":3,"enemies":"Exordium Wildlife","floor":12,"turns":4},{"damage":0,"enemies":"Blue Slaver","floor":13,"turns":3},{"damage":3,"enemies":"Slime Boss","floor":16,"turns":12},{"damage":0,"enemies":"3 Byrds","floor":18,"turns":2},{"damage":0,"enemies":"Shell Parasite","floor":21,"turns":8},{"damage":1,"enemies":"Centurion and Healer","floor":22,"turns":6},{"damage":2,"enemies":"Snake Plant","floor":24,"turns":6},{"damage":0,"enemies":"Shelled Parasite and Fungi","floor":25,"turns":10},{"damage":19,"enemies":"Centurion and Healer","floor":28,"turns":4},{"damage":28,"enemies":"Gremlin Leader","floor":30,"turns":7},{"damage":0,"enemies":"Snake Plant","floor":31,"turns":2},{"damage":91,"enemies":"Collector","floor":33,"turns":7}],"seed_played":"-6350313547876873127","potions_obtained":[{"floor":5,"key":"Strength Potion"},{"floor":10,"key":"SkillPotion"},{"floor":12,"key":"Weak Potion"},{"floor":28,"key":"SkillPotion"},{"floor":30,"key":"Block Potion"}],"is_trial":false,"path_per_floor":["M","?","T","?","M","R","E","$","T","M","R","M","M","?","R","B",null,"M","$","?","M","M","R","M","M","T","$","M","?","E","M","R","B"],"character_chosen":"THE_SILENT","items_purchased":["expansioncontent:StudyTheSpire","expansioncontent:DefensiveStance","Footwork","Caltrops"],"campfire_rested":4,"item_purchase_floors":[8,8,19,27],"current_hp_per_floor":[70,56,56,56,54,70,15,15,15,15,36,33,33,26,47,67,70,70,70,70,70,69,69,67,67,67,67,48,48,34,34,59,0,0],"gold":105,"neow_bonus":"RANDOM_COLORLESS","is_daily":false,"chose_seed":false,"campfire_upgraded":1,"win_rate":0.0,"timestamp":1609039569,"path_taken":["M","?","?","?","M","R","E","$","T","M","R","?","M","?","R","BOSS","M","$","?","M","M","R","M","M","T","$","M","?","E","M","R","BOSS"],"items_purchased_type":["Card","Card","Card","Card"],"build_version":"2020-12-22","purchased_purges":2,"victory":false,"max_hp_per_floor":[70,70,70,70,70,70,70,70,70,70,70,70,70,70,70,70,70,70,70,70,70,70,70,70,70,70,70,70,70,84,84,84,84,84],"card_choices":[{"not_picked":["expansioncontent:GuardianWhirl","expansioncontent:GoopSpray"],"picked":"Discovery","floor":0},{"not_picked":["Finisher","Skewer"],"picked":"Dagger Spray","floor":1},{"not_picked":["Bane","Slice"],"picked":"Blade Dance","floor":5},{"not_picked":["Catalyst","Crippling Poison"],"picked":"Poisoned Stab","floor":7},{"not_picked":["Underhanded Strike","Backflip"],"picked":"Poisoned Stab","floor":10},{"not_picked":["Leg Sweep","Deadly Poison"],"picked":"Crippling Poison","floor":11},{"not_picked":["Expertise","Underhanded Strike"],"picked":"Deflect","floor":12},{"not_picked":["Corpse Explosion","Dagger Throw"],"picked":"Cloak And Dagger","floor":13},{"not_picked":["Dash","Slice"],"picked":"Dodge and Roll","floor":15},{"not_picked":["Bullet Time","A Thousand Cuts"],"picked":"Corpse Explosion","floor":16},{"not_picked":["PiercingWail+1","Cloak And Dagger"],"picked":"Flying Knee","floor":18},{"not_picked":["Dagger Spray+1","Backflip"],"picked":"Accuracy","floor":21},{"not_picked":["Tactician","Riddle With Holes","Poisoned Stab"],"picked":"SKIP","floor":22},{"not_picked":["Predator","Dodge and Roll"],"picked":"Terror","floor":24},{"not_picked":["Sucker Punch+1","Deadly Poison+1"],"picked":"Masterful Stab","floor":25},{"not_picked":["Deadly Poison+1","Choke","Dodge and Roll"],"picked":"SKIP","floor":28},{"not_picked":["Dagger Spray","Caltrops"],"picked":"Accuracy+1","floor":30},{"not_picked":["Footwork","Dagger Throw","Dagger Spray"],"picked":"SKIP","floor":31},{"not_picked":["Grand Finale","Sucker Punch+1"],"picked":"Dodge and Roll+1","floor":32}],"player_experience":212770,"relics_obtained":[{"floor":3,"key":"Centennial Puzzle"},{"floor":7,"key":"Dream Catcher"},{"floor":9,"key":"Thread and Needle"},{"floor":26,"key":"Potion Belt"},{"floor":30,"key":"Mango"}],"event_choices":[{"damage_healed":0,"gold_gain":0,"player_choice":"Entered Light","damage_taken":14,"max_hp_gain":0,"max_hp_loss":0,"event_name":"Shining Light","floor":2,"gold_loss":0,"cards_upgraded":["Defend_G","Strike_G"]},{"damage_healed":0,"gold_gain":175,"player_choice":"AGREE","damage_taken":0,"max_hp_gain":0,"max_hp_loss":0,"event_name":"Liars Game","floor":4,"gold_loss":0,"cards_obtained":["Doubt"]},{"damage_healed":0,"gold_gain":0,"player_choice":"Success","damage_taken":7,"relics_obtained":["Pantograph"],"max_hp_gain":0,"max_hp_loss":0,"event_name":"Scrap Ooze","floor":14,"gold_loss":0},{"damage_healed":0,"gold_gain":0,"player_choice":"Opened","damage_taken":0,"relics_obtained":["Ginger"],"max_hp_gain":0,"max_hp_loss":0,"event_name":"The Mausoleum","floor":20,"gold_loss":0},{"damage_healed":0,"gold_gain":0,"player_choice":"Forge","damage_taken":0,"max_hp_gain":0,"max_hp_loss":0,"event_name":"Accursed Blacksmith","floor":29,"gold_loss":0,"cards_upgraded":["Caltrops"]}],"is_beta":false,"boss_relics":[{"not_picked":["SacredBark","Cursed Key"],"picked":"WristBlade"}],"items_purged_floors":[8,27],"is_endless":false,"potions_floor_spawned":[5,10,12,18,28,30],"killed_by":"Collector","ascension_level":0}}