{"host":"x6tlfgqpy55vgxdn","time":1609060516,"event":{"mods":["AchievementEnabler","BaseMod","DeckTracker","Minty Spire (QoL Compilation)","Permanent Neow","StSLib","SuperFastMode"],"gold_per_floor":[111,122,122,122,133,161,161,195,195,195,208,208,208,158,158,254,254,267,297,137,137],"floor_reached":20,"playtime":486,"items_purged":["Strike_B"],"score":299,"play_id":"389a1c24-f7f0-4ebd-99b3-c69f312444bf","local_time":"20201227181516","is_ascension_mode":true,"campfire_choices":[{"data":"Fusion","floor":7.0,"key":"SMITH"},{"data":"Recycle","floor":13,"key":"SMITH"},{"data":"Biased Cognition","floor":15,"key":"SMITH"}],"circlet_count":0,"master_deck":["Strike_B","Defend_B","Defend_B","Defend_B","Zap","Dualcast","Fusion+1","Rebound","Biased Cognition+1","Recycle+1","Meteor Strike","Cold Snap","Barrage+1","Panacea"],"relics":["Cracked Core","NeowsBlessing","White Beast Statue","Juzu Bracelet","Pen Nib","Shuriken","Nuclear Battery","Red Mask"],"acts_visited":["Exordium","TheCity"],"potions_floor_usage":[8,8,16,16,19,19],"damage_taken":[{"damage":0.0,"enemies":"Jaw Worm","floor":1.0,"turns":1.0},{"damage":0.0,"enemies":"2 Louse","floor":2.0,"turns":1.0},{"damage":0.0,"enemies":"Cultist","floor":5.0,"turns":1.0},{"damage":59.0,"enemies":"3 Sentries","floor":6.0,"turns":8.0},{"damage":0,"enemies":"Gremlin Nob","floor":8,"turns":2},{"damage":0,"enemies":"Exordium Wildlife","floor":11,"turns":1},{"damage":22,"enemies":"The Guardian","floor":16,"turns":11},{"damage":16,"enemies":"3 Byrds","floor":18,"turns":4},{"damage":13,"enemies":"Masked Bandits","floor":19,"turns":3}],"seed_played":"-3959218186802487027","potions_obtained":[{"floor":2.0,"key":"Ancient Potion"},{"floor":6.0,"key":"Explosive Potion"},{"floor":8,"key":"SkillPotion"},{"floor":11,"key":"FairyPotion"},{"floor":16,"key":"Block Potion"},{"floor":18,"key":"Weak Potion"},{"floor":19,"key":"DuplicationPotion"}],"is_trial":false,"path_per_floor":["M","M","?","?","M","E","R","E","T","?","M","?","R","?","R","B",null,"M","?","$"],"character_chosen":"DEFECT","items_purchased":["Panacea"],"campfire_rested":0,"item_purchase_floors":[20],"current_hp_per_floor":[68,68,68,68,68,9,9,9,9,2,2,2,2,2,2,5,58,42,29,29,29],"gold":137,"neow_bonus":"THREE_ENEMY_KILL","is_daily":false,"chose_seed":false,"campfire_upgraded":3,"win_rate":0.0,"timestamp":1609060516,"path_taken":["M","M","?","?","?","E","R","E","T","?","M","?","R","?","R","BOSS","M","?","$"],"items_purchased_type":["Card"],"build_version":"2020-12-22","purchased_purges":1,"victory":false,"max_hp_per_floor":[75,75,75,75,75,75,75,75,75,75,75,75,75,75,75,75,75,75,75,75,75],"card_choices":[{"not_picked":["Rebound","Redo","Steam Power"],"picked":"SKIP","floor":1.0},{"not_picked":["Recycle","Sweeping Beam"],"picked":"Fusion","floor":2.0},{"not_picked":["Conserve Battery","Hologram"],"picked":"Rebound","floor":5.0},{"not_picked":["Sweeping Beam","Lockon"],"picked":"Biased Cognition","floor":6.0},{"not_picked":["White Noise","Lockon","Beam Cell"],"picked":"SKIP","floor":8},{"not_picked":["Ball Lightning","Turbo"],"picked":"Recycle","floor":11},{"not_picked":["Hyperbeam","Seek"],"picked":"Meteor Strike","floor":16},{"not_picked":["Reprogram","Hologram"],"picked":"Cold Snap","floor":18},{"not_picked":["Auto Shields+1","Undo"],"picked":"Barrage+1","floor":19}],"player_experience":199772,"relics_obtained":[{"floor":6.0,"key":"White Beast Statue"},{"floor":8,"key":"Juzu Bracelet"},{"floor":12,"key":"Shuriken"},{"floor":19,"key":"Red Mask"}],"event_choices":[{"cards_removed":["Strike_B"],"damage_healed":0.0,"max_hp_gain":0.0,"max_hp_loss":0.0,"gold_gain":0.0,"event_name":"Living Wall","player_choice":"Forget","floor":3.0,"gold_loss":0.0,"damage_taken":0.0},{"cards_removed":["Defend_B"],"damage_healed":0.0,"max_hp_gain":0.0,"max_hp_loss":0.0,"gold_gain":0.0,"event_name":"Purifier","player_choice":"Purged","floor":4.0,"gold_loss":0.0,"damage_taken":0.0},{"damage_healed":0,"gold_gain":0,"player_choice":"Success","damage_taken":7,"relics_obtained":["Pen Nib"],"max_hp_gain":0,"max_hp_loss":0,"event_name":"Scrap Ooze","floor":10,"gold_loss":0},{"damage_healed":0,"gold_gain":0,"player_choice":"Relic","damage_taken":0,"max_hp_gain":0,"max_hp_loss":0,"event_name":"Wheel of Change","floor":12,"gold_loss":0},{"cards_removed":["Strike_B"],"damage_healed":0,"gold_gain":0,"player_choice":"Card Removal","damage_taken":0,"max_hp_gain":0,"max_hp_loss":0,"event_name":"The Cleric","floor":14,"gold_loss":50},{"damage_healed":0,"gold_gain":0,"player_choice":"Fought Bandits","damage_taken":0,"max_hp_gain":0,"max_hp_loss":0,"event_name":"Masked Bandits","floor":19,"gold_loss":0}],"is_beta":false,"boss_relics":[{"not_picked":["Philosopher\u0027s Stone","Velvet Choker"],"picked":"Nuclear Battery"}],"items_purged_floors":[20],"is_endless":false,"potions_floor_spawned":[2,6,8,11,16,18,19],"ascension_level":6}}