{"host":"vydapxfau6612551","time":1609040043,"event":{"mods":["AchievementEnabler","BaseMod","Minty Spire (QoL Compilation)","StSLib","SuperFastMode"],"gold_per_floor":[119,119,119,132,142,142,173,184,233,253,253,271,305,267,279,391,403,415,415],"floor_reached":18,"playtime":562,"items_purged":[],"score":336,"play_id":"a36397f8-5576-4daa-acce-a5c6802a1d22","local_time":"20201227123403","is_ascension_mode":true,"campfire_choices":[{"data":"Perfected Strike","floor":6,"key":"SMITH"},{"data":"Armaments","floor":11,"key":"SMITH"},{"floor":15,"key":"REST"}],"circlet_count":0,"master_deck":["Strike_R","Strike_R","Strike_R","Strike_R","Defend_R","Defend_R","Defend_R","Defend_R","Bash","Twin Strike","Perfected Strike+1","Pommel Strike","Blood for Blood","Hemokinesis","Armaments+1","Pommel Strike","Pommel Strike","Corruption"],"relics":["Burning Blood","Pear","MawBank","Black Star"],"acts_visited":["Exordium","TheCity"],"potions_floor_usage":[7,16],"damage_taken":[{"damage":11.0,"enemies":"Small Slimes","floor":1.0,"turns":5.0},{"damage":11,"enemies":"Jaw Worm","floor":4,"turns":3},{"damage":6,"enemies":"Cultist","floor":5,"turns":3},{"damage":39,"enemies":"3 Sentries","floor":7,"turns":7},{"damage":18,"enemies":"Blue Slaver","floor":8,"turns":3},{"damage":11,"enemies":"Large Slime","floor":10,"turns":4},{"damage":2,"enemies":"Exordium Wildlife","floor":12,"turns":3},{"damage":31,"enemies":"Lagavulin","floor":13,"turns":6},{"damage":6,"enemies":"Slime Boss","floor":16,"turns":7},{"damage":0,"enemies":"Chosen","floor":18,"turns":1}],"seed_played":"605110420454461243","potions_obtained":[{"floor":1.0,"key":"BloodPotion"},{"floor":8,"key":"ElixirPotion"},{"floor":13,"key":"LiquidMemories"}],"is_trial":false,"path_per_floor":["M","?","?","M","M","R","E","M","T","M","R","M","E","?","R","B",null,"M"],"character_chosen":"IRONCLAD","items_purchased":[],"campfire_rested":1,"item_purchase_floors":[],"current_hp_per_floor":[75,75,75,70,70,70,64,52,52,47,47,51,26,26,55,55,87,87,87],"gold":415,"neow_bonus":"TEN_PERCENT_HP_BONUS","is_daily":false,"chose_seed":false,"campfire_upgraded":2,"win_rate":0.0,"timestamp":1609040043,"path_taken":["M","?","?","M","M","R","E","M","T","M","R","?","E","?","R","BOSS","M"],"items_purchased_type":[],"build_version":"2020-12-22","purchased_purges":0,"victory":false,"max_hp_per_floor":[88,88,88,88,88,88,98,98,98,98,98,98,98,98,98,98,98,98,98],"card_choices":[{"not_picked":["Searing Blow","Bloodletting"],"picked":"Twin Strike","floor":1.0},{"not_picked":["Clash","Flex"],"picked":"Pommel Strike","floor":4},{"not_picked":["Reckless Charge","Rampage"],"picked":"Blood for Blood","floor":5},{"not_picked":["Headbutt","Heavy Blade"],"picked":"Hemokinesis","floor":7},{"not_picked":["Inflame","Power Through"],"picked":"Armaments","floor":8},{"not_picked":["Iron Wave","Bloodletting"],"picked":"Pommel Strike","floor":10},{"not_picked":["Heavy Blade","Shrug It Off"],"picked":"Pommel Strike","floor":12},{"not_picked":["Evolve","Sword Boomerang","Flex"],"picked":"SKIP","floor":13},{"not_picked":["Exhume","Demon Form"],"picked":"Corruption","floor":16}],"player_experience":385964,"relics_obtained":[{"floor":7,"key":"Pear"},{"floor":13,"key":"MawBank"}],"event_choices":[{"damage_healed":0,"gold_gain":0,"cards_transformed":["Strike_R"],"player_choice":"Change","damage_taken":0,"max_hp_gain":0,"max_hp_loss":0,"event_name":"Living Wall","floor":2,"gold_loss":0,"cards_obtained":["Perfected Strike"]},{"damage_healed":0,"gold_gain":0,"player_choice":"Cursed","damage_taken":0,"max_hp_gain":0,"max_hp_loss":0,"event_name":"Wheel of Change","floor":3,"gold_loss":0,"cards_obtained":["Decay"]},{"cards_removed":["Decay"],"damage_healed":0,"gold_gain":0,"player_choice":"Card Removal","damage_taken":0,"max_hp_gain":0,"max_hp_loss":0,"event_name":"The Cleric","floor":14,"gold_loss":50}],"is_beta":false,"boss_relics":[{"not_picked":["SacredBark","SlaversCollar"],"picked":"Black Star"}],"items_purged_floors":[],"is_endless":false,"potions_floor_spawned":[1,8,13],"killed_by":"Chosen","ascension_level":8}}