{"host":"aaqofma31c3gm2hj","time":1609074085,"event":{"mods":["BaseMod","Minty Spire (QoL Compilation)","Replay The Spire","Spicy Shops","StSLib"],"gold_per_floor":[116,116,116,116,0,34,34,65,65,82,121,135,152,165,165,239,239,252,266,266,266,266,266,266,266],"floor_reached":24,"playtime":802,"items_purged":["Strike_B"],"score":508,"play_id":"663cf734-8e85-46a1-b10a-11490e8c385c","local_time":"20201227210125","is_ascension_mode":true,"campfire_choices":[{"data":"Steam Power","floor":7.0,"key":"SMITH"},{"data":"Steam Power","floor":15.0,"key":"SMITH"},{"data":"Zap","floor":23,"key":"SMITH"}],"circlet_count":0,"master_deck":["AscendersBane","Strike_B","Strike_B","Defend_B","Defend_B","Defend_B","Zap+1","Dualcast","Cold Snap","Recycle+1","Steam Power+1","Steam Power+1","Compile Driver","Defragment+1","Hallucinations","Glacier+1","White Noise","Creative AI+1","ReplayTheSpireMod:System Scan","Ghostly","Ghostly","Ghostly"],"relics":["Cracked Core","NeowsBlessing","Pondfish Scales","Lizard Tail","Replay:WaspNest","Golden Egg","ReplayTheSpireMod:CursedCoin","Runic Pyramid","Ring of Hypnosis"],"acts_visited":["Exordium","TheCity"],"potions_floor_usage":[],"damage_taken":[{"damage":0.0,"enemies":"Small Slimes","floor":1.0,"turns":1.0},{"damage":0.0,"enemies":"Lagavulin","floor":6.0,"turns":1.0},{"damage":0.0,"enemies":"3 Sentries","floor":8.0,"turns":1.0},{"damage":1.0,"enemies":"Jaw Worm","floor":10.0,"turns":4.0},{"damage":0.0,"enemies":"2 Louse","floor":12.0,"turns":3.0},{"damage":0.0,"enemies":"Looter","floor":13.0,"turns":3.0},{"damage":0.0,"enemies":"2 Fungi Beasts","floor":14.0,"turns":4.0},{"damage":10.0,"enemies":"The Guardian","floor":16.0,"turns":13.0},{"damage":9.0,"enemies":"2 Thieves","floor":18.0,"turns":5.0},{"damage":11.0,"enemies":"Spheric Guardian","floor":19.0,"turns":8.0},{"damage":0,"enemies":"Chosen and Byrds","floor":24,"turns":4}],"seed_played":"-5237538257376036289","potions_obtained":[{"floor":6.0,"key":"DistilledChaos"},{"floor":10.0,"key":"SpeedPotion"},{"floor":13.0,"key":"SkillPotion"},{"floor":18.0,"key":"ColorlessPotion"}],"is_trial":false,"path_per_floor":["M","?","?","T","$","E","R","E","T","M","$","M","M","M","R","B",null,"M","M","?","?","?","R","M"],"character_chosen":"DEFECT","items_purchased":["Steam Power","Defragment","ReplayTheSpireMod:CursedCoin","Glacier"],"campfire_rested":0,"item_purchase_floors":[5,11,11,11],"current_hp_per_floor":[64,64,64,64,64,64,64,64,64,63,63,63,63,63,63,53,67,58,47,47,35,35,35,35,35],"gold":266,"neow_bonus":"THREE_ENEMY_KILL","is_daily":false,"chose_seed":false,"campfire_upgraded":3,"win_rate":0.0,"timestamp":1609074085,"path_taken":["M","?","?","?","$","E","R","E","T","M","$","M","M","M","R","BOSS","M","M","?","?","?","R","M"],"items_purchased_type":["Card","Card","Relic","Card"],"build_version":"2020-12-22","purchased_purges":1,"victory":false,"max_hp_per_floor":[71,71,71,71,71,71,71,71,71,71,71,71,71,71,71,71,71,71,71,71,35,35,35,35,35],"card_choices":[{"not_picked":["Hologram","Rebound"],"picked":"Cold Snap","floor":1.0},{"not_picked":["ReplayGash","ReplayTheSpireMod:Omega Cannon"],"picked":"Steam Power","floor":6.0},{"not_picked":["Double Energy","Barrage","Conserve Battery"],"picked":"SKIP","floor":8.0},{"not_picked":["Rebound","ReplaySolidLightProjector"],"picked":"Compile Driver","floor":10.0},{"not_picked":["Fusion","Reprogram","Cold Snap"],"picked":"SKIP","floor":12.0},{"not_picked":["Barrage","Recycle","Go for the Eyes"],"picked":"SKIP","floor":13.0},{"not_picked":["Compile Driver","Rebound"],"picked":"White Noise","floor":14.0},{"not_picked":["Meteor Strike","Mirror Shield"],"picked":"Creative AI","floor":16.0},{"not_picked":["Panic Button+1","Compile Driver"],"picked":"ReplayTheSpireMod:System Scan","floor":18.0},{"not_picked":["Undo","Rip and Tear","Hologram"],"picked":"SKIP","floor":19.0}],"player_experience":543101,"relics_obtained":[{"floor":4.0,"key":"Pondfish Scales"},{"floor":6.0,"key":"Lizard Tail"},{"floor":8.0,"key":"Replay:WaspNest"},{"floor":9.0,"key":"Golden Egg"},{"floor":20.0,"key":"Ring of Hypnosis"}],"event_choices":[{"damage_healed":0.0,"max_hp_gain":0.0,"max_hp_loss":36.0,"gold_gain":0.0,"event_name":"Ghosts","player_choice":"Became a Ghost","floor":21.0,"gold_loss":0.0,"damage_taken":0.0,"cards_obtained":["Ghostly","Ghostly","Ghostly"]},{"damage_healed":0,"gold_gain":0,"player_choice":"Ignored","damage_taken":0,"max_hp_gain":0,"max_hp_loss":0,"event_name":"The Mausoleum","floor":22,"gold_loss":0}],"is_beta":false,"boss_relics":[{"not_picked":["FrozenCore","Inserter"],"picked":"Runic Pyramid"}],"items_purged_floors":[5],"is_endless":false,"potions_floor_spawned":[6,10,13,14,18],"killed_by":"Chosen and Byrds","ascension_level":20}}