{"host":"5gc11emcm5chfr5t","time":1609038024,"event":{"mods":["2.2 Compatiblity","AchievementEnabler","BaseMod","Bestiary","Better Note","Colored Map","Colored Powertips","Downfall","Googly Eyes","Minty Spire (QoL Compilation)","Rare Cards Sparkle","StSLib"],"gold_per_floor":[99,115,180,180,180,193,265,296,396,413,263,0,34,19,32,109,109,109,158,158,158,63,63,114,129,129,129,179,104,129,129,144,259,259,259,307,323,421,579,680,728,16,16,16,16,16,32,64,98,126,126,159,3,3,4],"floor_reached":56,"playtime":3235,"items_purged":["Regret"],"score":2502,"play_id":"b2444eb7-cdac-4ded-8f60-0f3133d2ff51","local_time":"20201226220024","is_ascension_mode":true,"campfire_choices":[{"floor":1.0,"key":"RECALL"},{"floor":11.0,"key":"REST"},{"floor":18.0,"key":"REST"},{"floor":23,"key":"REST"},{"floor":29,"key":"REST"},{"data":"sneckomod:GlitteringGambit","floor":35,"key":"SMITH"},{"data":"1","floor":45,"key":"LIFT"},{"data":"2","floor":54,"key":"LIFT"}],"circlet_count":0,"master_deck":["AscendersBane","sneckomod:TailWhip","sneckomod:SnekBite","sneckomod:Unknown","sneckomod:Unknown","sneckomod:SoulCleanse","sneckomod:SlitherStrike","sneckomod:UnknownStrength","sneckomod:SerpentMind","sneckomod:SoulExchange+1","sneckomod:QuickMove+1","sneckomod:Nope+1","sneckomod:UnknownWeak","sneckomod:Transmogrify","sneckomod:WideSting","sneckomod:UnknownWeak","sneckomod:Unknown2Cost","expansioncontent:DashGenerateEvil+1","sneckomod:WideSting+1","sneckomod:WideSting+1","sneckomod:SerpentIdol","sneckomod:GlitteringGambit+1","sneckomod:UnknownUncommonSkill+1","expansioncontent:GuardianWhirl+1","expansioncontent:BronzeBeam+1","sneckomod:SoulDraw","sneckomod:UnknownDexterity","sneckomod:DiceBlock","sneckomod:UnknownRareSkill","sneckomod:QuickMove","sneckomod:IronFang+1","sneckomod:CheapStock","sneckomod:UnknownStrength+1","sneckomod:PureSnecko","sneckomod:DiceBlock","sneckomod:UnknownUncommonPower+1","sneckomod:UnknownDexterity","sneckomod:QuickMove","Panache"],"relics":["WingedGreaves","downfall:HeartBlessingRed","downfall:HeartBlessingGreen","downfall:RedIOU","Ice Cream","Bird Faced Urn","downfall:HeartBlessingBlue","Strawberry","Sozu","Snecko Eye","Gremlin Horn","Girya","Black Star","Dream Catcher","Lizard Tail","FossilizedHelix","sneckomod:SuperSneckoEye","Shuriken","Happy Flower","Eternal Feather","The Courier","sneckomod:BlankCard","Sundial"],"acts_visited":["Exordium","TheCity","TheBeyond","TheEnding"],"potions_floor_usage":[33,33,36],"damage_taken":[{"damage":13.0,"enemies":"Small Slimes","floor":2.0,"turns":3.0},{"damage":0.0,"enemies":"Gremlin Nob","floor":3.0,"turns":3.0},{"damage":1.0,"enemies":"Jaw Worm","floor":6.0,"turns":4.0},{"damage":11.0,"enemies":"Lagavulin","floor":8.0,"turns":6.0},{"damage":11.0,"enemies":"2 Louse","floor":10.0,"turns":3.0},{"damage":2.0,"enemies":"downfall:FleeingMerchant","floor":12.0,"turns":4.0},{"damage":3.0,"enemies":"Gremlin Nob","floor":13.0,"turns":3.0},{"damage":15.0,"enemies":"downfall:FleeingMerchant","floor":14.0,"turns":4.0},{"damage":0.0,"enemies":"Large Slime","floor":15.0,"turns":3.0},{"damage":45.0,"enemies":"downfall:Silent","floor":16.0,"turns":7.0},{"damage":7.0,"enemies":"Shell Parasite","floor":19.0,"turns":2.0},{"damage":20.0,"enemies":"downfall:FleeingMerchant","floor":22.0,"turns":4.0},{"damage":29,"enemies":"Book of Stabbing","floor":25,"turns":5},{"damage":38,"enemies":"Gremlin Leader","floor":30,"turns":5},{"damage":0,"enemies":"Spheric Guardian","floor":32,"turns":2},{"damage":12,"enemies":"downfall:Ironclad","floor":33,"turns":4},{"damage":6,"enemies":"3 Darklings","floor":36,"turns":2},{"damage":21,"enemies":"3 Shapes","floor":37,"turns":3},{"damage":17,"enemies":"Transient","floor":38,"turns":6},{"damage":44,"enemies":"2 Orb Walkers","floor":39,"turns":5},{"damage":9,"enemies":"Maw","floor":40,"turns":4},{"damage":0,"enemies":"Writhing Mass","floor":47,"turns":3},{"damage":0,"enemies":"Nemesis","floor":48,"turns":7},{"damage":3,"enemies":"Transient","floor":49,"turns":6},{"damage":0,"enemies":"downfall:Watcher","floor":50,"turns":6},{"damage":0,"enemies":"downfall:CharBossMerchant","floor":52,"turns":5},{"damage":0,"enemies":"downfall:NeowBoss","floor":55,"turns":13}],"seed_played":"7538592119699020052","potions_obtained":[{"floor":2.0,"key":"PowerPotion"},{"floor":8.0,"key":"GamblersBrew"},{"floor":10.0,"key":"EssenceOfSteel"},{"floor":13.0,"key":"PowerPotion"},{"floor":26,"key":"CultistPotion"},{"floor":32,"key":"SteroidPotion"},{"floor":33,"key":"Fire Potion"}],"is_trial":false,"path_per_floor":["R","M","?","?","T","M","T","E","?","M","R","$","E","$","M","B",null,"R","M","?","?","$","R","T","E","?","T","?","R","E","?","M","B",null,"R","M","M","M","?","M","T","$","?","$","R","?","M","E","M","B",null,"E","$","R","B",null],"character_chosen":"THE_SNECKO","items_purchased":["expansioncontent:DashGenerateEvil+1","sneckomod:WideSting+1","expansioncontent:GuardianWhirl+1","Ice Cream","expansioncontent:BronzeBeam+1","Lizard Tail","FossilizedHelix","sneckomod:SuperSneckoEye","Panache"],"campfire_rested":4,"item_purchase_floors":[12,12,22,22,22,42,42,42,53],"current_hp_per_floor":[75,62,62,62,62,61,61,50,50,43,67,65,65,50,50,5,64,83,76,52,52,32,58,58,29,29,29,29,65,34,55,57,51,92,92,90,73,58,20,15,15,15,86,86,86,86,86,86,86,86,86,86,86,86,86],"gold":4,"neow_bonus":"BOSS_RELIC","is_daily":false,"chose_seed":false,"campfire_upgraded":1,"win_rate":0.0,"timestamp":1609038024,"path_taken":["R","M","?","?","?","M","T","E","?","M","R","?","E","$","M","BOSS","R","M","?","?","$","R","T","E","?","?","?","R","E","?","M","BOSS","R","M","M","M","?","M","T","$","?","?","R","?","M","E","M","BOSS","E","$","R","BOSS"],"items_purchased_type":["Card","Card","Card","Relic","Card","Relic","Relic","Relic","Card"],"build_version":"2020-12-22","purchased_purges":1,"victory":true,"max_hp_per_floor":[83,83,83,83,83,83,83,83,83,83,83,83,83,83,83,83,83,83,83,88,88,88,88,88,88,88,88,88,98,105,105,105,105,105,105,105,105,105,105,105,105,105,86,86,86,86,86,86,86,86,86,86,86,86,86],"card_choices":[{"not_picked":["sneckomod:DiceCrush","sneckomod:UnknownCommonAttack"],"picked":"sneckomod:Nope","floor":2.0},{"not_picked":["sneckomod:UnknownClassHEXA_GHOST_PURPLE","sneckomod:RainOfDice"],"picked":"sneckomod:UnknownWeak","floor":3.0},{"not_picked":["sneckomod:QuickBite","sneckomod:Nope"],"picked":"sneckomod:Transmogrify","floor":6.0},{"not_picked":["sneckomod:UnknownClassRED","sneckomod:UnknownClassTHE_CHAMP_GRAY"],"picked":"sneckomod:WideSting","floor":8.0},{"not_picked":["sneckomod:Unknown1Cost","sneckomod:Nope"],"picked":"sneckomod:UnknownWeak","floor":10.0},{"not_picked":["sneckomod:Unknown1Cost","sneckomod:DiceBlock"],"picked":"sneckomod:Unknown2Cost","floor":12.0},{"not_picked":["sneckomod:SerpentIdol","sneckomod:UnknownBlock"],"picked":"sneckomod:ImprovisedAttack+1","floor":13.0},{"not_picked":["sneckomod:UnknownClassBLUE","sneckomod:UnknownClassHEXA_GHOST_PURPLE"],"picked":"sneckomod:WideSting+1","floor":14.0},{"not_picked":["sneckomod:Unknown1Cost","sneckomod:MasterEye"],"picked":"sneckomod:SerpentIdol","floor":15.0},{"not_picked":["sneckomod:Mudshield","sneckomod:DangerNoodle+1"],"picked":"sneckomod:GlitteringGambit","floor":16.0},{"not_picked":["sneckomod:UnknownCommonSkill+1","sneckomod:Nope"],"picked":"sneckomod:UnknownUncommonSkill","floor":19.0},{"not_picked":["sneckomod:RainOfDice+1","sneckomod:WideSting+1"],"picked":"sneckomod:SoulDraw","floor":25},{"not_picked":["sneckomod:WideSting+1","sneckomod:IronFang+1"],"picked":"sneckomod:UnknownDexterity","floor":30},{"not_picked":["sneckomod:UnknownStrike+1","sneckomod:UnknownClassBLUE"],"picked":"sneckomod:DiceBlock","floor":32},{"not_picked":["sneckomod:GlitteringGambit","sneckomod:Mudshield"],"picked":"sneckomod:UnknownRareSkill","floor":33},{"not_picked":["sneckomod:WideSting+1","sneckomod:Unknown1Cost"],"picked":"sneckomod:QuickMove","floor":36},{"not_picked":["sneckomod:SoulRoll","sneckomod:RainOfDice+1"],"picked":"sneckomod:IronFang+1","floor":37},{"not_picked":["sneckomod:SoulDraw","sneckomod:Rotation"],"picked":"sneckomod:CheapStock","floor":38},{"not_picked":["sneckomod:UnknownBlock","sneckomod:UnknownCommonAttack"],"picked":"sneckomod:UnknownStrength+1","floor":39},{"not_picked":["sneckomod:SoulDraw","sneckomod:IronFang"],"picked":"sneckomod:PureSnecko","floor":40},{"not_picked":["sneckomod:UnknownVulnerable+1","sneckomod:Unknown0Cost"],"picked":"sneckomod:DiceBlock","floor":47},{"not_picked":["sneckomod:UnknownWeak","sneckomod:UnknownCommonSkill+1"],"picked":"sneckomod:UnknownUncommonPower+1","floor":48},{"not_picked":["sneckomod:UnknownStrike","sneckomod:RainOfDice"],"picked":"sneckomod:UnknownDexterity","floor":49},{"not_picked":["sneckomod:Unknown1Cost","sneckomod:QuickBite"],"picked":"sneckomod:QuickMove","floor":52}],"player_experience":500103,"relics_obtained":[{"floor":3.0,"key":"Oddly Smooth Stone"},{"floor":5.0,"key":"Ornamental Fan"},{"floor":7.0,"key":"The Courier"},{"floor":8.0,"key":"WingedGreaves"},{"floor":12.0,"key":"Molten Egg 2"},{"floor":13.0,"key":"CaptainsWheel"},{"floor":15.0,"key":"Molten Egg 2"},{"floor":25,"key":"Bird Faced Urn"},{"floor":27,"key":"Shuriken"},{"floor":30,"key":"Black Star"},{"floor":30,"key":"Strawberry"},{"floor":37,"key":"Snecko Eye"},{"floor":38,"key":"Gremlin Horn"},{"floor":39,"key":"Girya"},{"floor":39,"key":"Black Star"},{"floor":41,"key":"Dream Catcher"},{"floor":48,"key":"Shuriken"},{"floor":48,"key":"Happy Flower"},{"floor":48,"key":"Eternal Feather"},{"floor":52,"key":"The Courier"},{"floor":52,"key":"sneckomod:BlankCard"},{"floor":52,"key":"Sundial"}],"event_choices":[{"damage_healed":21,"gold_gain":0,"player_choice":"Heal","damage_taken":0,"max_hp_gain":0,"max_hp_loss":0,"event_name":"The Library","floor":31,"gold_loss":0},{"damage_healed":0,"gold_gain":0,"player_choice":"Fight","damage_taken":0,"max_hp_gain":0,"max_hp_loss":0,"event_name":"Mysterious Sphere","floor":39,"gold_loss":0},{"cards_removed":["sneckomod:ImprovisedAttack"],"damage_healed":0,"gold_gain":0,"player_choice":"Removed Attack","damage_taken":0,"max_hp_gain":0,"max_hp_loss":0,"event_name":"Falling","floor":46,"gold_loss":0}],"is_beta":false,"boss_relics":[{"not_picked":["Empty Cage","Coffee Dripper"],"picked":"Snecko Eye"},{"not_picked":["Velvet Choker","Astrolabe"],"picked":"Sozu"}],"items_purged_floors":[12],"is_endless":false,"potions_floor_spawned":[2,8,10,13,32,33,36,40,47],"ascension_level":20}}