{"host":"0hb9w7uizu7y13wj","time":1609071428,"event":{"mods":["Act Like it!","Aspiration","BaseMod","BetterRewards","Colored Map","Conspire","Downfall","Energized Spire","FTL Soundtrack","Friendly Minions","Halation","Hubris","Infinite Spire","Minty Spire (QoL Compilation)","Quick Restart","Replay The Spire","StSLib","Synergy Search","The Factory","The Hierophant","The Jungle","The Poker Player","Trackpad","everything is the same but u backflip on backflip","vexMod"],"gold_per_floor":[119,135,145,159,159,194,194,220,267,267,293,293,305,318,318,394,394,404,424,424,444,294,321,334,361,361,378,406,424,455,469,469,543,543,553,553,366,377,19,53,53,83,110,128,157,183,183,183,183,183,183],"floor_reached":50,"playtime":1710,"items_purged":["Strike_G","Strike_G","Defend_G"],"score":2274,"play_id":"5dc09dae-e2e3-49d0-8ded-8d3e1438a235","local_time":"20201227121708","is_ascension_mode":true,"campfire_choices":[{"data":"infinitespire:SevenWalls","floor":15.0,"key":"SMITH"},{"data":"infinitespire:SevenWalls","floor":32.0,"key":"SMITH"},{"data":"ReplayUltimateDefense","floor":41.0,"key":"SMITH"},{"data":"hubris:EnhanceAbility","floor":47.0,"key":"SMITH"},{"floor":49.0,"key":"RECALL"}],"circlet_count":0,"master_deck":["AscendersBane","Strike_G","Strike_G","Defend_G","Defend_G","Defend_G","Defend_G","Survivor","Neutralize","hubris:EnhanceAbility+1","Footwork","Flying Knee","Poisoned Stab","Deadly Poison","Replay:Poison Smokescreen","Dagger Spray","A Thousand Cuts","infinitespire:SevenWalls+1","Corpse Explosion","Dagger Spray","infinitespire:SevenWalls+1","Dagger Throw+1","Noxious Fumes","Catalyst+1","Heel Hook+1","Catalyst","Blade Dance","Dagger Spray","Dagger Spray","aspiration:Lunge","ReplayUltimateDefense+1","Bouncing Flask","All Out Attack","Riddle With Holes","infinitespire:Punishment+1","Slice+1","Cloak And Dagger+1","hubris:Counter+1"],"relics":["Ring of the Snake","Replay:Baseball","ClockworkSouvenir","halation:SwordOfLegend","halation:Pancakes","hubris:Metronome","Ninja Scroll","trackpad:IceCube","hubris:Potato","Bag of Marbles","infinitespire:ShieldingShard","Unceasing Top","trackpad:Coffee","trackpad:Compendium","aspiration:Stabinomicon","Snake Skull","halation:QuantumPhysicsTextbook","Blood Vial","Mercury Hourglass","aspiration:SeaSaltIceCream","trackpad:AdjectivePendant","halation:AfternoonTea","trackpad:ZombieHeart","Molten Egg 2","Replay:Bottled Flurry"],"acts_visited":["Exordium","TheCity","TheBeyond"],"potions_floor_usage":[50,50],"damage_taken":[{"damage":0.0,"enemies":"2 Louse","floor":1.0,"turns":3.0},{"damage":0.0,"enemies":"Small Slimes","floor":2.0,"turns":2.0},{"damage":0.0,"enemies":"Jaw Worm","floor":3.0,"turns":3.0},{"damage":16.0,"enemies":"Lots of Slimes","floor":4.0,"turns":5.0},{"damage":0.0,"enemies":"Replay:BlueRogue","floor":6.0,"turns":3.0},{"damage":8.0,"enemies":"Gremlin Nob","floor":8.0,"turns":3.0},{"damage":11.0,"enemies":"Nightmare","floor":11.0,"turns":10.0},{"damage":0.0,"enemies":"Red Slaver","floor":13.0,"turns":1.0},{"damage":0.0,"enemies":"Large Slime","floor":14.0,"turns":1.0},{"damage":0.0,"enemies":"Slime Boss","floor":16.0,"turns":1.0},{"damage":0.0,"enemies":"2 Thieves","floor":18.0,"turns":1.0},{"damage":0.0,"enemies":"Shell Parasite","floor":19.0,"turns":1.0},{"damage":0.0,"enemies":"Snake Plant","floor":21.0,"turns":1.0},{"damage":0.0,"enemies":"Book of Stabbing","floor":23.0,"turns":3.0},{"damage":0.0,"enemies":"Cultist and Chosen","floor":24.0,"turns":2.0},{"damage":0.0,"enemies":"Gremlin Leader","floor":25.0,"turns":3.0},{"damage":0.0,"enemies":"Shelled Parasite and Fungi","floor":27.0,"turns":1.0},{"damage":0.0,"enemies":"conspire:SneckoGhost","floor":28.0,"turns":1.0},{"damage":6.0,"enemies":"conspire:HollyBat","floor":29.0,"turns":7.0},{"damage":0.0,"enemies":"conspire:Head Lice","floor":30.0,"turns":3.0},{"damage":0.0,"enemies":"3 Cultists","floor":31.0,"turns":1.0},{"damage":41.0,"enemies":"conspire:MysteriousRune","floor":33.0,"turns":5.0},{"damage":0.0,"enemies":"3 Darklings","floor":35.0,"turns":1.0},{"damage":0.0,"enemies":"Orb Walker","floor":38.0,"turns":1.0},{"damage":0.0,"enemies":"R_Hoarder","floor":40.0,"turns":4.0},{"damage":0.0,"enemies":"Nemesis","floor":42.0,"turns":1.0},{"damage":0.0,"enemies":"Spire Growth","floor":44.0,"turns":1.0},{"damage":0.0,"enemies":"Nightmare","floor":45.0,"turns":2.0},{"damage":12.0,"enemies":"Giant Head","floor":46.0,"turns":5.0},{"damage":73,"enemies":"conspire:OrnateMirror","floor":50,"turns":9}],"seed_played":"-5657156452826091960","potions_obtained":[{"floor":1.0,"key":"Poison Potion"},{"floor":6.0,"key":"EssenceOfSteel"},{"floor":8.0,"key":"Weak Potion"},{"floor":11.0,"key":"Energy Potion"},{"floor":25.0,"key":"GhostInAJar"},{"floor":42.0,"key":"Poison Potion"}],"is_trial":false,"path_per_floor":["M","M","M","M","?","E","?","E","T","?","NM","AVR","M","M","R","B",null,"M","M","AVR","M","$","E","M","E","T","M","E","M","E","M","R","B",null,"M","?","$","M","$","E","R","E","T","M","NM","E","R","?","R","B"],"character_chosen":"THE_SILENT","items_purchased":["hubris:EnhanceAbility","Replay:Baseball","ClockworkSouvenir","Footwork","halation:Pancakes","hubris:Metronome","Flying Knee","Swift Potion","Noxious Fumes","ReplayUltimateDefense","aspiration:SeaSaltIceCream","Bouncing Flask"],"campfire_rested":0,"item_purchase_floors":[0,0,0,0,0,0,0,0,22,37,39,39],"current_hp_per_floor":[54,54,54,38,33,33,39,31,31,31,20,20,20,20,44,44,61,61,61,61,61,61,61,61,61,61,61,61,57,59,61,66,25,56,58,58,58,60,60,62,66,66,66,67,68,57,69,69,69,0,0],"gold":183,"neow_bonus":"","is_daily":false,"chose_seed":false,"campfire_upgraded":4,"win_rate":0.0,"timestamp":1609071428,"path_taken":["M","M","M","M","?","E","?","E","T","?","NM","AVR","?","M","R","BOSS","M","?","AVR","M","?","E","M","E","T","M","E","M","E","M","R","BOSS","M","?","$","M","?","E","R","E","T","M","NM","E","R","?","R","BOSS"],"items_purchased_type":["Card","Relic","Relic","Card","Relic","Relic","Card","Potion","Card","Card","Relic","Card"],"build_version":"2020-12-22","purchased_purges":3,"victory":false,"max_hp_per_floor":[66,66,66,66,66,66,66,66,66,66,66,66,66,66,66,66,66,66,66,66,66,66,66,66,66,66,66,66,66,66,66,66,66,66,66,66,66,66,66,66,66,66,66,67,68,69,69,69,69,69,69],"card_choices":[{"not_picked":["Backflip","Acrobatics"],"picked":"Poisoned Stab","floor":1.0},{"not_picked":["Deadly Poison","Terror","Concentrate"],"picked":"SKIP","floor":2.0},{"not_picked":["Terror","Concentrate"],"picked":"Deadly Poison","floor":2.0},{"not_picked":["Bane","PiercingWail"],"picked":"Replay:Poison Smokescreen","floor":3.0},{"not_picked":["ReplayTheSpireMod:The Works","Quick Slash"],"picked":"Dagger Spray","floor":4.0},{"not_picked":["Backflip","Deflect"],"picked":"A Thousand Cuts","floor":6.0},{"not_picked":["Outmaneuver","Deadly Poison","Doppelganger"],"picked":"SKIP","floor":8.0},{"not_picked":["Choke","Caltrops","Dagger Spray"],"picked":"SKIP","floor":11.0},{"not_picked":["Setup","Cloak And Dagger","Sucker Punch"],"picked":"SKIP","floor":13.0},{"not_picked":["Setup","Cloak And Dagger","Sucker Punch"],"picked":"SKIP","floor":13.0},{"not_picked":["ReplayTheSpireMod:Exploit Weakness","Replay:Poison Smokescreen","Deflect"],"picked":"SKIP","floor":14.0},{"not_picked":["Unload","ReplayTheSpireMod:Necrosis"],"picked":"Corpse Explosion","floor":16.0},{"not_picked":["Sneak Up+1","Prepared"],"picked":"Dagger Spray","floor":18.0},{"not_picked":["Heel Hook","Prepared","Bane"],"picked":"SKIP","floor":19.0},{"not_picked":["ReplayTheSpireMod:The Works","hubris:SlightOfHand"],"picked":"Dagger Throw+1","floor":21.0},{"not_picked":["Underhanded Strike","Acrobatics"],"picked":"Catalyst+1","floor":23.0},{"not_picked":["Sucker Punch","Distraction","Toxin Wave"],"picked":"SKIP","floor":24.0},{"not_picked":["Flying Knee","ReplayTheSpireMod:Tripwire"],"picked":"Heel Hook+1","floor":25.0},{"not_picked":["Outmaneuver","Dagger Throw","Toxin Wave"],"picked":"SKIP","floor":27.0},{"not_picked":["Acrobatics","ReplayTheSpireMod:The Works"],"picked":"Catalyst","floor":28.0},{"not_picked":["Deadly Poison","Cloak And Dagger"],"picked":"Blade Dance","floor":29.0},{"not_picked":["Deadly Poison","Malaise"],"picked":"Dagger Spray","floor":30.0},{"not_picked":["Distraction","Acrobatics"],"picked":"Dagger Spray","floor":31.0},{"not_picked":["Burst","Malaise"],"picked":"aspiration:Lunge","floor":33.0},{"not_picked":["Dodge and Roll","Catalyst","Tactician"],"picked":"SKIP","floor":35.0},{"not_picked":["Dagger Throw","Terror+1","ReplayTheSpireMod:Speed Training"],"picked":"SKIP","floor":38.0},{"not_picked":["Acrobatics","hubris:SlightOfHand","Flying Knee"],"picked":"SKIP","floor":40.0},{"not_picked":["Blade Dance","Quick Slash"],"picked":"All Out Attack","floor":42.0},{"not_picked":["Dagger Spray","Endless Agony+1"],"picked":"Riddle With Holes","floor":44.0},{"not_picked":["infinitespire:Fortify","ReplayTheSpireMod:Black Plague"],"picked":"infinitespire:Punishment+1","floor":45.0},{"not_picked":["Flying Knee+1","Expertise"],"picked":"Slice+1","floor":45.0},{"not_picked":["hubris:SlightOfHand+1","Leg Sweep"],"picked":"Cloak And Dagger+1","floor":46.0}],"player_experience":906487,"relics_obtained":[{"floor":6.0,"key":"trackpad:IceCube"},{"floor":8.0,"key":"hubris:Potato"},{"floor":9.0,"key":"Bag of Marbles"},{"floor":11.0,"key":"infinitespire:ShieldingShard"},{"floor":23.0,"key":"aspiration:Stabinomicon"},{"floor":25.0,"key":"Snake Skull"},{"floor":26.0,"key":"halation:QuantumPhysicsTextbook"},{"floor":28.0,"key":"Blood Vial"},{"floor":30.0,"key":"Mercury Hourglass"},{"floor":40.0,"key":"halation:AfternoonTea"},{"floor":42.0,"key":"trackpad:ZombieHeart"},{"floor":45.0,"key":"Molten Egg 2"},{"floor":46.0,"key":"Replay:Bottled Flurry"}],"event_choices":[{"damage_healed":0.0,"max_hp_gain":0.0,"max_hp_loss":0.0,"gold_gain":0.0,"event_name":"Scrap Ooze","player_choice":"Success","floor":5.0,"gold_loss":0.0,"damage_taken":5.0,"relics_obtained":["Ninja Scroll"]},{"damage_healed":0.0,"max_hp_gain":0.0,"max_hp_loss":0.0,"gold_gain":0.0,"event_name":"Lab","player_choice":"Got Potions","floor":36.0,"gold_loss":0.0,"damage_taken":0.0},{"damage_healed":0.0,"max_hp_gain":0.0,"max_hp_loss":0.0,"gold_gain":0.0,"cards_transformed":["Strike_G"],"event_name":"Transmorgrifier","player_choice":"Transformed","floor":48.0,"gold_loss":0.0,"damage_taken":0.0,"cards_obtained":["hubris:Counter"]}],"is_beta":false,"boss_relics":[{"not_picked":["Astrolabe","Ring of Chaos"],"picked":"trackpad:Coffee"},{"not_picked":["halation:Yufonium","Snecko Scales","Honey Jar"]}],"items_purged_floors":[12,20,22],"is_endless":false,"potions_floor_spawned":[1,4,6,8,11,19,21,25,30,31,33,42],"killed_by":"conspire:OrnateMirror","ascension_level":20}}