{"host":"v8fyz8q94mb7vc4s","time":1609057829,"event":{"mods":["ATMod(阿瑾Mod)","Act Like it!","BaseMod","BetterRewards","CapriCore","Custom Start","Gensokyo","Jedi Mod","Marisa（F雨　魔理沙）","Marked Mod","Minty Spire (QoL Compilation)","MostiFishMod","Pale of the Ancients","Quick Restart","Replay The Spire","RumiaBox-露米娅的神秘盒子","Shop Mod","Spicy Shops","StSLib","Td1madao Mod","The Immortal","The Servant 0.9.4","UnlockEverythingMod","Waifu the Spire","WarShipGirlsR/战舰少女R mod","Yakumo Yukari mod","noobMod","vexMod","【遗物卡牌】REMEMod","残留之物"],"gold_per_floor":[119,119,119,194,212,212,187,217,217,71,98,98,111,131,131,234,234,248,248,268,278,290,290,325,250,330,347,364,264,264,298,298,298,298,310,352,108,108,58,90,90,90,90,104,117,117,130,130,130,130,130,130,130,162,162],"floor_reached":56,"playtime":1993,"items_purged":["ReplayTheSpireMod:Doomed","PlaceholderMod:BaseStrike","PlaceholderMod:BaseStrike","PlaceholderMod:BaseStrike","PlaceholderMod:PoisonWhip"],"score":1773,"play_id":"89d0d0c0-3fbe-411c-aa78-b47c62992e6d","local_time":"20201227163029","is_ascension_mode":false,"campfire_choices":[{"data":"PlaceholderMod:MultipleOxi","floor":6.0,"key":"SMITH"},{"data":"PlaceholderMod:GrowthForm","floor":12,"key":"SMITH"},{"data":"PlaceholderMod:ComplexForm","floor":15,"key":"SMITH"},{"floor":23,"key":"RECALL"},{"data":"PlaceholderMod:QualitativeChange","floor":30,"key":"SMITH"},{"data":"PlaceholderMod:MultiReaction","floor":32,"key":"SMITH"},{"floor":46,"key":"REST"},{"data":"PlaceholderMod:SeverePoisonStrike","floor":49,"key":"SMITH"},{"data":"PlaceholderMod:CorePoison","floor":52,"key":"SMITH"}],"circlet_count":0,"master_deck":["PlaceholderMod:BaseDefend","PlaceholderMod:BaseDefend","PlaceholderMod:BaseDefend","PlaceholderMod:BaseDefend+1","PlaceholderMod:BaseDefend","PlaceholderMod:Crystal","TheWorld+1","PlaceholderMod:SeverePoisonStrike+1","PlaceholderMod:MultipleOxi+1","PlaceholderMod:GrowthForm+1","PlaceholderMod:RadicalHit","PlaceholderMod:ComplexForm+1","PlaceholderMod:CorePoison+1","PlaceholderMod:PoisonExcitation+1","PlaceholderMod:MultiReaction+1","PlaceholderMod:QualitativeChange+1","Gensokyo:LittleGreenMen"],"relics":["PlaceholderMod:Tancle","ice","DaveBox","AT_ATBox","REME_ComplimentaryCards","NeowsBlessing","Nloth\u0027s Gift","SynthV:TestCard","ReplayTheSpireMod:CursedCoin","Happy Flower","Pen Nib","AT_TrinityForce","Smiling Mask","The Courier","Mirror","xbg","Iron Hammer","Chameleon Ring","Replay:Mystery Machine","Vajra"],"acts_visited":["Exordium","TheCity","Gensokyo:Gensokyoest","TheEnding"],"potions_floor_usage":[24],"damage_taken":[{"damage":0.0,"enemies":"2 Louse","floor":1.0,"turns":1.0},{"damage":0.0,"enemies":"Small Slimes","floor":5.0,"turns":1.0},{"damage":0,"enemies":"3 Sentries","floor":8,"turns":2},{"damage":6,"enemies":"Lagavulin","floor":11,"turns":3},{"damage":0,"enemies":"Cultist","floor":13,"turns":2},{"damage":0,"enemies":"Large Slime","floor":14,"turns":4},{"damage":0,"enemies":"Slime Boss","floor":16,"turns":4},{"damage":13,"enemies":"3 Byrds","floor":18,"turns":3},{"damage":12,"enemies":"Shell Parasite","floor":20,"turns":2},{"damage":0,"enemies":"Snecko","floor":21,"turns":2},{"damage":6,"enemies":"Shelled Parasite and Fungi","floor":22,"turns":3},{"damage":39,"enemies":"Slavers","floor":24,"turns":4},{"damage":0,"enemies":"Centurion and Healer","floor":27,"turns":2},{"damage":0,"enemies":"Cultist and Chosen","floor":28,"turns":3},{"damage":12,"enemies":"Book of Stabbing","floor":31,"turns":4},{"damage":35,"enemies":"Pondfish","floor":33,"turns":5},{"damage":19,"enemies":"Gensokyo:3_Bats","floor":35,"turns":5},{"damage":4,"enemies":"Gensokyo:Kasen","floor":40,"turns":4},{"damage":0,"enemies":"Gensokyo:3_Boulders","floor":44,"turns":4},{"damage":24,"enemies":"Gensokyo:Sharpion","floor":45,"turns":3},{"damage":0,"enemies":"Gensokyo:4_Bats","floor":47,"turns":3},{"damage":10,"enemies":"Gensokyo:Shinki","floor":50,"turns":5},{"damage":75,"enemies":"Shield and Spear","floor":54,"turns":7},{"damage":29,"enemies":"The Heart","floor":55,"turns":5}],"seed_played":"-6623911465410723590","potions_obtained":[{"floor":5.0,"key":"DistilledChaos"},{"floor":8,"key":"ColorlessPotion"},{"floor":14,"key":"SteroidPotion"},{"floor":24,"key":"LiquidBronze"}],"is_trial":false,"path_per_floor":["M","?","?","?","M","R","$","E","T","$","E","R","M","M","R","B",null,"M","?","M","M","M","R","E","?","T","M","M","$","R","E","R","B",null,"M","?","COS","?","$","E","?","$","T","M","M","R","M","?","R","B",null,"R","$","E","B",null],"character_chosen":"THE_PLACEHOLDER","items_purchased":["ReplayTheSpireMod:CursedCoin","PlaceholderMod:GrowthForm"],"campfire_rested":1,"item_purchase_floors":[7,10],"current_hp_per_floor":[78,78,71,60,60,60,60,60,60,60,54,54,54,54,54,54,78,65,59,47,47,41,41,2,2,2,2,2,2,2,66,66,31,87,68,32,32,32,32,32,41,41,41,41,17,47,51,51,51,41,107,107,107,32,110],"gold":162,"neow_bonus":"THREE_ENEMY_KILL","is_daily":false,"chose_seed":false,"campfire_upgraded":7,"win_rate":0.0,"timestamp":1609057829,"path_taken":["M","?","?","?","M","R","?","E","T","$","E","R","?","M","R","BOSS","M","?","?","M","M","R","E","?","T","M","M","$","R","E","R","BOSS","M","?","COS","?","?","E","?","$","T","?","M","R","?","?","R","BOSS","R","$","E","BOSS"],"items_purchased_type":["Relic","Card"],"build_version":"2020-12-22","purchased_purges":5,"victory":true,"max_hp_per_floor":[78,78,78,78,78,78,78,78,78,78,78,78,78,78,78,78,78,78,78,78,78,78,78,78,78,78,78,78,78,78,80,80,87,87,90,90,90,90,90,93,93,93,93,97,100,100,103,103,103,107,107,107,107,121,156],"card_choices":[{"not_picked":["PlaceholderMod:PoisonExcitation","PlaceholderMod:ParasiteChange"],"picked":"PlaceholderMod:SeverePoisonStrike","floor":1.0},{"not_picked":["PlaceholderMod:Polyp","PlaceholderMod:AttackAsDefend","PlaceholderMod:StressReaction","PlaceholderMod:SelfCoupling"],"picked":"PlaceholderMod:MultipleOxi","floor":5.0},{"not_picked":["PlaceholderMod:PoisonBlast","PlaceholderMod:Turn","PlaceholderMod:Stratification","PlaceholderMod:PoisonAbsorb","PlaceholderMod:Break"],"picked":"SKIP","floor":8},{"not_picked":["PlaceholderMod:Inner","PlaceholderMod:SubstitutionNucleophilic1","PlaceholderMod:SeverePoisonStrike","PlaceholderMod:Crystallization","PlaceholderMod:Stratification"],"picked":"SKIP","floor":11},{"not_picked":["PlaceholderMod:Stratification","PlaceholderMod:InnerStable","PlaceholderMod:Hard","PlaceholderMod:HealingAttack"],"picked":"PlaceholderMod:RadicalHit","floor":13},{"not_picked":["PlaceholderMod:Sweep","PlaceholderMod:Stable","PlaceholderMod:DiffusionChemical","PlaceholderMod:InnerStable"],"picked":"PlaceholderMod:ComplexForm","floor":14},{"not_picked":["PlaceholderMod:SelfCoupling","PlaceholderMod:HornyCollision","PlaceholderMod:GrowthForm","PlaceholderMod:Activation"],"picked":"PlaceholderMod:CorePoison","floor":16},{"not_picked":["PlaceholderMod:ConsolidateHit","PlaceholderMod:Polyp","PlaceholderMod:TriggerStrike","PlaceholderMod:HardStinger"],"picked":"PlaceholderMod:PoisonExcitation+1","floor":18},{"not_picked":["PlaceholderMod:HealingAttack+1","PlaceholderMod:TriggerStrike","PlaceholderMod:PoisonBlast","PlaceholderMod:RadicalHit","PlaceholderMod:OHStrongAttack+1"],"picked":"SKIP","floor":20},{"not_picked":["PlaceholderMod:Crystallization","PlaceholderMod:SelfCoupling","PlaceholderMod:NearChange","PlaceholderMod:MultipleOxi","PlaceholderMod:ContinueSpray"],"picked":"SKIP","floor":21},{"not_picked":["PlaceholderMod:FastReaction","PlaceholderMod:Crystallization+1","PlaceholderMod:SprayAttack+1","PlaceholderMod:DiffusionChemical+1","PlaceholderMod:HardStrike+1"],"picked":"SKIP","floor":22},{"not_picked":["PlaceholderMod:ThreeBenzyolStart","PlaceholderMod:HardStrike+1","PlaceholderMod:SevereHeat","PlaceholderMod:FastReaction"],"picked":"PlaceholderMod:MultiReaction","floor":24},{"not_picked":["PlaceholderMod:RadicalHit","PlaceholderMod:OHStrongAttack","PlaceholderMod:Package+1","PlaceholderMod:ConsolidateHit+1"],"picked":"PlaceholderMod:QualitativeChange","floor":27},{"not_picked":["PlaceholderMod:HornyBlast","PlaceholderMod:HardStrike","PlaceholderMod:FastReaction","PlaceholderMod:PoisonAbsorb","PlaceholderMod:ParasiteChange"],"picked":"SKIP","floor":28},{"not_picked":["PlaceholderMod:Hard","PlaceholderMod:Turn+1","PlaceholderMod:PericyclicReaction","PlaceholderMod:PoisonBlast","PlaceholderMod:HornyCollision"],"picked":"SKIP","floor":31},{"not_picked":["PlaceholderMod:MultipleOxi+1","PlaceholderMod:ContinueSpray","PlaceholderMod:SeverePoisonStrike","PlaceholderMod:DissolvingSpikes","PlaceholderMod:Sweep+1"],"picked":"SKIP","floor":35},{"not_picked":["PlaceholderMod:StrongAcid","PlaceholderMod:ThreeBenzyolStart","PlaceholderMod:HealingAttack","PlaceholderMod:Corrosion+1","PlaceholderMod:Assimilation"],"picked":"SKIP","floor":40},{"not_picked":["PlaceholderMod:StressReaction+1","PlaceholderMod:MultipleOxi+1","PlaceholderMod:SubstitutionNucleophilic1","PlaceholderMod:SeverePoisonStrike+1","PlaceholderMod:SevereHeat"],"picked":"SKIP","floor":44},{"not_picked":["PlaceholderMod:ConsolidateHit","PlaceholderMod:CycleAttack+1","PlaceholderMod:ParasiteChange+1","PlaceholderMod:ThreeBenzyolStart+1","PlaceholderMod:Hyperplasia"],"picked":"SKIP","floor":45},{"not_picked":["PlaceholderMod:Colorful+1","PlaceholderMod:SelectReaction","PlaceholderMod:DirectingGroup+1","PlaceholderMod:HardStinger+1","PlaceholderMod:TriggerStrike"],"picked":"SKIP","floor":47},{"not_picked":["PlaceholderMod:CycleAttack+1","PlaceholderMod:Sweep","PlaceholderMod:PoisonExcitation+1","PlaceholderMod:CorePoison","PlaceholderMod:Turn"],"picked":"SKIP","floor":54}],"player_experience":365471,"relics_obtained":[{"floor":1.0,"key":"SynthV:TestCard"},{"floor":8,"key":"Happy Flower"},{"floor":11,"key":"Pen Nib"},{"floor":24,"key":"Smiling Mask"},{"floor":26,"key":"The Courier"},{"floor":31,"key":"Mirror"},{"floor":36,"key":"Iron Hammer"},{"floor":43,"key":"Chameleon Ring"},{"floor":54,"key":"Vajra"}],"event_choices":[{"damage_healed":0.0,"max_hp_gain":0.0,"max_hp_loss":0.0,"gold_gain":0.0,"event_name":"Living Wall","player_choice":"Grow","floor":2.0,"gold_loss":0.0,"damage_taken":0.0,"cards_upgraded":["TheWorld"]},{"cards_removed":["PlaceholderMod:BaseStrike"],"damage_healed":0.0,"max_hp_gain":0.0,"max_hp_loss":0.0,"gold_gain":0.0,"event_name":"Golden Wing","player_choice":"Card Removal","floor":3.0,"gold_loss":0.0,"damage_taken":7.0},{"damage_healed":0.0,"max_hp_gain":0.0,"max_hp_loss":0.0,"gold_gain":75.0,"event_name":"World of Goop","player_choice":"Gather Gold","floor":4.0,"gold_loss":0.0,"damage_taken":11.0},{"damage_healed":0,"gold_gain":0,"player_choice":"","damage_taken":6,"max_hp_gain":0,"max_hp_loss":0,"event_name":"Knowing Skull","floor":19,"potions_obtained":[],"gold_loss":0,"cards_obtained":[]},{"cards_removed":["PlaceholderMod:BaseStrike"],"damage_healed":0,"gold_gain":0,"player_choice":"Gave Gold","damage_taken":0,"max_hp_gain":0,"max_hp_loss":0,"event_name":"Beggar","floor":25,"gold_loss":75}],"is_beta":false,"boss_relics":[{"not_picked":["vexMod:FluxCapacitor","ReplayTheSpireMod:DimensionalGlitch"],"picked":"AT_TrinityForce"},{"not_picked":["ChewingGum","Replay:Bronze Core"],"picked":"xbg"}],"items_purged_floors":[7,7,29,29,39],"is_endless":false,"potions_floor_spawned":[5,8,14,24,28,31,33,40,45,47,54],"ascension_level":0}}