{"host":"uyrebrj0204enqpc","time":1609087611,"event":{"mods":["Act Like it!","Bard","BaseMod","Block Reminder","Challenge The Spire","Colored Map","Colored Powertips","DeckTracker","Downfall","GifTheSpireLib","HexUI Lib","Highlight Path","Hubris","Infinite Spire","Minty Spire (QoL Compilation)","Pale of the Ancients","Quick Restart","Random Character Button","Relic Sorter","Relic Stats","Replay The Spire","Shop Mod","StSLib","The Blue Laboratory","The Bug Knight","The Cursed","The Jungle","The Marked","Wandering Minibosses"],"gold_per_floor":[111,131,131,131,131,131,156,156,230,230,330,347,347,347,347,442,542,556,570,580,580,580,658,658,689,689,772,798,826,826,555,555,749,799,871,873,873,925,925,925,1312,1415,1439,1439,1549,1688,1688,1814,1814,1828,1828],"floor_reached":50,"playtime":2726,"items_purged":["Strike_R","Defend_R"],"score":920,"play_id":"14068f1e-91ef-4d29-a2dc-191f572d8e03","local_time":"20201227114651","is_ascension_mode":true,"campfire_choices":[{"data":"Demonic Infusion","floor":6.0,"key":"SMITH"},{"data":"True Grit","floor":8.0,"key":"SMITH"},{"floor":10.0,"key":"REST"},{"data":"Uppercut","floor":15.0,"key":"SMITH"},{"data":"hubris:InfiniteBlow+1","floor":24.0,"key":"SMITH"},{"floor":30.0,"key":"REST"},{"floor":32.0,"key":"REST"},{"data":"hubris:InfiniteBlow+2","floor":40.0,"key":"SMITH"},{"data":"hubris:InfiniteBlow+3","floor":47,"key":"SMITH"},{"floor":49,"key":"REST"}],"circlet_count":0,"master_deck":["Uppercut+1","Demonic Infusion+1","True Grit+1","Headbutt","infinitespire:NeuralNetwork","hubris:InfiniteBlow+4","RitualDagger+1","Shrug It Off","Offering","Writhe","Decay","Madness+1"],"relics":["Burning Blood","hubris:Icosahedron","hubris:MobiusCoin","Molten Egg 2","Replay:Grab Bag","Philosopher\u0027s Stone","Replay:Wanted Poster","hubris:Backtick","hubris:Potato","SlaversCollar","Toy Ornithopter","infinitespire:Midas Blood","Paper Frog","infinitespire:Golems Mask","infinitespire:PuzzleCube","Iron Hammer","infinitespire:EvilPickle","Kintsugi","StoneCalendar","Old Coin","Replay:Bottled Flurry"],"acts_visited":["Exordium","TheCity","TheBeyond"],"potions_floor_usage":[50],"damage_taken":[{"damage":5.0,"enemies":"Small Slimes","floor":1.0,"turns":3.0},{"damage":0.0,"enemies":"2 Louse","floor":2.0,"turns":3.0},{"damage":31.0,"enemies":"Lagavulin","floor":7.0,"turns":5.0},{"damage":0.0,"enemies":"Cultist","floor":12.0,"turns":2.0},{"damage":0.0,"enemies":"The Guardian","floor":16.0,"turns":15.0},{"damage":12.0,"enemies":"Spheric Guardian","floor":18.0,"turns":5.0},{"damage":4.0,"enemies":"Shell Parasite","floor":19.0,"turns":6.0},{"damage":36.0,"enemies":"Snake Plant","floor":20.0,"turns":5.0},{"damage":21.0,"enemies":"Nightmare","floor":23.0,"turns":7.0},{"damage":0.0,"enemies":"Gremlin Leader","floor":25.0,"turns":6.0},{"damage":8.0,"enemies":"Book of Stabbing","floor":27.0,"turns":6.0},{"damage":24.0,"enemies":"Centurion and Healer","floor":28.0,"turns":7.0},{"damage":19.0,"enemies":"Shelled Parasite and Fungi","floor":29.0,"turns":5.0},{"damage":7.0,"enemies":"Pondfish","floor":33.0,"turns":8.0},{"damage":21.0,"enemies":"3 Darklings","floor":35.0,"turns":6.0},{"damage":19.0,"enemies":"2 Orb Walkers","floor":38.0,"turns":3.0},{"damage":0.0,"enemies":"Giant Head","floor":41.0,"turns":3.0},{"damage":0.0,"enemies":"3 Shapes","floor":42.0,"turns":3.0},{"damage":0.0,"enemies":"Writhing Mass","floor":45.0,"turns":1.0},{"damage":35,"enemies":"Nemesis","floor":46,"turns":3},{"damage":21,"enemies":"3 Darklings","floor":48,"turns":2},{"damage":56,"enemies":"hubris:GrandSnecko","floor":50,"turns":5}],"seed_played":"4600843216252436692","potions_obtained":[{"floor":7.0,"key":"blueLaboratory:SmithPotion"},{"floor":20.0,"key":"Explosive Potion"},{"floor":23.0,"key":"DuplicationPotion"},{"floor":29.0,"key":"Languid Potion"},{"floor":33.0,"key":"blueLaboratory:AbyssPotion"},{"floor":41.0,"key":"SpeedPotion"}],"is_trial":false,"path_per_floor":["M","M","?","?","?","R","E","R","T","R","?","M","?","?","R","B",null,"M","M","M","AVR","?","NM","R","E","T","E","M","M","R","$","R","B",null,"M","?","?","?","?","R","E","M","T","?","M","E","R","M","R","B"],"character_chosen":"IRONCLAD","items_purchased":["Iron Hammer"],"campfire_rested":4,"item_purchase_floors":[31],"current_hp_per_floor":[57,63,63,47,47,47,22,22,22,46,46,52,33,33,33,39,80,74,76,46,46,40,25,25,36,36,34,21,13,37,37,61,60,80,65,60,60,47,47,47,53,59,59,59,65,36,36,21,45,0,0],"gold":1828,"neow_bonus":"TRANSFORM_TWO_CARDS","is_daily":false,"chose_seed":false,"campfire_upgraded":6,"win_rate":0.0,"timestamp":1609087611,"path_taken":["M","M","?","?","?","R","E","R","T","R","?","?","?","?","R","BOSS","M","M","M","AVR","?","NM","R","E","T","E","M","M","R","$","R","BOSS","BOSS","M","?","?","?","?","R","E","M","T","?","M","E","R","?","R","BOSS"],"items_purchased_type":["Relic"],"build_version":"2020-12-22","purchased_purges":2,"victory":false,"max_hp_per_floor":[80,80,80,80,80,80,80,80,80,80,80,80,80,80,80,80,80,80,80,80,80,80,80,80,80,80,80,80,80,80,80,80,80,80,80,80,80,80,80,80,80,80,80,80,80,80,80,80,80,80,80],"relic_stats":{"counters":[22,109],"StoneCalendar":[0],"obtain_stats":[{"hubris:MobiusCoin":9,"Replay:Grab Bag":17,"StoneCalendar":38,"Burning Blood":0,"Old Coin":41,"Replay:Wanted Poster":17,"infinitespire:EvilPickle":33,"SlaversCollar":17,"hubris:Icosahedron":5,"hubris:Backtick":17,"Molten Egg 2":14,"Philosopher\u0027s Stone":17,"infinitespire:Golems Mask":26,"Iron Hammer":31,"Replay:Bottled Flurry":46,"Kintsugi":34,"hubris:Potato":17,"Toy Ornithopter":21,"infinitespire:PuzzleCube":27,"infinitespire:Midas Blood":23,"Paper Frog":25},{"hubris:MobiusCoin":3,"Replay:Grab Bag":5,"StoneCalendar":16,"Burning Blood":0,"Old Coin":17,"Replay:Wanted Poster":5,"infinitespire:EvilPickle":14,"SlaversCollar":5,"hubris:Icosahedron":2,"hubris:Backtick":5,"Molten Egg 2":4,"Philosopher\u0027s Stone":5,"infinitespire:Golems Mask":10,"Iron Hammer":13,"Replay:Bottled Flurry":20,"Kintsugi":14,"hubris:Potato":5,"Toy Ornithopter":8,"infinitespire:PuzzleCube":11,"infinitespire:Midas Blood":9,"Paper Frog":10},{"hubris:MobiusCoin":11,"Replay:Grab Bag":28,"StoneCalendar":92,"Burning Blood":0,"Old Coin":95,"Replay:Wanted Poster":28,"infinitespire:EvilPickle":83,"SlaversCollar":28,"hubris:Icosahedron":6,"hubris:Backtick":28,"Molten Egg 2":13,"Philosopher\u0027s Stone":28,"infinitespire:Golems Mask":57,"Iron Hammer":75,"Replay:Bottled Flurry":102,"Kintsugi":83,"hubris:Potato":28,"Toy Ornithopter":44,"infinitespire:PuzzleCube":63,"infinitespire:Midas Blood":51,"Paper Frog":57}],"Burning Blood":126,"Toy Ornithopter":20},"card_choices":[{"not_picked":["Shrug It Off","Carnage"],"picked":"True Grit","floor":1.0},{"not_picked":["Headbutt","Hemokinesis","Sentinel"],"picked":"SKIP","floor":2.0},{"not_picked":["Brutality","Havoc","ReplayTheSpireMod:Limb From Limb"],"picked":"SKIP","floor":7.0},{"not_picked":["Evolve","True Grit","ReplayTheSpireMod:Limb From Limb"],"picked":"SKIP","floor":12.0},{"not_picked":["infinitespire:SealOfDarkness+","infinitespire:SevenWalls"],"picked":"infinitespire:NeuralNetwork","floor":13.0},{"not_picked":["Massacre+1","Defy Death+1","Clothesline+1"],"picked":"SKIP","floor":18.0},{"not_picked":["Sword Boomerang+1","Cleave+1","Thunderclap+1"],"picked":"SKIP","floor":19.0},{"not_picked":["Sword Boomerang+1","Cleave+1","Thunderclap+1"],"picked":"SKIP","floor":19.0},{"not_picked":["Run Through+1","Sword Boomerang+1","Sentinel"],"picked":"SKIP","floor":20.0},{"not_picked":["Clash+1","Pummel+1"],"picked":"Shrug It Off","floor":23.0},{"not_picked":["Havoc","Spot Weakness","Thunderclap+1"],"picked":"SKIP","floor":25.0},{"not_picked":["Burning Pact+1","Havoc","hubris:StunningStrike+1"],"picked":"SKIP","floor":27.0},{"not_picked":["Rage","Infernal Blade+1","Iron Wave+1"],"picked":"SKIP","floor":28.0},{"not_picked":["Rage","Infernal Blade+1","Iron Wave+1"],"picked":"SKIP","floor":28.0},{"not_picked":["Shrug It Off","ReplayTheSpireMod:Strike From Hell+1"],"picked":"Metallicize+1","floor":29.0},{"not_picked":["Reaper+1","Berserk"],"picked":"Offering","floor":33.0},{"not_picked":["Flex","True Grit+1","Thunderclap+1"],"picked":"SKIP","floor":35.0},{"not_picked":["Flex","True Grit+1","Thunderclap+1"],"picked":"SKIP","floor":35.0},{"not_picked":["Panacea","expansioncontent:PrepareCrush"],"picked":"Madness","floor":36.0},{"not_picked":["Bloodletting","hubris:ReadiedAction","ReplayTheSpireMod:Corrosion Curse"],"picked":"SKIP","floor":41.0},{"not_picked":["Sever Soul+1","Entrench+1","Twin Strike+1"],"picked":"SKIP","floor":42.0},{"not_picked":["Fire Breathing","Juggernaut","Hemokinesis+1"],"picked":"SKIP","floor":45.0},{"not_picked":["Warcry+1","Demon Form","Anger+1"],"picked":"SKIP","floor":46},{"not_picked":["ReplayTheSpireMod:Corrosion Curse+1","Sword Boomerang+1","Shockwave"],"picked":"SKIP","floor":48}],"player_experience":946079,"relics_obtained":[{"floor":9.0,"key":"hubris:MobiusCoin"},{"floor":14.0,"key":"Molten Egg 2"},{"floor":23.0,"key":"infinitespire:Midas Blood"},{"floor":25.0,"key":"Paper Frog"},{"floor":26.0,"key":"infinitespire:Golems Mask"},{"floor":27.0,"key":"infinitespire:PuzzleCube"},{"floor":38.0,"key":"StoneCalendar"},{"floor":41.0,"key":"Old Coin"},{"floor":46,"key":"Replay:Bottled Flurry"}],"event_choices":[{"damage_healed":0.0,"max_hp_gain":0.0,"max_hp_loss":0.0,"gold_gain":0.0,"cards_transformed":["Strike_R"],"event_name":"Living Wall","player_choice":"Change","floor":3.0,"gold_loss":0.0,"damage_taken":0.0,"cards_obtained":["Headbutt"]},{"damage_healed":0.0,"max_hp_gain":0.0,"max_hp_loss":0.0,"gold_gain":0.0,"event_name":"Shining Light","player_choice":"Entered Light","floor":4.0,"gold_loss":0.0,"damage_taken":16.0,"cards_upgraded":["Bash","Strike_R"]},{"damage_healed":0.0,"max_hp_gain":0.0,"max_hp_loss":0.0,"gold_gain":100.0,"event_name":"Wheel of Change","player_choice":"Gold","floor":11.0,"gold_loss":0.0,"damage_taken":0.0},{"damage_healed":0.0,"max_hp_gain":0.0,"max_hp_loss":0.0,"gold_gain":0.0,"event_name":"Nest","player_choice":"Joined the Cult","floor":22.0,"gold_loss":0.0,"damage_taken":6.0,"cards_obtained":["RitualDagger"]},{"damage_healed":0.0,"max_hp_gain":0.0,"max_hp_loss":0.0,"gold_gain":0.0,"event_name":"SensoryStone","player_choice":"Memory 2","floor":36.0,"gold_loss":0.0,"damage_taken":5.0},{"damage_healed":0.0,"max_hp_gain":0.0,"max_hp_loss":0.0,"gold_gain":0.0,"event_name":"Mysterious Sphere","player_choice":"Fight","floor":38.0,"gold_loss":0.0,"damage_taken":0.0},{"cards_removed":["Metallicize"],"damage_healed":0.0,"max_hp_gain":0.0,"max_hp_loss":0.0,"gold_gain":0.0,"event_name":"Falling","player_choice":"Removed Power","floor":39.0,"gold_loss":0.0,"damage_taken":0.0},{"damage_healed":0.0,"max_hp_gain":0.0,"max_hp_loss":0.0,"gold_gain":0.0,"event_name":"Tomb of Lord Red Mask","player_choice":"Ignored","floor":44.0,"gold_loss":0.0,"damage_taken":0.0}],"is_beta":false,"boss_relics":[{"not_picked":["hubris:VirtuousBlindfold","Ring of Chaos"],"picked":"Replay:Grab Bag"},{"not_picked":["Runic Dome","Fusion Hammer"],"picked":"Philosopher\u0027s Stone"},{"not_picked":["Ectoplasm","Velvet Choker"],"picked":"Replay:Wanted Poster"},{"not_picked":["Replay:Drink Me","infinitespire:Burning Sword"],"picked":"hubris:Backtick"},{"not_picked":["Empty Cage","Runic Cube"],"picked":"SlaversCollar"},{"not_picked":["Cursed Key","Honey Jar"],"picked":"Kintsugi"}],"items_purged_floors":[21,31],"is_endless":true,"potions_floor_spawned":[7,20,23,29,33,38,41,42],"killed_by":"hubris:GrandSnecko","ascension_level":1}}