{"host":"wjjo3y19ggvj12sc","time":1609093002,"event":{"mods":["AchievementEnabler","Ascension Unlocker","Bard","BaseMod","Beaked The Cultist","BetterRewards","Conspire","Downfall","Duelist Mod","GifTheSpireLib","Googly Eyes","Gremlin Mod","Hermit","Hubris","Infinite Spire","Jorbs\u0027s Wanderer Trilogy","Mad Scientist","Marisa????????","Minty Spire (QoL Compilation)","Random Character Button","Random Character Mod","Relic Sorter","Relic Stats","Remilia??????","Replay The Spire","Spicy Shops","StSLib","Td1madao Mod","The Bladedancer","The Bug Knight","The Construct","The Cursed","The Disciple","The Gatherer","The Hierophant","The Mystic","The Necromancer","The Poker Player","The Runesmith","The Servant 0.9.4"],"gold_per_floor":[110,110,128,141,222,253,266,294,294,294,114,114,134,147,147,272,272,287,287,305,305,17,17,33,33,102,127,57,18,18,58,58,188,188,201,201,201,201],"floor_reached":37,"playtime":2809,"items_purged":["ReplayTheSpireMod:Splinters"],"score":337,"play_id":"f8e07617-7767-46e5-abab-49dfea64f9c1","local_time":"20201227131642","is_ascension_mode":true,"campfire_choices":[{"floor":10,"key":"REST"},{"data":"Tactician","floor":15,"key":"SMITH"},{"floor":23,"key":"REST"},{"data":"Tools of the Trade","floor":25,"key":"SMITH"},{"data":"Mayhem","floor":30,"key":"SMITH"},{"floor":32,"key":"REST"}],"circlet_count":0,"master_deck":["Strike_G","Strike_G","Strike_G","Strike_G","Strike_G","Defend_G","Defend_G","Defend_G","Defend_G","Defend_G","Neutralize+1","Tools of the Trade+1","Prepared","m_Survivalism","Dagger Throw","Quick Slash","Quick Slash","Underhanded Strike","Expertise","Tactician+1","Fluid Movement","Storm of Steel","hubris:Sniper","Prepared","Mayhem+1","Accuracy","Underhanded Strike+1","ReplayTheSpireMod:Speed Training+1","Caltrops","Acrobatics+1","Burst","TheCursedMod:Dregs","PatternShift","Replay:Bag of Tricks","Forethought","infinitespire:UltimateForm","Prepared"],"relics":["Ring of the Snake","Replay:Wax Seal","Bronze Scales","hubris:Potato","PreservedInsect","Golden Idol","conspire:SpecialSausage","Replay:Blank Codex","Mercury Hourglass","ScarletDevilRocket","ReplayTheSpireMod:SealedPack"],"acts_visited":["Exordium","TheCity","TheBeyond"],"potions_floor_usage":[6,14,16,24],"damage_taken":[{"damage":0,"enemies":"2 Louse","floor":1,"turns":3},{"damage":0,"enemies":"conspire:RoseBush","floor":3,"turns":4},{"damage":0,"enemies":"Small Slimes","floor":4,"turns":4},{"damage":28,"enemies":"Lagavulin","floor":6,"turns":11},{"damage":2,"enemies":"Blue Slaver","floor":7,"turns":4},{"damage":10,"enemies":"HollowMod:MossKnight","floor":8,"turns":4},{"damage":12,"enemies":"Large Slime","floor":13,"turns":6},{"damage":0,"enemies":"conspire:2 RoseBushes","floor":14,"turns":3},{"damage":46,"enemies":"Fading Forest","floor":16,"turns":11},{"damage":19,"enemies":"Shell Parasite","floor":18,"turns":9},{"damage":1,"enemies":"3 Byrds","floor":20,"turns":3},{"damage":10,"enemies":"Snake Plant","floor":24,"turns":5},{"damage":10,"enemies":"Cultist and Chosen","floor":27,"turns":5},{"damage":16,"enemies":"Replay:Snechameleon","floor":31,"turns":4},{"damage":38,"enemies":"Collector","floor":33,"turns":7},{"damage":43,"enemies":"Orb Walker","floor":35,"turns":6},{"damage":30,"enemies":"3 Darklings","floor":37,"turns":2}],"seed_played":"3793923668736971222","potions_obtained":[{"floor":1,"key":"Dexterity Potion"},{"floor":6,"key":"Adrenaline Potion"},{"floor":7,"key":"FearPotion"},{"floor":14,"key":"Swift Potion"},{"floor":18,"key":"Slimebound:ThreeZeroPotion"},{"floor":27,"key":"BlessingOfTheForge"}],"is_trial":false,"path_per_floor":["M","?","M","M","?","E","M","E","T","R","$","?","M","M","R","B",null,"M","?","M","?","$","R","M","R","T","M","?","$","R","E","R","B",null,"M","?","M"],"character_chosen":"THE_SILENT","items_purchased":["Tactician","Fluid Movement","Mayhem","Accuracy","Caltrops"],"campfire_rested":3,"item_purchase_floors":[11,11,22,22,29],"current_hp_per_floor":[70,70,70,70,70,42,40,30,30,51,51,51,39,39,39,13,65,46,30,29,29,29,48,38,38,38,28,48,48,48,32,51,13,65,22,22,0,0],"gold":201,"neow_bonus":"ONE_RANDOM_RARE_CARD","is_daily":false,"chose_seed":false,"campfire_upgraded":3,"win_rate":0.0,"timestamp":1609093002,"path_taken":["M","?","M","M","?","E","M","E","T","R","$","?","M","M","R","BOSS","M","?","M","?","$","R","M","R","T","M","?","$","R","E","R","BOSS","M","?","M"],"items_purchased_type":["Card","Card","Card","Card","Card"],"build_version":"2020-12-22","purchased_purges":1,"victory":false,"max_hp_per_floor":[70,70,70,70,70,70,70,70,70,70,70,65,65,65,65,65,65,65,65,65,65,65,65,65,65,65,65,65,65,65,65,65,65,65,65,65,65,65],"relic_stats":{"counters":[17,91],"Golden Idol":84,"Bronze Scales":[281],"PreservedInsect":36,"obtain_stats":[{"ScarletDevilRocket":31,"Golden Idol":12,"Bronze Scales":6,"conspire:SpecialSausage":17,"PreservedInsect":9,"ReplayTheSpireMod:SealedPack":34,"Replay:Wax Seal":5,"hubris:Potato":8,"Replay:Blank Codex":19,"Ring of the Snake":0,"Mercury Hourglass":26},{"ScarletDevilRocket":14,"Golden Idol":6,"Bronze Scales":4,"conspire:SpecialSausage":9,"PreservedInsect":6,"ReplayTheSpireMod:SealedPack":15,"Replay:Wax Seal":3,"hubris:Potato":6,"Replay:Blank Codex":10,"Ring of the Snake":0,"Mercury Hourglass":12},{"ScarletDevilRocket":76,"Golden Idol":30,"Bronze Scales":22,"conspire:SpecialSausage":50,"PreservedInsect":30,"ReplayTheSpireMod:SealedPack":83,"Replay:Wax Seal":11,"hubris:Potato":30,"Replay:Blank Codex":59,"Ring of the Snake":0,"Mercury Hourglass":67}],"Ring of the Snake":[34],"Mercury Hourglass":[102]},"card_choices":[{"not_picked":["Hidden Blade","Bane"],"picked":"Prepared","floor":1},{"not_picked":["Flying Knee","Predator"],"picked":"Dagger Throw","floor":3},{"not_picked":["Slice","Endless Agony","Dash"],"picked":"SKIP","floor":4},{"not_picked":["Poisoned Stab","Endless Agony"],"picked":"Quick Slash","floor":5},{"not_picked":["Dodge and Roll","Corpse Explosion"],"picked":"Quick Slash","floor":6},{"not_picked":["Bane","Poisoned Stab"],"picked":"Underhanded Strike","floor":7},{"not_picked":["Bane","PiercingWail"],"picked":"Expertise","floor":8},{"not_picked":["Backflip","Sucker Punch","Slice"],"picked":"SKIP","floor":13},{"not_picked":["Blade Dance","Hidden Blade","Quick Slash"],"picked":"SKIP","floor":14},{"not_picked":["Glass Knife","Venomology"],"picked":"Storm of Steel","floor":16},{"not_picked":["Dodge and Roll","Acrobatics"],"picked":"hubris:Sniper","floor":18},{"not_picked":["Bane+1","Die Die Die"],"picked":"Prepared","floor":20},{"not_picked":["Flying Knee","Dagger Spray"],"picked":"Underhanded Strike+1","floor":24},{"not_picked":["Quick Slash","conspire:PoisonWeapons"],"picked":"ReplayTheSpireMod:Speed Training+1","floor":27},{"not_picked":["Underhanded Strike","Deadly Poison"],"picked":"Acrobatics+1","floor":31},{"not_picked":["Die Die Die","Corpse Explosion"],"picked":"Burst","floor":33},{"not_picked":["Exchange","UpSweep"],"picked":"PatternShift","floor":34},{"not_picked":["Die Die Die","Phantasmal Killer"],"picked":"Replay:Bag of Tricks","floor":34},{"not_picked":["expansioncontent:YouAreMine","Replay:SS_fish_3"],"picked":"Forethought","floor":34},{"not_picked":["infinitespire:Collect","ReplayTheSpireMod:Chaos Vortex"],"picked":"infinitespire:UltimateForm","floor":34},{"not_picked":["All Out Attack+1","Expertise"],"picked":"Prepared","floor":35}],"player_experience":385639,"relics_obtained":[{"floor":5,"key":"Replay:Wax Seal"},{"floor":6,"key":"Bronze Scales"},{"floor":8,"key":"hubris:Potato"},{"floor":9,"key":"PreservedInsect"},{"floor":19,"key":"Replay:Blank Codex"},{"floor":26,"key":"Mercury Hourglass"},{"floor":31,"key":"ScarletDevilRocket"}],"event_choices":[{"damage_healed":0,"gold_gain":0,"player_choice":"Lose Max HP","damage_taken":0,"relics_obtained":["Golden Idol"],"max_hp_gain":0,"max_hp_loss":5,"event_name":"Golden Idol","floor":12,"gold_loss":0},{"damage_healed":0,"gold_gain":0,"player_choice":"Obtained Book","damage_taken":16,"max_hp_gain":0,"max_hp_loss":0,"event_name":"Cursed Tome","floor":19,"gold_loss":0},{"damage_healed":0,"gold_gain":0,"player_choice":"Leave","damage_taken":0,"max_hp_gain":0,"max_hp_loss":0,"event_name":"conspire:Investor","floor":21,"gold_loss":0}],"is_beta":false,"boss_relics":[{"not_picked":["conspire:RoyalGoblet","Runesmith:UraniumAnvil"],"picked":"conspire:SpecialSausage"},{"not_picked":["hubris:HollowSoul","Painkiller Herb"],"picked":"ReplayTheSpireMod:SealedPack"}],"items_purged_floors":[11],"is_endless":false,"potions_floor_spawned":[1,6,7,14,18,27],"killed_by":"3 Darklings","ascension_level":1}}