{"host":"rvgqag7mtxu5qaaz","time":1609112834,"event":{"mods":["AchievementEnabler","BaseMod","Downfall","Hermit","Hubris","Minty Spire (QoL Compilation)","Replay The Spire","StSLib","SuperFastMode","The Animator","The Construct","The Cursed","The Disciple","The Necromancer"],"gold_per_floor":[116,116,116,141,152,2,33,33,33,33,48,58,58,73,73,73,73],"floor_reached":16,"playtime":980,"items_purged":[],"score":105,"play_id":"36d218ad-3f26-46fa-a149-c17ef2d38a5b","local_time":"20201227184714","is_ascension_mode":true,"campfire_choices":[{"floor":8,"key":"REST"},{"data":"EmptyMind","floor":13,"key":"SMITH"},{"floor":15,"key":"REST"}],"circlet_count":0,"master_deck":["Strike_P","Strike_P","Strike_P","Strike_P","Defend_P","Defend_P","Defend_P","Defend_P","Eruption","Vigilance+1","Wireheading","Crescendo","ThirdEye","Collect","Wireheading","Scrawl","EmptyMind+1","ClearTheMind"],"relics":["PureWater","Torii","Blue Doll","Vajra","hubris:SphereOfDissonance"],"acts_visited":["Exordium"],"potions_floor_usage":[5,7,12,16],"damage_taken":[{"damage":16,"enemies":"Jaw Worm","floor":1,"turns":4},{"damage":16,"enemies":"Small Slimes","floor":5,"turns":4},{"damage":12,"enemies":"Gremlin Nob","floor":7,"turns":4},{"damage":0,"enemies":"2 Louse","floor":11,"turns":1},{"damage":0,"enemies":"2 Fungi Beasts","floor":12,"turns":2},{"damage":21,"enemies":"Exordium Thugs","floor":14,"turns":5},{"damage":47,"enemies":"The Guardian","floor":16,"turns":20}],"seed_played":"-3050665345836397997","potions_obtained":[{"floor":1,"key":"FearPotion"},{"floor":5,"key":"StancePotion"},{"floor":11,"key":"Explosive Potion"},{"floor":12,"key":"LiquidMemories"}],"is_trial":false,"path_per_floor":["M","?","?","T","M","$","E","R","T","?","M","M","R","M","R","B"],"character_chosen":"WATCHER","items_purchased":["ThirdEye","Collect","Wireheading"],"campfire_rested":2,"item_purchase_floors":[6,6,6],"current_hp_per_floor":[56,49,49,49,33,33,21,42,42,42,42,42,42,21,42,0,0],"gold":73,"neow_bonus":"ONE_RARE_RELIC","is_daily":false,"chose_seed":false,"campfire_upgraded":1,"win_rate":0.0,"timestamp":1609112834,"path_taken":["M","?","?","?","M","?","E","R","T","?","M","M","R","M","R","BOSS"],"items_purchased_type":["Card","Card","Card"],"build_version":"2020-12-22","purchased_purges":0,"victory":false,"max_hp_per_floor":[72,72,72,72,72,72,72,72,72,72,72,72,72,72,72,72,72],"card_choices":[{"not_picked":["Sanctity","WreathOfFlame"],"picked":"Wireheading","floor":1},{"not_picked":["ReachHeaven","Halt"],"picked":"Crescendo","floor":5},{"not_picked":["Vengeance","SashWhip"],"picked":"Scrawl","floor":7},{"not_picked":["ThirdEye","SashWhip"],"picked":"EmptyMind","floor":11},{"not_picked":["CarveReality","FollowUp","BowlingBash"],"picked":"SKIP","floor":12},{"not_picked":["Replay:Vibes","Replay:BluntJabs"],"picked":"ClearTheMind","floor":14}],"player_experience":322775,"relics_obtained":[{"floor":4,"key":"Blue Doll"},{"floor":7,"key":"Vajra"},{"floor":9,"key":"hubris:SphereOfDissonance"}],"event_choices":[{"cards_removed":["sneckomod:Bewildered"],"damage_healed":0,"gold_gain":0,"player_choice":"Card Removal","damage_taken":7,"max_hp_gain":0,"max_hp_loss":0,"event_name":"Golden Wing","floor":2,"gold_loss":0},{"damage_healed":0,"gold_gain":0,"player_choice":"Leave","damage_taken":0,"max_hp_gain":0,"max_hp_loss":0,"event_name":"The Cleric","floor":3,"gold_loss":0},{"damage_healed":0,"gold_gain":0,"player_choice":"Upgraded","damage_taken":0,"max_hp_gain":0,"max_hp_loss":0,"event_name":"Upgrade Shrine","floor":10,"gold_loss":0,"cards_upgraded":["Vigilance"]}],"is_beta":false,"boss_relics":[],"items_purged_floors":[],"is_endless":false,"potions_floor_spawned":[1,5,11,12],"killed_by":"The Guardian","ascension_level":1}}