{"host":"vgnj3owxn2tq7mop","time":1609066198,"event":{"mods":["Act Like it!","BaseMod","Colored Map","Downfall","Hallownest","Minty Spire (QoL Compilation)","StSLib","SuperFastMode","The Bug Knight","The Servant 0.9.4"],"gold_per_floor":[99,99,99,24,24,24,24,24,124,157,82,96,96,123,146,263,275,212,224,221,251,275,300,312,249,281,293,332,494,506,534,563,680,692,704,729,766,800,832,844,936,997,91,120,120,120,154,163,195,195],"floor_reached":51,"playtime":3091,"items_purged":["Regret","hexamod:Defend"],"score":840,"play_id":"9032a3d2-6d02-4d07-a499-fec83fa54e6f","local_time":"20201227184958","is_ascension_mode":true,"campfire_choices":[{"floor":1.0,"key":"RECALL"},{"data":"hexamod:WildfireWeapon","floor":6.0,"key":"SMITH"},{"data":"hexamod:SpectersWail","floor":11.0,"key":"SMITH"},{"data":"hexamod:NightmareStrike","floor":13.0,"key":"SMITH"},{"data":"hexamod:ApocalypseNow","floor":18.0,"key":"SMITH"},{"data":"hexamod:Float","floor":25.0,"key":"SMITH"},{"data":"hexamod:PowerFromBeyond","floor":27.0,"key":"SMITH"},{"data":"hexamod:RecurringNightmare","floor":30.0,"key":"SMITH"},{"data":"hexamod:RetreatToShadows","floor":35.0,"key":"SMITH"},{"data":"hexamod:RetreatToShadows","floor":40,"key":"SMITH"},{"data":"hexamod:SearingWound","floor":45,"key":"SMITH"}],"circlet_count":0,"master_deck":["hexamod:Strike","hexamod:Defend+1","hexamod:Defend+1","hexamod:Sear+1","hexamod:Float+1","hexamod:SpectersWail+1","hexamod:WildfireWeapon+1","hexamod:FirstSeal","hexamod:GiftsFromTheDead+1","hexamod:NightmareStrike+1","hexamod:GhostOfSpirePresent+1","hexamod:FlamesFromBeyond","hexamod:ApocalypseNow+1","hexamod:GhostLash+1","hexamod:RecurringNightmare+1","hexamod:PowerFromBeyond+1","hexamod:FourthSeal","hexamod:AdvancingGuard+1","hexamod:RetreatToShadows+1","hexamod:RetreatToShadows+1","hexamod:VolcanoVisage+1","hexamod:HexaLevel+1","hexamod:GhostOfSpireFuture+1","hexamod:HeatShield+1","hexamod:SecondSeal","hexamod:SpectersWail+1","hexamod:ShieldOfDarkness+1","hexamod:SearingWound+1","hexamod:ApocalypticArmor+1","hexamod:Incineration","hexamod:NecessarySacrifice+1","hexamod:NightmareGuise+1","Sadistic Nature+1","hexamod:GhostOfSpirePast+1","hexamod:SpectersWail+1","hexamod:StepThrough","hexamod:PowerFromBeyond+1"],"relics":["hexamod:SpiritBrand","downfall:HeartsMalice","Frozen Egg 2","downfall:ShatteredFragment","Anchor","downfall:HeartBlessingRed","MawBank","Coffee Dripper","downfall:HeartBlessingGreen","downfall:HeartBlessingBlue","Astrolabe","Pear","Happy Flower","CeramicFish","Orrery","Centennial Puzzle"],"acts_visited":["Exordium","TheCity","TheBeyond"],"potions_floor_usage":[39,43,44,47,49,50,50],"damage_taken":[{"damage":0.0,"enemies":"2 Louse","floor":3.0,"turns":1.0},{"damage":0.0,"enemies":"downfall:FleeingMerchant","floor":4.0,"turns":1.0},{"damage":0.0,"enemies":"Jaw Worm","floor":5.0,"turns":1.0},{"damage":4.0,"enemies":"Gremlin Nob","floor":10.0,"turns":3.0},{"damage":0.0,"enemies":"Cultist","floor":12.0,"turns":2.0},{"damage":9.0,"enemies":"3 Sentries","floor":14.0,"turns":4.0},{"damage":19.0,"enemies":"Gremlin Gang","floor":15.0,"turns":3.0},{"damage":24.0,"enemies":"downfall:Watcher","floor":16.0,"turns":7.0},{"damage":6.0,"enemies":"downfall:FleeingMerchant","floor":20.0,"turns":4.0},{"damage":12.0,"enemies":"Shell Parasite","floor":21.0,"turns":3.0},{"damage":10.0,"enemies":"Centurion and Healer","floor":22.0,"turns":4.0},{"damage":0.0,"enemies":"Chosen and Byrds","floor":23.0,"turns":4.0},{"damage":0.0,"enemies":"Snake Plant","floor":26.0,"turns":3.0},{"damage":12.0,"enemies":"Gremlin Leader","floor":28.0,"turns":6.0},{"damage":14.0,"enemies":"3 Cultists","floor":31.0,"turns":4.0},{"damage":21.0,"enemies":"Shelled Parasite and Fungi","floor":32.0,"turns":4.0},{"damage":45.0,"enemies":"downfall:Ironclad","floor":33.0,"turns":9.0},{"damage":2.0,"enemies":"Orb Walker","floor":36.0,"turns":3.0},{"damage":25.0,"enemies":"3 Shapes","floor":37.0,"turns":4.0},{"damage":51.0,"enemies":"Transient","floor":38.0,"turns":5.0},{"damage":13,"enemies":"Maw","floor":39,"turns":7},{"damage":0,"enemies":"downfall:FleeingMerchant","floor":43,"turns":4},{"damage":25,"enemies":"Spire Growth","floor":44,"turns":5},{"damage":69,"enemies":"Transient","floor":47,"turns":5},{"damage":15,"enemies":"Writhing Mass","floor":49,"turns":4},{"damage":10,"enemies":"downfall:Defect","floor":50,"turns":4}],"seed_played":"1239807072606494552","potions_obtained":[{"floor":10.0,"key":"DistilledChaos"},{"floor":15.0,"key":"GamblersBrew"},{"floor":21.0,"key":"GamblersBrew"},{"floor":23.0,"key":"Block Potion"},{"floor":28.0,"key":"SteroidPotion"},{"floor":31.0,"key":"BlessingOfTheForge"},{"floor":31.0,"key":"SpeedPotion"},{"floor":32.0,"key":"Regen Potion"},{"floor":33.0,"key":"Dexterity Potion"},{"floor":36.0,"key":"GamblersBrew"},{"floor":36.0,"key":"Fire Potion"},{"floor":37.0,"key":"hexamod:EctoCoolerPotion"},{"floor":38.0,"key":"Guardian:BlockOnCardUsePotion"},{"floor":39,"key":"FearPotion"},{"floor":43,"key":"Regen Potion"},{"floor":44,"key":"Fire Potion"},{"floor":47,"key":"SneckoOil"},{"floor":49,"key":"FairyPotion"},{"floor":49,"key":"Regen Potion"}],"is_trial":false,"path_per_floor":["R","?","M","$","M","R","T","?","?","E","R","M","R","E","M","B",null,"R","?","$","M","M","M","T","R","M","R","E","?","R","M","M","B",null,"R","M","M","M","M","R","T","?","$","M","R","?","M","?","M","B",null],"character_chosen":"THE_SPIRIT","items_purchased":["hexamod:SearingWound","CeramicFish","Orrery","CultistPotion","Sadistic Nature+1","Centennial Puzzle"],"campfire_rested":0,"item_purchase_floors":[43,43,43,43,43,43],"current_hp_per_floor":[70,70,70,70,70,70,70,49,49,52,52,59,59,57,45,28,70,70,70,70,65,62,69,69,79,80,80,75,75,75,68,54,31,80,80,78,60,16,10,10,20,20,27,23,23,100,38,38,30,41],"gold":195,"neow_bonus":"THREE_ENEMY_KILL","is_daily":false,"chose_seed":false,"campfire_upgraded":10,"win_rate":0.0,"timestamp":1609066198,"path_taken":["R","?","M","$","M","R","T","?","?","E","R","M","R","E","M","BOSS","R","?","$","M","M","M","T","R","M","R","E","?","R","?","M","BOSS","R","M","M","M","?","R","T","?","$","M","R","?","?","?","M","BOSS"],"items_purchased_type":["Card","Relic","Relic","Potion","Card","Relic"],"build_version":"2020-12-22","purchased_purges":2,"victory":true,"max_hp_per_floor":[70,70,70,70,70,70,70,70,70,70,70,70,70,70,70,70,70,70,70,70,70,70,70,70,80,80,80,80,80,80,80,80,80,80,80,80,80,80,80,80,90,90,90,90,90,100,100,100,100,100],"card_choices":[{"not_picked":["hexamod:RetreatToShadows","hexamod:Hexaguard"],"picked":"hexamod:SpectersWail","floor":3.0},{"not_picked":["hexamod:BurningTouch","hexamod:NightmareGuise"],"picked":"hexamod:WildfireWeapon","floor":4.0},{"not_picked":["hexamod:GhostOfSpirePresent","hexamod:FastForward"],"picked":"hexamod:FirstSeal","floor":5.0},{"not_picked":["hexamod:BurningTouch","hexamod:GhostLash"],"picked":"hexamod:GiftsFromTheDead+1","floor":10.0},{"not_picked":["hexamod:GhostShield","hexamod:StepThrough"],"picked":"hexamod:NightmareStrike","floor":12.0},{"not_picked":["hexamod:Firestarter","hexamod:AdvancingGuard"],"picked":"hexamod:GhostOfSpirePresent+1","floor":14.0},{"not_picked":["hexamod:SpectralAdrenaline","hexamod:GhostShield"],"picked":"hexamod:FlamesFromBeyond","floor":15.0},{"not_picked":["hexamod:TimeWarp","hexamod:TurnItUp"],"picked":"hexamod:ApocalypseNow","floor":16.0},{"not_picked":["hexamod:AdvancingGuard","hexamod:InspiringFlames"],"picked":"hexamod:GhostLash+1","floor":20.0},{"not_picked":["hexamod:RainOfEmbers","hexamod:GhostLash"],"picked":"hexamod:RecurringNightmare","floor":21.0},{"not_picked":["hexamod:TurnItUp","hexamod:BurningTouch"],"picked":"hexamod:PowerFromBeyond","floor":22.0},{"not_picked":["hexamod:Incineration","hexamod:Firestarter"],"picked":"hexamod:FourthSeal","floor":23.0},{"not_picked":["hexamod:HeatCrush","hexamod:RadiantFlame+1"],"picked":"hexamod:AdvancingGuard+1","floor":26.0},{"not_picked":["hexamod:HauntingEcho","hexamod:ThermalTransfer","hexamod:GhostShield"],"picked":"SKIP","floor":28.0},{"not_picked":["hexamod:NightmareGuise","hexamod:AdvancingGuard"],"picked":"hexamod:RetreatToShadows","floor":31.0},{"not_picked":["hexamod:NightmareGuise","hexamod:ThermalTransfer"],"picked":"hexamod:RetreatToShadows","floor":32.0},{"not_picked":["hexamod:ApocalypticArmor+1","hexamod:Toasty"],"picked":"hexamod:VolcanoVisage+1","floor":33.0},{"not_picked":["hexamod:NecessarySacrifice","hexamod:BurningTouch+1"],"picked":"hexamod:SecondSeal","floor":36.0},{"not_picked":["hexamod:ThermalTransfer+1","hexamod:RetreatToShadows"],"picked":"hexamod:SpectersWail+1","floor":37.0},{"not_picked":["hexamod:Firestarter+1","hexamod:AdvancingGuard+1","hexamod:SpectersWail"],"picked":"SKIP","floor":38.0},{"not_picked":["hexamod:HauntingEcho+1","hexamod:ChargedBarrage","hexamod:GhostShield"],"picked":"SKIP","floor":39},{"not_picked":["hexamod:AdvancingGuard","hexamod:NightmareStrike"],"picked":"hexamod:ShieldOfDarkness+1","floor":43},{"not_picked":["hexamod:ChargedBarrage+1","hexamod:AdvancingGuard"],"picked":"hexamod:TurnItUp","floor":43},{"not_picked":["hexamod:NightmareGuise","hexamod:GhostOfSpireFuture+1"],"picked":"hexamod:ApocalypticArmor+1","floor":43},{"not_picked":["hexamod:NightmareStrike","hexamod:InspiringFlames"],"picked":"hexamod:Incineration","floor":43},{"not_picked":["hexamod:SpectersWail","hexamod:FlamesFromBeyond"],"picked":"hexamod:NecessarySacrifice+1","floor":43},{"not_picked":["hexamod:FastForward","hexamod:TurnItUp"],"picked":"hexamod:NightmareGuise+1","floor":43},{"not_picked":["hexamod:InspiringFlames","hexamod:SpectersWail+1"],"picked":"hexamod:GhostOfSpirePast+1","floor":44},{"not_picked":["hexamod:GhostLash","hexamod:ShieldOfDarkness"],"picked":"hexamod:SpectersWail+1","floor":47},{"not_picked":["hexamod:RainOfEmbers+1","hexamod:FlamesFromBeyond"],"picked":"hexamod:PowerFromBeyond+1","floor":49}],"player_experience":1169089,"relics_obtained":[{"floor":7.0,"key":"Frozen Egg 2"},{"floor":10.0,"key":"Anchor"},{"floor":14.0,"key":"MawBank"},{"floor":28.0,"key":"Regal Pillow"},{"floor":41,"key":"Pear"},{"floor":42,"key":"Happy Flower"}],"event_choices":[{"cards_removed":["hexamod:TurnItUp"],"damage_healed":67,"gold_gain":0,"player_choice":"Offered Rare","damage_taken":0,"max_hp_gain":10,"max_hp_loss":0,"event_name":"Bonfire Elementals","floor":46,"gold_loss":0},{"damage_healed":0,"gold_gain":0,"cards_transformed":["hexamod:Strike"],"player_choice":"Transformed","damage_taken":0,"max_hp_gain":0,"max_hp_loss":0,"event_name":"Transmorgrifier","floor":48,"gold_loss":0,"cards_obtained":["hexamod:StepThrough"]}],"is_beta":false,"boss_relics":[{"not_picked":["Runic Dome","hexamod:IceCube"],"picked":"Coffee Dripper"},{"not_picked":["Sozu","Busted Crown"],"picked":"Astrolabe"}],"items_purged_floors":[4,43],"is_endless":false,"potions_floor_spawned":[10,15,21,23,31,36,37,49],"ascension_level":2}}