{"host":"yd9r7zy2pq4z3cad","time":1609061075,"event":{"mods":["AchievementEnabler","Act Like it!","Astrologer","BaseMod","Beaked The Cultist","Better Third Choice","BetterRewards","Colored Map","Colored Powertips","Conspire","Curses Come First","Displayed Cursed Tome","Downfall","Elementarium","GifTheSpireLib","Halation","Hallownest","Hermit","Highlight Path","Hubris","Infinite Spire","Jorbs\u0027s Wanderer Trilogy","Menagerie","Minty Spire (QoL Compilation)","Pale of the Ancients","Permanent Neow","Rare Cards Sparkle","Relic Sorter","Relic Stats","Replay The Spire","Shade Mod","StSLib","Stuff the Spire","The Alterego","The Blackbeard","The Bladedancer","The Bug Knight","The Cursed","The Dragon Tamer","The Exalted","The Factory","The Forsaken","The Gatherer","The Hierophant","The Jungle","The Mystic","The Necromancer","The Problem Sleuth","The Runesmith","The Servant 0.9.4","The Spell Scribe","vexMod"],"gold_per_floor":[117,117,131,81,181,181,212,212,212,46,66,89,104,49,49,151,151,141,141,154,154,31,70,70,80,80,90,118,118,43,58,58,173,173,203,203,203,222,222,222],"floor_reached":39,"playtime":1895,"items_purged":["Strike_R"],"score":432,"play_id":"a7b7222e-dac6-4bbe-9947-31039936ae85","local_time":"20201227142435","is_ascension_mode":true,"campfire_choices":[{"data":"Armaments","floor":6,"key":"SMITH"},{"data":"Run Through","floor":8,"key":"SMITH"},{"floor":15,"key":"DIG"},{"floor":24,"key":"REST"},{"floor":29,"key":"REST"},{"floor":32,"key":"REST"}],"circlet_count":0,"master_deck":["Strike_R","Defend_R","Defend_R","Defend_R","Bash","Cleave","Flex","Armaments+1","conspire:ExplosiveBarrier","Twin Strike","Inflame","conspire:SpireCoStock","Run Through+1","Run Through","Shrug It Off","Demon Form","Metallicize","RitualDagger","Iron Wave","Anger+1","ReplayReversal","ReplayTheSpireMod:Stacked","Body Slam"],"relics":["Burning Blood","conspire:InfiniteJournal","StuffTheSpire:Wildfire","ReplayTheSpireMod:CursedCoin","TungstenRod","Bottled Flame","halation:Toothbrush","SlaversCollar","Anchor","Replay:Baseball","StuffTheSpire:Tea","Empty Cage","halation:PinkSoulGem"],"acts_visited":["Exordium","TheCity","TheBeyond"],"potions_floor_usage":[7,14,18,23,23,23,33],"damage_taken":[{"damage":4,"enemies":"2 Louse","floor":1,"turns":4},{"damage":0,"enemies":"Small Slimes","floor":3,"turns":3},{"damage":18,"enemies":"3 Sentries","floor":7,"turns":7},{"damage":0,"enemies":"Cultist","floor":11,"turns":3},{"damage":4,"enemies":"Gremlin Gang","floor":12,"turns":5},{"damage":3,"enemies":"Exordium Thugs","floor":13,"turns":4},{"damage":7,"enemies":"Lagavulin","floor":14,"turns":6},{"damage":30,"enemies":"Slime Boss","floor":16,"turns":11},{"damage":18,"enemies":"2 Thieves","floor":18,"turns":4},{"damage":14,"enemies":"Shell Parasite","floor":20,"turns":6},{"damage":24,"enemies":"Gremlin Leader","floor":23,"turns":6},{"damage":14,"enemies":"Sentry and Sphere","floor":25,"turns":4},{"damage":9,"enemies":"Centurion and Healer","floor":27,"turns":9},{"damage":11,"enemies":"Snake Plant","floor":28,"turns":5},{"damage":36,"enemies":"3 Cultists","floor":31,"turns":6},{"damage":16,"enemies":"conspire:MysteriousRune","floor":33,"turns":9},{"damage":19,"enemies":"3 Darklings","floor":35,"turns":6},{"damage":51,"enemies":"3 Shapes","floor":38,"turns":4},{"damage":56,"enemies":"Transient","floor":39,"turns":4}],"seed_played":"8017536216632576860","potions_obtained":[{"floor":3,"key":"champ:CounterPotion"},{"floor":12,"key":"HeartOfIron"},{"floor":13,"key":"Doom Potion"},{"floor":16,"key":"PowerPotion"},{"floor":20,"key":"SteroidPotion"},{"floor":31,"key":"ColorlessPotion"},{"floor":33,"key":"Ancient Potion"},{"floor":38,"key":"LiquidMemories"}],"is_trial":false,"path_per_floor":["M","?","M","?","?","R","E","R","T","$","M","M","M","E","R_BF","B",null,"M","?","M","?","$","E","R","M","T","M","M","R","?","M","R","B",null,"M","?","?","M","M"],"character_chosen":"IRONCLAD","items_purchased":["ReplayTheSpireMod:CursedCoin","TungstenRod","Run Through","Strength Potion"],"campfire_rested":3,"item_purchase_floors":[10,10,10,22],"current_hp_per_floor":[80,80,80,80,80,80,68,68,68,68,74,76,79,78,78,54,80,68,61,53,48,51,33,57,49,49,46,41,65,68,38,63,53,92,79,79,79,34,0,0],"gold":222,"neow_bonus":"REMOVE_CARD","is_daily":false,"chose_seed":false,"campfire_upgraded":2,"win_rate":0.0,"timestamp":1609061075,"path_taken":["M","?","M","?","?","R","E","R","T","$","M","?","?","E","R_BF","BOSS","M","?","M","?","?","E","R","?","T","M","M","R","?","M","R","BOSS","M","?","?","?","M"],"items_purchased_type":["Relic","Relic","Card","Potion"],"build_version":"2020-12-22","purchased_purges":1,"victory":false,"max_hp_per_floor":[80,80,80,80,80,80,80,80,80,80,80,80,80,80,80,80,80,80,80,80,80,83,83,83,83,83,83,83,83,86,86,86,86,92,92,92,92,92,92,92],"relic_stats":{"counters":[41,212],"obtain_stats":[{"NeowsBlessing":0,"ReplayTheSpireMod:CursedCoin":10,"StuffTheSpire:Wildfire":9,"Hallownest:DreamNailRelic":2,"Ancient Tea Set":28,"Question Card":9,"Empty Cage":34,"Burning Blood":0,"conspire:InfiniteJournal":7,"Sozu":17,"SlaversCollar":17,"Bottled Flame":14,"Anchor":19,"Replay:Baseball":23,"Shuriken":10,"Gambling Chip":9,"halation:Toothbrush":15,"infinitespire:Eraser":7,"halation:PinkSoulGem":36,"hubris:OldNail":14,"TungstenRod":10,"StuffTheSpire:Tea":26},{"NeowsBlessing":14,"ReplayTheSpireMod:CursedCoin":25,"StuffTheSpire:Wildfire":25,"Hallownest:DreamNailRelic":15,"Ancient Tea Set":10,"Question Card":19,"Empty Cage":38,"Burning Blood":0,"conspire:InfiniteJournal":25,"Sozu":6,"SlaversCollar":30,"Bottled Flame":29,"Anchor":31,"Replay:Baseball":33,"Shuriken":5,"Gambling Chip":4,"halation:Toothbrush":29,"infinitespire:Eraser":18,"halation:PinkSoulGem":39,"hubris:OldNail":5,"TungstenRod":25,"StuffTheSpire:Tea":34},{"NeowsBlessing":66,"ReplayTheSpireMod:CursedCoin":120,"StuffTheSpire:Wildfire":120,"Hallownest:DreamNailRelic":67,"Ancient Tea Set":45,"Question Card":82,"Empty Cage":198,"Burning Blood":0,"conspire:InfiniteJournal":120,"Sozu":28,"SlaversCollar":149,"Bottled Flame":138,"Anchor":153,"Replay:Baseball":165,"Shuriken":20,"Gambling Chip":14,"halation:Toothbrush":138,"infinitespire:Eraser":79,"halation:PinkSoulGem":204,"hubris:OldNail":20,"TungstenRod":120,"StuffTheSpire:Tea":169}],"Burning Blood":171,"TungstenRod":71},"card_choices":[{"not_picked":["True Grit","Combust"],"picked":"Cleave","floor":1},{"not_picked":["Body Slam","Infernal Blade","StuffTheSpire:RockThrow"],"picked":"SKIP","floor":3},{"not_picked":["Rupture","Twin Strike"],"picked":"Run Through","floor":7},{"not_picked":["Run Through","True Grit","Ghostly Armor"],"picked":"SKIP","floor":11},{"not_picked":["conspire:Charge","Armaments"],"picked":"Shrug It Off","floor":12},{"not_picked":["Shrug It Off","StuffTheSpire:Incineration","Life Link"],"picked":"SKIP","floor":13},{"not_picked":["Warcry","conspire:ExplosiveBarrier","Heavy Blade"],"picked":"SKIP","floor":14},{"not_picked":["Barricade","Brutality"],"picked":"Demon Form","floor":16},{"not_picked":["Cleave","Shrug It Off","Perfected Strike"],"picked":"SKIP","floor":18},{"not_picked":["conspire:Charge","Perfected Strike+1"],"picked":"Metallicize","floor":20},{"not_picked":["StuffTheSpire:BloodClot+1","Shrug It Off"],"picked":"Iron Wave","floor":23},{"not_picked":["Iron Wave","Hemokinesis","Pommel Strike"],"picked":"SKIP","floor":25},{"not_picked":["Metallicize","Blood for Blood+1"],"picked":"Anger+1","floor":27},{"not_picked":["StuffTheSpire:Slingshot","Sword Boomerang+1"],"picked":"ReplayReversal","floor":28},{"not_picked":["StuffTheSpire:Incineration","StuffTheSpire:Resist+1","Cleave"],"picked":"SKIP","floor":31},{"not_picked":["Iron Wave+1","Carnage+1"],"picked":"ReplayTheSpireMod:Stacked","floor":35},{"not_picked":["Dark Embrace","Pommel Strike","Clothesline"],"picked":"SKIP","floor":38}],"player_experience":182296,"relics_obtained":[{"floor":7,"key":"conspire:InfiniteJournal"},{"floor":9,"key":"StuffTheSpire:Wildfire"},{"floor":14,"key":"Bottled Flame"},{"floor":15,"key":"halation:Toothbrush"},{"floor":23,"key":"Replay:Baseball"},{"floor":26,"key":"StuffTheSpire:Tea"}],"event_choices":[{"damage_healed":0,"gold_gain":0,"player_choice":"Invest 1","damage_taken":0,"max_hp_gain":0,"max_hp_loss":0,"event_name":"conspire:Investor","floor":4,"gold_loss":0},{"damage_healed":0,"gold_gain":100,"player_choice":"Gold","damage_taken":0,"max_hp_gain":0,"max_hp_loss":0,"event_name":"Wheel of Change","floor":5,"gold_loss":0},{"damage_healed":0,"gold_gain":0,"player_choice":"Anchor","damage_taken":0,"relics_obtained":["Anchor"],"max_hp_gain":0,"max_hp_loss":0,"event_name":"blackbeard:ShipwreckEvent","floor":19,"gold_loss":0},{"damage_healed":0,"gold_gain":0,"player_choice":"Dagger","damage_taken":6,"max_hp_gain":0,"max_hp_loss":0,"event_name":"betterThird:BetterNest","floor":21,"gold_loss":0,"cards_obtained":["RitualDagger"]},{"cards_removed":["Strike_R"],"damage_healed":0,"gold_gain":0,"player_choice":"Gave Gold","damage_taken":0,"max_hp_gain":0,"max_hp_loss":0,"event_name":"Beggar","floor":30,"gold_loss":75},{"damage_healed":0,"gold_gain":0,"player_choice":"1 cards matched","damage_taken":0,"max_hp_gain":0,"max_hp_loss":0,"event_name":"Match and Keep!","floor":37,"gold_loss":0,"cards_obtained":["Body Slam"]}],"is_beta":false,"boss_relics":[{"not_picked":["StuffTheSpire:ModemDavis","Bromod:ArcaneBarrier"],"picked":"SlaversCollar"},{"not_picked":["Bromod:ArcaneGrace","ChewingGum"],"picked":"Empty Cage"}],"items_purged_floors":[22],"is_endless":false,"potions_floor_spawned":[3,12,13,16,20,31,33,38],"killed_by":"Transient","ascension_level":1}}