{"host":"nptej036rrbiurf5","time":1609048299,"event":{"mods":["BaseMod","Colored Map","Colored Powertips","DeckTracker","Minty Spire (QoL Compilation)","StSLib","SuperFastMode"],"gold_per_floor":[115,131,131,54,19,19,54,54,54,54,74,91,91,111,111,188,188,225,243,243,243],"floor_reached":20,"playtime":436,"items_purged":[],"score":398,"play_id":"e1d6019c-1fc6-468a-8b73-a0976c335825","local_time":"20201227145139","is_ascension_mode":true,"campfire_choices":[{"data":"Eruption","floor":6.0,"key":"SMITH"},{"floor":8.0,"key":"RECALL"},{"data":"LessonLearned","floor":13.0,"key":"SMITH"},{"data":"CrushJoints","floor":15.0,"key":"SMITH"}],"circlet_count":0,"master_deck":["AscendersBane","Strike_P","Strike_P","Strike_P+1","Strike_P","Defend_P","Defend_P+1","Defend_P+1","Defend_P+1","Eruption+1","Vigilance","EmptyFist","FearNoEvil","EmptyMind","LessonLearned+1","CrushJoints+1","Wish","EmptyBody"],"relics":["PureWater","NeowsBlessing","Shuriken","Lantern","Fusion Hammer"],"acts_visited":["Exordium","TheCity"],"potions_floor_usage":[18,18],"damage_taken":[{"damage":0.0,"enemies":"Cultist","floor":1.0,"turns":1.0},{"damage":0.0,"enemies":"Jaw Worm","floor":2.0,"turns":1.0},{"damage":0.0,"enemies":"Gremlin Nob","floor":7.0,"turns":1.0},{"damage":0.0,"enemies":"2 Louse","floor":11.0,"turns":2.0},{"damage":5.0,"enemies":"Blue Slaver","floor":12.0,"turns":3.0},{"damage":0.0,"enemies":"Large Slime","floor":14.0,"turns":2.0},{"damage":32.0,"enemies":"Slime Boss","floor":16.0,"turns":8.0},{"damage":22,"enemies":"3 Byrds","floor":18,"turns":7},{"damage":29,"enemies":"Shell Parasite","floor":19,"turns":3},{"damage":18,"enemies":"Masked Bandits","floor":20,"turns":2}],"seed_played":"-4260564625386761657","potions_obtained":[{"floor":1.0,"key":"Weak Potion"},{"floor":12.0,"key":"BlessingOfTheForge"},{"floor":16.0,"key":"Block Potion"}],"is_trial":false,"path_per_floor":["M","M","?","$","?","R","E","R","T","$","M","M","R","M","R","B",null,"M","M","?"],"character_chosen":"WATCHER","items_purchased":["FearNoEvil"],"campfire_rested":0,"item_purchase_floors":[4],"current_hp_per_floor":[61,61,66,66,73,73,73,73,73,73,73,68,68,68,68,36,64,42,13,0,0],"gold":243,"neow_bonus":"THREE_ENEMY_KILL","is_daily":false,"chose_seed":false,"campfire_upgraded":3,"win_rate":0.0,"timestamp":1609048299,"path_taken":["M","M","?","$","?","R","E","R","T","?","M","?","R","M","R","BOSS","M","M","?"],"items_purchased_type":["Card"],"build_version":"2020-12-22","purchased_purges":0,"victory":false,"max_hp_per_floor":[68,68,73,73,73,73,73,73,73,73,73,73,73,73,73,73,73,73,73,73,73],"card_choices":[{"not_picked":["Conclude","Crescendo","ClearTheMind"],"picked":"SKIP","floor":1.0},{"not_picked":["Halt","Protect"],"picked":"EmptyFist","floor":2.0},{"not_picked":["FlyingSleeves","Halt","JustLucky"],"picked":"SKIP","floor":7.0},{"not_picked":["Prostrate","Crescendo"],"picked":"EmptyMind","floor":11.0},{"not_picked":["Worship","Weave"],"picked":"LessonLearned","floor":12.0},{"not_picked":["EmptyMind","ThirdEye"],"picked":"CrushJoints","floor":14.0},{"not_picked":["LessonLearned","DevaForm"],"picked":"Wish","floor":16.0},{"not_picked":["ClearTheMind","BowlingBash"],"picked":"EmptyBody","floor":18},{"not_picked":["PathToVictory","FlyingSleeves+1","CutThroughFate"],"picked":"SKIP","floor":19}],"player_experience":857901,"relics_obtained":[{"floor":7.0,"key":"Shuriken"},{"floor":9.0,"key":"Lantern"}],"event_choices":[{"damage_healed":0.0,"max_hp_gain":5.0,"max_hp_loss":0.0,"gold_gain":0.0,"event_name":"Big Fish","player_choice":"Donut","floor":3.0,"gold_loss":0.0,"damage_taken":0.0},{"damage_healed":18.0,"max_hp_gain":0.0,"max_hp_loss":0.0,"gold_gain":0.0,"event_name":"The Cleric","player_choice":"Healed","floor":5.0,"gold_loss":35.0,"damage_taken":0.0},{"damage_healed":0,"gold_gain":0,"player_choice":"Fought Bandits","damage_taken":0,"max_hp_gain":0,"max_hp_loss":0,"event_name":"Masked Bandits","floor":20,"gold_loss":0}],"is_beta":false,"boss_relics":[{"not_picked":["Coffee Dripper","SacredBark"],"picked":"Fusion Hammer"}],"items_purged_floors":[],"is_endless":false,"potions_floor_spawned":[1,12,14,16],"killed_by":"Masked Bandits","ascension_level":20}}