{"host":"h5yr4c3mzis0zuwo","time":1609105404,"event":{"mods":["Abigail Mod","BaseMod","Friendly Minions","Kiyohime（清姬）","Koishi","Marisa（霧雨　魔理沙）","Minty Spire (QoL Compilation)","Remilia（蕾米莉亚）","StSLib","The Servant 0.9.4","Yuri Mod"],"gold_per_floor":[114,39,39,64,77,77,113,134,157,157,157,201,201,219,219,344,344,360,275,298,43,64,108,141,177,177,202,246,246,286,305,305,425,425,450,450,783,802,818,849,849,849,875,905,905,920,792,812,812,812,812],"floor_reached":50,"playtime":2395,"items_purged":["Koishi:BasicStrike","Koishi:BasicStrike"],"score":790,"play_id":"f3d9d895-8752-46a6-8674-da0cd27e0085","local_time":"20201227164324","is_ascension_mode":true,"campfire_choices":[{"data":"Koishi:HeartAttack","floor":6.0,"key":"SMITH"},{"data":"Koishi:Whimsy","floor":11.0,"key":"SMITH"},{"data":"Koishi:PredatoryInstincts","floor":13.0,"key":"SMITH"},{"data":"Koishi:Prune","floor":15.0,"key":"SMITH"},{"data":"Koishi:ReleaseOfTheId","floor":32.0,"key":"SMITH"},{"floor":41.0,"key":"RECALL"},{"data":"Koishi:BasicStrike","floor":45.0,"key":"PURGE"},{"data":"Koishi:BasicDefend","floor":49.0,"key":"PURGE"}],"circlet_count":0,"master_deck":["Koishi:BasicDefend","Koishi:BasicDefend","Koishi:BasicDefend","Koishi:Provoke","Koishi:HauntingSlash","Koishi:HeartAttack+1","Koishi:Whimsy+1","Koishi:Prune+1","Koishi:ReflexRadar","Koishi:MassHysteria","Koishi:UnconsciousUprising","Koishi:PredatoryInstincts+1","Koishi:SilentAndRestless","Koishi:SubterraneanRose+1","Koishi:RorschachInDanmaku","Koishi:MassHysteria","Koishi:SubconsciousSweep+1","Koishi:ReleaseOfTheId+1","Koishi:FidgetySnatcher+1","Discovery","Koishi:SilentAndRestless+1","Koishi:HeartfeltFancy+1","Koishi:FreudianInstinct","Koishi:ReflexRadar+1","Koishi:UnconsciousUprising+1","Koishi:FreudianInstinct"],"relics":["Koishi:ImaginaryFriend","Omamori","PreservedInsect","Koishi:EchoesOfADeadGirl","Oddly Smooth Stone","Koishi:ColorfulDays","Smiling Mask","Molten Egg 2","Peace Pipe","Red Mask","StoneCalendar","Darkstone Periapt","CaptainsWheel","Black Star","Toxic Egg 2","Bird Faced Urn","Juzu Bracelet","White Beast Statue","Lantern"],"acts_visited":[],"potions_floor_usage":[50],"damage_taken":[{"damage":0.0,"enemies":"Cultist","floor":1.0,"turns":3.0},{"damage":0.0,"enemies":"2 Louse","floor":4.0,"turns":3.0},{"damage":0.0,"enemies":"Jaw Worm","floor":5.0,"turns":2.0},{"damage":30.0,"enemies":"Lagavulin","floor":7.0,"turns":6.0},{"damage":0.0,"enemies":"Lots of Slimes","floor":8.0,"turns":1.0},{"damage":5.0,"enemies":"3 Sentries","floor":12.0,"turns":4.0},{"damage":0.0,"enemies":"Exordium Thugs","floor":14.0,"turns":3.0},{"damage":5.0,"enemies":"Slime Boss","floor":16.0,"turns":7.0},{"damage":0.0,"enemies":"Spheric Guardian","floor":18.0,"turns":3.0},{"damage":0.0,"enemies":"Chosen","floor":20.0,"turns":4.0},{"damage":6.0,"enemies":"Snake Plant","floor":22.0,"turns":2.0},{"damage":5.0,"enemies":"Book of Stabbing","floor":23.0,"turns":3.0},{"damage":0.0,"enemies":"Masked Bandits","floor":24.0,"turns":3.0},{"damage":19.0,"enemies":"Slavers","floor":25.0,"turns":4.0},{"damage":0.0,"enemies":"Centurion and Healer","floor":27.0,"turns":4.0},{"damage":0.0,"enemies":"Book of Stabbing","floor":28.0,"turns":3.0},{"damage":10.0,"enemies":"Slavers","floor":30.0,"turns":4.0},{"damage":0.0,"enemies":"3 Cultists","floor":31.0,"turns":3.0},{"damage":32.0,"enemies":"Collector","floor":33.0,"turns":8.0},{"damage":0.0,"enemies":"Orb Walker","floor":35.0,"turns":3.0},{"damage":0.0,"enemies":"3 Darklings","floor":38.0,"turns":4.0},{"damage":20.0,"enemies":"4 Shapes","floor":39.0,"turns":6.0},{"damage":0.0,"enemies":"Reptomancer","floor":40.0,"turns":5.0},{"damage":0.0,"enemies":"Nemesis","floor":44.0,"turns":5.0},{"damage":0.0,"enemies":"Jaw Worm Horde","floor":46.0,"turns":2.0},{"damage":6.0,"enemies":"Maw","floor":48.0,"turns":7.0},{"damage":82,"enemies":"Time Eater","floor":50,"turns":11}],"seed_played":"3346843457917094066","potions_obtained":[{"floor":7.0,"key":"Fruit Juice"},{"floor":8.0,"key":"Swift Potion"},{"floor":12.0,"key":"SpeedPotion"},{"floor":16.0,"key":"CultistPotion"},{"floor":18.0,"key":"PowerPotion"},{"floor":20.0,"key":"AttackPotion"},{"floor":25.0,"key":"PowerPotion"},{"floor":30.0,"key":"BlessingOfTheForge"},{"floor":33.0,"key":"Block Potion"},{"floor":35.0,"key":"Energy Potion"},{"floor":40.0,"key":"Swift Potion"},{"floor":48.0,"key":"DistilledChaos"}],"is_trial":false,"path_per_floor":["M","$","?","M","M","R","E","M","T","T","R","E","R","M","R","B",null,"M","?","M","$","M","E","?","E","T","M","E","?","E","M","R","B",null,"M","?","?","M","M","E","R","?","T","E","R","M","$","M","R","B"],"character_chosen":"KOISHI","items_purchased":["Molten Egg 2","Koishi:ReflexRadar+1","Koishi:UnconsciousUprising+1"],"campfire_rested":0,"item_purchase_floors":[21,47,47],"current_hp_per_floor":[60,60,45,45,45,45,18,23,23,23,23,18,18,30,30,31,65,65,65,65,65,59,55,55,36,36,48,48,48,50,51,51,25,65,65,65,65,65,45,45,45,61,61,65,65,65,65,65,65,0,0],"gold":812,"neow_bonus":"THREE_CARDS","is_daily":false,"chose_seed":false,"campfire_upgraded":5,"win_rate":0.0,"timestamp":1609105404,"path_taken":["M","?","?","M","M","R","E","M","T","?","R","E","R","?","R","BOSS","M","?","M","$","M","E","?","E","T","M","E","?","E","M","R","BOSS","M","?","?","M","M","E","R","?","T","E","R","M","$","M","R","BOSS"],"items_purchased_type":["Relic","Card","Card"],"build_version":"2020-12-22","purchased_purges":2,"victory":false,"max_hp_per_floor":[60,60,60,60,60,60,60,65,65,65,65,65,65,65,65,65,65,65,65,65,65,65,65,65,65,65,65,65,65,65,65,65,65,65,65,65,65,65,65,65,65,65,65,65,65,65,65,65,65,65,65],"card_choices":[{"not_picked":["Koishi:PhantomBarrier","Koishi:PhantomStrike"],"picked":"Koishi:HeartAttack","floor":0.0},{"not_picked":["Koishi:ParalyzingFear","Koishi:UnansweredLove"],"picked":"Koishi:Whimsy","floor":1.0},{"not_picked":["Koishi:RacingHeart","Koishi:BloodcurdlingScream"],"picked":"Koishi:Prune","floor":4.0},{"not_picked":["Koishi:RacingHeart","Koishi:SpiritedAway"],"picked":"Koishi:ReflexRadar","floor":5.0},{"not_picked":["Koishi:Jaunt","Koishi:HeartfeltFancy"],"picked":"Koishi:MassHysteria","floor":7.0},{"not_picked":["Koishi:Jaunt","Koishi:GrowingPain"],"picked":"Koishi:UnconsciousUprising","floor":8.0},{"not_picked":["Koishi:ParalyzingFear","Koishi:DNAsFlaw"],"picked":"Koishi:PredatoryInstincts","floor":12.0},{"not_picked":["Koishi:Catatonia","Koishi:ApparitionsStalkTheNight","Koishi:PhantomStrike"],"picked":"SKIP","floor":14.0},{"not_picked":["Koishi:ConditionedTeleport","Koishi:TerrifyingSpectre"],"picked":"Koishi:SilentAndRestless","floor":16.0},{"not_picked":["Koishi:SpiritedAway","Koishi:Possession"],"picked":"Koishi:SubterraneanRose+1","floor":18.0},{"not_picked":["Koishi:StingingMind","Koishi:SubterraneanRose"],"picked":"Koishi:RorschachInDanmaku","floor":20.0},{"not_picked":["Koishi:DreadfulBlow+1","Koishi:Whimsy"],"picked":"Koishi:MassHysteria","floor":22.0},{"not_picked":["Koishi:HeartfeltFancy","Koishi:CatchAndRose","Koishi:UnconsciousUrges+1"],"picked":"SKIP","floor":23.0},{"not_picked":["Koishi:ImGoingToCallYouNow","Koishi:UnansweredLove","Koishi:TraumaticStroke+1"],"picked":"SKIP","floor":25.0},{"not_picked":["Koishi:Possession+1","Koishi:StingingMind+1"],"picked":"Koishi:SubconsciousSweep+1","floor":27.0},{"not_picked":["Koishi:BloodcurdlingScream+1","Koishi:Possession"],"picked":"Koishi:ReleaseOfTheId","floor":28.0},{"not_picked":["Koishi:PhantomBarrier","Koishi:SpiritedAway+1"],"picked":"Koishi:FidgetySnatcher+1","floor":30.0},{"not_picked":["Koishi:UnconsciousUprising","Koishi:YoukaiPolygraph+1","Koishi:RorschachInDanmaku"],"picked":"SKIP","floor":31.0},{"not_picked":["Koishi:JumpScare","Koishi:DNAsFlaw+1","Koishi:PhantomStrike+1"],"picked":"SKIP","floor":35.0},{"not_picked":["Good Instincts","Mind Blast+1"],"picked":"Discovery","floor":36.0},{"not_picked":["Koishi:Jaunt+1","Koishi:PhantomStrike+1","Koishi:UnconsciousUprising"],"picked":"SKIP","floor":38.0},{"not_picked":["Koishi:Jaunt+1","Koishi:PhantomStrike+1","Koishi:UnconsciousUprising"],"picked":"SKIP","floor":38.0},{"not_picked":["Koishi:Vanish","Koishi:MindStellarRelief","Koishi:TremblingHands+1"],"picked":"SKIP","floor":39.0},{"not_picked":["Koishi:ParalyzingFear+1","Koishi:Jaunt+1"],"picked":"Koishi:SilentAndRestless+1","floor":40.0},{"not_picked":["Koishi:FidgetySnatcher","Koishi:Jaunt+1"],"picked":"Koishi:HeartfeltFancy+1","floor":44.0},{"not_picked":["Koishi:JumpScare+1","Koishi:MindNumbingTerror+1"],"picked":"Koishi:FreudianInstinct","floor":46.0},{"not_picked":["Koishi:BramblyRoseGarden","Koishi:JumpScare+1"],"picked":"Koishi:FreudianInstinct","floor":48.0}],"player_experience":535014,"relics_obtained":[{"floor":7.0,"key":"Omamori"},{"floor":9.0,"key":"PreservedInsect"},{"floor":10.0,"key":"Koishi:EchoesOfADeadGirl"},{"floor":12.0,"key":"Oddly Smooth Stone"},{"floor":23.0,"key":"Peace Pipe"},{"floor":24.0,"key":"Red Mask"},{"floor":25.0,"key":"StoneCalendar"},{"floor":28.0,"key":"Darkstone Periapt"},{"floor":30.0,"key":"CaptainsWheel"},{"floor":40.0,"key":"Toxic Egg 2"},{"floor":40.0,"key":"Bird Faced Urn"},{"floor":43.0,"key":"Juzu Bracelet"},{"floor":44.0,"key":"White Beast Statue"},{"floor":44.0,"key":"Lantern"}],"event_choices":[{"damage_healed":0.0,"max_hp_gain":0.0,"max_hp_loss":0.0,"gold_gain":0.0,"event_name":"Golden Idol","player_choice":"Take Damage","floor":3.0,"gold_loss":0.0,"damage_taken":15.0,"relics_obtained":["Golden Idol"]},{"damage_healed":0.0,"max_hp_gain":0.0,"max_hp_loss":0.0,"gold_gain":0.0,"event_name":"Addict","player_choice":"Obtained Relic","floor":19.0,"gold_loss":85.0,"damage_taken":0.0,"relics_obtained":["Smiling Mask"]},{"damage_healed":0.0,"max_hp_gain":0.0,"max_hp_loss":0.0,"gold_gain":0.0,"event_name":"Masked Bandits","player_choice":"Fought Bandits","floor":24.0,"gold_loss":0.0,"damage_taken":0.0},{"cards_removed":["Koishi:BasicStrike"],"damage_healed":0.0,"max_hp_gain":0.0,"max_hp_loss":0.0,"gold_gain":0.0,"event_name":"Bonfire Elementals","player_choice":"Offered Basic","floor":29.0,"gold_loss":0.0,"damage_taken":0.0},{"damage_healed":0.0,"max_hp_gain":0.0,"max_hp_loss":0.0,"gold_gain":0.0,"event_name":"SensoryStone","player_choice":"Memory 1","floor":36.0,"gold_loss":0.0,"damage_taken":0.0},{"damage_healed":0.0,"max_hp_gain":0.0,"max_hp_loss":0.0,"gold_gain":333.0,"event_name":"The Moai Head","player_choice":"Gave Idol","floor":37.0,"relics_lost":["Golden Idol"],"gold_loss":0.0,"damage_taken":0.0},{"damage_healed":16.0,"max_hp_gain":0.0,"max_hp_loss":0.0,"gold_gain":0.0,"event_name":"Winding Halls","player_choice":"Writhe","floor":42.0,"gold_loss":0.0,"damage_taken":0.0,"cards_obtained":["Writhe"]}],"is_beta":false,"boss_relics":[{"not_picked":["SacredBark","Fusion Hammer"],"picked":"Koishi:ColorfulDays"},{"not_picked":["Velvet Choker","SlaversCollar"],"picked":"Black Star"}],"items_purged_floors":[2,47],"is_endless":false,"potions_floor_spawned":[7,8,12,16,18,20,25,30,33,35,38,40,44,46,48],"killed_by":"Time Eater","ascension_level":3}}