{"host":"7elm0r5975gb9iir","time":1609036632,"event":{"mods":["AchievementEnabler","BaseMod","Colored Map","DeckTracker","Keyboard Shortcuts","Minty Spire (QoL Compilation)","Permanent Neow","Random Character Button","SuperFastMode"],"gold_per_floor":[369,56,56,76,92,120,120,147,147,180,6,40,40,64,64,185,185,199,234,234,333,357,395,395,409,409,90,114,114,148,31,31,152,152,170,186,186,70,94,125,125,458,458,493,24,34,34,105,105,105],"floor_reached":51,"playtime":4329,"items_purged":["Defend_P","Defend_P","Regret"],"score":830,"play_id":"61808c24-2e90-475a-a8c8-48383ee98eaa","local_time":"20201227113712","is_ascension_mode":true,"campfire_choices":[{"floor":7,"key":"REST"},{"floor":15,"key":"REST"},{"floor":24,"key":"DIG"},{"floor":29,"key":"DIG"},{"floor":32,"key":"REST"},{"floor":41,"key":"REST"},{"floor":47,"key":"REST"},{"floor":49,"key":"REST"}],"circlet_count":0,"master_deck":["Strike_P","Strike_P","Strike_P","Defend_P","Defend_P","Eruption","Vigilance","WheelKick","Conclude","CutThroughFate","SashWhip","JustLucky","Establishment","BattleHymn+1","Weave","CrushJoints","Blasphemy","ThirdEye+1","InnerPeace","FlurryOfBlows+1","Indignation","Crescendo+1","FearNoEvil+1","EmptyMind+1","Blasphemy","Regret","Collect+1","ReachHeaven+1","WindmillStrike+1","Weave+1","Adaptation+1","Establishment+1","Blasphemy"],"relics":["PureWater","White Beast Statue","Ancient Tea Set","Shovel","Gremlin Horn","The Courier","Toy Ornithopter","Centennial Puzzle","Fusion Hammer","Red Mask","Enchiridion","Molten Egg 2","Bottled Flame","FossilizedHelix","Lizard Tail","Vajra","Bottled Lightning","Tiny Chest","Astrolabe","Frozen Eye","Pear","Frozen Egg 2","TungstenRod","Unceasing Top","InkBottle"],"acts_visited":["Exordium","TheCity","TheBeyond"],"potions_floor_usage":[6,6,10,12,16,18,19,22,25,25,30,33,39,39,44,46,50,50,50],"damage_taken":[{"damage":7,"enemies":"Cultist","floor":1,"turns":5},{"damage":6,"enemies":"Small Slimes","floor":4,"turns":2},{"damage":0,"enemies":"2 Louse","floor":5,"turns":2},{"damage":4,"enemies":"3 Sentries","floor":6,"turns":3},{"damage":6,"enemies":"Gremlin Nob","floor":8,"turns":3},{"damage":18,"enemies":"Lagavulin","floor":10,"turns":6},{"damage":19,"enemies":"3 Sentries","floor":12,"turns":4},{"damage":5,"enemies":"Looter","floor":14,"turns":2},{"damage":27,"enemies":"Slime Boss","floor":16,"turns":6},{"damage":20,"enemies":"2 Thieves","floor":18,"turns":2},{"damage":0,"enemies":"Masked Bandits","floor":19,"turns":3},{"damage":9,"enemies":"Spheric Guardian","floor":22,"turns":4},{"damage":5,"enemies":"Slavers","floor":23,"turns":3},{"damage":3,"enemies":"Snecko","floor":25,"turns":4},{"damage":0,"enemies":"Centurion and Healer","floor":28,"turns":3},{"damage":21,"enemies":"Book of Stabbing","floor":30,"turns":4},{"damage":20,"enemies":"Champ","floor":33,"turns":10},{"damage":8,"enemies":"3 Darklings","floor":35,"turns":3},{"damage":0,"enemies":"3 Shapes","floor":36,"turns":1},{"damage":9,"enemies":"Maw","floor":39,"turns":5},{"damage":45,"enemies":"Nemesis","floor":40,"turns":5},{"damage":16,"enemies":"Giant Head","floor":44,"turns":5},{"damage":14,"enemies":"3 Darklings","floor":46,"turns":3},{"damage":95,"enemies":"Time Eater","floor":50,"turns":7}],"seed_played":"5095234068481318494","potions_obtained":[{"floor":4,"key":"BottledMiracle"},{"floor":5,"key":"SteroidPotion"},{"floor":6,"key":"SpeedPotion"},{"floor":8,"key":"SkillPotion"},{"floor":10,"key":"BlessingOfTheForge"},{"floor":12,"key":"LiquidMemories"},{"floor":14,"key":"Ambrosia"},{"floor":16,"key":"Energy Potion"},{"floor":18,"key":"BlessingOfTheForge"},{"floor":19,"key":"Explosive Potion"},{"floor":22,"key":"GamblersBrew"},{"floor":25,"key":"StancePotion"},{"floor":28,"key":"DuplicationPotion"},{"floor":30,"key":"Fire Potion"},{"floor":33,"key":"Strength Potion"},{"floor":35,"key":"Block Potion"},{"floor":36,"key":"Weak Potion"},{"floor":39,"key":"Swift Potion"},{"floor":40,"key":"StancePotion"},{"floor":44,"key":"Fire Potion"},{"floor":46,"key":"Regen Potion"}],"is_trial":false,"path_per_floor":["M","$","$","M","M","E","R","E","T","E","$","E","?","M","R","B",null,"M","?","?","?","M","E","R","M","T","$","M","R","E","$","R","B",null,"M","M","?","$","M","E","R","?","T","E","$","M","R","T","R","B",null],"character_chosen":"WATCHER","items_purchased":["White Beast Statue","Toy Ornithopter","BattleHymn","Lizard Tail","Tiny Chest","Frozen Eye","Adaptation+1","Unceasing Top","Establishment+1"],"campfire_rested":6,"item_purchase_floors":[2,11,11,27,31,38,45,45,45],"current_hp_per_floor":[65,65,65,59,59,55,72,66,66,48,48,34,34,29,50,28,72,57,62,46,46,42,37,37,44,44,44,44,44,28,28,49,34,72,64,64,64,64,63,28,52,52,52,41,41,32,56,56,80,4],"gold":105,"neow_bonus":"TWO_FIFTY_GOLD","is_daily":false,"chose_seed":false,"campfire_upgraded":0,"win_rate":0.0,"timestamp":1609036632,"path_taken":["M","?","$","M","M","E","R","E","T","E","$","E","?","M","R","BOSS","M","?","?","?","M","E","R","M","T","$","M","R","E","?","R","BOSS","M","M","?","$","?","E","R","?","T","E","$","M","R","?","R","BOSS"],"items_purchased_type":["Relic","Relic","Card","Relic","Relic","Relic","Card","Relic","Card"],"build_version":"2020-12-22","purchased_purges":3,"victory":true,"max_hp_per_floor":[72,72,72,72,72,72,72,72,72,72,72,72,72,72,72,72,72,72,72,72,72,72,72,72,72,72,72,72,72,72,72,72,72,72,72,72,72,72,72,82,82,82,82,82,82,82,82,82,82,82],"card_choices":[{"not_picked":["EmptyBody","Weave"],"picked":"WheelKick","floor":1},{"not_picked":["CutThroughFate","Halt"],"picked":"Conclude","floor":4},{"not_picked":["LikeWater","Consecrate"],"picked":"CutThroughFate","floor":5},{"not_picked":["ClearTheMind","EmptyBody"],"picked":"SashWhip","floor":6},{"not_picked":["Evaluate","MentalFortress"],"picked":"JustLucky","floor":8},{"not_picked":["ThirdEye","Indignation"],"picked":"Establishment","floor":10},{"not_picked":["CutThroughFate","Crescendo"],"picked":"Weave","floor":12},{"not_picked":["Prostrate","SashWhip"],"picked":"CrushJoints","floor":14},{"not_picked":["DevaForm","LessonLearned"],"picked":"Blasphemy","floor":16},{"not_picked":["FlyingSleeves","Protect+1"],"picked":"ThirdEye+1","floor":18},{"not_picked":["EmptyFist+1","Consecrate+1"],"picked":"InnerPeace","floor":19},{"not_picked":["FollowUp","DeceiveReality"],"picked":"FlurryOfBlows+1","floor":22},{"not_picked":["Protect","CrushJoints+1"],"picked":"Indignation","floor":23},{"not_picked":["SashWhip+1","FollowUp+1"],"picked":"Crescendo+1","floor":25},{"not_picked":["SashWhip+1","Prostrate"],"picked":"FearNoEvil+1","floor":28},{"not_picked":["LikeWater","WheelKick+1"],"picked":"EmptyMind+1","floor":30},{"not_picked":["Alpha","Vault"],"picked":"Blasphemy","floor":33},{"not_picked":["Prostrate","ThirdEye"],"picked":"ReachHeaven+1","floor":35},{"not_picked":["PathToVictory","LikeWater"],"picked":"WindmillStrike+1","floor":36},{"not_picked":["EmptyFist+1","Collect+1"],"picked":"Weave+1","floor":39},{"not_picked":["EmptyBody","JustLucky+1","Prostrate+1"],"picked":"SKIP","floor":40},{"not_picked":["FollowUp+1","CrushJoints+1","BowlingBash+1"],"picked":"SKIP","floor":44},{"not_picked":["WreathOfFlame","EmptyMind"],"picked":"Blasphemy","floor":46}],"player_experience":75429,"relics_obtained":[{"floor":6,"key":"Ancient Tea Set"},{"floor":8,"key":"Shovel"},{"floor":9,"key":"Gremlin Horn"},{"floor":10,"key":"The Courier"},{"floor":12,"key":"Centennial Puzzle"},{"floor":19,"key":"Red Mask"},{"floor":20,"key":"Enchiridion"},{"floor":23,"key":"Molten Egg 2"},{"floor":24,"key":"Bottled Flame"},{"floor":26,"key":"FossilizedHelix"},{"floor":29,"key":"Vajra"},{"floor":30,"key":"Bottled Lightning"},{"floor":40,"key":"Pear"},{"floor":43,"key":"Frozen Egg 2"},{"floor":44,"key":"TungstenRod"},{"floor":48,"key":"InkBottle"}],"event_choices":[{"damage_healed":0,"gold_gain":0,"player_choice":"Take Wound","damage_taken":0,"relics_obtained":["Golden Idol"],"max_hp_gain":0,"max_hp_loss":0,"event_name":"Golden Idol","floor":13,"gold_loss":0,"cards_obtained":["Injury"]},{"damage_healed":0,"gold_gain":0,"player_choice":"Fought Bandits","damage_taken":0,"max_hp_gain":0,"max_hp_loss":0,"event_name":"Masked Bandits","floor":19,"gold_loss":0},{"damage_healed":0,"gold_gain":0,"player_choice":"Obtained Book","damage_taken":16,"max_hp_gain":0,"max_hp_loss":0,"event_name":"Cursed Tome","floor":20,"gold_loss":0},{"damage_healed":0,"gold_gain":99,"player_choice":"Stole From Cult","damage_taken":0,"max_hp_gain":0,"max_hp_loss":0,"event_name":"Nest","floor":21,"gold_loss":0},{"damage_healed":0,"gold_gain":0,"player_choice":"Forge","damage_taken":0,"max_hp_gain":0,"max_hp_loss":0,"event_name":"Accursed Blacksmith","floor":37,"gold_loss":0,"cards_upgraded":["BattleHymn"]},{"damage_healed":0,"gold_gain":333,"player_choice":"Gave Idol","damage_taken":0,"max_hp_gain":0,"max_hp_loss":0,"event_name":"The Moai Head","floor":42,"relics_lost":["Golden Idol"],"gold_loss":0}],"is_beta":false,"boss_relics":[{"not_picked":["Tiny House","Empty Cage"],"picked":"Fusion Hammer"},{"not_picked":["Sozu","Velvet Choker"],"picked":"Astrolabe"}],"items_purged_floors":[2,27,45],"is_endless":false,"potions_floor_spawned":[4,5,6,8,10,12,14,16,18,19,22,23,25,28,30,33,35,36,39,40,44,46],"ascension_level":1}}