{"host":"daa8jqyg4gqfaysm","time":1609094985,"event":{"mods":["BaseMod","Colored Powertips","Minty Spire (QoL Compilation)","StSLib"],"gold_per_floor":[113,113,113,113,1,1,44,144,144,183,183,216,235,260,260,351,351,364,54,54,78,98,133,133,173,200,200,125,125,125,145,145,250,277,300,300,309,609,627,627,627,627,627,627,649,664,677,41,41,41,41],"floor_reached":50,"playtime":1119,"items_purged":["Strike_R"],"score":1138,"play_id":"7a7102d9-de15-4e12-9a99-fddf18368520","local_time":"20201228024945","is_ascension_mode":true,"campfire_choices":[{"data":"Sword Boomerang","floor":6.0,"key":"SMITH"},{"data":"Combust","floor":11.0,"key":"SMITH"},{"data":"Hemokinesis","floor":15.0,"key":"SMITH"},{"floor":24.0,"key":"REST"},{"floor":30.0,"key":"REST"},{"data":"Disarm","floor":32.0,"key":"SMITH"},{"data":"Searing Blow+1","floor":40,"key":"SMITH"},{"data":"Searing Blow+2","floor":42,"key":"SMITH"},{"data":"Searing Blow+3","floor":44,"key":"SMITH"},{"floor":49,"key":"RECALL"}],"circlet_count":0,"master_deck":["AscendersBane","Defend_R","Defend_R","Defend_R","Bash+1","Headbutt","Flame Barrier","Sword Boomerang+1","Hemokinesis+1","Combust+1","Pummel+1","Ghostly Armor","Offering","Immolate+1","Disarm+1","Evolve","Metallicize","Pommel Strike+1","Impervious","Sword Boomerang+1","Searing Blow+4","Fire Breathing+1","Shrug It Off","Dramatic Entrance+1","Battle Trance+1","Rupture","Hemokinesis+1","Offering"],"relics":["Burning Blood","NeowsBlessing","Golden Idol","Lizard Tail","InkBottle","Lantern","Molten Egg 2","Mark of Pain","Bag of Marbles","CeramicFish","Pear","Toy Ornithopter","Nilry\u0027s Codex","MutagenicStrength","Astrolabe","Old Coin","Mango"],"acts_visited":["Exordium","TheCity","TheBeyond"],"potions_floor_usage":[46],"damage_taken":[{"damage":0.0,"enemies":"Small Slimes","floor":1.0,"turns":1.0},{"damage":0.0,"enemies":"Gremlin Nob","floor":7.0,"turns":1.0},{"damage":0.0,"enemies":"Lagavulin","floor":10.0,"turns":1.0},{"damage":12.0,"enemies":"Gremlin Nob","floor":12.0,"turns":3.0},{"damage":0.0,"enemies":"2 Louse","floor":13.0,"turns":2.0},{"damage":0.0,"enemies":"Jaw Worm","floor":14.0,"turns":3.0},{"damage":61.0,"enemies":"Hexaghost","floor":16.0,"turns":9.0},{"damage":2.0,"enemies":"Chosen","floor":18.0,"turns":3.0},{"damage":6.0,"enemies":"3 Byrds","floor":21.0,"turns":3.0},{"damage":10.0,"enemies":"Centurion and Healer","floor":22.0,"turns":4.0},{"damage":36.0,"enemies":"Book of Stabbing","floor":23.0,"turns":5.0},{"damage":30.0,"enemies":"Gremlin Leader","floor":25.0,"turns":4.0},{"damage":2.0,"enemies":"Snake Plant","floor":31.0,"turns":2.0},{"damage":87.0,"enemies":"Collector","floor":33.0,"turns":7.0},{"damage":0.0,"enemies":"3 Darklings","floor":35.0,"turns":1.0},{"damage":6,"enemies":"Orb Walker","floor":39,"turns":2},{"damage":11,"enemies":"Jaw Worm Horde","floor":45,"turns":2},{"damage":11,"enemies":"3 Darklings","floor":46,"turns":3},{"damage":18,"enemies":"Spire Growth","floor":47,"turns":4},{"damage":71,"enemies":"Awakened One","floor":50,"turns":5}],"seed_played":"-3222190822045117103","potions_obtained":[{"floor":12.0,"key":"SmokeBomb"},{"floor":13.0,"key":"SteroidPotion"},{"floor":18.0,"key":"Strength Potion"},{"floor":31.0,"key":"EntropicBrew"},{"floor":33.0,"key":"Fire Potion"}],"is_trial":false,"path_per_floor":["M","?","?","?","$","R","E","?","T","E","R","E","M","M","R","B",null,"M","$","?","M","M","E","R","E","T","?","?","?","R","M","R","B",null,"M","?","?","T","M","R","?","R","T","R","M","M","M","$","R","B"],"character_chosen":"IRONCLAD","items_purchased":["Flame Barrier","Sword Boomerang","Disarm","Bag of Marbles","SteroidPotion","Rupture","Hemokinesis+1","Offering","Mango"],"campfire_rested":2,"item_purchase_floors":[5,5,19,19,48,48,48,48,48],"current_hp_per_floor":[74,74,68,73,73,73,73,73,73,73,73,67,73,73,73,18,59,63,63,63,63,59,29,50,36,36,15,15,15,39,43,43,13,66,72,72,72,72,72,72,72,72,72,72,67,67,55,69,69,0,0],"gold":41,"neow_bonus":"THREE_ENEMY_KILL","is_daily":false,"chose_seed":false,"campfire_upgraded":7,"win_rate":0.0,"timestamp":1609094985,"path_taken":["M","?","?","?","?","R","E","?","T","E","R","E","M","M","R","BOSS","M","$","?","M","?","E","R","E","T","?","?","?","R","M","R","BOSS","M","?","?","?","M","R","?","R","T","R","M","M","?","$","R","BOSS"],"items_purchased_type":["Card","Card","Card","Relic","Potion","Card","Card","Card","Relic"],"build_version":"2020-12-22","purchased_purges":1,"victory":false,"max_hp_per_floor":[75,75,68,73,73,73,73,73,73,73,73,73,73,73,73,73,73,73,73,73,73,73,73,73,83,83,83,83,83,83,83,83,83,83,83,83,83,83,83,83,79,79,79,79,79,79,79,93,93,93,93],"card_choices":[{"not_picked":["Heavy Blade","Havoc"],"picked":"Headbutt","floor":1.0},{"not_picked":["Seeing Red","Feel No Pain"],"picked":"Hemokinesis","floor":7.0},{"not_picked":["Burning Pact","Warcry"],"picked":"Combust","floor":10.0},{"not_picked":["Body Slam+1","Dark Embrace"],"picked":"Pummel+1","floor":12.0},{"not_picked":["True Grit","Twin Strike+1"],"picked":"Ghostly Armor","floor":13.0},{"not_picked":["Wild Strike+1","Sword Boomerang+1"],"picked":"Offering","floor":14.0},{"not_picked":["Double Tap","Impervious"],"picked":"Immolate+1","floor":16.0},{"not_picked":["Rampage+1","Evolve","Dark Embrace"],"picked":"SKIP","floor":18.0},{"not_picked":["Armaments","Rampage+1","Clash+1"],"picked":"SKIP","floor":21.0},{"not_picked":["Warcry","Anger+1"],"picked":"Metallicize","floor":22.0},{"not_picked":["Body Slam+1","Perfected Strike+1","Twin Strike+1"],"picked":"SKIP","floor":23.0},{"not_picked":["Perfected Strike+1","Second Wind"],"picked":"Pommel Strike+1","floor":25.0},{"not_picked":["Wild Strike+1","Heavy Blade+1","Reckless Charge+1"],"picked":"SKIP","floor":31.0},{"not_picked":["Berserk","Brutality"],"picked":"Impervious","floor":33.0},{"not_picked":["Anger+1","Clash+1"],"picked":"Shrug It Off","floor":35.0},{"not_picked":["Deep Breath","Good Instincts"],"picked":"Dramatic Entrance+1","floor":37},{"not_picked":["Iron Wave+1","Twin Strike+1","Anger+1"],"picked":"SKIP","floor":39},{"not_picked":["Exhume","Shrug It Off"],"picked":"Battle Trance+1","floor":45},{"not_picked":["Twin Strike+1","Dual Wield","Iron Wave+1"],"picked":"SKIP","floor":46},{"not_picked":["Second Wind","Sever Soul+1","Intimidate"],"picked":"SKIP","floor":47}],"player_experience":745274,"relics_obtained":[{"floor":7.0,"key":"Lizard Tail"},{"floor":9.0,"key":"InkBottle"},{"floor":10.0,"key":"Lantern"},{"floor":12.0,"key":"Molten Egg 2"},{"floor":23.0,"key":"CeramicFish"},{"floor":25.0,"key":"Pear"},{"floor":26.0,"key":"Toy Ornithopter"},{"floor":27.0,"key":"Nilry\u0027s Codex"},{"floor":38,"key":"Old Coin"}],"event_choices":[{"damage_healed":0.0,"max_hp_gain":0.0,"max_hp_loss":0.0,"gold_gain":0.0,"event_name":"Living Wall","player_choice":"Grow","floor":2.0,"gold_loss":0.0,"damage_taken":0.0,"cards_upgraded":["Bash"]},{"damage_healed":0.0,"max_hp_gain":0.0,"max_hp_loss":7.0,"gold_gain":0.0,"event_name":"Golden Idol","player_choice":"Lose Max HP","floor":3.0,"gold_loss":0.0,"damage_taken":0.0,"relics_obtained":["Golden Idol"]},{"damage_healed":0.0,"max_hp_gain":5.0,"max_hp_loss":0.0,"gold_gain":0.0,"event_name":"Big Fish","player_choice":"Donut","floor":4.0,"gold_loss":0.0,"damage_taken":0.0},{"damage_healed":0.0,"max_hp_gain":0.0,"max_hp_loss":0.0,"gold_gain":100.0,"event_name":"Wheel of Change","player_choice":"Gold","floor":8.0,"gold_loss":0.0,"damage_taken":0.0},{"damage_healed":0.0,"max_hp_gain":0.0,"max_hp_loss":0.0,"gold_gain":0.0,"cards_transformed":["Strike_R"],"event_name":"Transmorgrifier","player_choice":"Transformed","floor":20.0,"gold_loss":0.0,"damage_taken":0.0,"cards_obtained":["Evolve"]},{"damage_healed":0.0,"max_hp_gain":0.0,"max_hp_loss":0.0,"gold_gain":0.0,"event_name":"Cursed Tome","player_choice":"Obtained Book","floor":27.0,"gold_loss":0.0,"damage_taken":21.0},{"cards_removed":["Strike_R"],"damage_healed":0.0,"max_hp_gain":0.0,"max_hp_loss":0.0,"gold_gain":0.0,"event_name":"Beggar","player_choice":"Gave Gold","floor":28.0,"gold_loss":75.0,"damage_taken":0.0},{"damage_healed":0.0,"max_hp_gain":0.0,"max_hp_loss":0.0,"gold_gain":0.0,"event_name":"Drug Dealer","player_choice":"Inject Mutagens","floor":29.0,"gold_loss":0.0,"damage_taken":0.0,"relics_obtained":["MutagenicStrength"]},{"damage_healed":0.0,"max_hp_gain":0.0,"max_hp_loss":0.0,"gold_gain":0.0,"event_name":"Tomb of Lord Red Mask","player_choice":"Ignored","floor":36.0,"gold_loss":0.0,"damage_taken":0.0},{"damage_healed":0,"gold_gain":0,"player_choice":"Memory 1","damage_taken":0,"max_hp_gain":0,"max_hp_loss":0,"event_name":"SensoryStone","floor":37,"gold_loss":0},{"damage_healed":0,"gold_gain":0,"player_choice":"Max HP","damage_taken":0,"max_hp_gain":0,"max_hp_loss":4,"event_name":"Winding Halls","floor":41,"gold_loss":0}],"is_beta":false,"boss_relics":[{"not_picked":["Calling Bell","Empty Cage"],"picked":"Mark of Pain"},{"not_picked":["SacredBark","Busted Crown"],"picked":"Astrolabe"}],"items_purged_floors":[19],"is_endless":false,"potions_floor_spawned":[12,13,18,31,33,39],"killed_by":"Awakened One","ascension_level":20}}