{"host":"0rxdudjy6rylha1k","time":1609104407,"event":{"mods":["Aspiration","BaseMod","Colored Map","Colored Powertips","Downfall","Highlight Path","Hubris","Minty Spire (QoL Compilation)","StSLib"],"gold_per_floor":[99,118,136,50,50,50,97,82,7,27,38,38,38,55,67,163,163,163,183,197,197,24,9,9,9,28,28,40,40,60,80,99,99,99,99],"floor_reached":33,"playtime":7444,"items_purged":["hexamod:GiftsFromTheDead"],"score":313,"play_id":"e37a1b3c-f324-4d1d-acc8-793d9dfb2a61","local_time":"20201227142647","is_ascension_mode":true,"campfire_choices":[{"floor":1.0,"key":"RECALL"},{"data":"hexamod:EmpoweringStance","floor":6.0,"key":"SMITH"},{"data":"hexamod:InspiringFlames","floor":9.0,"key":"SMITH"},{"data":"hexamod:ThermalTransfer","floor":13.0,"key":"SMITH"},{"data":"hexamod:Sear","floor":18.0,"key":"SMITH"},{"data":"expansioncontent:Chronoboost","floor":25.0,"key":"SMITH"},{"data":"hexamod:Toasty","floor":27,"key":"SMITH"},{"floor":29,"key":"REST"}],"circlet_count":0,"master_deck":["hexamod:Strike","hexamod:Strike","hexamod:Strike","hexamod:Strike","hexamod:Defend","hexamod:Defend","hexamod:Defend","hexamod:Defend","hexamod:Sear+1","hexamod:Float+1","hexamod:ThermalTransfer+1","hexamod:AdvancingGuard","hexamod:InspiringFlames+1","hexamod:FirstSeal","hexamod:EmpoweringStance+1","hexamod:GhostflameBarrier","expansioncontent:Chronoboost+1","hexamod:Toasty+1","hexamod:RadiantFlame","hexamod:EtherealExpedition+1","hexamod:StepThrough+1","hexamod:EmpoweredFlame+1"],"relics":["hexamod:SpiritBrand","hexamod:MatchstickCase","downfall:HeartBlessingRed","hubris:Towel","hexamod:CandleOfCauterizing"],"acts_visited":["Exordium","TheCity"],"potions_floor_usage":[26,30,30,32],"damage_taken":[{"damage":1.0,"enemies":"Jaw Worm","floor":2.0,"turns":3.0},{"damage":0.0,"enemies":"Small Slimes","floor":3.0,"turns":3.0},{"damage":0.0,"enemies":"downfall:FleeingMerchant","floor":4.0,"turns":4.0},{"damage":4.0,"enemies":"downfall:FleeingMerchant","floor":8.0,"turns":4.0},{"damage":0.0,"enemies":"2 Louse","floor":10.0,"turns":3.0},{"damage":0.0,"enemies":"Large Slime","floor":11.0,"turns":6.0},{"damage":0.0,"enemies":"Exordium Thugs","floor":14.0,"turns":5.0},{"damage":0.0,"enemies":"3 Louse","floor":15.0,"turns":3.0},{"damage":13.0,"enemies":"downfall:Watcher","floor":16.0,"turns":14.0},{"damage":32.0,"enemies":"3 Byrds","floor":19.0,"turns":6.0},{"damage":21.0,"enemies":"Spheric Guardian","floor":20.0,"turns":8.0},{"damage":0.0,"enemies":"downfall:FleeingMerchant","floor":22.0,"turns":4.0},{"damage":8.0,"enemies":"downfall:FleeingMerchant","floor":23.0,"turns":4.0},{"damage":6,"enemies":"Snake Plant","floor":26,"turns":4},{"damage":32,"enemies":"3 Cultists","floor":28,"turns":7},{"damage":13,"enemies":"Cultist and Chosen","floor":30,"turns":5},{"damage":15,"enemies":"Chosen and Byrds","floor":31,"turns":6},{"damage":11,"enemies":"Snake Plant","floor":32,"turns":5},{"damage":36,"enemies":"downfall:Defect","floor":33,"turns":8}],"seed_played":"-4476474954552858215","potions_obtained":[{"floor":2.0,"key":"Swift Potion"},{"floor":10.0,"key":"BlessingOfTheForge"},{"floor":14.0,"key":"LiquidMemories"},{"floor":16.0,"key":"Ancient Potion"},{"floor":26,"key":"DistilledChaos"},{"floor":28,"key":"Slimebound:ThreeZeroPotion"},{"floor":30,"key":"Energy Potion"}],"is_trial":false,"path_per_floor":["R","M","M","$","?","R","T","$","R","M","M","?","R","M","M","B",null,"R","M","M","?","$","$","T","R","M","R","M","R","M","M","M","B"],"character_chosen":"THE_SPIRIT","items_purchased":["hexamod:FirstSeal","expansioncontent:Chronoboost"],"campfire_rested":1,"item_purchase_floors":[4,22],"current_hp_per_floor":[63,62,62,62,62,62,62,65,65,70,70,70,70,70,70,57,67,67,42,28,51,58,57,57,57,51,51,26,47,41,33,29,0,0,0],"gold":99,"neow_bonus":"UPGRADE_CARD","is_daily":false,"chose_seed":false,"campfire_upgraded":6,"win_rate":0.0,"timestamp":1609104407,"path_taken":["R","M","M","$","?","R","T","$","R","M","M","?","R","M","M","BOSS","R","M","M","?","?","$","T","R","M","R","M","R","M","?","M","BOSS"],"items_purchased_type":["Card","Card"],"build_version":"2020-12-22","purchased_purges":1,"victory":false,"max_hp_per_floor":[70,70,70,70,70,70,70,70,70,70,70,70,70,70,70,70,70,70,70,70,70,70,70,70,70,70,70,70,70,70,70,70,70,70,70],"card_choices":[{"not_picked":["hexamod:InspiringFlames","hexamod:RetreatToShadows"],"picked":"hexamod:ThermalTransfer","floor":2.0},{"not_picked":["hexamod:EtherealExpedition","hexamod:GhostShield"],"picked":"hexamod:AdvancingGuard","floor":3.0},{"not_picked":["hexamod:HeatShield","hexamod:BurningTouch"],"picked":"hexamod:InspiringFlames","floor":4.0},{"not_picked":["hexamod:HauntingEcho","hexamod:GhostShield","hexamod:FastForward"],"picked":"SKIP","floor":8.0},{"not_picked":["hexamod:UnleashSpirits","hexamod:NightmareGuise","hexamod:FastForward"],"picked":"SKIP","floor":10.0},{"not_picked":["hexamod:Hexaguard","hexamod:Again","hexamod:BurningTouch"],"picked":"SKIP","floor":11.0},{"not_picked":["hexamod:NightmareStrike","hexamod:ShieldOfDarkness","hexamod:Hexaguard"],"picked":"SKIP","floor":14.0},{"not_picked":["hexamod:GhostLash","hexamod:PhantomFireball","hexamod:HeatCrush"],"picked":"SKIP","floor":15.0},{"not_picked":["hexamod:SearingWound","hexamod:ParanormalForm"],"picked":"hexamod:GiftsFromTheDead","floor":16.0},{"not_picked":["hexamod:RainOfEmbers","hexamod:SoulSteal","hexamod:SpectralSpark"],"picked":"SKIP","floor":19.0},{"not_picked":["hexamod:RainOfEmbers","hexamod:FlamesFromBeyond+1"],"picked":"hexamod:GhostflameBarrier","floor":20.0},{"not_picked":["hexamod:PhantomCloak+1","hexamod:GhostLash","hexamod:HeatCrush+1"],"picked":"SKIP","floor":22.0},{"not_picked":["hexamod:SwordOfDarkness","hexamod:NightmareGuise"],"picked":"hexamod:Toasty","floor":23.0},{"not_picked":["hexamod:Firestarter","hexamod:PhantomFireball+1"],"picked":"hexamod:RadiantFlame","floor":26},{"not_picked":["hexamod:GhostOfSpirePast","hexamod:HauntingEcho","hexamod:BacktrackSmack"],"picked":"SKIP","floor":28},{"not_picked":["hexamod:SwordOfDarkness+1","hexamod:SpectersWail"],"picked":"hexamod:EtherealExpedition+1","floor":30},{"not_picked":["hexamod:DynamicBlow","hexamod:FlamesFromBeyond"],"picked":"hexamod:StepThrough+1","floor":31},{"not_picked":["hexamod:Incineration","hexamod:ExtraCrispy"],"picked":"hexamod:EmpoweredFlame+1","floor":32}],"player_experience":2368656,"relics_obtained":[{"floor":7.0,"key":"hexamod:MatchstickCase"},{"floor":24.0,"key":"hexamod:CandleOfCauterizing"}],"event_choices":[{"damage_healed":23.0,"max_hp_gain":0.0,"max_hp_loss":0.0,"gold_gain":0.0,"event_name":"The Library","player_choice":"Heal","floor":21.0,"gold_loss":0.0,"damage_taken":0.0}],"is_beta":false,"boss_relics":[{"not_picked":["hubris:GrandSneckoEye","aspiration:RitualDagger","hexamod:IceCube"]}],"items_purged_floors":[22],"is_endless":false,"potions_floor_spawned":[2,10,14,16,26,28,30],"killed_by":"downfall:Defect","ascension_level":6}}