{"host":"9gczkbtdkbhjojey","time":1609087705,"event":{"mods":["BaseMod","Colored Map","Minty Spire (QoL Compilation)","Quick Restart","StSLib","[功能]功能增强和修复MOD"],"gold_per_floor":[118,118,103,114,114,114,109,109,133,133,128,128,128,140,140,237,0,15,0,0,0,0,0,19,19,19,19,19,19,19,34,34,131,131,144,144,159,209,256,289,284,310,383,396,396,396,415,431,431,431,431,431,431,456,456],"floor_reached":56,"playtime":3035,"items_purged":["Strike_P","Defend_P","Strike_P","Strike_P","Defend_P","Strike_P","Defend_P","Vengeance","Eruption+1"],"score":1282,"play_id":"567cfbfe-dae1-4d63-8807-0f8c93de96d4","local_time":"20201228004825","is_ascension_mode":false,"campfire_choices":[{"data":"Adaptation","floor":8,"key":"SMITH"},{"data":"FollowUp","floor":10,"key":"SMITH"},{"data":"Apotheosis","floor":12,"key":"SMITH"},{"data":"FollowUp","floor":15,"key":"SMITH"},{"data":"Devotion","floor":23,"key":"SMITH"},{"floor":32,"key":"RECALL"},{"data":"MentalFortress","floor":46,"key":"SMITH"},{"data":"Meditate","floor":49,"key":"SMITH"},{"data":"EmptyBody","floor":52,"key":"SMITH"}],"circlet_count":0,"master_deck":["Defend_P+1","Vigilance","FollowUp+1","Adaptation+1","Crescendo+1","FollowUp+1","Apotheosis+1","EmptyBody+1","Devotion+1","Perseverance","MentalFortress+1","FlurryOfBlows","Meditate+1","Tantrum+1"],"relics":["PureWater","Art of War","Sundial","OrangePellets","Orichalcum","Dead Branch","DollysMirror","Tiny Chest","Omamori","Blood Vial","Frozen Eye","MealTicket","Pantograph","ClockworkSouvenir","EctoplasmExtend","Pear","Bronze Scales","Chemical X","Enchiridion","Damaru","Eternal Feather","Lee\u0027s Waffle","Ornamental Fan","Mummified Hand","Shuriken","Cauldron","Bottled Tornado","StoneCalendar","Medical Kit","GoldenEye","Coffee Dripper","Mercury Hourglass","Pen Nib","Lizard Tail","Unceasing Top","Boot","Bag of Marbles","Oddly Smooth Stone","HandDrill","Anchor","Bottled Flame","Happy Flower","Ginger","Orrery","White Beast Statue","Bird Faced Urn","TheAbacus","Torii"],"acts_visited":["Exordium","TheCity","TheBeyond","TheEnding"],"potions_floor_usage":[40,55,55],"damage_taken":[{"damage":3,"enemies":"Jaw Worm","floor":1,"turns":4},{"damage":0,"enemies":"Cultist","floor":4,"turns":2},{"damage":0,"enemies":"Small Slimes","floor":14,"turns":1},{"damage":26,"enemies":"The Guardian","floor":16,"turns":6},{"damage":2,"enemies":"Chosen","floor":18,"turns":3},{"damage":4,"enemies":"Shell Parasite","floor":24,"turns":3},{"damage":16,"enemies":"Colosseum Slavers","floor":28,"turns":3},{"damage":0,"enemies":"Sentry and Sphere","floor":31,"turns":3},{"damage":0,"enemies":"Collector","floor":33,"turns":4},{"damage":11,"enemies":"3 Darklings","floor":35,"turns":3},{"damage":6,"enemies":"3 Shapes","floor":37,"turns":2},{"damage":10,"enemies":"Mind Bloom Boss Battle","floor":38,"turns":4},{"damage":25,"enemies":"2 Orb Walkers","floor":39,"turns":3},{"damage":37,"enemies":"Nemesis","floor":40,"turns":3},{"damage":0,"enemies":"3 Darklings","floor":44,"turns":2},{"damage":8,"enemies":"Sphere and 2 Shapes","floor":47,"turns":2},{"damage":0,"enemies":"Transient","floor":48,"turns":5},{"damage":27,"enemies":"Awakened One","floor":50,"turns":5},{"damage":42,"enemies":"Shield and Spear","floor":54,"turns":3},{"damage":11,"enemies":"The Heart","floor":55,"turns":5}],"seed_played":"-4636972204004168652","potions_obtained":[{"floor":1,"key":"Weak Potion"},{"floor":4,"key":"Energy Potion"},{"floor":25,"key":"GamblersBrew"},{"floor":25,"key":"Ambrosia"},{"floor":47,"key":"CultistPotion"},{"floor":54,"key":"Swift Potion"}],"is_trial":false,"path_per_floor":["M","?","$","M","?","?","$","R","T","R","$","R","$","M","R","B",null,"M","$","?","$","T","R","M","$","T","$","?","?","T","M","R","B",null,"M","$","M","?","?","E","$","T","T","M","$","R","M","M","R","B",null,"R","$","E","B",null],"character_chosen":"WATCHER","items_purchased":["Art of War","Sundial","OrangePellets","Adaptation","Crescendo","Explosive Potion","LiquidMemories","Orichalcum","Dead Branch","DollysMirror","Apotheosis","Omamori","Blood Vial","Frozen Eye","EmptyBody","MealTicket","Pantograph","ClockworkSouvenir","Pear","Bronze Scales","Chemical X","Perseverance","MentalFortress","FlurryOfBlows","Damaru","Eternal Feather","Lee\u0027s Waffle","Mummified Hand","Shuriken","Cauldron","Bottled Tornado","StoneCalendar","Medical Kit","Mercury Hourglass","Pen Nib","Bag of Marbles","Oddly Smooth Stone","HandDrill","Strength Potion","Happy Flower","Ginger","Orrery","White Beast Statue","Bird Faced Urn","TheAbacus"],"campfire_rested":0,"item_purchase_floors":[3,3,3,3,3,3,3,7,7,7,11,11,11,11,11,13,13,13,19,19,19,19,19,19,21,21,21,25,25,25,27,27,27,36,36,41,41,41,41,45,45,45,53,53,53],"current_hp_per_floor":[69,69,69,69,69,55,55,55,55,55,55,55,55,57,57,46,72,70,82,66,89,89,89,85,89,89,89,73,73,73,75,81,89,89,78,89,83,79,56,21,36,36,36,38,53,59,53,55,61,61,89,89,89,51,77],"gold":456,"neow_bonus":"THREE_CARDS","is_daily":false,"chose_seed":false,"campfire_upgraded":8,"win_rate":0.0,"timestamp":1609087705,"path_taken":["M","?","$","?","?","?","$","R","T","R","$","R","?","?","R","BOSS","M","$","?","$","?","R","M","$","T","?","?","?","?","?","R","BOSS","M","$","M","?","?","E","$","?","T","M","$","R","?","M","R","BOSS","R","$","E","BOSS"],"items_purchased_type":["Relic","Relic","Relic","Card","Card","Potion","Potion","Relic","Relic","Relic","Card","Relic","Relic","Relic","Card","Relic","Relic","Relic","Relic","Relic","Relic","Card","Card","Card","Relic","Relic","Relic","Relic","Relic","Relic","Relic","Relic","Relic","Relic","Relic","Relic","Relic","Relic","Potion","Relic","Relic","Relic","Relic","Relic","Relic"],"build_version":"2020-12-22","purchased_purges":9,"victory":true,"max_hp_per_floor":[72,72,72,72,72,72,72,72,72,72,72,72,72,72,72,72,72,72,82,82,89,89,89,89,89,89,89,89,89,89,89,89,89,89,89,89,89,89,89,89,89,89,89,89,89,89,89,89,89,89,89,89,89,89,89],"card_choices":[{"not_picked":["WaveOfTheHand","EmptyFist"],"picked":"FollowUp","floor":0},{"not_picked":["JustLucky","Indignation","PathToVictory"],"picked":"SKIP","floor":1},{"not_picked":["ThirdEye","BowlingBash","Conclude"],"picked":"SKIP","floor":4},{"not_picked":["Evaluate","ForeignInfluence","BowlingBash"],"picked":"SKIP","floor":14},{"not_picked":["DeusExMachina","DevaForm"],"picked":"Devotion","floor":16},{"not_picked":["Halt","TalkToTheHand"],"picked":"Vengeance","floor":18},{"not_picked":["PathToVictory+1","Crescendo"],"picked":"Meditate","floor":24},{"not_picked":["Consecrate","Indignation+1","Crescendo"],"picked":"SKIP","floor":31},{"not_picked":["JustLucky+1","Crescendo","EmptyFist+1"],"picked":"SKIP","floor":35},{"not_picked":["BowlingBash+1","EmptyMind+1"],"picked":"Tantrum+1","floor":37},{"not_picked":["FlurryOfBlows","Consecrate+1","WheelKick"],"picked":"SKIP","floor":40},{"not_picked":["Collect","Wireheading","FearNoEvil"],"picked":"SKIP","floor":44},{"not_picked":["SignatureMove+1","Fasting2+1","Protect+1"],"picked":"SKIP","floor":47},{"not_picked":["ClearTheMind+1","Evaluate","JustLucky"],"picked":"SKIP","floor":48},{"not_picked":["Evaluate+1","ForeignInfluence","BowlingBash+1"],"picked":"SKIP","floor":54}],"player_experience":98245,"relics_obtained":[{"floor":9,"key":"Tiny Chest"},{"floor":20,"key":"Enchiridion"},{"floor":22,"key":"Ornamental Fan"},{"floor":30,"key":"GoldenEye"},{"floor":38,"key":"Lizard Tail"},{"floor":39,"key":"Unceasing Top"},{"floor":40,"key":"Boot"},{"floor":42,"key":"Anchor"},{"floor":43,"key":"Bottled Flame"},{"floor":54,"key":"Torii"}],"event_choices":[{"damage_healed":0,"gold_gain":0,"player_choice":"Ignored","damage_taken":0,"max_hp_gain":0,"max_hp_loss":0,"event_name":"NoteForYourself","floor":2,"gold_loss":0},{"damage_healed":0,"gold_gain":0,"player_choice":"Leave","damage_taken":0,"max_hp_gain":0,"max_hp_loss":0,"event_name":"The Cleric","floor":5,"gold_loss":0},{"damage_healed":0,"gold_gain":0,"player_choice":"Entered Light","damage_taken":14,"max_hp_gain":0,"max_hp_loss":0,"event_name":"Shining Light","floor":6,"gold_loss":0,"cards_upgraded":["Crescendo","Defend_P"]},{"damage_healed":0,"gold_gain":0,"player_choice":"Obtained Book","damage_taken":16,"max_hp_gain":0,"max_hp_loss":0,"event_name":"Cursed Tome","floor":20,"gold_loss":0},{"damage_healed":0,"gold_gain":0,"player_choice":"Fight","damage_taken":0,"max_hp_gain":0,"max_hp_loss":0,"event_name":"Colosseum","floor":28,"gold_loss":0},{"damage_healed":0,"gold_gain":0,"player_choice":"Fled From Nobs","damage_taken":0,"max_hp_gain":0,"max_hp_loss":0,"event_name":"Colosseum","floor":28,"gold_loss":0},{"damage_healed":0,"gold_gain":0,"player_choice":"Forge","damage_taken":0,"max_hp_gain":0,"max_hp_loss":0,"event_name":"Accursed Blacksmith","floor":29,"gold_loss":0,"cards_upgraded":["Eruption"]},{"damage_healed":0,"gold_gain":0,"player_choice":"Fight","damage_taken":0,"max_hp_gain":0,"max_hp_loss":0,"event_name":"MindBloom","floor":38,"gold_loss":0},{"damage_healed":0,"gold_gain":0,"player_choice":"Fight","damage_taken":0,"max_hp_gain":0,"max_hp_loss":0,"event_name":"Mysterious Sphere","floor":39,"gold_loss":0}],"is_beta":false,"boss_relics":[{"not_picked":["Black Star","HolyWater"],"picked":"EctoplasmExtend"},{"not_picked":["Cursed Key","VioletLotus"],"picked":"Coffee Dripper"}],"items_purged_floors":[3,3,3,7,11,19,19,19,41],"is_endless":false,"potions_floor_spawned":[1,4,14,16,16,18,18,31,31,31,35,37,40,44,44,47,48,48,54,54,54],"ascension_level":0}}