{"host":"mnv5ukcvq49ry6ak","time":1609059532,"event":{"mods":["ATMod(°¢èªMod)","Act Like it!","BaseMod","Better Vampires","Minty Spire (QoL Compilation)","Relic Stats","StSLib"],"gold_per_floor":[114,114,264,280,128,166,216,216,216],"floor_reached":8,"playtime":149,"items_purged":["Doubt"],"score":138,"play_id":"abf6d6dd-e4d3-4ad1-b47d-11315211b485","local_time":"20201227165852","is_ascension_mode":true,"campfire_choices":[],"circlet_count":0,"master_deck":["AscendersBane","Strike_B","Strike_B","Strike_B","Strike_B","Defend_B","Defend_B","Defend_B","Defend_B","Zap","Dualcast","AT_KingSlayer","Sweeping Beam","Self Repair","Machine Learning"],"relics":["Cracked Core","AT_ATBox","NeowsBlessing","Golden Idol","Smiling Mask"],"acts_visited":["Exordium"],"potions_floor_usage":[],"damage_taken":[{"damage":0,"enemies":"Jaw Worm","floor":1,"turns":1},{"damage":0,"enemies":"2 Louse","floor":4,"turns":1},{"damage":0,"enemies":"3 Sentries","floor":6,"turns":1},{"damage":24,"enemies":"Gremlin Nob","floor":8,"turns":4}],"seed_played":"332744003813915874","potions_obtained":[{"floor":6,"key":"Ancient Potion"}],"is_trial":false,"path_per_floor":["M","?","?","M","$","E","?","E"],"character_chosen":"DEFECT","items_purchased":["Self Repair"],"campfire_rested":0,"item_purchase_floors":[5],"current_hp_per_floor":[64,40,40,40,40,40,40,16,16],"gold":216,"neow_bonus":"THREE_ENEMY_KILL","is_daily":false,"chose_seed":false,"campfire_upgraded":0,"win_rate":0.0,"timestamp":1609059532,"path_taken":["M","?","?","M","$","E","?","E"],"items_purchased_type":["Card"],"build_version":"2020-12-22","purchased_purges":1,"victory":false,"max_hp_per_floor":[71,71,71,71,71,71,71,71,71],"relic_stats":{"counters":[4,7],"Golden Idol":11,"Smiling Mask":0,"obtain_stats":[{"AT_ATBox":0,"NeowsBlessing":0,"Golden Idol":2,"Cracked Core":0,"Smiling Mask":6},{"AT_ATBox":0,"NeowsBlessing":0,"Golden Idol":1,"Cracked Core":0,"Smiling Mask":3},{"AT_ATBox":0,"NeowsBlessing":0,"Golden Idol":1,"Cracked Core":0,"Smiling Mask":3}]},"card_choices":[{"not_picked":["Cold Snap","Leap","Melter"],"picked":"SKIP","floor":1},{"not_picked":["Turbo","Skim"],"picked":"Sweeping Beam","floor":4},{"not_picked":["Barrage","Leap"],"picked":"Machine Learning","floor":6}],"player_experience":441342,"relics_obtained":[{"floor":6,"key":"Smiling Mask"}],"event_choices":[{"damage_healed":0,"gold_gain":0,"player_choice":"Take Damage","damage_taken":24,"relics_obtained":["Golden Idol"],"max_hp_gain":0,"max_hp_loss":0,"event_name":"Golden Idol","floor":2,"gold_loss":0},{"damage_healed":0,"gold_gain":150,"player_choice":"AGREE","damage_taken":0,"max_hp_gain":0,"max_hp_loss":0,"event_name":"Liars Game","floor":3,"gold_loss":0,"cards_obtained":["Doubt"]},{"damage_healed":0,"gold_gain":50,"player_choice":"Pray","damage_taken":0,"max_hp_gain":0,"max_hp_loss":0,"event_name":"Golden Shrine","floor":7,"gold_loss":0}],"is_beta":false,"boss_relics":[],"items_purged_floors":[5],"is_endless":false,"potions_floor_spawned":[6],"killed_by":"Gremlin Nob","ascension_level":15}}