{"host":"79pwvnyrdes6uj7k","time":1609113597,"event":{"mods":["2.2 Compatiblity","Astrologer","BaseMod","Beaked The Cultist","Colored Powertips","Downfall","Exacting","Friendly Minions","HexUI Lib","Highlight Path","Hubris","Infinite Spire","Mad Scientist","Mimic Mod","Minty Spire (QoL Compilation)","Random Character Button","Replay The Spire","Reworked Bosses","Shop Mod","Somnambulant","StSLib","The Cursed","The Disciple","The Factory","The Judge","The Jungle","The Poker Player","The Runesmith","TheHeartMod"],"gold_per_floor":[99,99,99,99,199,229,253,265,290,290,307,330,367,422,461,561,561],"floor_reached":16,"playtime":1312,"items_purged":[],"score":137,"play_id":"0d818209-f156-4d79-8cb8-ac1f99f61591","local_time":"20201227175957","is_ascension_mode":false,"campfire_choices":[{"floor":1,"key":"RECALL"}],"circlet_count":0,"master_deck":["Strike_Br","Strike_Br","Strike_Br","Strike_Br","Defend_Br","Defend_Br+1","Defend_Br","Defend_Br+1","SecondHand","PatternShift+1","ReapSow","Break","Regret","ExoVibe","LockedMawBank","LockedMercury","HandsUpC","BlueShift","MasterKey","VestedLegacy","LockedBlood"],"relics":["Chronometer","downfall:HeartsMalice","Replay:Accelerometer","hubris:Icosahedron","infinitespire:BottledMercury"],"acts_visited":["Exordium"],"potions_floor_usage":[13,13],"damage_taken":[{"damage":0,"enemies":"2 Louse","floor":2,"turns":1},{"damage":0,"enemies":"Jaw Worm","floor":3,"turns":1},{"damage":0,"enemies":"Gremlin Nob","floor":6,"turns":1},{"damage":4,"enemies":"Cultist","floor":8,"turns":5},{"damage":15,"enemies":"Lots of Slimes","floor":9,"turns":5},{"damage":15,"enemies":"Large Slime","floor":11,"turns":10},{"damage":14,"enemies":"Exordium Thugs","floor":12,"turns":6},{"damage":22,"enemies":"3 Sentries","floor":13,"turns":7},{"damage":14,"enemies":"Lots of Slimes","floor":14,"turns":5},{"damage":4,"enemies":"Red Slaver","floor":15,"turns":6},{"damage":20,"enemies":"downfall:Defect","floor":16,"turns":4}],"seed_played":"-8686617121561321628","potions_obtained":[{"floor":6,"key":"FairyPotion"},{"floor":8,"key":"AttackPotion"},{"floor":9,"key":"Block Potion"},{"floor":9,"key":"Strength Potion"},{"floor":12,"key":"Regen Potion"}],"is_trial":false,"path_per_floor":["R","M","M","?","?","E","T","M","M","?","M","M","E","M","M","B"],"character_chosen":"CHRONO_CLASS","items_purchased":[],"campfire_rested":0,"item_purchase_floors":[],"current_hp_per_floor":[65,65,65,65,65,65,65,61,46,46,31,17,10,17,13,0,0],"gold":561,"neow_bonus":"THREE_ENEMY_KILL","is_daily":false,"chose_seed":false,"campfire_upgraded":0,"win_rate":0.0,"timestamp":1609113597,"path_taken":["R","M","M","?","?","E","T","M","M","?","?","M","E","?","M","BOSS"],"items_purchased_type":[],"build_version":"2020-12-22","purchased_purges":0,"victory":false,"max_hp_per_floor":[65,65,65,65,65,65,65,65,65,65,65,65,65,65,65,65,65],"card_choices":[{"not_picked":["BiteCommand","BlueShift"],"picked":"ReapSow","floor":2},{"not_picked":["CrunchTime","WatchCommand"],"picked":"Break","floor":3},{"not_picked":["ShortSighted","LockedPlans"],"picked":"ExoVibe","floor":6},{"not_picked":["BiteCommand","LockedThread"],"picked":"LockedMawBank","floor":8},{"not_picked":["PrimeTime","BiteCommand"],"picked":"LockedMercury","floor":9},{"not_picked":["EscortCommand","LockedBlood"],"picked":"HandsUpC","floor":11},{"not_picked":["VestedLegacy","Parity"],"picked":"BlueShift","floor":12},{"not_picked":["LockedBlood","Break"],"picked":"MasterKey","floor":13},{"not_picked":["Echoward","WindUp"],"picked":"VestedLegacy","floor":14},{"not_picked":["Analog","Break"],"picked":"LockedBlood","floor":15}],"player_experience":328511,"relics_obtained":[{"floor":6,"key":"Replay:Accelerometer"},{"floor":13,"key":"infinitespire:BottledMercury"}],"event_choices":[],"is_beta":false,"boss_relics":[],"items_purged_floors":[],"is_endless":false,"potions_floor_spawned":[6,8,9,12],"killed_by":"downfall:Defect","ascension_level":0}}