{"host":"30jsp143e4v19aze","time":1609085510,"event":{"mods":["BaseMod","Colored Map","Colored Powertips","Curses Come First","DeckTracker","Highlight Path","Minty Spire (QoL Compilation)","Quick Restart","Relic Stats","StSLib","everything is the same but u backflip on backflip","slay the spire mod where everything is the same but ironclad has a cowboy hat"],"gold_per_floor":[109,109,121,136,136,163,177,57,57,91,266,266,266,266,266],"floor_reached":14,"playtime":536,"items_purged":[],"score":162,"play_id":"5b4eb1e9-5b0e-491c-9f23-208f01117d65","local_time":"20201227171150","is_ascension_mode":true,"campfire_choices":[],"circlet_count":0,"master_deck":["AscendersBane","Strike_B","Strike_B","Strike_B","Defend_B","Defend_B","Defend_B","Defend_B","Zap","Dualcast","Ball Lightning","Rainbow","Compile Driver","Capacitor","BootSequence","Self Repair","Hologram","Echo Form","Doubt"],"relics":["Cracked Core","Gambling Chip","Unceasing Top","Gremlin Horn","Juzu Bracelet","Singing Bowl"],"acts_visited":[],"potions_floor_usage":[10,14],"damage_taken":[{"damage":17,"enemies":"Small Slimes","floor":1,"turns":3},{"damage":6,"enemies":"2 Louse","floor":3,"turns":3},{"damage":0,"enemies":"Cultist","floor":4,"turns":3},{"damage":21,"enemies":"3 Sentries","floor":6,"turns":5},{"damage":6,"enemies":"Looter","floor":7,"turns":2},{"damage":16,"enemies":"Lagavulin","floor":10,"turns":4},{"damage":0,"enemies":"3 Sentries","floor":14,"turns":2}],"seed_played":"-1109424932572813525","potions_obtained":[{"floor":0,"key":"CultistPotion"},{"floor":0,"key":"FocusPotion"},{"floor":10,"key":"Energy Potion"}],"is_trial":false,"path_per_floor":["M","?","M","M","?","E","M","$","T","E","?","T","?","E"],"character_chosen":"DEFECT","items_purchased":["Self Repair","Hologram"],"campfire_rested":0,"item_purchase_floors":[8,8],"current_hp_per_floor":[51,75,69,69,62,41,35,35,35,26,26,26,8,8,8],"gold":266,"neow_bonus":"THREE_SMALL_POTIONS","is_daily":false,"chose_seed":false,"campfire_upgraded":0,"win_rate":0.0,"timestamp":1609085510,"path_taken":["M","?","M","M","?","E","M","$","T","E","?","?","?","E"],"items_purchased_type":["Card","Card"],"build_version":"2020-12-22","purchased_purges":0,"victory":false,"max_hp_per_floor":[75,75,75,75,75,75,75,75,75,75,75,75,75,75,75],"relic_stats":{"Gremlin Horn":[0,0],"Singing Bowl":0,"counters":[7,22],"Gambling Chip":[2],"Juzu Bracelet":1,"obtain_stats":[{"Gremlin Horn":10,"Singing Bowl":13,"Gambling Chip":6,"Juzu Bracelet":12,"Cracked Core":0,"Unceasing Top":9},{"Gremlin Horn":6,"Singing Bowl":6,"Gambling Chip":4,"Juzu Bracelet":6,"Cracked Core":0,"Unceasing Top":5},{"Gremlin Horn":20,"Singing Bowl":20,"Gambling Chip":14,"Juzu Bracelet":20,"Cracked Core":0,"Unceasing Top":16}],"Unceasing Top":[0]},"card_choices":[{"not_picked":["Turbo","Steam"],"picked":"Ball Lightning","floor":1},{"not_picked":["Ball Lightning","Conserve Battery"],"picked":"Rainbow","floor":3},{"not_picked":["Redo","Force Field"],"picked":"Compile Driver","floor":4},{"not_picked":["Sunder","Lockon"],"picked":"Capacitor","floor":6},{"not_picked":["Storm","Compile Driver"],"picked":"BootSequence","floor":7},{"not_picked":["Cold Snap","Redo"],"picked":"Echo Form","floor":10}],"player_experience":3266180,"relics_obtained":[{"floor":6,"key":"Gambling Chip"},{"floor":9,"key":"Unceasing Top"},{"floor":10,"key":"Gremlin Horn"},{"floor":12,"key":"Juzu Bracelet"}],"event_choices":[{"damage_healed":25,"gold_gain":0,"player_choice":"Banana","damage_taken":0,"max_hp_gain":0,"max_hp_loss":0,"event_name":"Big Fish","floor":2,"gold_loss":0},{"cards_removed":["Strike_B"],"damage_healed":0,"gold_gain":0,"player_choice":"Card Removal","damage_taken":7,"max_hp_gain":0,"max_hp_loss":0,"event_name":"Golden Wing","floor":5,"gold_loss":0},{"damage_healed":0,"gold_gain":175,"player_choice":"AGREE","damage_taken":0,"max_hp_gain":0,"max_hp_loss":0,"event_name":"Liars Game","floor":11,"gold_loss":0,"cards_obtained":["Doubt"]},{"damage_healed":0,"gold_gain":0,"player_choice":"Success","damage_taken":18,"relics_obtained":["Singing Bowl"],"max_hp_gain":0,"max_hp_loss":0,"event_name":"Scrap Ooze","floor":13,"gold_loss":0}],"is_beta":false,"boss_relics":[],"items_purged_floors":[],"is_endless":false,"potions_floor_spawned":[3,6,10],"killed_by":"3 Sentries","ascension_level":13}}