{"host":"lhth1efayex2023z","time":1609112890,"event":{"mods":["BaseMod","Colored Map","Googly Eyes","Minty Spire (QoL Compilation)","StSLib"],"gold_per_floor":[110,110,185,9,19,44,44,69,69,69,95,95,129,143,143,143,143],"floor_reached":16,"playtime":570,"items_purged":[],"score":186,"play_id":"a6409c75-6f17-4501-8d1c-45cb6fb8ac0b","local_time":"20201227164810","is_ascension_mode":true,"campfire_choices":[{"floor":7,"key":"REST"},{"floor":15,"key":"REST"}],"circlet_count":0,"master_deck":["AscendersBane","Strike_R+1","Strike_R","Strike_R","Strike_R","Strike_R","Defend_R","Defend_R","Defend_R","Defend_R","Bash","Iron Wave+1","Clash","Ghostly Armor","Entrench","Feel No Pain+1","Armaments"],"relics":["Burning Blood","Bronze Scales","Membership Card","Letter Opener","Toy Ornithopter","Ornamental Fan","Frozen Egg 2","Darkstone Periapt","MealTicket","Anchor"],"acts_visited":["Exordium"],"potions_floor_usage":[6,16],"damage_taken":[{"damage":0,"enemies":"2 Louse","floor":1,"turns":3},{"damage":7,"enemies":"Jaw Worm","floor":5,"turns":3},{"damage":23,"enemies":"Lagavulin","floor":6,"turns":6},{"damage":25,"enemies":"3 Sentries","floor":11,"turns":10},{"damage":19,"enemies":"Lagavulin","floor":13,"turns":8},{"damage":0,"enemies":"Small Slimes","floor":14,"turns":4},{"damage":48,"enemies":"Slime Boss","floor":16,"turns":8}],"seed_played":"-8113944190772950920","potions_obtained":[{"floor":11,"key":"Swift Potion"},{"floor":13,"key":"GamblersBrew"}],"is_trial":false,"path_per_floor":["M","?","?","$","M","E","R","T","T","?","E","?","E","M","R","B"],"character_chosen":"IRONCLAD","items_purchased":["Membership Card","Fire Potion"],"campfire_rested":2,"item_purchase_floors":[4,4],"current_hp_per_floor":[78,62,51,51,50,33,57,57,57,45,26,26,13,19,43,0,0],"gold":143,"neow_bonus":"RANDOM_COMMON_RELIC","is_daily":false,"chose_seed":false,"campfire_upgraded":0,"win_rate":0.0,"timestamp":1609112890,"path_taken":["M","?","?","$","?","E","R","?","T","?","E","?","E","?","R","BOSS"],"items_purchased_type":["Relic","Potion"],"build_version":"2020-12-22","purchased_purges":0,"victory":false,"max_hp_per_floor":[80,80,80,80,80,80,80,80,80,80,80,80,80,80,80,80,80],"card_choices":[{"not_picked":["Wild Strike","Dark Embrace"],"picked":"Iron Wave","floor":1},{"not_picked":["Wild Strike","Dropkick"],"picked":"Clash","floor":5},{"not_picked":["Dropkick","Rage"],"picked":"Ghostly Armor","floor":6},{"not_picked":["Corruption+1","Cleave"],"picked":"Entrench","floor":11},{"not_picked":["Iron Wave","Fire Breathing+1"],"picked":"Feel No Pain+1","floor":13},{"not_picked":["Twin Strike","Ghostly Armor"],"picked":"Armaments","floor":14}],"player_experience":422097,"relics_obtained":[{"floor":6,"key":"Letter Opener"},{"floor":8,"key":"Toy Ornithopter"},{"floor":9,"key":"Ornamental Fan"},{"floor":11,"key":"Darkstone Periapt"},{"floor":13,"key":"Anchor"}],"event_choices":[{"damage_healed":0,"gold_gain":0,"player_choice":"Entered Light","damage_taken":16,"max_hp_gain":0,"max_hp_loss":0,"event_name":"Shining Light","floor":2,"gold_loss":0,"cards_upgraded":["Iron Wave","Strike_R"]},{"damage_healed":0,"gold_gain":75,"player_choice":"Gather Gold","damage_taken":11,"max_hp_gain":0,"max_hp_loss":0,"event_name":"World of Goop","floor":3,"gold_loss":0},{"damage_healed":0,"gold_gain":0,"player_choice":"Success","damage_taken":12,"relics_obtained":["Frozen Egg 2"],"max_hp_gain":0,"max_hp_loss":0,"event_name":"Scrap Ooze","floor":10,"gold_loss":0},{"damage_healed":0,"gold_gain":0,"player_choice":"Gave Potion","damage_taken":0,"relics_obtained":["MealTicket"],"max_hp_gain":0,"max_hp_loss":0,"event_name":"WeMeetAgain","floor":12,"gold_loss":0}],"is_beta":false,"boss_relics":[],"items_purged_floors":[],"is_endless":false,"potions_floor_spawned":[11,13],"killed_by":"Slime Boss","ascension_level":12}}