{"host":"vydapxfau6612551","time":1609035869,"event":{"mods":["AchievementEnabler","BaseMod","Minty Spire (QoL Compilation)","StSLib","SuperFastMode"],"gold_per_floor":[114,126,126,137,101,133,145,178,178,198,224,244,262,272,272,272,272],"floor_reached":16,"playtime":413,"items_purged":[],"score":176,"play_id":"317fb231-9cf4-4c27-aab6-00f4790b6136","local_time":"20201227112429","is_ascension_mode":true,"campfire_choices":[{"floor":15,"key":"RECALL"}],"circlet_count":0,"master_deck":["Strike_R","Strike_R","Strike_R","Strike_R","Defend_R","Defend_R","Defend_R","Defend_R","Bash","Bludgeon","Thunderclap","Fire Breathing","Inflame","Combust","Carnage","Flame Barrier","Rupture","Shrug It Off","Carnage","Inflame","Headbutt","Headbutt"],"relics":["Burning Blood","Potion Belt","Juzu Bracelet","CaptainsWheel"],"acts_visited":["Exordium"],"potions_floor_usage":[6,8,8,11,11,11],"damage_taken":[{"damage":0.0,"enemies":"Small Slimes","floor":1.0,"turns":3.0},{"damage":1.0,"enemies":"Cultist","floor":2.0,"turns":3.0},{"damage":7.0,"enemies":"Jaw Worm","floor":4.0,"turns":2.0},{"damage":25,"enemies":"Lagavulin","floor":6,"turns":5},{"damage":11,"enemies":"Looter","floor":7,"turns":2},{"damage":8,"enemies":"Gremlin Nob","floor":8,"turns":3},{"damage":9,"enemies":"Exordium Wildlife","floor":10,"turns":4},{"damage":3,"enemies":"Lagavulin","floor":11,"turns":5},{"damage":16,"enemies":"2 Fungi Beasts","floor":12,"turns":3},{"damage":9,"enemies":"3 Louse","floor":13,"turns":4},{"damage":16,"enemies":"Looter","floor":14,"turns":3},{"damage":0,"enemies":"Slime Boss","floor":16,"turns":1}],"seed_played":"123014547924436183","potions_obtained":[{"floor":2.0,"key":"EntropicBrew"},{"floor":4.0,"key":"FearPotion"},{"floor":10,"key":"FearPotion"},{"floor":12,"key":"BloodPotion"},{"floor":14,"key":"SkillPotion"}],"is_trial":false,"path_per_floor":["M","M","?","M","$","E","M","E","T","M","E","M","M","M","R","B"],"character_chosen":"IRONCLAD","items_purchased":["Combust"],"campfire_rested":0,"item_purchase_floors":[5],"current_hp_per_floor":[78,80,80,79,79,60,55,53,53,50,53,43,40,30,30,30,30],"gold":272,"neow_bonus":"ONE_RANDOM_RARE_CARD","is_daily":false,"chose_seed":false,"campfire_upgraded":0,"win_rate":0.0,"timestamp":1609035869,"path_taken":["M","M","?","M","?","E","M","E","T","M","E","M","M","M","R","BOSS"],"items_purchased_type":["Card"],"build_version":"2020-12-22","purchased_purges":0,"victory":false,"max_hp_per_floor":[80,80,80,80,80,80,80,80,80,80,80,80,80,80,80,80,80],"card_choices":[{"not_picked":["Anger","Iron Wave"],"picked":"Thunderclap","floor":1.0},{"not_picked":["Heavy Blade","Metallicize"],"picked":"Fire Breathing","floor":2.0},{"not_picked":["Armaments","Rupture"],"picked":"Inflame","floor":4.0},{"not_picked":["Heavy Blade","Seeing Red"],"picked":"Carnage","floor":6},{"not_picked":["Cleave","Headbutt"],"picked":"Flame Barrier","floor":7},{"not_picked":["Combust","Dropkick"],"picked":"Rupture","floor":8},{"not_picked":["Armaments","Headbutt"],"picked":"Shrug It Off","floor":10},{"not_picked":["Cleave","Exhume"],"picked":"Carnage","floor":11},{"not_picked":["Disarm","Wild Strike"],"picked":"Inflame","floor":12},{"not_picked":["True Grit","Wild Strike"],"picked":"Headbutt","floor":13},{"not_picked":["Pummel","Rampage"],"picked":"Headbutt","floor":14}],"player_experience":384599,"relics_obtained":[{"floor":6,"key":"Potion Belt"},{"floor":8,"key":"Juzu Bracelet"},{"floor":11,"key":"CaptainsWheel"}],"event_choices":[{"cards_removed":["Strike_R"],"damage_healed":0.0,"max_hp_gain":0.0,"max_hp_loss":0.0,"gold_gain":0.0,"event_name":"Purifier","player_choice":"Purged","floor":3.0,"gold_loss":0.0,"damage_taken":0.0}],"is_beta":false,"boss_relics":[],"items_purged_floors":[],"is_endless":false,"potions_floor_spawned":[2,4,10,12,14],"killed_by":"Slime Boss","ascension_level":8}}