{"host":"7tkrmasug91pv8cz","time":1609035571,"event":{"mods":["2.2 Compatiblity","Ascension Reborn","BaseMod","CapriCore","DeckTracker","Hermit","Koishi","Marisa£¨Ùöéë¡¡Øª×âÞÞ£©","Minty Spire (QoL Compilation)","Permanent Neow","StSLib","SuperFastMode","The Alterego","The Cursed","The Dragon Tamer","The Gatherer","The Immortal"],"gold_per_floor":[116,130,153,177,196,228,228,244,244,268,299,299,322,360,360,474,474,493,493,508,521,533,555,591,609,609,609,439,461,481,501,501,621,621,637,655,674,691,705,742,742,782,814,874,928,476,476,476,476,476,476,476,119,154,154],"floor_reached":56,"playtime":3837,"items_purged":["DTMod:Strike+1","DTMod:Strike+1","DTMod:Strike+1"],"score":1784,"play_id":"1328fc84-3330-45c2-a69e-8de60fbe9c21","local_time":"20201227111931","is_ascension_mode":true,"metric_token":1119,"campfire_choices":[{"data":"DTMod:TriAttack","floor":7,"key":"SMITH"},{"floor":15,"key":"DIG"},{"floor":27,"key":"DIG"},{"data":"DTMod:Safeguard","floor":32,"key":"SMITH"},{"data":"DTMod:Harmonize","floor":41,"key":"SMITH"},{"floor":49,"key":"RECALL"},{"floor":52,"key":"DIG"}],"dtmod_dragon_data":[42,55,1,1,12,15],"circlet_count":0,"master_deck":["DTMod:Strike+1","DTMod:DoubleHit+1","DTMod:TargetDefense+1","DTMod:TargetDefense+1","DTMod:TargetDefense+1","DTMod:TargetDefense+1","DTMod:SwitchingTactic+1","DTMod:TriAttack+1","DTMod:ComboAttack","DTMod:HeatWave+1","DTMod:BlazingStrike","DTMod:FlameSlash","DTMod:OpeningTactic","DTMod:ForkedFire+1","DTMod:Cover","DTMod:MaximumCharge","DTMod:BurningForce","DTMod:DragonDance","DTMod:ShieldDrain","DTMod:Hide+1","DTMod:BlazingStrike+1","DTMod:Inferno","DTMod:Weaken+1","DTMod:GearUp","DTMod:BreakAttack+1","DTMod:Training+1","Ghostly","Ghostly","Ghostly","Ghostly","DTMod:Safeguard+1","DTMod:Dissolve","DTMod:CleansingStrike+1","DTMod:DragonDance+1","DTMod:Training+1","DTMod:DarkBreath+1","DTMod:CleansingStrike+1","DTMod:InvisibleFlame+1","DTMod:Dissolve","DTMod:Harmonize+1","DTMod:MasterPlan+1","DTMod:ResonanceForm","DTMod:Training+1","DTMod:Adaptation+1","DTMod:Dissolve+1","DTMod:Dissolve","Panacea","Master of Strategy"],"relics":["DTMod:PactStone","Question Card","Ornamental Fan","Pantograph","Shovel","Prayer Wheel","DTMod:AncientBone","Boot","Strawberry","Incense Burner","Sozu","Dream Catcher","DTMod:DragonFood","Happy Flower","Blood Vial","Regal Pillow","Pen Nib","Singing Bowl","Mummified Hand","Dead Branch","Coffee Dripper","Bag of Preparation","Turnip","Letter Opener","Omamori","Mango","FossilizedHelix","Frozen Egg 2","HandDrill","Bottled Tornado","Membership Card","Vajra","Oddly Smooth Stone","Bag of Marbles"],"acts_visited":["Exordium","TheCity","TheBeyond","TheEnding"],"potions_floor_usage":[16,18],"damage_taken":[{"damage":0,"enemies":"Small Slimes","floor":1,"turns":2},{"damage":0,"enemies":"2 Louse","floor":2,"turns":1},{"damage":0,"enemies":"Jaw Worm","floor":3,"turns":2},{"damage":0,"enemies":"3 Louse","floor":4,"turns":2},{"damage":0,"enemies":"Lots of Slimes","floor":5,"turns":2},{"damage":0,"enemies":"Gremlin Nob","floor":6,"turns":2},{"damage":0,"enemies":"Exordium Wildlife","floor":8,"turns":1},{"damage":0,"enemies":"Large Slime","floor":10,"turns":2},{"damage":0,"enemies":"3 Sentries","floor":11,"turns":3},{"damage":0,"enemies":"2 Fungi Beasts","floor":13,"turns":2},{"damage":0,"enemies":"Lagavulin","floor":14,"turns":3},{"damage":0,"enemies":"Hexaghost","floor":16,"turns":6},{"damage":0,"enemies":"Shell Parasite","floor":18,"turns":3},{"damage":0,"enemies":"2 Thieves","floor":20,"turns":2},{"damage":0,"enemies":"Centurion and Healer","floor":21,"turns":5},{"damage":0,"enemies":"Snecko","floor":22,"turns":3},{"damage":0,"enemies":"Cultist and Chosen","floor":23,"turns":3},{"damage":0,"enemies":"Book of Stabbing","floor":24,"turns":4},{"damage":0,"enemies":"Snake Plant","floor":25,"turns":2},{"damage":0,"enemies":"Chosen and Byrds","floor":29,"turns":3},{"damage":0,"enemies":"Snecko","floor":30,"turns":2},{"damage":0,"enemies":"Shelled Parasite and Fungi","floor":31,"turns":2},{"damage":0,"enemies":"Collector","floor":33,"turns":4},{"damage":0,"enemies":"3 Darklings","floor":35,"turns":2},{"damage":0,"enemies":"Orb Walker","floor":36,"turns":2},{"damage":1,"enemies":"Sphere and 2 Shapes","floor":37,"turns":3},{"damage":0,"enemies":"Jaw Worm Horde","floor":38,"turns":3},{"damage":1,"enemies":"Spire Growth","floor":39,"turns":2},{"damage":0,"enemies":"Giant Head","floor":40,"turns":4},{"damage":0,"enemies":"Reptomancer","floor":42,"turns":2},{"damage":0,"enemies":"Mind Bloom Boss Battle","floor":44,"turns":3},{"damage":0,"enemies":"2 Orb Walkers","floor":45,"turns":2},{"damage":0,"enemies":"Donu and Deca","floor":50,"turns":7},{"damage":0,"enemies":"Shield and Spear","floor":54,"turns":2},{"damage":0,"enemies":"The Heart","floor":55,"turns":6}],"seed_played":"-5934380078355224722","potions_obtained":[{"floor":1,"key":"ColorlessPotion"},{"floor":2,"key":"Block Potion"},{"floor":3,"key":"BlessingOfTheForge"},{"floor":4,"key":"FairyPotion"},{"floor":4,"key":"Strength Potion"},{"floor":16,"key":"Fruit Juice"}],"is_trial":false,"path_per_floor":["M","M","M","M","M","E","R","M","T","M","E","?","M","E","R","B",null,"M","?","M","M","M","M","E","M","T","R","$","M","M","M","R","B",null,"M","M","M","M","M","E","R","E","T","?","?","$","?","?","R","B",null,"R","$","E","B",null],"character_chosen":"THE_DT","items_purchased":["Pen Nib","Frozen Egg 2","HandDrill","Panacea","Membership Card","Vajra","Oddly Smooth Stone","Master of Strategy"],"campfire_rested":0,"item_purchase_floors":[28,46,46,46,53,53,53,53],"current_hp_per_floor":[49,49,49,49,49,49,49,49,49,49,49,49,49,49,56,60,60,60,30,30,30,30,30,30,30,30,30,30,34,36,40,40,44,44,46,46,48,52,54,54,54,56,56,72,74,74,74,70,70,74,74,74,74,76,80],"gold":154,"neow_bonus":"ONE_RANDOM_RARE_CARD","is_daily":false,"chose_seed":false,"campfire_upgraded":3,"win_rate":0.0,"timestamp":1609035571,"path_taken":["M","M","M","M","M","E","R","M","T","M","E","?","M","E","R","BOSS","M","?","M","M","M","M","E","M","T","R","$","M","M","M","R","BOSS","M","M","M","M","M","E","R","E","T","?","?","$","?","?","R","BOSS","R","$","E","BOSS"],"items_purchased_type":["Relic","Relic","Relic","Card","Relic","Relic","Relic","Card"],"build_version":"2020-12-22","purchased_purges":3,"victory":true,"max_hp_per_floor":[49,49,49,49,49,49,49,49,49,49,49,49,49,49,56,60,60,60,30,30,30,30,30,30,30,30,30,30,34,36,40,40,44,44,46,46,48,52,54,54,54,56,56,72,74,74,74,70,70,74,74,74,74,76,80],"card_choices":[{"not_picked":["DTMod:CleansingStrike","DTMod:BizarreTactic"],"picked":"DTMod:ComboAttack","floor":1},{"not_picked":["DTMod:BlazingStrike","DTMod:Punisher+1"],"picked":"DTMod:HeatWave+1","floor":2},{"not_picked":["DTMod:CleansingStrike","DTMod:Multitask"],"picked":"DTMod:BlazingStrike","floor":3},{"not_picked":["DTMod:BreakAttack","DTMod:Overwhelm"],"picked":"DTMod:FlameSlash","floor":4},{"not_picked":["DTMod:HeatWave+1","DTMod:CleansingStrike"],"picked":"DTMod:OpeningTactic","floor":5},{"not_picked":["DTMod:MasterPlan+1","DTMod:ExcessFootwork"],"picked":"DTMod:ForkedFire+1","floor":6},{"not_picked":["DTMod:RecklessFlurry","DTMod:BreakAttack"],"picked":"DTMod:Cover","floor":6},{"not_picked":["DTMod:Feint","DTMod:ShieldDrain","DTMod:BreakAttack"],"picked":"DTMod:MaximumCharge","floor":8},{"not_picked":["DTMod:MagicField+1","DTMod:HeatWave","DTMod:FlameSlash"],"picked":"DTMod:BurningForce","floor":10},{"not_picked":["DTMod:Observe","DTMod:BlazingStrike+1","DTMod:RunningTactic"],"picked":"DTMod:DragonDance","floor":11},{"not_picked":["DTMod:Weaken","DTMod:EchoTactic","DTMod:Feint"],"picked":"DTMod:ShieldDrain","floor":11},{"not_picked":["DTMod:BreakAttack","DTMod:StarRain","DTMod:ComboAttack"],"picked":"DTMod:Hide+1","floor":13},{"not_picked":["DTMod:Dissolve","DTMod:MaximumCharge","DTMod:CleansingStrike"],"picked":"DTMod:BlazingStrike+1","floor":13},{"not_picked":["DTMod:BizarreTactic","DTMod:DeepFocus","DTMod:ComboAttack"],"picked":"DTMod:Inferno","floor":14},{"not_picked":["DTMod:EchoTactic","DTMod:BuildUp","DTMod:MaximumCharge"],"picked":"DTMod:Weaken+1","floor":14},{"not_picked":["DTMod:Harmonize","DTMod:TriAttack","DTMod:Inferno"],"picked":"DTMod:GearUp","floor":16},{"not_picked":["DTMod:MasterPlan+1","DTMod:Threaten","DTMod:BizarreTactic"],"picked":"DTMod:BreakAttack+1","floor":18},{"not_picked":["DTMod:RepeatStrike","DTMod:MasterPlan+1","DTMod:Cover+1"],"picked":"DTMod:Training+1","floor":18},{"not_picked":["DTMod:Feint","DTMod:BizarreTactic","DTMod:FlameSlash"],"picked":"DTMod:Safeguard","floor":20},{"not_picked":["DTMod:DeepFocus","DTMod:FlameSlash+1","DTMod:MagicField"],"picked":"DTMod:Dissolve","floor":20},{"not_picked":["DTMod:WarmUp","DTMod:TauntingStrike","DTMod:Coolant+1"],"picked":"DTMod:CleansingStrike+1","floor":21},{"not_picked":["DTMod:Threaten","DTMod:CrossStep","DTMod:Hide+1"],"picked":"DTMod:DragonDance+1","floor":21},{"not_picked":["DTMod:BurningEnergy+1","DTMod:Hide+1","DTMod:DragonDance"],"picked":"DTMod:Training+1","floor":22},{"not_picked":["DTMod:Threaten+1","DTMod:BizarreTactic+1","DTMod:SneakAttack"],"picked":"DTMod:DarkBreath+1","floor":22},{"not_picked":["DTMod:Overwhelm","DTMod:RunningTactic+1","DTMod:Prediction"],"picked":"DTMod:CleansingStrike+1","floor":23},{"not_picked":["DTMod:PurifyingFlame","DTMod:MagicField","DTMod:Haste"],"picked":"DTMod:InvisibleFlame+1","floor":23},{"not_picked":["DTMod:TauntingStrike","DTMod:Hide+1","DTMod:Conduct+1","DTMod:PurifyingFlame+1"],"picked":"SKIP","floor":24},{"not_picked":["DTMod:Hide+1","DTMod:QuickFly+1","DTMod:Threaten+1","DTMod:BurningEnergy+1"],"picked":"SKIP","floor":25},{"not_picked":["DTMod:StarRain","DTMod:CleansingStrike","DTMod:Hide+1","DTMod:Prediction"],"picked":"SKIP","floor":25},{"not_picked":["DTMod:BuildUp+1","DTMod:FlameSlash","DTMod:MaximumCharge+1","DTMod:DeepFocus+1"],"picked":"Singing Bowl","floor":29},{"not_picked":["DTMod:Weaken+1","DTMod:Threaten+1","DTMod:DeepFocus","DTMod:DragonDance+1"],"picked":"Singing Bowl","floor":29},{"not_picked":["DTMod:BuildUp+1","DTMod:CrossStep","DTMod:MasterPlan","DTMod:WarmUp"],"picked":"Singing Bowl","floor":30},{"not_picked":["DTMod:StarRain+1","DTMod:Cover+1","DTMod:ShieldDrain"],"picked":"DTMod:Dissolve","floor":30},{"not_picked":["DTMod:LowKick","DTMod:HeatWave+1","DTMod:Hide+1","DTMod:Shift+1"],"picked":"Singing Bowl","floor":31},{"not_picked":["DTMod:FlameSlash+1","DTMod:Hide","DTMod:Cover+1","DTMod:HeatWave+1"],"picked":"Singing Bowl","floor":31},{"not_picked":["DTMod:Outburst","DTMod:LightShield","DTMod:OpeningTactic"],"picked":"DTMod:Harmonize","floor":33},{"not_picked":["DTMod:Feint+1","DTMod:HeatWave","DTMod:SneakAttack","DTMod:BizarreTactic+1"],"picked":"Singing Bowl","floor":35},{"not_picked":["DTMod:Punisher+1","DTMod:BuildUp+1","DTMod:ComboAttack+1"],"picked":"DTMod:MasterPlan+1","floor":35},{"not_picked":["DTMod:Conduct+1","DTMod:CleansingStrike+1","DTMod:Astonish+1"],"picked":"DTMod:ResonanceForm","floor":36},{"not_picked":["DTMod:BreakAttack+1","DTMod:LastStand+1","DTMod:BurningEnergy"],"picked":"DTMod:Training+1","floor":36},{"not_picked":["DTMod:BreakAttack+1","DTMod:TagTeam","DTMod:Weaken+1","DTMod:ComboAttack+1"],"picked":"Singing Bowl","floor":37},{"not_picked":["DTMod:InvisibleFlame","DTMod:ComboAttack+1","DTMod:RecklessFlurry"],"picked":"DTMod:Adaptation+1","floor":37},{"not_picked":["DTMod:Outburst","DTMod:Haste+1","DTMod:Training","DTMod:Threaten"],"picked":"Singing Bowl","floor":38},{"not_picked":["DTMod:Threaten","DTMod:ForkedFire+1","DTMod:BreakAttack+1","DTMod:FlameSlash+1"],"picked":"Singing Bowl","floor":38},{"not_picked":["DTMod:ExcessFootwork","DTMod:DeepFocus+1","DTMod:BreakAttack+1","DTMod:Punisher+1"],"picked":"Singing Bowl","floor":39},{"not_picked":["DTMod:CleansingStrike+1","DTMod:Feint+1","DTMod:Punisher"],"picked":"DTMod:Dissolve+1","floor":39},{"not_picked":["DTMod:SneakAttack","DTMod:ComboAttack+1","DTMod:BreakAttack+1"],"picked":"DTMod:Dissolve","floor":40},{"not_picked":["DTMod:Cover+1","DTMod:BlazingStrike+1","DTMod:SealedStrike","DTMod:GhostSkin+1"],"picked":"Singing Bowl","floor":42},{"not_picked":["DTMod:BreakAttack+1","DTMod:HeatWave","DTMod:Feint+1","DTMod:Weaken"],"picked":"Singing Bowl","floor":44},{"not_picked":["DTMod:BuildUp+1","DTMod:Observe+1","DTMod:HeatWave+1","DTMod:CleansingStrike+1"],"picked":"Singing Bowl","floor":45},{"not_picked":["DTMod:Prediction","DTMod:InvisibleFlame+1","DTMod:Cover+1","DTMod:ComboAttack+1"],"picked":"Singing Bowl","floor":54}],"player_experience":120616,"relics_obtained":[{"floor":6,"key":"Question Card"},{"floor":8,"key":"Ornamental Fan"},{"floor":9,"key":"Pantograph"},{"floor":9,"key":"Shovel"},{"floor":11,"key":"Prayer Wheel"},{"floor":13,"key":"DTMod:AncientBone"},{"floor":14,"key":"Boot"},{"floor":15,"key":"Strawberry"},{"floor":16,"key":"Incense Burner"},{"floor":18,"key":"Dream Catcher"},{"floor":22,"key":"DTMod:DragonFood"},{"floor":24,"key":"Happy Flower"},{"floor":26,"key":"Blood Vial"},{"floor":27,"key":"Regal Pillow"},{"floor":29,"key":"Singing Bowl"},{"floor":30,"key":"Mummified Hand"},{"floor":33,"key":"Dead Branch"},{"floor":40,"key":"Bag of Preparation"},{"floor":42,"key":"Turnip"},{"floor":43,"key":"Letter Opener"},{"floor":43,"key":"Omamori"},{"floor":44,"key":"Mango"},{"floor":45,"key":"FossilizedHelix"},{"floor":52,"key":"Bottled Tornado"},{"floor":54,"key":"Bag of Marbles"}],"event_choices":[{"damage_healed":0,"gold_gain":0,"player_choice":"Ignored","damage_taken":0,"max_hp_gain":0,"max_hp_loss":0,"event_name":"Liars Game","floor":12,"gold_loss":0},{"damage_healed":0,"gold_gain":0,"player_choice":"Became a Ghost","damage_taken":0,"max_hp_gain":0,"max_hp_loss":30,"event_name":"Ghosts","floor":19,"gold_loss":0,"cards_obtained":["Ghostly","Ghostly","Ghostly","Ghostly","Ghostly"]},{"damage_healed":0,"gold_gain":0,"player_choice":"Fight","damage_taken":0,"max_hp_gain":0,"max_hp_loss":0,"event_name":"MindBloom","floor":44,"gold_loss":0},{"damage_healed":0,"gold_gain":0,"player_choice":"Fight","damage_taken":0,"max_hp_gain":0,"max_hp_loss":0,"event_name":"Mysterious Sphere","floor":45,"gold_loss":0},{"cards_removed":["Ghostly"],"damage_healed":0,"gold_gain":0,"player_choice":"Removed Skill","damage_taken":0,"max_hp_gain":0,"max_hp_loss":0,"event_name":"Falling","floor":47,"gold_loss":0},{"damage_healed":0,"gold_gain":0,"player_choice":"Max HP","damage_taken":0,"max_hp_gain":0,"max_hp_loss":4,"event_name":"Winding Halls","floor":48,"gold_loss":0}],"is_beta":false,"boss_relics":[{"not_picked":["Astrolabe","Runic Pyramid"],"picked":"Sozu"},{"not_picked":["Black Star","SacredBark"],"picked":"Coffee Dripper"}],"items_purged_floors":[28,46,53],"is_endless":false,"potions_floor_spawned":[3,4,5,13,16,23,25,29,30,31,33,36,40,42,45,54],"ascension_level":0}}