{"host":"6azrrw3tf7wb0f4b","time":1609042519,"event":{"mods":["BaseMod","DeckTracker","Minty Spire (QoL Compilation)","SuperFastMode"],"gold_per_floor":[114,134,145,145,145,145,163,163,187,214,227,276,19,36,36,36,36],"floor_reached":16,"playtime":308,"items_purged":[],"score":158,"play_id":"deca11a7-8d36-4298-9dd9-3055287264fc","local_time":"20201227131519","is_ascension_mode":true,"campfire_choices":[{"data":"Eruption","floor":6.0,"key":"SMITH"},{"data":"LikeWater","floor":8.0,"key":"SMITH"},{"floor":15.0,"key":"REST"}],"circlet_count":0,"master_deck":["AscendersBane","Strike_P","Strike_P","Strike_P","Strike_P","Defend_P","Defend_P","Defend_P","Defend_P+1","Eruption+1","Vigilance","Evaluate+1","Consecrate","LikeWater+1","Swivel","WheelKick","Vault"],"relics":["PureWater","NeowsBlessing","Singing Bowl","Akabeko","TeardropLocket","War Paint","Gremlin Horn"],"acts_visited":["Exordium"],"potions_floor_usage":[16],"damage_taken":[{"damage":0.0,"enemies":"Cultist","floor":1.0,"turns":2.0},{"damage":0.0,"enemies":"Small Slimes","floor":2.0,"turns":1.0},{"damage":0.0,"enemies":"Jaw Worm","floor":3.0,"turns":1.0},{"damage":17.0,"enemies":"Exordium Thugs","floor":7.0,"turns":6.0},{"damage":35.0,"enemies":"Lagavulin","floor":10.0,"turns":3.0},{"damage":0.0,"enemies":"Blue Slaver","floor":11.0,"turns":3.0},{"damage":0.0,"enemies":"Large Slime","floor":14.0,"turns":3.0},{"damage":36,"enemies":"Slime Boss","floor":16,"turns":12}],"seed_played":"-7313662672904221837","potions_obtained":[{"floor":1.0,"key":"SneckoOil"},{"floor":7.0,"key":"FearPotion"},{"floor":11.0,"key":"Explosive Potion"},{"floor":14.0,"key":"Ancient Potion"}],"is_trial":false,"path_per_floor":["M","M","M","T","?","R","M","R","T","E","M","T","$","M","R","B"],"character_chosen":"WATCHER","items_purchased":["Gremlin Horn"],"campfire_rested":1,"item_purchase_floors":[13],"current_hp_per_floor":[65,65,65,65,65,65,48,48,48,15,17,17,17,17,39,3,3],"gold":36,"neow_bonus":"THREE_ENEMY_KILL","is_daily":false,"chose_seed":false,"campfire_upgraded":2,"win_rate":0.0,"timestamp":1609042519,"path_taken":["M","M","M","?","?","R","M","R","T","E","?","?","?","M","R","BOSS"],"items_purchased_type":["Relic"],"build_version":"2020-12-22","purchased_purges":0,"victory":false,"max_hp_per_floor":[72,72,72,72,72,72,72,72,72,74,76,76,76,76,76,76,76],"card_choices":[{"not_picked":["Meditate","JustLucky"],"picked":"Evaluate","floor":1.0},{"not_picked":["PathToVictory","Evaluate"],"picked":"Consecrate","floor":2.0},{"not_picked":["EmptyBody","Swivel"],"picked":"LikeWater","floor":3.0},{"not_picked":["Wallop","ThirdEye"],"picked":"WheelKick","floor":7.0},{"not_picked":["CrushJoints","WheelKick","CutThroughFate"],"picked":"Singing Bowl","floor":10.0},{"not_picked":["Crescendo","CutThroughFate","Consecrate"],"picked":"Singing Bowl","floor":11.0},{"not_picked":["FlyingSleeves","WindmillStrike"],"picked":"Vault","floor":14.0}],"player_experience":647011,"relics_obtained":[{"floor":4.0,"key":"Singing Bowl"},{"floor":9.0,"key":"Akabeko"},{"floor":10.0,"key":"TeardropLocket"},{"floor":12.0,"key":"War Paint"}],"event_choices":[{"damage_healed":0.0,"max_hp_gain":0.0,"max_hp_loss":0.0,"gold_gain":0.0,"event_name":"Match and Keep!","player_choice":"1 cards matched","floor":5.0,"gold_loss":0.0,"damage_taken":0.0,"cards_obtained":["Swivel"]}],"is_beta":false,"boss_relics":[],"items_purged_floors":[],"is_endless":false,"potions_floor_spawned":[1,7,11,14],"killed_by":"Slime Boss","ascension_level":11}}