{"host":"tknto047uabgu3zm","time":1609044455,"event":{"mods":["AchievementEnabler","BaseMod","Bestiary","Block Reminder","Colored Map","Colored Powertips","Highlight Path","Minty Spire (QoL Compilation)","MonsterHotkey","Permanent Neow","Random Character Button","Rare Cards Sparkle","Relic Sorter","Relic Stats","StSLib"],"gold_per_floor":[112,8,58,72,347,347,365,380,380,390,390,400,420,455,455,526,526,544,544,459,57,69,69,69,69,120,155,155,171,182,216,216,293,293,304,304,323,2,2,2,17,17,17,17,28,39,39,52,52,52],"floor_reached":51,"playtime":2792,"items_purged":["Regret"],"score":1312,"play_id":"bca2881e-49af-476f-87c3-bed2aa4c7e7f","local_time":"20201226204735","is_ascension_mode":true,"campfire_choices":[{"data":"White Noise","floor":6.0,"key":"SMITH"},{"floor":11.0,"key":"REST"},{"data":"Rainbow","floor":15.0,"key":"SMITH"},{"floor":23.0,"key":"REST"},{"data":"FTL","floor":25.0,"key":"SMITH"},{"floor":32.0,"key":"REST"},{"data":"Coolheaded","floor":40.0,"key":"SMITH"},{"data":"Reboot","floor":42.0,"key":"SMITH"},{"data":"Go for the Eyes","floor":44.0,"key":"SMITH"},{"data":"White Noise","floor":49,"key":"SMITH"}],"circlet_count":0,"master_deck":["AscendersBane","Zap","Dualcast","Reboot","Reinforced Body","Hello World","Go for the Eyes+1","Scrape","All For One","Genetic Algorithm","White Noise+1","Self Repair","Gash","Coolheaded+1","Steam","Chill","FTL","Rainbow+1","All For One","Hyperbeam","FTL+1","Turbo+1","Reboot+1","White Noise+1","White Noise+1"],"relics":["Pandora\u0027s Box","Oddly Smooth Stone","Singing Bowl","Philosopher\u0027s Stone","Bag of Marbles","Strawberry","TheAbacus","Ornamental Fan","DataDisk","Ginger","Art of War","Empty Cage","Runic Capacitor","Bag of Preparation","Letter Opener","Centennial Puzzle"],"acts_visited":["Exordium","TheCity","TheBeyond"],"potions_floor_usage":[50],"damage_taken":[{"damage":3.0,"enemies":"Small Slimes","floor":1.0,"turns":4.0},{"damage":3.0,"enemies":"Cultist","floor":4.0,"turns":4.0},{"damage":16.0,"enemies":"2 Louse","floor":7.0,"turns":3.0},{"damage":10.0,"enemies":"Red Slaver","floor":8.0,"turns":4.0},{"damage":14.0,"enemies":"Blue Slaver","floor":10.0,"turns":6.0},{"damage":10.0,"enemies":"Large Slime","floor":12.0,"turns":5.0},{"damage":0.0,"enemies":"2 Fungi Beasts","floor":13.0,"turns":5.0},{"damage":11.0,"enemies":"Lagavulin","floor":14.0,"turns":7.0},{"damage":38.0,"enemies":"The Guardian","floor":16.0,"turns":13.0},{"damage":17.0,"enemies":"Shell Parasite","floor":18.0,"turns":5.0},{"damage":9.0,"enemies":"Chosen","floor":22.0,"turns":5.0},{"damage":12.0,"enemies":"Slavers","floor":27.0,"turns":4.0},{"damage":12.0,"enemies":"Snecko","floor":29.0,"turns":5.0},{"damage":0.0,"enemies":"Snake Plant","floor":30.0,"turns":3.0},{"damage":14.0,"enemies":"Gremlin Leader","floor":31.0,"turns":5.0},{"damage":38.0,"enemies":"Champ","floor":33.0,"turns":9.0},{"damage":3.0,"enemies":"3 Darklings","floor":35.0,"turns":2.0},{"damage":2.0,"enemies":"Orb Walker","floor":37.0,"turns":3.0},{"damage":0.0,"enemies":"Spire Growth","floor":41.0,"turns":4.0},{"damage":0.0,"enemies":"4 Shapes","floor":45.0,"turns":3.0},{"damage":0.0,"enemies":"Transient","floor":46.0,"turns":6.0},{"damage":13.0,"enemies":"3 Darklings","floor":48.0,"turns":2.0},{"damage":16,"enemies":"Awakened One","floor":50,"turns":14}],"seed_played":"7474871183718476699","potions_obtained":[{"floor":1.0,"key":"Regen Potion"},{"floor":8.0,"key":"AttackPotion"},{"floor":16.0,"key":"EntropicBrew"},{"floor":22.0,"key":"FearPotion"},{"floor":30.0,"key":"Explosive Potion"},{"floor":31.0,"key":"GamblersBrew"},{"floor":35.0,"key":"Swift Potion"},{"floor":45.0,"key":"PowerPotion"}],"is_trial":false,"path_per_floor":["M","$","?","M","?","R","M","M","T","M","R","M","M","E","R","B",null,"M","?","?","$","M","R","?","R","T","E","?","M","M","E","R","B",null,"M","?","M","$","T","R","M","R","T","R","M","M","$","M","R","B",null],"character_chosen":"DEFECT","items_purchased":["Self Repair","Gash","Strawberry","TheAbacus","Runic Capacitor","Bag of Preparation"],"campfire_rested":3,"item_purchase_floors":[2,2,21,21,38,38],"current_hp_per_floor":[61,61,54,58,58,58,49,46,46,39,60,57,64,62,62,46,66,56,35,35,42,42,68,68,68,68,58,58,55,62,57,84,53,83,89,89,96,96,96,96,99,99,99,99,99,101,101,97,97,88],"gold":52,"neow_bonus":"BOSS_RELIC","is_daily":false,"chose_seed":false,"campfire_upgraded":7,"win_rate":0.0,"timestamp":1609044455,"path_taken":["M","$","?","?","?","R","M","M","T","M","R","M","?","E","R","BOSS","M","?","?","$","M","R","?","R","T","E","?","M","M","E","R","BOSS","M","?","?","?","?","R","M","R","T","R","?","?","$","M","R","BOSS"],"items_purchased_type":["Card","Card","Relic","Relic","Relic","Relic"],"build_version":"2020-12-22","purchased_purges":1,"victory":true,"max_hp_per_floor":[71,71,71,71,71,71,71,71,71,71,71,71,71,73,73,73,73,73,78,78,85,87,87,87,87,87,89,89,91,91,93,93,93,93,95,95,97,97,97,97,99,99,99,99,99,101,101,103,103,103],"relic_stats":{"Centennial Puzzle":[6],"TheAbacus":[180],"Singing Bowl":20,"counters":[23,121],"Ornamental Fan":[248],"Pandora\u0027s Box":["Reboot","Reinforced Body","Hello World","Go for the Eyes","Meteor Strike","Scrape","All For One","Genetic Algorithm"],"Art of War":[2],"Bag of Preparation":[10],"Ginger":[6],"Letter Opener":[185],"obtain_stats":[{"Singing Bowl":14,"Oddly Smooth Stone":9,"Runic Capacitor":38,"Bag of Preparation":38,"Ginger":27,"Letter Opener":39,"Empty Cage":34,"DataDisk":26,"Centennial Puzzle":43,"TheAbacus":21,"Ornamental Fan":24,"Strawberry":21,"Pandora\u0027s Box":0,"Philosopher\u0027s Stone":17,"Bag of Marbles":20,"Art of War":31,"Cracked Core":0},{"Singing Bowl":8,"Oddly Smooth Stone":4,"Runic Capacitor":18,"Bag of Preparation":18,"Ginger":12,"Letter Opener":18,"Empty Cage":16,"DataDisk":11,"Centennial Puzzle":19,"TheAbacus":10,"Ornamental Fan":11,"Strawberry":10,"Pandora\u0027s Box":0,"Philosopher\u0027s Stone":9,"Bag of Marbles":10,"Art of War":15,"Cracked Core":0},{"Singing Bowl":38,"Oddly Smooth Stone":15,"Runic Capacitor":92,"Bag of Preparation":92,"Ginger":65,"Letter Opener":92,"Empty Cage":87,"DataDisk":61,"Centennial Puzzle":96,"TheAbacus":56,"Ornamental Fan":61,"Strawberry":56,"Pandora\u0027s Box":0,"Philosopher\u0027s Stone":51,"Bag of Marbles":56,"Art of War":78,"Cracked Core":0}]},"card_choices":[{"not_picked":["Darkness","Lockon"],"picked":"White Noise","floor":1.0},{"not_picked":["Leap","Beam Cell"],"picked":"Coolheaded","floor":4.0},{"not_picked":["Barrage","Stack"],"picked":"Steam","floor":7.0},{"not_picked":["Go for the Eyes","Steam"],"picked":"Chill","floor":8.0},{"not_picked":["Storm","Melter"],"picked":"FTL","floor":10.0},{"not_picked":["Stack","Go for the Eyes"],"picked":"Rainbow","floor":12.0},{"not_picked":["Rebound","Ball Lightning"],"picked":"All For One","floor":13.0},{"not_picked":["Redo","Leap","Go for the Eyes"],"picked":"Singing Bowl","floor":14.0},{"not_picked":["Meteor Strike","Thunder Strike"],"picked":"Hyperbeam","floor":16.0},{"not_picked":["Cold Snap","Turbo"],"picked":"FTL","floor":18.0},{"not_picked":["Melter","Genetic Algorithm","Redo"],"picked":"Singing Bowl","floor":22.0},{"not_picked":["Melter","Auto Shields","Turbo"],"picked":"Singing Bowl","floor":27.0},{"not_picked":["Streamline","Coolheaded","Consume"],"picked":"Singing Bowl","floor":29.0},{"not_picked":["Coolheaded","Hologram"],"picked":"Turbo+1","floor":30.0},{"not_picked":["Reprogram","Go for the Eyes","Stack"],"picked":"Singing Bowl","floor":31.0},{"not_picked":["Rainbow","Multi-Cast"],"picked":"Reboot","floor":33.0},{"not_picked":["Genetic Algorithm","Sweeping Beam+1","Go for the Eyes"],"picked":"Singing Bowl","floor":35.0},{"not_picked":["Stack","Ball Lightning","Coolheaded"],"picked":"Singing Bowl","floor":37.0},{"not_picked":["Steam+1","Reinforced Body","Coolheaded"],"picked":"Singing Bowl","floor":41.0},{"not_picked":["Stack+1","Ball Lightning+1"],"picked":"White Noise","floor":45.0},{"not_picked":["Rainbow","Stack","Coolheaded+1"],"picked":"Singing Bowl","floor":46.0},{"not_picked":["Streamline","Cold Snap+1","Doom and Gloom"],"picked":"Singing Bowl","floor":48}],"player_experience":482173,"relics_obtained":[{"floor":9.0,"key":"Oddly Smooth Stone"},{"floor":14.0,"key":"Singing Bowl"},{"floor":26.0,"key":"DataDisk"},{"floor":27.0,"key":"Ginger"},{"floor":31.0,"key":"Art of War"},{"floor":39.0,"key":"Letter Opener"},{"floor":43.0,"key":"Centennial Puzzle"}],"event_choices":[{"damage_healed":0.0,"max_hp_gain":0.0,"max_hp_loss":0.0,"gold_gain":50.0,"event_name":"FaceTrader","player_choice":"Touch","floor":3.0,"gold_loss":0.0,"damage_taken":7.0},{"damage_healed":0.0,"max_hp_gain":0.0,"max_hp_loss":0.0,"gold_gain":275.0,"event_name":"Golden Shrine","player_choice":"Desecrate","floor":5.0,"gold_loss":0.0,"damage_taken":0.0,"cards_obtained":["Regret"]},{"damage_healed":0.0,"max_hp_gain":5.0,"max_hp_loss":0.0,"gold_gain":0.0,"event_name":"Forgotten Altar","player_choice":"Shed Blood","floor":19.0,"gold_loss":0.0,"damage_taken":26.0},{"damage_healed":0.0,"max_hp_gain":0.0,"max_hp_loss":0.0,"gold_gain":0.0,"event_name":"Addict","player_choice":"Obtained Relic","floor":20.0,"gold_loss":85.0,"damage_taken":0.0,"relics_obtained":["Bag of Marbles"]},{"damage_healed":0.0,"max_hp_gain":0.0,"max_hp_loss":0.0,"gold_gain":0.0,"event_name":"The Mausoleum","player_choice":"Opened","floor":24.0,"gold_loss":0.0,"damage_taken":0.0,"relics_obtained":["Ornamental Fan"],"cards_obtained":["Writhe"]},{"damage_healed":0.0,"max_hp_gain":0.0,"max_hp_loss":0.0,"gold_gain":0.0,"event_name":"Vampires","player_choice":"Ignored","floor":28.0,"gold_loss":0.0,"damage_taken":0.0},{"damage_healed":0.0,"max_hp_gain":0.0,"max_hp_loss":0.0,"gold_gain":0.0,"event_name":"Duplicator","player_choice":"Copied","floor":36.0,"gold_loss":0.0,"damage_taken":0.0,"cards_obtained":["White Noise"]}],"is_beta":false,"boss_relics":[{"not_picked":["Fusion Hammer","Tiny House"],"picked":"Philosopher\u0027s Stone"},{"not_picked":["Sozu","Cursed Key"],"picked":"Empty Cage"}],"items_purged_floors":[21],"is_endless":false,"potions_floor_spawned":[1,8,16,22,30,31,35,45],"ascension_level":18}}