{"host":"l2821e3dgmq4sghh","time":1609105719,"event":{"mods":["BaseMod","Colored Powertips","Minty Spire (QoL Compilation)","StSLib"],"gold_per_floor":[219,294,312,71,81,81,113,124,124,139,139,174,174,202,202,307,307,319,332,332,342,342,373,6,6,6,34,34,53,84,95,95,95,95],"floor_reached":33,"playtime":4781,"items_purged":["Bite"],"score":393,"play_id":"1876e4c2-6536-41ff-ad57-f2f1f653634a","local_time":"20201227224839","is_ascension_mode":true,"campfire_choices":[{"data":"Zap","floor":6.0,"key":"SMITH"},{"data":"Dualcast","floor":11.0,"key":"SMITH"},{"data":"Turbo","floor":15.0,"key":"SMITH"},{"data":"J.A.X.","floor":28,"key":"SMITH"},{"data":"Hologram","floor":32,"key":"SMITH"}],"circlet_count":0,"master_deck":["Defend_B","Defend_B","Defend_B","Defend_B","Zap+1","Dualcast+1","Cold Snap","Cold Snap","Compile Driver","Compile Driver","Ball Lightning","Turbo+1","Hologram+1","J.A.X.+1","Bite","Bite","Bite","Bite","Conserve Battery","Coolheaded+1","Go for the Eyes","Go for the Eyes"],"relics":["Cracked Core","Singing Bowl","Darkstone Periapt","HornCleat","Mercury Hourglass","Nunchaku","Sozu","Bag of Preparation","Sundial","Nilry\u0027s Codex","Calipers","The Courier","Kunai"],"acts_visited":["Exordium","TheCity"],"potions_floor_usage":[27],"damage_taken":[{"damage":3.0,"enemies":"Jaw Worm","floor":1.0,"turns":3.0},{"damage":5.0,"enemies":"Small Slimes","floor":3.0,"turns":4.0},{"damage":0.0,"enemies":"2 Louse","floor":5.0,"turns":3.0},{"damage":3.0,"enemies":"3 Sentries","floor":7.0,"turns":3.0},{"damage":10.0,"enemies":"Large Slime","floor":8.0,"turns":5.0},{"damage":0.0,"enemies":"Blue Slaver","floor":10.0,"turns":3.0},{"damage":5.0,"enemies":"Lagavulin","floor":12.0,"turns":4.0},{"damage":2.0,"enemies":"3 Sentries","floor":14.0,"turns":5.0},{"damage":3.0,"enemies":"Hexaghost","floor":16.0,"turns":9.0},{"damage":1,"enemies":"Shell Parasite","floor":18,"turns":5},{"damage":0,"enemies":"3 Byrds","floor":19,"turns":4},{"damage":25,"enemies":"Snake Plant","floor":21,"turns":5},{"damage":36,"enemies":"Gremlin Leader","floor":23,"turns":5},{"damage":15,"enemies":"Slavers","floor":27,"turns":4},{"damage":8,"enemies":"3 Cultists","floor":29,"turns":6},{"damage":3,"enemies":"Gremlin Leader","floor":30,"turns":6},{"damage":5,"enemies":"Cultist and Chosen","floor":31,"turns":4},{"damage":57,"enemies":"Collector","floor":33,"turns":9}],"seed_played":"-5971123785073184505","potions_obtained":[{"floor":3.0,"key":"PotionOfCapacity"},{"floor":5.0,"key":"PowerPotion"},{"floor":14.0,"key":"SkillPotion"},{"floor":16.0,"key":"PowerPotion"}],"is_trial":false,"path_per_floor":["M","?","M","$","M","R","E","M","T","M","R","E","?","E","R","B",null,"M","M","?","M","?","E","$","?","T","E","R","M","E","M","R","B"],"character_chosen":"DEFECT","items_purchased":["Singing Bowl","Conserve Battery","Sundial"],"campfire_rested":0,"item_purchase_floors":[4,24,24],"current_hp_per_floor":[72,61,56,56,56,56,53,43,43,45,45,42,42,40,40,39,81,80,82,82,59,59,39,39,23,23,16,16,22,35,38,38,0,0],"gold":95,"neow_bonus":"HUNDRED_GOLD","is_daily":false,"chose_seed":false,"campfire_upgraded":5,"win_rate":0.0,"timestamp":1609105719,"path_taken":["M","?","M","$","M","R","E","M","T","M","R","E","?","E","R","BOSS","M","M","?","M","?","E","$","?","T","E","R","?","E","M","R","BOSS"],"items_purchased_type":["Relic","Card","Relic"],"build_version":"2020-12-22","purchased_purges":1,"victory":false,"max_hp_per_floor":[75,75,75,75,75,75,75,75,75,77,77,79,79,79,79,81,81,81,83,83,85,59,61,61,61,61,61,61,63,63,63,63,63,63],"card_choices":[{"not_picked":["Barrage","Beam Cell"],"picked":"Cold Snap","floor":1.0},{"not_picked":["Steam","Redo"],"picked":"Cold Snap","floor":3.0},{"not_picked":["Cold Snap","Lockon"],"picked":"Compile Driver","floor":5.0},{"not_picked":["Auto Shields","Steam"],"picked":"Compile Driver","floor":7.0},{"not_picked":["Cold Snap","Force Field"],"picked":"Ball Lightning","floor":8.0},{"not_picked":["Rebound","Sweeping Beam","Echo Form"],"picked":"Singing Bowl","floor":10.0},{"not_picked":["Glacier","Rebound","Streamline"],"picked":"Singing Bowl","floor":12.0},{"not_picked":["Genetic Algorithm","Auto Shields"],"picked":"Turbo","floor":14.0},{"not_picked":["Creative AI","Hyperbeam","Electrodynamics"],"picked":"Singing Bowl","floor":16.0},{"not_picked":["Streamline+1","Lockon"],"picked":"Hologram","floor":18},{"not_picked":["Steam","Defragment+1","Self Repair"],"picked":"Singing Bowl","floor":19},{"not_picked":["Ball Lightning","Genetic Algorithm","Steam"],"picked":"Singing Bowl","floor":21},{"not_picked":["Redo","Undo","Ball Lightning"],"picked":"Singing Bowl","floor":23},{"not_picked":["Ball Lightning","Multi-Cast"],"picked":"Coolheaded+1","floor":27},{"not_picked":["Sweeping Beam","Chill","Genetic Algorithm"],"picked":"Singing Bowl","floor":29},{"not_picked":["Turbo","Heatsinks"],"picked":"Go for the Eyes","floor":30},{"not_picked":["Tempest","Storm"],"picked":"Go for the Eyes","floor":31}],"player_experience":5378796,"relics_obtained":[{"floor":7.0,"key":"Darkstone Periapt"},{"floor":9.0,"key":"HornCleat"},{"floor":12.0,"key":"Mercury Hourglass"},{"floor":14.0,"key":"Nunchaku"},{"floor":23,"key":"Bag of Preparation"},{"floor":25,"key":"Nilry\u0027s Codex"},{"floor":26,"key":"Calipers"},{"floor":27,"key":"The Courier"},{"floor":30,"key":"Kunai"}],"event_choices":[{"damage_healed":0.0,"max_hp_gain":0.0,"max_hp_loss":0.0,"gold_gain":75.0,"event_name":"World of Goop","player_choice":"Gather Gold","floor":2.0,"gold_loss":0.0,"damage_taken":11.0},{"cards_removed":["Strike_B"],"damage_healed":0.0,"max_hp_gain":0.0,"max_hp_loss":0.0,"gold_gain":0.0,"event_name":"Living Wall","player_choice":"Forget","floor":13.0,"gold_loss":0.0,"damage_taken":0.0},{"damage_healed":0,"gold_gain":0,"player_choice":"Obtain J.A.X.","damage_taken":0,"max_hp_gain":0,"max_hp_loss":0,"event_name":"Drug Dealer","floor":20,"gold_loss":0,"cards_obtained":["J.A.X."]},{"damage_healed":0,"gold_gain":0,"player_choice":"Became a vampire","damage_taken":0,"max_hp_gain":0,"max_hp_loss":26,"event_name":"Vampires","floor":22,"gold_loss":0,"cards_obtained":["Bite","Bite","Bite","Bite","Bite"]},{"damage_healed":0,"gold_gain":0,"player_choice":"Obtained Book","damage_taken":16,"max_hp_gain":0,"max_hp_loss":0,"event_name":"Cursed Tome","floor":25,"gold_loss":0}],"is_beta":false,"boss_relics":[{"not_picked":["Ectoplasm","SlaversCollar"],"picked":"Sozu"}],"items_purged_floors":[24],"is_endless":false,"potions_floor_spawned":[3,5,14,16,19,21,29,31],"killed_by":"Collector","ascension_level":1}}