{"host":"ywif2ugnepgiw45s","time":1609106309,"event":{"mods":["Act Like it!","BaseMod","Better Skull","Downfall","Elementarium","GifTheSpireLib","Hermit","Lobotomy","Marisa????????","Minty Spire (QoL Compilation)","READ ME - Guardian Mod","Shade Mod","Shop Mod","StSLib","The Cursed","The Jungle","The Runesmith"],"gold_per_floor":[0,19,19,37,56,84,84,100,120,45,72,89,14,24,38,134,134,134,148,248,261,273,283,283,283,283,302,302,302,320,3,22,124,124,124,141,155,205,205,252,329,254,270,270,53,53,69,54,74,74],"floor_reached":51,"playtime":2686,"items_purged":[],"score":722,"play_id":"9ff830e2-ec94-43c4-b717-3e17f2fed542","local_time":"20201227165829","is_ascension_mode":true,"campfire_choices":[{"floor":1,"key":"RECALL"},{"data":"Shade:Brains","floor":10,"key":"SMITH"},{"data":"Shade:AuraOfUnlife","floor":13,"key":"SMITH"},{"data":"Shade:Putrefaction","floor":18,"key":"SMITH"},{"data":"Shade:AnimateDead","floor":26,"key":"SMITH"},{"floor":29,"key":"REST"},{"data":"Shade:Putrefaction","floor":35,"key":"SMITH"},{"floor":42,"key":"DIG"},{"data":"Shade:Bonestorm","floor":46,"key":"SMITH"}],"circlet_count":0,"master_deck":["Shade:Strike_Shade+1","Shade:Defend_Shade+1","Shade:Defend_Shade+1","Shade:Defend_Shade+1","Shade:AnimateDead+1","Shade:CarefulCut","Shade:UnbarTheGrave","Shade:Carnophage","Shade:Brains+1","Shade:Bonestorm+1","Shade:SensePrey+1","Shade:AuraOfUnlife+1","Shade:Excise+1","Shade:Putrefaction+1","Shade:SelfBurial+1","Shade:FingerOfDeath+1","Shade:RitualOffering+1","Shade:PressTheAttack+1","Shade:Putrefaction+1","Shade:StitchTogether","Shade:UnbarTheGrave+1","Shade:Putrefaction","Shade:CloudOfShrapnel","Shade:AblativeArmor+1","expansioncontent:ChargeUp+1","expansioncontent:QuickStudy+1","Shade:FleshOffering+1","Shade:FleshLikeOak+1"],"relics":["Shade:YorickSkull","Toxic Egg 2","Question Card","downfall:HeartBlessingRed","Ancient Tea Set","downfall:HeartBlessingGreen","Astrolabe","Pen Nib","MerchantsRug","Black Star","Shovel","CatCart","downfall:HeartBlessingBlue","Ice Cream","Gremlin Horn"],"acts_visited":["Exordium","TheCity","TheBeyond"],"potions_floor_usage":[6,21,33,33,38,40,48,50],"damage_taken":[{"damage":0,"enemies":"2 Louse","floor":2,"turns":3},{"damage":0,"enemies":"Cultist","floor":4,"turns":3},{"damage":2,"enemies":"Small Slimes","floor":5,"turns":4},{"damage":12,"enemies":"Lagavulin","floor":6,"turns":7},{"damage":2,"enemies":"3 Louse","floor":8,"turns":5},{"damage":0,"enemies":"Blue Slaver","floor":9,"turns":4},{"damage":0,"enemies":"3 Sentries","floor":11,"turns":6},{"damage":0,"enemies":"Exordium Wildlife","floor":12,"turns":3},{"damage":0,"enemies":"Exordium Thugs","floor":14,"turns":3},{"damage":0,"enemies":"Blue Slaver","floor":15,"turns":4},{"damage":29,"enemies":"downfall:Silent","floor":16,"turns":16},{"damage":10,"enemies":"Shell Parasite","floor":19,"turns":7},{"damage":16,"enemies":"Shelled Parasite and Fungi","floor":21,"turns":6},{"damage":2,"enemies":"Snake Plant","floor":22,"turns":6},{"damage":8,"enemies":"3 Cultists","floor":23,"turns":5},{"damage":14,"enemies":"Snecko","floor":27,"turns":5},{"damage":12,"enemies":"Shelled Parasite and Fungi","floor":30,"turns":6},{"damage":0,"enemies":"downfall:FleeingMerchant","floor":31,"turns":4},{"damage":3,"enemies":"Cultist and Chosen","floor":32,"turns":6},{"damage":3,"enemies":"downfall:Defect","floor":33,"turns":8},{"damage":10,"enemies":"Orb Walker","floor":36,"turns":5},{"damage":0,"enemies":"3 Shapes","floor":37,"turns":6},{"damage":25,"enemies":"Mind Bloom Boss Battle","floor":38,"turns":5},{"damage":6,"enemies":"Orin","floor":40,"turns":12},{"damage":3,"enemies":"Writhing Mass","floor":43,"turns":6},{"damage":0,"enemies":"downfall:FleeingMerchant","floor":45,"turns":4},{"damage":13,"enemies":"Spire Growth","floor":47,"turns":6},{"damage":0,"enemies":"downfall:FleeingMerchant","floor":48,"turns":4},{"damage":25,"enemies":"Transient","floor":49,"turns":5},{"damage":59,"enemies":"downfall:Ironclad","floor":50,"turns":12}],"seed_played":"1143585154070044373","potions_obtained":[{"floor":2,"key":"PowerPotion"},{"floor":6,"key":"Slimebound:ThreeZeroPotion"},{"floor":8,"key":"ColorlessPotion"},{"floor":11,"key":"Energy Potion"},{"floor":22,"key":"Block Potion"},{"floor":37,"key":"Dexterity Potion"},{"floor":40,"key":"LiquidBronze"},{"floor":43,"key":"Guardian:BlockOnCardUsePotion"},{"floor":47,"key":"AttackPotion"},{"floor":49,"key":"DuplicationPotion"}],"is_trial":false,"path_per_floor":["R","M","?","M","M","E","T","M","M","R","E","M","R","M","M","B",null,"R","M","?","M","M","M","T","?","R","M","?","R","M","$","M","B",null,"R","M","M","?","?","?","T","R","M","T","$","R","M","$","M","B",null],"character_chosen":"SHADE","items_purchased":["MerchantsRug","Shade:UnbarTheGrave+1","expansioncontent:QuickStudy+1","Shade:FleshOffering+1"],"campfire_rested":1,"item_purchase_floors":[31,31,45,45],"current_hp_per_floor":[65,65,65,65,63,51,51,49,49,49,49,49,49,49,49,20,65,65,55,55,39,37,29,29,29,29,15,15,34,22,22,26,23,65,65,62,62,44,44,45,45,55,52,52,52,52,39,39,14,11],"gold":74,"neow_bonus":"THREE_RARE_CARDS","is_daily":false,"chose_seed":false,"campfire_upgraded":6,"win_rate":0.0,"timestamp":1609106309,"path_taken":["R","M","?","M","?","E","T","M","M","R","E","M","R","M","M","BOSS","R","M","?","M","M","?","T","?","R","M","?","R","M","$","M","BOSS","R","M","M","?","?","?","T","R","?","?","$","R","M","$","M","BOSS"],"items_purchased_type":["Relic","Card","Card","Card"],"build_version":"2020-12-22","purchased_purges":0,"victory":true,"max_hp_per_floor":[65,65,65,65,65,65,65,65,65,65,65,65,65,65,65,65,65,65,65,65,65,65,65,65,65,65,65,65,65,65,65,65,65,65,65,65,65,65,65,65,65,75,75,75,75,75,75,75,75,75],"card_choices":[{"not_picked":["Shade:GreaterAnimation","Shade:LastGasp"],"picked":"Shade:UnbarTheGrave","floor":0},{"not_picked":["Shade:Bonestorm","Shade:Brains"],"picked":"Shade:Carnophage","floor":2},{"not_picked":["Shade:Carnophage","Shade:Doomsay","Shade:Excise"],"picked":"SKIP","floor":4},{"not_picked":["Shade:SkeletonHug","Shade:ClawBack"],"picked":"Shade:Brains","floor":5},{"not_picked":["Shade:SkeletonHug","Shade:ClawBack","Shade:OminousRitual"],"picked":"SKIP","floor":6},{"not_picked":["Shade:AncientSpear","Shade:SkeletonHug","Shade:CoffinDance"],"picked":"Shade:Bonestorm","floor":8},{"not_picked":["Shade:FeralStrike","Shade:Trample","Shade:AncientSpear"],"picked":"Shade:SensePrey+1","floor":9},{"not_picked":["Shade:SkeletonArmy+1","Shade:DangerousRitual","Shade:Asphyxiate"],"picked":"Shade:AuraOfUnlife","floor":11},{"not_picked":["Shade:FingerOfDeath","Shade:CoffinDance","Shade:GreyBargain+1"],"picked":"Shade:Excise+1","floor":12},{"not_picked":["Shade:Excise+1","Shade:FingerOfDeath","Shade:SoulToxin+1","Shade:WallOfFlesh+1"],"picked":"SKIP","floor":14},{"not_picked":["Shade:CallWraith+1","Shade:Premonition+1","Shade:FuneraryArmor+1","Shade:RitualOffering+1"],"picked":"SKIP","floor":15},{"not_picked":["Shade:LastGasp+1","Shade:Consume","Shade:Tombstone"],"picked":"Shade:Putrefaction","floor":16},{"not_picked":["Shade:SanguineRitual+1","Shade:GraveStillness+1","Shade:Frenzy+1","Shade:ClawBack"],"picked":"SKIP","floor":19},{"not_picked":["Shade:ExtraLimbs","Shade:Bonestorm","Shade:DangerousRitual+1","Shade:FleshToFlesh+1"],"picked":"SKIP","floor":21},{"not_picked":["Shade:CallOfTheGrave","Shade:SkeletonArmy+1","Shade:ClawBack+1","Shade:FeralStrike"],"picked":"SKIP","floor":22},{"not_picked":["Shade:Bonestorm","Shade:GreyBargain+1","Shade:CallOfTheGrave"],"picked":"Shade:PressTheAttack+1","floor":23},{"not_picked":["Shade:Premonition+1","Shade:SkeletonArmy+1","Shade:Patience+1","Shade:GraveStillness+1"],"picked":"SKIP","floor":27},{"not_picked":["Shade:FleshToFlesh+1","Shade:CallWraith+1","Shade:CommandSoldier+1"],"picked":"Shade:Putrefaction","floor":30},{"not_picked":["Shade:CoffinDance","Shade:WallOfFlesh+1","Shade:Trample"],"picked":"Shade:StitchTogether","floor":31},{"not_picked":["Shade:FleshToFlesh+1","Shade:FuneraryArmor+1","Shade:Consume","Shade:GoDigging+1"],"picked":"SKIP","floor":32},{"not_picked":["Shade:GreaterAnimation","Shade:Consume","Shade:SelfBurial+1"],"picked":"Shade:Putrefaction","floor":33},{"not_picked":["Shade:Premonition+1","Shade:Bonestorm+1","Shade:AncientSpear+1"],"picked":"Shade:CloudOfShrapnel","floor":36},{"not_picked":["Shade:PoundOfFlesh","Shade:ExtraLimbs","Shade:FingerOfDeath+1","Shade:Bonestorm+1"],"picked":"SKIP","floor":37},{"not_picked":["Shade:WallOfFlesh+1","Shade:BoneShards+1","Shade:CommandSoldier+1"],"picked":"Shade:AblativeArmor+1","floor":38},{"not_picked":["expansioncontent:Hexaburn","expansioncontent:GuardianWhirl","expansioncontent:Flail"],"picked":"expansioncontent:ChargeUp+1","floor":39},{"not_picked":["Shade:Consume","Shade:FeralStrike+1","Shade:GraveStillness+1","Shade:Doomsay"],"picked":"SKIP","floor":43},{"not_picked":["Shade:SoulToxin+1","Shade:CallWraith+1","Shade:AncientSpear+1","Shade:DangerousRitual"],"picked":"SKIP","floor":45},{"not_picked":["Shade:BoneShards+1","Shade:Trample","Shade:GreyBargain+1","Shade:FeralStrike"],"picked":"SKIP","floor":47},{"not_picked":["Shade:CallOfTheGrave+1","Shade:CoffinDance+1","Shade:LyeBath+1","Shade:StitchTogether"],"picked":"SKIP","floor":48},{"not_picked":["Shade:WallOfFlesh+1","Shade:FingerOfDeath+1","Shade:FeralStrike+1"],"picked":"Shade:FleshLikeOak+1","floor":49}],"player_experience":1629258,"relics_obtained":[{"floor":6,"key":"Toxic Egg 2"},{"floor":7,"key":"Question Card"},{"floor":11,"key":"Ancient Tea Set"},{"floor":24,"key":"Pen Nib"},{"floor":38,"key":"Shovel"},{"floor":40,"key":"CatCart"},{"floor":42,"key":"Ice Cream"},{"floor":44,"key":"Gremlin Horn"}],"event_choices":[{"cards_removed":["Shade:Strike_Shade"],"damage_healed":0,"gold_gain":0,"player_choice":"Purged","damage_taken":0,"max_hp_gain":0,"max_hp_loss":0,"event_name":"Purifier","floor":3,"gold_loss":0},{"damage_healed":0,"gold_gain":0,"player_choice":"Ignored","damage_taken":0,"max_hp_gain":0,"max_hp_loss":0,"event_name":"Ghosts","floor":25,"gold_loss":0},{"damage_healed":0,"gold_gain":0,"player_choice":"Simplicity","damage_taken":0,"max_hp_gain":0,"max_hp_loss":0,"event_name":"Back to Basics","floor":28,"gold_loss":0,"cards_upgraded":["Shade:Strike_Shade","Shade:Defend_Shade","Shade:Defend_Shade","Shade:Defend_Shade"]},{"damage_healed":0,"gold_gain":0,"player_choice":"Fight","damage_taken":0,"max_hp_gain":0,"max_hp_loss":0,"event_name":"OrinTheCat","floor":40,"gold_loss":0}],"is_beta":false,"boss_relics":[{"not_picked":["Calling Bell","Velvet Choker"],"picked":"Astrolabe"},{"not_picked":["Runic Dome","Sozu"],"picked":"Black Star"}],"items_purged_floors":[],"is_endless":false,"potions_floor_spawned":[2,6,8,11,12,19,22,23,37,40,43,47,49],"ascension_level":1}}