{"host":"hvwa7s69zr612rn1","time":1609072673,"event":{"mods":["BaseMod","Colored Map","Colored Powertips","Downfall","Minty Spire (QoL Compilation)","StSLib"],"gold_per_floor":[99,114,128,139,152,152,176,176,193,193,208,224,234,244,257,257,257],"floor_reached":16,"playtime":805,"items_purged":[],"score":105,"play_id":"a3aa7483-b22a-4164-96e7-28d49eb7b185","local_time":"20201227233753","is_ascension_mode":true,"campfire_choices":[{"data":"champ:Aggression","floor":1,"key":"SMITH"}],"circlet_count":0,"master_deck":["champ:Strike","champ:Strike","champ:Strike","champ:Strike","champ:Defend","champ:Defend","champ:Defend","champ:Defend","champ:Execute","champ:Taunt","champ:Aggression+1","champ:SwordSigil","champ:FocusedBerserking","champ:AdrenalArmor","champ:BerserkerStyle","champ:RageSigil","champ:RecklessLeap","champ:CheapShot","champ:Lariat","champ:AdrenalArmor"],"relics":["champ:ChampionCrown","Toy Ornithopter","champ:FightingForDummies","downfall:BrokenWingStatue","Lantern"],"acts_visited":["Exordium"],"potions_floor_usage":[11,12,16],"damage_taken":[{"damage":10,"enemies":"Cultist","floor":2,"turns":4},{"damage":9,"enemies":"2 Louse","floor":3,"turns":3},{"damage":18,"enemies":"Small Slimes","floor":4,"turns":3},{"damage":10,"enemies":"Blue Slaver","floor":5,"turns":3},{"damage":31,"enemies":"Red Slaver","floor":9,"turns":3},{"damage":45,"enemies":"Large Slime","floor":11,"turns":5},{"damage":47,"enemies":"Exordium Thugs","floor":12,"turns":4},{"damage":18,"enemies":"Exordium Wildlife","floor":13,"turns":2},{"damage":55,"enemies":"Exordium Thugs","floor":14,"turns":3},{"damage":67,"enemies":"Lots of Slimes","floor":15,"turns":4},{"damage":126,"enemies":"downfall:Ironclad","floor":16,"turns":6}],"seed_played":"-2659185863878500398","potions_obtained":[{"floor":2,"key":"Swift Potion"},{"floor":3,"key":"FairyPotion"},{"floor":11,"key":"sneckomod:MuddlingPotion"},{"floor":13,"key":"champ:TechniquePotion"},{"floor":14,"key":"BlessingOfTheForge"}],"is_trial":false,"path_per_floor":["R","M","M","M","M","?","T","?","M","T","M","M","M","M","M","B"],"character_chosen":"THE_CHAMP","items_purchased":[],"campfire_rested":0,"item_purchase_floors":[],"current_hp_per_floor":[90,80,71,61,58,51,51,51,48,48,53,56,56,51,70,0,0],"gold":257,"neow_bonus":"THREE_CARDS","is_daily":false,"chose_seed":false,"campfire_upgraded":1,"win_rate":0.0,"timestamp":1609072673,"path_taken":["R","M","M","?","M","?","T","?","M","?","?","M","M","M","M","BOSS"],"items_purchased_type":[],"build_version":"2020-12-22","purchased_purges":0,"victory":false,"max_hp_per_floor":[90,90,90,90,90,90,90,90,90,90,90,90,90,90,90,90,90],"card_choices":[{"not_picked":["champ:CrookedStrike","champ:Haymaker"],"picked":"champ:Aggression","floor":0},{"not_picked":["champ:Haymaker","champ:ShieldSigil"],"picked":"champ:SwordSigil","floor":2},{"not_picked":["champ:FlashCut","champ:BerserkersShout"],"picked":"champ:FocusedBerserking","floor":3},{"not_picked":["champ:BladeFlurry","champ:TornadoPunch"],"picked":"champ:AdrenalArmor","floor":4},{"not_picked":["champ:GladiatorsShout","champ:FlashCut"],"picked":"champ:BerserkerStyle","floor":5},{"not_picked":["champ:Lariat","champ:Circumvent"],"picked":"champ:RageSigil","floor":9},{"not_picked":["champ:FaceSlap","champ:DefensiveShout"],"picked":"champ:RecklessLeap","floor":11},{"not_picked":["champ:BerserkerStyle","champ:BerserkersShout"],"picked":"champ:CheapShot","floor":12},{"not_picked":["champ:IronFortress","champ:HeartStrike"],"picked":"champ:Lariat","floor":13},{"not_picked":["champ:PerfectedStrike","champ:TornadoPunch"],"picked":"champ:AdrenalArmor","floor":14},{"not_picked":["champ:Backstep","champ:ShieldSigil","champ:GutPunch"],"picked":"SKIP","floor":15}],"player_experience":409661,"relics_obtained":[{"floor":7,"key":"champ:FightingForDummies"},{"floor":10,"key":"Lantern"}],"event_choices":[{"damage_healed":0,"gold_gain":0,"player_choice":"Success","damage_taken":7,"relics_obtained":["Toy Ornithopter"],"max_hp_gain":0,"max_hp_loss":0,"event_name":"Scrap Ooze","floor":6,"gold_loss":0}],"is_beta":false,"boss_relics":[],"items_purged_floors":[],"is_endless":false,"potions_floor_spawned":[2,3,11,13,14],"killed_by":"downfall:Ironclad","ascension_level":1}}