{"host":"ff0k6g9g9j8o52vm","time":1609055336,"event":{"mods":["AchievementEnabler","Astrologer","BaseMod","Beaked The Cultist","Colored Map","Colored Powertips","Downfall","Duelist Mod","GifTheSpireLib","Gremlin Mod","Hermit","Jorbs\u0027s Wanderer Trilogy","Koishi","Marisa????????","Minty Spire (QoL Compilation)","StSLib","The Animator","The Bug Knight","The Construct","The Cursed","The Disciple","The Forsaken","The Hayseed","The Hierophant","The Judge","The Jungle","The Mystic","The Necromancer","The Poker Player","The Runesmith","The Senshi","The Servant 0.9.4","TheArtist"],"gold_per_floor":[114,132,144,161,176,208,228,246,246,246,258,315,315,330,330,430,430,445,456,62,62,74,74,74,92,119,119,119,49,65,79,79,79,79],"floor_reached":33,"playtime":3986,"items_purged":["Koishi:BasicStrike"],"score":255,"play_id":"428c6a6e-8da8-4adc-9529-be6c0c6c7123","local_time":"20201226234856","is_ascension_mode":false,"campfire_choices":[{"data":"Koishi:EmbryosDream","floor":10,"key":"SMITH"},{"data":"Koishi:HauntingSlash","floor":13,"key":"SMITH"},{"data":"Koishi:Whimsy","floor":15,"key":"SMITH"},{"data":"Koishi:RorschachInDanmaku","floor":23,"key":"SMITH"},{"data":"Koishi:MindStellarRelief","floor":28,"key":"SMITH"},{"data":"Koishi:MentalBreakdown","floor":32,"key":"SMITH"}],"circlet_count":0,"master_deck":["Koishi:BasicStrike","Koishi:BasicStrike","Koishi:BasicStrike","Koishi:BasicDefend","Koishi:BasicDefend","Koishi:BasicDefend","Koishi:BasicDefend","Koishi:Provoke","Koishi:HauntingSlash+1","Koishi:RacingHeart","Koishi:RorschachInDanmaku+1","Koishi:MindNumbingTerror","Koishi:DreadfulBlow","Koishi:EmbryosDream+1","Koishi:FadingMemory","Koishi:BramblyRoseGarden","Koishi:Prune","Koishi:DreadfulBlow","Koishi:MentalBreakdown+1","Koishi:Whimsy+1","Koishi:Heartbroken","Koishi:UnconsciousUrges","expansioncontent:GoopSpray","Koishi:ParalyzingFear","Koishi:MindStellarRelief+1","Koishi:PhantomStrike","Koishi:PhantomBarrier+1","Koishi:MindNumbingTerror"],"relics":["Koishi:ImaginaryFriend","Juzu Bracelet","Mummified Hand","Ginger","Busted Crown","theForsaken:Lifeblossom","Ancient Tea Set"],"acts_visited":["Exordium","TheCity"],"potions_floor_usage":[16,16,33,33,33],"damage_taken":[{"damage":0,"enemies":"Small Slimes","floor":1,"turns":5},{"damage":2,"enemies":"2 Louse","floor":2,"turns":3},{"damage":5,"enemies":"Jaw Worm","floor":3,"turns":6},{"damage":5,"enemies":"Lots of Slimes","floor":4,"turns":9},{"damage":2,"enemies":"3 Louse","floor":5,"turns":7},{"damage":10,"enemies":"Lagavulin","floor":6,"turns":11},{"damage":0,"enemies":"Red Slaver","floor":7,"turns":4},{"damage":0,"enemies":"Exordium Wildlife","floor":8,"turns":5},{"damage":2,"enemies":"3 Louse","floor":11,"turns":6},{"damage":5,"enemies":"3 Sentries","floor":12,"turns":10},{"damage":6,"enemies":"Gremlin Gang","floor":14,"turns":4},{"damage":61,"enemies":"Hexaghost","floor":16,"turns":11},{"damage":5,"enemies":"Shell Parasite","floor":18,"turns":6},{"damage":0,"enemies":"Chosen","floor":19,"turns":6},{"damage":0,"enemies":"Centurion and Healer","floor":22,"turns":6},{"damage":0,"enemies":"Snake Plant","floor":25,"turns":4},{"damage":7,"enemies":"Snecko","floor":30,"turns":5},{"damage":15,"enemies":"Shelled Parasite and Fungi","floor":31,"turns":5},{"damage":74,"enemies":"Collector","floor":33,"turns":14}],"seed_played":"-2107327506116418498","potions_obtained":[{"floor":4,"key":"champ:CounterPotion"},{"floor":5,"key":"Explosive Potion"},{"floor":6,"key":"FearPotion"},{"floor":8,"key":"Regen Potion"},{"floor":16,"key":"Guardian:BlockOnCardUsePotion"},{"floor":18,"key":"EntropicBrew"}],"is_trial":false,"path_per_floor":["M","M","M","M","M","E","M","M","T","R","M","?","R","M","R","B",null,"M","M","$","?","M","R","?","M","T","?","R","$","M","M","R","B"],"character_chosen":"KOISHI","items_purchased":["theForsaken:Lifeblossom","Koishi:UnconsciousUrges","expansioncontent:GoopSpray","Koishi:MindNumbingTerror"],"campfire_rested":0,"item_purchase_floors":[20,20,20,29],"current_hp_per_floor":[66,64,66,61,62,66,66,66,66,66,66,66,66,61,61,21,66,66,66,66,66,66,66,66,66,66,66,66,66,62,56,56,0,0],"gold":79,"neow_bonus":"TEN_PERCENT_HP_BONUS","is_daily":false,"chose_seed":false,"campfire_upgraded":6,"win_rate":0.0,"timestamp":1609055336,"path_taken":["M","M","M","M","M","E","M","M","T","R","M","?","R","M","R","BOSS","M","M","$","?","M","R","?","M","T","?","R","$","M","M","R","BOSS"],"items_purchased_type":["Relic","Card","Card","Card"],"build_version":"2020-12-22","purchased_purges":1,"victory":false,"max_hp_per_floor":[66,66,66,66,66,66,66,66,66,66,66,66,66,66,66,66,66,66,66,66,66,66,66,66,66,66,66,66,66,66,66,66,66,66],"card_choices":[{"not_picked":["Koishi:StingingMind","Koishi:Untouchable"],"picked":"Koishi:RacingHeart","floor":1},{"not_picked":["Koishi:StingingMind","Koishi:MassHysteria"],"picked":"Koishi:RorschachInDanmaku","floor":2},{"not_picked":["Koishi:UnconsciousUprising","Koishi:PhantomBarrier"],"picked":"Koishi:MindNumbingTerror","floor":3},{"not_picked":["Koishi:RacingHeart","Koishi:CatchAndRose"],"picked":"Koishi:DreadfulBlow","floor":4},{"not_picked":["Koishi:TraumaticStroke","Koishi:RorschachInDanmaku"],"picked":"Koishi:EmbryosDream","floor":5},{"not_picked":["Koishi:DanmakuParanoia","Koishi:ReflexRadar"],"picked":"Koishi:FadingMemory","floor":6},{"not_picked":["Koishi:Bloodlust","Koishi:HeartfeltFancy"],"picked":"Koishi:BramblyRoseGarden","floor":7},{"not_picked":["Koishi:ReflexRadar","Koishi:SpiritedAway"],"picked":"Koishi:Prune","floor":8},{"not_picked":["Koishi:RacingHeart","Koishi:MassHysteria"],"picked":"Koishi:DreadfulBlow","floor":11},{"not_picked":["Koishi:PhantomBarrier","Koishi:Untouchable"],"picked":"Koishi:MentalBreakdown","floor":12},{"not_picked":["Koishi:UnconsciousUprising","Koishi:CatchAndRose"],"picked":"Koishi:Whimsy","floor":14},{"not_picked":["Koishi:FormlessExistence","Koishi:ConditionedTeleport"],"picked":"Koishi:Heartbroken","floor":16},{"not_picked":["Koishi:GhostParty+1"],"picked":"SKIP","floor":18},{"not_picked":["Koishi:IdleWhim"],"picked":"SKIP","floor":19},{"not_picked":[],"picked":"Koishi:ParalyzingFear","floor":22},{"not_picked":[],"picked":"Koishi:PhantomBarrier+1","floor":25},{"not_picked":["Koishi:PhantomBarrier"],"picked":"SKIP","floor":30},{"not_picked":["Koishi:FleetingPhantom"],"picked":"SKIP","floor":31}],"player_experience":861548,"relics_obtained":[{"floor":6,"key":"Juzu Bracelet"},{"floor":9,"key":"Mummified Hand"},{"floor":12,"key":"Ginger"},{"floor":26,"key":"Ancient Tea Set"}],"event_choices":[{"damage_healed":0,"gold_gain":0,"player_choice":"Searched \u00271\u0027 times","damage_taken":0,"max_hp_gain":0,"max_hp_loss":0,"event_name":"Dead Adventurer","floor":12,"gold_loss":0},{"damage_healed":0,"gold_gain":0,"player_choice":"2 cards matched","damage_taken":0,"max_hp_gain":0,"max_hp_loss":0,"event_name":"Match and Keep!","floor":24,"gold_loss":0,"cards_obtained":["Koishi:MindStellarRelief","Koishi:PhantomStrike"]},{"damage_healed":0,"gold_gain":0,"player_choice":"Ignored","damage_taken":0,"max_hp_gain":0,"max_hp_loss":0,"event_name":"Ghosts","floor":27,"gold_loss":0}],"is_beta":false,"boss_relics":[{"not_picked":["Fusion Hammer","Snecko Eye"],"picked":"Busted Crown"}],"items_purged_floors":[20],"is_endless":false,"potions_floor_spawned":[4,5,6,7,8,16,18,31],"killed_by":"Collector","ascension_level":0}}