{"host":"7mrmd33mpx7q5wx9","time":1609045379,"event":{"mods":["AchievementEnabler","BaseMod","BetterRewards","Colored Map","Defuse TimeMaze Blight","Minty Spire (QoL Compilation)","Permanent Neow","Quick Restart","StSLib","SuperFastMode"],"gold_per_floor":[110,110,123,73,93,127,127,146,146,222,242,255,271,284,284,386,386,398,398,25,25,35,64,64,74,74,74,84,84,104,118,118,221,221,240,256,276,286,286,317,49,62,62,74,74,100,112,132,132,132],"floor_reached":51,"playtime":2458,"items_purged":["Defend_P"],"score":930,"play_id":"a9e5b6bf-7324-413a-9330-f58555219397","local_time":"20201226230259","is_ascension_mode":true,"campfire_choices":[{"floor":15,"key":"REST"},{"floor":24,"key":"DIG"},{"floor":27,"key":"DIG"},{"floor":29,"key":"DIG"},{"floor":32,"key":"DIG"},{"data":"Shame","floor":45,"key":"PURGE"},{"data":"Parasite","floor":49,"key":"PURGE"}],"circlet_count":0,"master_deck":["Strike_P","Strike_P","Defend_P+1","Defend_P+1","Defend_P+1","Eruption+1","Vigilance+1","BattleHymn","Conclude","SashWhip+1","EmptyBody","FearNoEvil+1","Crescendo+1","InnerPeace","LessonLearned+1","Vengeance+1","Scrawl","Tantrum+1","WreathOfFlame+1","BowlingBash","Consecrate+1","Wallop","Wallop","Evaluate+1","Vault","EmptyFist+1","ClearTheMind+1","WaveOfTheHand+1","TalkToTheHand+1","Protect","Pray","ThirdEye+1","Tantrum+1","Wallop"],"relics":["Fusion Hammer","CaptainsWheel","HornCleat","Mercury Hourglass","Runic Pyramid","Shovel","Meat on the Bone","Lizard Tail","Pantograph","Anchor","Darkstone Periapt","Unceasing Top","Cursed Key","Boot","Medical Kit","Peace Pipe","Incense Burner"],"acts_visited":["Exordium","TheCity","TheBeyond"],"potions_floor_usage":[6,13],"damage_taken":[{"damage":4,"enemies":"Small Slimes","floor":1,"turns":4},{"damage":0,"enemies":"2 Louse","floor":3,"turns":1},{"damage":0,"enemies":"Cultist","floor":5,"turns":2},{"damage":1,"enemies":"3 Sentries","floor":6,"turns":2},{"damage":29,"enemies":"Exordium Thugs","floor":8,"turns":2},{"damage":1,"enemies":"Gremlin Gang","floor":11,"turns":2},{"damage":0,"enemies":"Looter","floor":12,"turns":1},{"damage":18,"enemies":"Red Slaver","floor":13,"turns":2},{"damage":1,"enemies":"Blue Slaver","floor":14,"turns":2},{"damage":5,"enemies":"Hexaghost","floor":16,"turns":6},{"damage":0,"enemies":"Spheric Guardian","floor":18,"turns":3},{"damage":4,"enemies":"Shell Parasite","floor":22,"turns":3},{"damage":0,"enemies":"Gremlin Leader","floor":23,"turns":5},{"damage":0,"enemies":"Cultist and Chosen","floor":25,"turns":3},{"damage":0,"enemies":"Centurion and Healer","floor":28,"turns":3},{"damage":0,"enemies":"Shelled Parasite and Fungi","floor":30,"turns":2},{"damage":0,"enemies":"Snake Plant","floor":31,"turns":3},{"damage":0,"enemies":"Automaton","floor":33,"turns":6},{"damage":0,"enemies":"3 Darklings","floor":35,"turns":4},{"damage":0,"enemies":"Orb Walker","floor":36,"turns":2},{"damage":3,"enemies":"Sphere and 2 Shapes","floor":37,"turns":4},{"damage":15,"enemies":"Writhing Mass","floor":38,"turns":4},{"damage":0,"enemies":"Reptomancer","floor":40,"turns":4},{"damage":0,"enemies":"Jaw Worm Horde","floor":42,"turns":6},{"damage":0,"enemies":"Sphere and 2 Shapes","floor":44,"turns":6},{"damage":0,"enemies":"Nemesis","floor":46,"turns":4},{"damage":0,"enemies":"Writhing Mass","floor":47,"turns":6},{"damage":0,"enemies":"3 Darklings","floor":48,"turns":3},{"damage":12,"enemies":"Donu and Deca","floor":50,"turns":8}],"seed_played":"526755157939842920","potions_obtained":[{"floor":1,"key":"Swift Potion"},{"floor":8,"key":"DuplicationPotion"},{"floor":12,"key":"DuplicationPotion"},{"floor":16,"key":"Swift Potion"},{"floor":22,"key":"Dexterity Potion"},{"floor":31,"key":"SmokeBomb"},{"floor":35,"key":"FairyPotion"}],"is_trial":false,"path_per_floor":["M","?","M","?","M","E","?","M","T","T","M","M","M","M","R","B",null,"M","?","$","?","M","E","R","M","T","R","M","R","M","M","R","B",null,"M","M","M","M","?","E","$","M","T","M","R","E","M","M","R","B",null],"character_chosen":"WATCHER","items_purchased":["Shovel","TalkToTheHand","Protect","Medical Kit"],"campfire_rested":1,"item_purchase_floors":[20,41,41,41],"current_hp_per_floor":[68,68,68,68,68,67,72,43,43,43,42,42,24,23,46,41,77,77,63,63,63,59,59,59,59,59,59,59,59,59,59,59,82,82,82,82,79,64,64,64,64,64,70,70,70,70,76,76,76,79],"gold":132,"neow_bonus":"BOSS_RELIC","is_daily":false,"chose_seed":false,"campfire_upgraded":0,"win_rate":0.0,"timestamp":1609045379,"path_taken":["M","?","M","?","M","E","?","M","T","?","?","M","M","M","R","BOSS","M","?","$","?","?","E","R","M","T","R","?","R","M","M","R","BOSS","M","M","M","M","?","E","$","M","T","?","R","E","M","M","R","BOSS"],"items_purchased_type":["Relic","Card","Card","Relic"],"build_version":"2020-12-22","purchased_purges":1,"victory":true,"max_hp_per_floor":[72,72,72,72,72,72,77,77,77,77,77,77,77,77,77,77,77,77,82,82,82,82,82,82,82,82,82,82,82,82,82,82,82,82,82,82,82,82,82,82,82,82,88,88,88,88,94,94,91,91],"card_choices":[{"not_picked":["FollowUp","CrushJoints"],"picked":"BattleHymn","floor":1},{"not_picked":["PathToVictory","Protect"],"picked":"Conclude","floor":3},{"not_picked":["FollowUp","Sanctity"],"picked":"SashWhip","floor":5},{"not_picked":["CutThroughFate","EmptyFist"],"picked":"EmptyBody","floor":6},{"not_picked":["Crescendo","Prostrate"],"picked":"FearNoEvil","floor":8},{"not_picked":["PathToVictory","EmptyBody"],"picked":"Crescendo","floor":11},{"not_picked":["CarveReality","Weave"],"picked":"InnerPeace","floor":12},{"not_picked":["Halt","LikeWater"],"picked":"LessonLearned","floor":13},{"not_picked":["EmptyBody","JustLucky"],"picked":"Vengeance","floor":14},{"not_picked":["Judgement","Devotion"],"picked":"Scrawl","floor":16},{"not_picked":["FollowUp","BowlingBash"],"picked":"Tantrum","floor":18},{"not_picked":["Prostrate","SashWhip"],"picked":"BowlingBash","floor":22},{"not_picked":["InnerPeace","Worship+1"],"picked":"Consecrate+1","floor":23},{"not_picked":["Consecrate","EmptyFist","Weave"],"picked":"SKIP","floor":25},{"not_picked":["WreathOfFlame","WheelKick"],"picked":"Wallop","floor":28},{"not_picked":["Prostrate","EmptyFist+1"],"picked":"Wallop","floor":30},{"not_picked":["Crescendo","Study"],"picked":"Evaluate+1","floor":31},{"not_picked":["Establishment","MasterReality"],"picked":"Vault","floor":33},{"not_picked":["PathToVictory","FearNoEvil"],"picked":"EmptyFist+1","floor":35},{"not_picked":["JustLucky","SashWhip","Prostrate"],"picked":"SKIP","floor":36},{"not_picked":["Halt","Crescendo"],"picked":"ClearTheMind","floor":37},{"not_picked":["Conclude+1","Meditate","Crescendo"],"picked":"SKIP","floor":38},{"not_picked":["Collect+1","DeceiveReality+1"],"picked":"WaveOfTheHand","floor":40},{"not_picked":["Prostrate+1","Conclude"],"picked":"Pray","floor":42},{"not_picked":["MasterReality","Weave+1","BowlingBash"],"picked":"SKIP","floor":44},{"not_picked":["Study+1","ClearTheMind"],"picked":"ThirdEye+1","floor":46},{"not_picked":["Crescendo","Halt+1"],"picked":"Tantrum","floor":47},{"not_picked":["SashWhip+1","Crescendo+1"],"picked":"Wallop","floor":48}],"player_experience":350678,"relics_obtained":[{"floor":6,"key":"CaptainsWheel"},{"floor":9,"key":"HornCleat"},{"floor":10,"key":"Mercury Hourglass"},{"floor":23,"key":"Meat on the Bone"},{"floor":24,"key":"Lizard Tail"},{"floor":26,"key":"Pantograph"},{"floor":27,"key":"Anchor"},{"floor":29,"key":"Darkstone Periapt"},{"floor":32,"key":"Unceasing Top"},{"floor":40,"key":"Boot"},{"floor":43,"key":"Peace Pipe"},{"floor":46,"key":"Incense Burner"}],"event_choices":[{"damage_healed":0,"gold_gain":0,"player_choice":"Grow","damage_taken":0,"max_hp_gain":0,"max_hp_loss":0,"event_name":"Living Wall","floor":2,"gold_loss":0,"cards_upgraded":["Eruption"]},{"cards_removed":["Strike_P"],"damage_healed":0,"gold_gain":0,"player_choice":"Card Removal","damage_taken":0,"max_hp_gain":0,"max_hp_loss":0,"event_name":"The Cleric","floor":4,"gold_loss":50},{"damage_healed":0,"gold_gain":0,"player_choice":"Donut","damage_taken":0,"max_hp_gain":5,"max_hp_loss":0,"event_name":"Big Fish","floor":7,"gold_loss":0},{"damage_healed":0,"gold_gain":0,"player_choice":"Shed Blood","damage_taken":19,"max_hp_gain":5,"max_hp_loss":0,"event_name":"Forgotten Altar","floor":19,"gold_loss":0},{"damage_healed":0,"gold_gain":0,"cards_transformed":["Strike_P"],"player_choice":"Transformed","damage_taken":0,"max_hp_gain":0,"max_hp_loss":0,"event_name":"Transmorgrifier","floor":21,"gold_loss":0,"cards_obtained":["WreathOfFlame"]},{"damage_healed":0,"gold_gain":0,"player_choice":"Bought 0 Potions","damage_taken":0,"max_hp_gain":0,"max_hp_loss":0,"event_name":"The Woman in Blue","floor":39,"gold_loss":0}],"is_beta":false,"boss_relics":[{"not_picked":["Tiny House","Philosopher\u0027s Stone"],"picked":"Runic Pyramid"},{"not_picked":["Velvet Choker","Astrolabe"],"picked":"Cursed Key"}],"items_purged_floors":[20],"is_endless":false,"potions_floor_spawned":[1,8,12,16,22,23,30,31,35,36,40,42],"ascension_level":1}}