{"host":"nptej036rrbiurf5","time":1609047611,"event":{"mods":["BaseMod","Colored Map","Colored Powertips","DeckTracker","Minty Spire (QoL Compilation)","StSLib","SuperFastMode"],"gold_per_floor":[114,114,114,125,144,144,174,190,216,235,235,249,249,264,264,343,343,363,373,397,415,425,425,460,476,476,493,493,63,63,21,21,98,98,109,157,171,191,191,218,218,252,326,326,361,361,372,41,41,41,41,41],"floor_reached":51,"playtime":2020,"items_purged":[],"score":1618,"play_id":"033c991c-c4b4-420f-9483-a8ba35a4b0a9","local_time":"20201227144011","is_ascension_mode":true,"campfire_choices":[{"floor":11.0,"key":"REST"},{"data":"Perfected Strike","floor":13.0,"key":"SMITH"},{"data":"Perfected Strike","floor":15.0,"key":"SMITH"},{"floor":23.0,"key":"REST"},{"data":"Armaments","floor":32.0,"key":"SMITH"},{"floor":46,"key":"RECALL"},{"floor":49,"key":"REST"}],"circlet_count":0,"master_deck":["AscendersBane","Strike_R","Strike_R","Strike_R","Strike_R","Strike_R","Defend_R","Defend_R","Bash","Berserk+1","Burning Pact","Perfected Strike+1","Offering","Perfected Strike","Perfected Strike+1","Rage","Shrug It Off","Immolate","Pommel Strike","Warcry","Twin Strike+1","Armaments+1","Ghostly","Ghostly","Ghostly","Headbutt","Battle Trance","Shockwave","Offering","Feel No Pain","Pommel Strike","Madness","Madness","Perfected Strike+1","Exhume","Disarm","Shrug It Off","Second Wind","Pommel Strike","Perfected Strike+1"],"relics":["Burning Blood","Ancient Tea Set","Regal Pillow","Runic Pyramid","Dream Catcher","Nunchaku","Anchor","OrangePellets","Mummified Hand","Fusion Hammer","Calipers","Paper Frog","White Beast Statue","Akabeko","StrikeDummy","ClockworkSouvenir"],"acts_visited":["Exordium","TheCity","TheBeyond"],"potions_floor_usage":[33,42,50],"damage_taken":[{"damage":27.0,"enemies":"Jaw Worm","floor":1.0,"turns":4.0},{"damage":19.0,"enemies":"Small Slimes","floor":4.0,"turns":4.0},{"damage":0.0,"enemies":"2 Louse","floor":5.0,"turns":2.0},{"damage":0.0,"enemies":"Lagavulin","floor":6.0,"turns":1.0},{"damage":18.0,"enemies":"Exordium Thugs","floor":8.0,"turns":4.0},{"damage":44.0,"enemies":"Gremlin Gang","floor":10.0,"turns":5.0},{"damage":0.0,"enemies":"2 Fungi Beasts","floor":12.0,"turns":2.0},{"damage":6.0,"enemies":"Large Slime","floor":14.0,"turns":2.0},{"damage":48.0,"enemies":"The Guardian","floor":16.0,"turns":8.0},{"damage":6.0,"enemies":"Chosen","floor":18.0,"turns":3.0},{"damage":15.0,"enemies":"2 Thieves","floor":19.0,"turns":3.0},{"damage":16.0,"enemies":"Snake Plant","floor":21.0,"turns":3.0},{"damage":31.0,"enemies":"Centurion and Healer","floor":22.0,"turns":4.0},{"damage":39.0,"enemies":"Gremlin Leader","floor":24.0,"turns":5.0},{"damage":10.0,"enemies":"3 Cultists","floor":25.0,"turns":4.0},{"damage":9.0,"enemies":"Snake Plant","floor":27.0,"turns":2.0},{"damage":7,"enemies":"Collector","floor":33,"turns":8},{"damage":1,"enemies":"Orb Walker","floor":35,"turns":2},{"damage":13,"enemies":"2 Orb Walkers","floor":36,"turns":5},{"damage":6,"enemies":"3 Shapes","floor":37,"turns":4},{"damage":6,"enemies":"Jaw Worm Horde","floor":38,"turns":5},{"damage":0,"enemies":"Reptomancer","floor":40,"turns":5},{"damage":7,"enemies":"Giant Head","floor":42,"turns":6},{"damage":6,"enemies":"Nemesis","floor":45,"turns":5},{"damage":6,"enemies":"4 Shapes","floor":47,"turns":1},{"damage":16,"enemies":"Donu and Deca","floor":50,"turns":9},{"damage":37,"enemies":"Awakened One","floor":51,"turns":4}],"seed_played":"-8370072395119500008","potions_obtained":[{"floor":5.0,"key":"SmokeBomb"},{"floor":8.0,"key":"BloodPotion"},{"floor":10.0,"key":"Dexterity Potion"},{"floor":16.0,"key":"Fire Potion"},{"floor":21.0,"key":"Swift Potion"},{"floor":24.0,"key":"AttackPotion"},{"floor":25.0,"key":"SneckoOil"},{"floor":27.0,"key":"PowerPotion"},{"floor":33,"key":"EssenceOfSteel"},{"floor":37,"key":"FairyPotion"},{"floor":38,"key":"Regen Potion"},{"floor":45,"key":"GamblersBrew"},{"floor":47,"key":"ElixirPotion"}],"is_trial":false,"path_per_floor":["M","?","?","M","M","E","?","M","T","M","R","M","R","M","R","B",null,"M","M","T","M","M","R","E","M","T","M","?","$","?","$","R","B",null,"M","?","M","M","?","E","?","E","T","?","E","R","M","$","R","B","B"],"character_chosen":"IRONCLAD","items_purchased":["OrangePellets","Mummified Hand","Shockwave","ClockworkSouvenir","Shrug It Off","Second Wind","Pommel Strike"],"campfire_rested":3,"item_purchase_floors":[29,29,31,48,48,48,48],"current_hp_per_floor":[47,47,47,34,40,46,46,34,34,11,48,54,54,54,54,12,59,59,50,50,40,15,52,19,15,15,12,12,12,12,12,12,11,31,36,29,29,29,22,28,28,37,37,37,37,37,37,37,37,27,1,1],"gold":41,"neow_bonus":"ONE_RANDOM_RARE_CARD","is_daily":false,"chose_seed":false,"campfire_upgraded":3,"win_rate":0.0,"timestamp":1609047611,"path_taken":["M","?","?","M","M","E","?","?","T","M","R","M","R","M","R","BOSS","M","?","?","M","M","R","E","M","T","M","?","$","?","$","R","BOSS","M","?","M","M","?","E","?","E","T","?","E","R","M","$","R","BOSS","BOSS"],"items_purchased_type":["Relic","Relic","Card","Relic","Card","Card","Card"],"build_version":"2020-12-22","purchased_purges":0,"victory":false,"max_hp_per_floor":[75,75,75,75,75,75,75,75,75,75,75,75,75,75,75,75,75,75,75,75,75,75,75,75,75,75,75,37,37,37,37,37,37,37,37,37,37,37,37,37,37,37,37,37,37,37,37,37,37,37,37,37],"card_choices":[{"not_picked":["Body Slam","Sword Boomerang"],"picked":"Burning Pact","floor":1.0},{"not_picked":["Clash","Flame Barrier"],"picked":"Perfected Strike","floor":4.0},{"not_picked":["Warcry","Heavy Blade"],"picked":"Offering","floor":5.0},{"not_picked":["Hemokinesis","Searing Blow"],"picked":"Perfected Strike","floor":8.0},{"not_picked":["Thunderclap","Twin Strike"],"picked":"Perfected Strike","floor":10.0},{"not_picked":["Carnage","Blood for Blood"],"picked":"Rage","floor":12.0},{"not_picked":["Dropkick","Fire Breathing"],"picked":"Shrug It Off","floor":14.0},{"not_picked":["Reaper","Bludgeon"],"picked":"Immolate","floor":16.0},{"not_picked":["Burning Pact","Carnage","Combust"],"picked":"SKIP","floor":18.0},{"not_picked":["Metallicize","Cleave"],"picked":"Pommel Strike","floor":19.0},{"not_picked":["Power Through","Anger","Rampage"],"picked":"SKIP","floor":21.0},{"not_picked":["Evolve","Dark Embrace"],"picked":"Warcry","floor":22.0},{"not_picked":["Clash","Iron Wave"],"picked":"Rage","floor":23.0},{"not_picked":["Clash+1","Shrug It Off"],"picked":"Twin Strike+1","floor":24.0},{"not_picked":["Body Slam","Pommel Strike","Blood for Blood+1"],"picked":"SKIP","floor":25.0},{"not_picked":["Carnage+1","Pommel Strike"],"picked":"Armaments","floor":27.0},{"not_picked":["Fiend Fire","Bludgeon"],"picked":"Offering","floor":33},{"not_picked":["Shrug It Off","Cleave+1","Rage+1"],"picked":"SKIP","floor":35},{"not_picked":["Wild Strike","Clash"],"picked":"Feel No Pain","floor":36},{"not_picked":["Hemokinesis+1","Flex","Ghostly Armor"],"picked":"SKIP","floor":37},{"not_picked":["True Grit","Sword Boomerang"],"picked":"Pommel Strike","floor":38},{"not_picked":["Dual Wield","Armaments+1"],"picked":"Perfected Strike+1","floor":40},{"not_picked":["Reckless Charge","Thunderclap+1"],"picked":"Exhume","floor":42},{"not_picked":["Sword Boomerang","Fiend Fire","Clash"],"picked":"SKIP","floor":45},{"not_picked":["Twin Strike+1","Headbutt"],"picked":"Disarm","floor":47},{"not_picked":["Havoc","Armaments"],"picked":"Perfected Strike+1","floor":49}],"player_experience":855711,"relics_obtained":[{"floor":9.0,"key":"Regal Pillow"},{"floor":20.0,"key":"Dream Catcher"},{"floor":24.0,"key":"Nunchaku"},{"floor":26.0,"key":"Anchor"},{"floor":36,"key":"Calipers"},{"floor":40,"key":"Paper Frog"},{"floor":42,"key":"White Beast Statue"},{"floor":44,"key":"Akabeko"},{"floor":45,"key":"StrikeDummy"}],"event_choices":[{"damage_healed":0.0,"max_hp_gain":0.0,"max_hp_loss":0.0,"gold_gain":0.0,"event_name":"Living Wall","player_choice":"Grow","floor":2.0,"gold_loss":0.0,"damage_taken":0.0,"cards_upgraded":["Berserk"]},{"damage_healed":0.0,"max_hp_gain":0.0,"max_hp_loss":0.0,"gold_gain":0.0,"event_name":"Shining Light","player_choice":"Ignored","floor":3.0,"gold_loss":0.0,"damage_taken":0.0},{"damage_healed":0.0,"max_hp_gain":0.0,"max_hp_loss":0.0,"gold_gain":30.0,"event_name":"Dead Adventurer","player_choice":"Searched \u00272\u0027 times","floor":7.0,"gold_loss":0.0,"damage_taken":0.0,"relics_obtained":["Ancient Tea Set"]},{"damage_healed":0.0,"max_hp_gain":0.0,"max_hp_loss":38.0,"gold_gain":0.0,"event_name":"Ghosts","player_choice":"Became a Ghost","floor":28.0,"gold_loss":0.0,"damage_taken":0.0,"cards_obtained":["Ghostly","Ghostly","Ghostly"]},{"damage_healed":0.0,"max_hp_gain":0.0,"max_hp_loss":0.0,"gold_gain":0.0,"cards_transformed":["Defend_R","Defend_R"],"event_name":"Drug Dealer","player_choice":"Became Test Subject","floor":30.0,"gold_loss":0.0,"damage_taken":0.0,"cards_obtained":["Headbutt","Battle Trance"]},{"damage_healed":0,"gold_gain":0,"player_choice":"Fight","damage_taken":0,"max_hp_gain":0,"max_hp_loss":0,"event_name":"Mysterious Sphere","floor":36,"gold_loss":0},{"damage_healed":0,"gold_gain":0,"player_choice":"Embrace Madness","damage_taken":7,"max_hp_gain":0,"max_hp_loss":0,"event_name":"Winding Halls","floor":39,"gold_loss":0,"cards_obtained":["Madness","Madness"]},{"cards_removed":["Rage"],"damage_healed":0,"gold_gain":0,"player_choice":"Removed Skill","damage_taken":0,"max_hp_gain":0,"max_hp_loss":0,"event_name":"Falling","floor":41,"gold_loss":0},{"damage_healed":0,"gold_gain":0,"player_choice":"Relic","damage_taken":0,"max_hp_gain":0,"max_hp_loss":0,"event_name":"Wheel of Change","floor":44,"gold_loss":0}],"is_beta":false,"boss_relics":[{"not_picked":["Black Star","Pandora\u0027s Box"],"picked":"Runic Pyramid"},{"not_picked":["Runic Cube","Black Blood"],"picked":"Fusion Hammer"}],"items_purged_floors":[],"is_endless":false,"potions_floor_spawned":[5,8,10,16,21,24,25,27,33,37,38,40,45,47],"killed_by":"Awakened One","ascension_level":20}}