{"host":"3c27c697js19kaoo","time":1609054031,"event":{"mods":["ATMod(阿瑾Mod)","Aspiration","BaseMod","CapriCore","Dota2Spire","Hermit","Minty Spire (QoL Compilation)","Quick Restart","Remilia（蕾米莉亚）","Replay The Spire","Robot Space Explorer","RumiaBox-露米娅的神秘盒子","Spicy Shops","StSLib","The Alterego","The Cursed","The Runesmith","The Servant 0.9.4","vexMod","【功能Mod】混沌之环修复补丁","【遗物卡牌】REMEMod"],"gold_per_floor":[114,129,129,109,124,124,124,124,124,124,139,169,169,184,184,184,184],"floor_reached":16,"playtime":382,"items_purged":[],"score":100,"play_id":"1f7b99c5-e73e-4280-9984-952598e65a9a","local_time":"20201227152711","daily_mods":["Chimera","Red Cards","Lethality"],"is_ascension_mode":false,"campfire_choices":[{"data":"ScarletCoffin","floor":6.0,"key":"SMITH"},{"data":"AT_OneInchPunch","floor":8.0,"key":"SMITH"},{"data":"Perfected Strike","floor":15,"key":"SMITH"}],"circlet_count":0,"master_deck":["Bash","Survivor","Zap","Eruption+1","Strike_R+1","Strike_G+1","Strike_B+1","Defend_R","Defend_G","Defend_P","AT_OneInchPunch+1","ScarletCoffin+1","Perfected Strike+1","Thunderclap","FearNoEvil","Fire Breathing","Dual Wield+1","Sword Boomerang","Cleave","REME_TheLastStrike+1"],"relics":["PureWater","REME_ComplimentaryCards","AT_ATBox","Golden Egg","Dota2Spire:BlackKingBar","Dota2Spire:EchoSabre","AT_GuinsooRageblade","Gambling Chip"],"acts_visited":["Exordium"],"potions_floor_usage":[16,16],"damage_taken":[{"damage":8.0,"enemies":"2 Louse","floor":1.0,"turns":3.0},{"damage":2.0,"enemies":"Small Slimes","floor":2.0,"turns":4.0},{"damage":1.0,"enemies":"Cultist","floor":5.0,"turns":3.0},{"damage":10.0,"enemies":"Blue Slaver","floor":11.0,"turns":3.0},{"damage":21,"enemies":"Lagavulin","floor":12,"turns":3},{"damage":0,"enemies":"Red Slaver","floor":14,"turns":1},{"damage":30,"enemies":"Hexaghost","floor":16,"turns":2}],"seed_played":"4726349093531193793","potions_obtained":[{"floor":1.0,"key":"Block Potion"},{"floor":4.0,"key":"Elixir"},{"floor":5.0,"key":"Energy Potion"},{"floor":11.0,"key":"PowerPotion"},{"floor":14,"key":"Dota2Spire:Clarity"}],"is_trial":false,"path_per_floor":["M","M","?","?","M","R","?","R","T","?","M","E","T","M","R","B"],"character_chosen":"WATCHER","items_purchased":[],"campfire_rested":0,"item_purchase_floors":[],"current_hp_per_floor":[64,62,62,62,61,61,61,61,61,61,51,30,30,30,30,0,0],"gold":184,"neow_bonus":"","is_daily":true,"chose_seed":false,"campfire_upgraded":3,"win_rate":0.0,"timestamp":1609054031,"path_taken":["M","M","?","?","?","R","?","R","T","?","?","E","?","M","R","BOSS"],"items_purchased_type":[],"build_version":"2020-12-22","purchased_purges":0,"victory":false,"max_hp_per_floor":[72,72,72,72,72,72,72,72,72,72,72,72,72,72,72,72,72],"card_choices":[{"not_picked":["ReplayTheSpireMod:Strike From Hell","Rupture"],"picked":"Perfected Strike","floor":1.0},{"not_picked":["WheelKick","PathToVictory"],"picked":"Thunderclap","floor":2.0},{"not_picked":["Sword Boomerang","Perfected Strike","WaveOfTheHand"],"picked":"SKIP","floor":5.0},{"not_picked":["Perfected Strike","PathToVictory","Replay:ManipulateFuture"],"picked":"SKIP","floor":11.0},{"not_picked":["Iron Wave","Adaptation","CutThroughFate"],"picked":"SKIP","floor":12},{"not_picked":["ReplayTheSpireMod:Strike From Hell","Consecrate"],"picked":"REME_TheLastStrike","floor":14}],"player_experience":189769,"relics_obtained":[{"floor":2.0,"key":"Golden Egg"},{"floor":9.0,"key":"Dota2Spire:BlackKingBar"},{"floor":12,"key":"AT_GuinsooRageblade"},{"floor":13,"key":"Gambling Chip"}],"event_choices":[{"damage_healed":0.0,"max_hp_gain":0.0,"max_hp_loss":0.0,"gold_gain":0.0,"event_name":"The Woman in Blue","player_choice":"Bought 1 Potion","floor":4.0,"gold_loss":0.0,"damage_taken":0.0},{"damage_healed":0.0,"max_hp_gain":0.0,"max_hp_loss":0.0,"gold_gain":0.0,"event_name":"WeMeetAgain","player_choice":"Gave Potion","floor":10.0,"gold_loss":0.0,"damage_taken":0.0,"relics_obtained":["Dota2Spire:EchoSabre"]}],"is_beta":false,"boss_relics":[],"items_purged_floors":[],"is_endless":false,"potions_floor_spawned":[5,11,14],"killed_by":"Hexaghost","ascension_level":0}}