{"host":"z34yzn8hj4ic20ef","time":1609059528,"event":{"mods":["AchievementEnabler","BaseMod","Minty Spire (QoL Compilation)","StSLib","SuperFastMode"],"gold_per_floor":[109,384,396,35,52,52,52,52],"floor_reached":7,"playtime":176,"items_purged":["Regret"],"score":82,"play_id":"5d088a22-3551-464b-8e44-64bf249d8c0a","local_time":"20201227175848","is_ascension_mode":true,"campfire_choices":[{"data":"Concentrate","floor":6,"key":"SMITH"}],"circlet_count":0,"master_deck":["AscendersBane","Strike_G","Strike_G","Strike_G","Strike_G","Strike_G","Defend_G","Defend_G","Defend_G","Defend_G","Defend_G","Survivor","Neutralize","Dagger Spray","Dash","Corpse Explosion","Acrobatics","Reflex","Noxious Fumes","Concentrate+1"],"relics":["Ring of the Snake","NeowsBlessing","Orrery"],"acts_visited":["Exordium"],"potions_floor_usage":[],"damage_taken":[{"damage":0,"enemies":"Jaw Worm","floor":1,"turns":1},{"damage":0,"enemies":"Cultist","floor":3,"turns":1},{"damage":0,"enemies":"2 Louse","floor":5,"turns":1},{"damage":107,"enemies":"Gremlin Nob","floor":7,"turns":6}],"seed_played":"4515167715504866246","potions_obtained":[],"is_trial":false,"path_per_floor":["M","?","M","$","M","R","E"],"character_chosen":"THE_SILENT","items_purchased":["Orrery","Reflex","Noxious Fumes"],"campfire_rested":0,"item_purchase_floors":[4,4,4],"current_hp_per_floor":[59,59,59,59,59,59,0,0],"gold":52,"neow_bonus":"THREE_ENEMY_KILL","is_daily":false,"chose_seed":false,"campfire_upgraded":1,"win_rate":0.0,"timestamp":1609059528,"path_taken":["M","?","M","$","?","R","E"],"items_purchased_type":["Relic","Card","Card"],"build_version":"2020-12-22","purchased_purges":1,"victory":false,"max_hp_per_floor":[66,66,66,66,66,66,66,66],"card_choices":[{"not_picked":["Acrobatics","Dodge and Roll"],"picked":"Dagger Spray","floor":1},{"not_picked":["Slice","Cloak And Dagger"],"picked":"Dash","floor":3},{"not_picked":["Noxious Fumes","Poisoned Stab"],"picked":"Corpse Explosion","floor":4},{"not_picked":["Leg Sweep","Poisoned Stab"],"picked":"Acrobatics","floor":4},{"not_picked":["Cloak And Dagger","Storm of Steel"],"picked":"Concentrate","floor":5}],"player_experience":677621,"relics_obtained":[],"event_choices":[{"damage_healed":0,"gold_gain":275,"player_choice":"Desecrate","damage_taken":0,"max_hp_gain":0,"max_hp_loss":0,"event_name":"Golden Shrine","floor":2,"gold_loss":0,"cards_obtained":["Regret"]}],"is_beta":false,"boss_relics":[],"items_purged_floors":[4],"is_endless":false,"potions_floor_spawned":[],"killed_by":"Gremlin Nob","ascension_level":20}}