{"host":"wbjiqg83duq292na","time":1609093180,"event":{"mods":["BaseMod","Minty Spire (QoL Compilation)"],"gold_per_floor":[115,115,181,199,218,247,247,278,278,278,297,372,372,372,372,470,470,480,491,505,532,532,532,532,545,545,545,59,59,75,109,109,109,109],"floor_reached":33,"playtime":1506,"items_purged":[],"score":313,"play_id":"ca83e394-4f8a-45dd-a6ac-d0dce4583756","local_time":"20201227161940","is_ascension_mode":true,"campfire_choices":[{"floor":7,"key":"REST"},{"floor":10,"key":"REST"},{"floor":13,"key":"RECALL"},{"floor":15,"key":"REST"},{"floor":23,"key":"REST"},{"floor":27,"key":"REST"},{"data":"Apotheosis","floor":29,"key":"SMITH"},{"floor":32,"key":"REST"}],"circlet_count":0,"master_deck":["Strike_G","Strike_G","Strike_G","Strike_G","Defend_G","Defend_G","Defend_G","Defend_G","Survivor","Neutralize","All Out Attack","Tactician","Dagger Throw","Blade Dance","Corpse Explosion","Endless Agony","Corpse Explosion","Underhanded Strike+1","Footwork","Catalyst","Writhe","Envenom","Apotheosis+1"],"relics":["Empty Cage","Ornamental Fan","Ninja Scroll","Question Card","HoveringKite","Red Mask","FossilizedHelix","Darkstone Periapt","Lee\u0027s Waffle","Anchor","Toxic Egg 2"],"acts_visited":["Exordium","TheCity"],"potions_floor_usage":[8,8,21,33,33,33],"damage_taken":[{"damage":1,"enemies":"2 Louse","floor":1,"turns":3},{"damage":2,"enemies":"Small Slimes","floor":4,"turns":3},{"damage":1,"enemies":"Jaw Worm","floor":5,"turns":5},{"damage":28,"enemies":"3 Sentries","floor":6,"turns":8},{"damage":22,"enemies":"Lagavulin","floor":8,"turns":7},{"damage":0,"enemies":"3 Louse","floor":11,"turns":3},{"damage":44,"enemies":"Hexaghost","floor":16,"turns":11},{"damage":12,"enemies":"2 Thieves","floor":18,"turns":2},{"damage":10,"enemies":"Spheric Guardian","floor":19,"turns":4},{"damage":34,"enemies":"Snake Plant","floor":20,"turns":6},{"damage":0,"enemies":"Masked Bandits","floor":21,"turns":2},{"damage":44,"enemies":"Sentry and Sphere","floor":25,"turns":9},{"damage":0,"enemies":"3 Cultists","floor":30,"turns":2},{"damage":72,"enemies":"Gremlin Leader","floor":31,"turns":7},{"damage":57,"enemies":"Automaton","floor":33,"turns":6}],"seed_played":"-1670647605347260400","potions_obtained":[{"floor":1,"key":"Dexterity Potion"},{"floor":4,"key":"Swift Potion"},{"floor":8,"key":"Explosive Potion"},{"floor":19,"key":"SteroidPotion"},{"floor":20,"key":"LiquidMemories"},{"floor":31,"key":"Block Potion"}],"is_trial":false,"path_per_floor":["M","?","?","M","M","E","R","E","T","R","M","?","R","?","R","B",null,"M","M","M","?","?","R","?","M","T","R","$","R","M","E","R","B"],"character_chosen":"THE_SILENT","items_purchased":["Lee\u0027s Waffle","Apotheosis","Anchor"],"campfire_rested":6,"item_purchase_floors":[28,28,28],"current_hp_per_floor":[69,69,69,67,66,38,59,37,37,58,58,47,47,35,56,12,70,58,48,14,14,14,35,58,14,14,35,77,77,77,5,28,0,0],"gold":109,"neow_bonus":"BOSS_RELIC","is_daily":false,"chose_seed":false,"campfire_upgraded":1,"win_rate":0.0,"timestamp":1609093180,"path_taken":["M","?","?","M","M","E","R","E","T","R","M","?","R","?","R","BOSS","M","M","M","?","?","R","?","?","T","R","$","R","M","E","R","BOSS"],"items_purchased_type":["Relic","Card","Relic"],"build_version":"2020-12-22","purchased_purges":0,"victory":false,"max_hp_per_floor":[70,70,70,70,70,70,70,70,70,70,70,70,70,70,70,70,70,70,70,70,70,70,70,70,70,70,70,77,77,77,77,77,77,77],"card_choices":[{"not_picked":["Setup","Expertise"],"picked":"All Out Attack","floor":1},{"not_picked":["Outmaneuver","Sucker Punch"],"picked":"Tactician","floor":4},{"not_picked":["Riddle With Holes","Slice"],"picked":"Dagger Throw","floor":5},{"not_picked":["Predator","Reflex"],"picked":"Blade Dance","floor":6},{"not_picked":["Blade Dance","Setup"],"picked":"Corpse Explosion","floor":8},{"not_picked":["Slice","Dodge and Roll"],"picked":"Endless Agony","floor":11},{"not_picked":["Grand Finale","Night Terror","Bullet Time"],"picked":"Corpse Explosion","floor":16},{"not_picked":["Backstab","Dodge and Roll","Bouncing Flask+1"],"picked":"Underhanded Strike+1","floor":18},{"not_picked":["Terror","Choke","Endless Agony"],"picked":"Footwork","floor":19},{"not_picked":["Expertise+1","Terror","Blur"],"picked":"Catalyst","floor":20},{"not_picked":["Prepared","Dagger Throw+1","Deflect+1"],"picked":"Envenom","floor":25},{"not_picked":["Blur","PiercingWail","Acrobatics","Dagger Spray+1"],"picked":"SKIP","floor":30},{"not_picked":["Cloak And Dagger+1","Choke","Predator","PiercingWail+1"],"picked":"SKIP","floor":31}],"player_experience":228759,"relics_obtained":[{"floor":6,"key":"Ornamental Fan"},{"floor":8,"key":"Ninja Scroll"},{"floor":21,"key":"Red Mask"},{"floor":26,"key":"Darkstone Periapt"},{"floor":31,"key":"Toxic Egg 2"}],"event_choices":[{"damage_healed":0,"gold_gain":0,"player_choice":"Leave","damage_taken":0,"max_hp_gain":0,"max_hp_loss":0,"event_name":"The Cleric","floor":2,"gold_loss":0},{"damage_healed":0,"gold_gain":66,"player_choice":"Gained Gold","damage_taken":0,"max_hp_gain":0,"max_hp_loss":0,"event_name":"Golden Wing","floor":3,"gold_loss":0},{"damage_healed":0,"gold_gain":75,"player_choice":"Gather Gold","damage_taken":11,"max_hp_gain":0,"max_hp_loss":0,"event_name":"World of Goop","floor":12,"gold_loss":0},{"damage_healed":0,"gold_gain":0,"player_choice":"Success","damage_taken":12,"relics_obtained":["Question Card"],"max_hp_gain":0,"max_hp_loss":0,"event_name":"Scrap Ooze","floor":14,"gold_loss":0},{"damage_healed":0,"gold_gain":0,"player_choice":"Fought Bandits","damage_taken":0,"max_hp_gain":0,"max_hp_loss":0,"event_name":"Masked Bandits","floor":21,"gold_loss":0},{"damage_healed":0,"gold_gain":0,"player_choice":"Opened","damage_taken":0,"relics_obtained":["FossilizedHelix"],"max_hp_gain":0,"max_hp_loss":0,"event_name":"The Mausoleum","floor":22,"gold_loss":0,"cards_obtained":["Writhe"]},{"damage_healed":23,"gold_gain":0,"player_choice":"Heal","damage_taken":0,"max_hp_gain":0,"max_hp_loss":0,"event_name":"The Library","floor":24,"gold_loss":0}],"is_beta":false,"boss_relics":[{"not_picked":["Tiny House","Ectoplasm"],"picked":"HoveringKite"}],"items_purged_floors":[],"is_endless":false,"potions_floor_spawned":[1,4,8,19,20,31],"killed_by":"Automaton","ascension_level":1}}