{"host":"7pal6f3elqhvlig9","time":1609087861,"event":{"mods":["2.2 Compatiblity","AchievementEnabler","Arknights The Spire","BaseMod","Colored Map","Marisa£¨Ùöéë¡¡Øª×âÞÞ£©","Minty Spire (QoL Compilation)","StSLib","The Bug Knight","everything is the same but u backflip on backflip"],"gold_per_floor":[109,109,127,5,5,39,39,72,95,135,135,159,173,192,192,312,312,330,78,78,93,93,93],"floor_reached":22,"playtime":1032,"items_purged":["HollowMod:QuickDashStart","HollowMod:NailStrikeStart"],"score":263,"play_id":"c0706091-5712-4f89-a379-6b566d38b7e7","local_time":"20201228015101","is_ascension_mode":true,"campfire_choices":[{"data":"HollowMod:CornifersMapStart","floor":7.0,"key":"SMITH"},{"floor":11.0,"key":"REST"},{"data":"HollowMod:SlysStrikes","floor":15.0,"key":"SMITH"}],"circlet_count":0,"master_deck":["HollowMod:NailStrikeStart","HollowMod:NailStrikeStart","HollowMod:NailStrikeStart","HollowMod:QuickDashStart","HollowMod:QuickDashStart","HollowMod:QuickDashStart+1","HollowMod:FocusHealStart","HollowMod:PogoStrike","HollowMod:MantisMark+1","HollowMod:ChannelNail","HollowMod:CornifersMapStart+1","HollowMod:PerfectDash+1","HollowMod:CycloneSlash","HollowMod:SlysStrikes+1","HollowMod:GoodIntentions","HollowMod:DesolateDive","HollowMod:CloakDash+1"],"relics":["HollowMod:KingsSoulRelic","NeowsBlessing","Golden Idol","Art of War","Turnip","Smiling Mask","War Paint","SlaversCollar","Happy Flower"],"acts_visited":[],"potions_floor_usage":[],"damage_taken":[{"damage":0.0,"enemies":"Small Slimes","floor":1.0,"turns":1.0},{"damage":0.0,"enemies":"Jaw Worm","floor":3.0,"turns":1.0},{"damage":0.0,"enemies":"HollowMod:MossKnight","floor":6.0,"turns":1.0},{"damage":30.0,"enemies":"Gremlin Nob","floor":8.0,"turns":4.0},{"damage":25.0,"enemies":"HollowMod:MossKnight","floor":10.0,"turns":10.0},{"damage":0.0,"enemies":"Cultist","floor":12.0,"turns":3.0},{"damage":0.0,"enemies":"Large Slime","floor":13.0,"turns":5.0},{"damage":0.0,"enemies":"Blue Slaver","floor":14.0,"turns":3.0},{"damage":44.0,"enemies":"The Guardian","floor":16.0,"turns":8.0},{"damage":34.0,"enemies":"2 Thieves","floor":18.0,"turns":3.0},{"damage":13.0,"enemies":"3 Byrds","floor":21.0,"turns":4.0},{"damage":0,"enemies":"Snake Plant","floor":22,"turns":1}],"seed_played":"5867831020625486558","potions_obtained":[{"floor":3.0,"key":"SteroidPotion"},{"floor":10.0,"key":"Strength Potion"},{"floor":12.0,"key":"EssenceOfSteel"},{"floor":14.0,"key":"Explosive Potion"},{"floor":16.0,"key":"Strength Potion"},{"floor":18.0,"key":"FearPotion"}],"is_trial":false,"path_per_floor":["M","?","M","$","?","E","R","E","T","E","R","M","M","M","R","B",null,"M","$","?","M","M"],"character_chosen":"THE_BUGKNIGHT","items_purchased":["HollowMod:ChannelNail","HollowMod:CloakDash","Happy Flower"],"campfire_rested":1,"item_purchase_floors":[4,19,19],"current_hp_per_floor":[75,57,63,63,63,63,63,33,33,20,42,52,64,70,70,26,75,41,41,41,28,28,28],"gold":93,"neow_bonus":"THREE_ENEMY_KILL","is_daily":false,"chose_seed":false,"campfire_upgraded":2,"win_rate":0.0,"timestamp":1609087861,"path_taken":["M","?","M","$","?","E","R","E","T","E","R","M","M","M","R","BOSS","M","$","?","M","M"],"items_purchased_type":["Card","Card","Relic"],"build_version":"2020-12-22","purchased_purges":2,"victory":false,"max_hp_per_floor":[75,75,75,75,75,75,75,75,75,75,75,75,75,75,75,75,75,75,75,75,75,75,75],"card_choices":[{"not_picked":["HollowMod:WraithStrike","HollowMod:InfectedAttack","HollowMod:AbyssShriek"],"picked":"SKIP","floor":1.0},{"not_picked":["HollowMod:NewLittleFool","HollowMod:HeavyBlow"],"picked":"HollowMod:MantisMark","floor":3.0},{"not_picked":["HollowMod:SoulEater","HollowMod:DreamGate"],"picked":"HollowMod:CornifersMapStart","floor":6.0},{"not_picked":["HollowMod:MantisMark","HollowMod:FastStrike"],"picked":"HollowMod:PerfectDash","floor":8.0},{"not_picked":["HollowMod:VengefulVoid","HollowMod:SoulVessel"],"picked":"HollowMod:CycloneSlash","floor":10.0},{"not_picked":["HollowMod:LifebloodCocoon","HollowMod:InfectedAttack"],"picked":"HollowMod:SlysStrikes","floor":12.0},{"not_picked":["HollowMod:SiblingsSouls","HollowMod:CornifersMapStart"],"picked":"HollowMod:GoodIntentions","floor":13.0},{"not_picked":["HollowMod:TaintedHusks","HollowMod:HuntersJournal"],"picked":"HollowMod:DesolateDive","floor":14.0},{"not_picked":["HollowMod:SharpenedShadows+1","HollowMod:MantisMark+1","HollowMod:InfectedAttack"],"picked":"SKIP","floor":18.0},{"not_picked":["HollowMod:SharpenedNail","HollowMod:CycloneSlash","HollowMod:ChannelNail"],"picked":"SKIP","floor":21.0}],"player_experience":229083,"relics_obtained":[{"floor":6.0,"key":"Art of War"},{"floor":8.0,"key":"Turnip"},{"floor":9.0,"key":"Smiling Mask"},{"floor":10.0,"key":"War Paint"}],"event_choices":[{"damage_healed":0.0,"max_hp_gain":0.0,"max_hp_loss":0.0,"gold_gain":0.0,"event_name":"Golden Idol","player_choice":"Take Damage","floor":2.0,"gold_loss":0.0,"damage_taken":18.0,"relics_obtained":["Golden Idol"]},{"damage_healed":0.0,"max_hp_gain":0.0,"max_hp_loss":0.0,"gold_gain":0.0,"event_name":"Living Wall","player_choice":"Grow","floor":5.0,"gold_loss":0.0,"damage_taken":0.0,"cards_upgraded":["HollowMod:MantisMark"]},{"damage_healed":0.0,"max_hp_gain":0.0,"max_hp_loss":0.0,"gold_gain":0.0,"event_name":"Upgrade Shrine","player_choice":"Upgraded","floor":20.0,"gold_loss":0.0,"damage_taken":0.0,"cards_upgraded":["HollowMod:CloakDash"]}],"is_beta":false,"boss_relics":[{"not_picked":["Fusion Hammer","Sozu"],"picked":"SlaversCollar"}],"items_purged_floors":[4,19],"is_endless":false,"potions_floor_spawned":[3,10,12,14,16,18],"killed_by":"Snake Plant","ascension_level":3}}