{"host":"n9qtmgye2hz5t4ok","time":1609098079,"event":{"mods":["Act Like it!","BaseMod","Colored Map","Downfall","Gensokyo","Koishi","Marisa????????","Minty Spire (QoL Compilation)","StSLib","The Jungle","The Servant 0.9.4"],"gold_per_floor":[69000,69018,68054,68054,68067,68096,68096,68096,68096,68109,67194,67194,66259,66274,66274,66378,66378,66389,65602,65602,64252,64262,64287,64301,63217,63217,63292,63292,63318,63331,63351,63351,63450,63450,63468,62419,62419,62434,62448,62448,61378,61378,61405,60588,60588,59670,59684,59695,59695,59695],"floor_reached":51,"playtime":3841,"items_purged":["Strike_B","Strike_B","Defend_B","Regret","Defend_B","Defend_B","Defend_B","Scrape+1","Compile Driver+1","Zap+1"],"score":860,"play_id":"34a220fc-7809-4bbc-aa28-60ad7942d741","local_time":"20201227204119","is_ascension_mode":false,"campfire_choices":[{"data":"Hello World","floor":12,"key":"SMITH"},{"data":"Storm","floor":15,"key":"SMITH"},{"data":"Secret Technique","floor":28,"key":"SMITH"},{"data":"Apotheosis","floor":32,"key":"SMITH"},{"data":"Storm","floor":40,"key":"SMITH"},{"data":"Storm","floor":45,"key":"SMITH"},{"data":"Secret Technique","floor":49,"key":"SMITH"}],"circlet_count":0,"master_deck":["Dualcast","Steam+1","Static Discharge","BootSequence","Static Discharge","Defragment","White Noise","Deep Breath","Aggregate","Hello World+1","Lockon+1","Apotheosis+1","Storm+1","BootSequence","Machine Learning","CurseOfTheBell","Storm+1","Storm+1","Defragment","Thunder Strike+1","Secret Technique+1","Defragment","Good Instincts","Thunder Strike+1","Loop","Reboot","Capacitor+1","Reboot","Heatsinks","Secret Technique+1","Loop","Mayhem","Capacitor"],"relics":["Cracked Core","Kunai","Centennial Puzzle","DollysMirror","Thread and Needle","Anchor","Sundial","Mango","Juzu Bracelet","Molten Egg 2","Lee\u0027s Waffle","Dream Catcher","Gremlin Horn","Toolbox","Calling Bell","MealTicket","Pear","Incense Burner","Shuriken","OrangePellets","Bag of Preparation","Bird Faced Urn","Pocketwatch","TheAbacus","Meat on the Bone","InkBottle","Torii","Sling","Darkstone Periapt","Pantograph","Bottled Flame","Philosopher\u0027s Stone","FossilizedHelix","Toy Ornithopter","Cauldron","Mummified Hand","Question Card","Strange Spoon","Bag of Marbles","Toxic Egg 2","Eternal Feather","Regal Pillow","PreservedInsect","Chemical X"],"acts_visited":["Exordium","TheCity","TheBeyond"],"potions_floor_usage":[16,23,35],"damage_taken":[{"damage":0,"enemies":"Cultist","floor":1,"turns":4},{"damage":0,"enemies":"Small Slimes","floor":2,"turns":3},{"damage":1,"enemies":"2 Louse","floor":5,"turns":3},{"damage":5,"enemies":"Lagavulin","floor":6,"turns":8},{"damage":2,"enemies":"Blue Slaver","floor":10,"turns":4},{"damage":2,"enemies":"Large Slime","floor":14,"turns":4},{"damage":5,"enemies":"The Guardian","floor":16,"turns":8},{"damage":9,"enemies":"3 Byrds","floor":18,"turns":3},{"damage":0,"enemies":"2 Thieves","floor":22,"turns":2},{"damage":14,"enemies":"Book of Stabbing","floor":23,"turns":3},{"damage":9,"enemies":"Snake Plant","floor":24,"turns":3},{"damage":0,"enemies":"Slavers","floor":29,"turns":2},{"damage":0,"enemies":"Snecko","floor":30,"turns":2},{"damage":9,"enemies":"Chosen and Byrds","floor":31,"turns":3},{"damage":0,"enemies":"Champ","floor":33,"turns":5},{"damage":29,"enemies":"3 Darklings","floor":35,"turns":3},{"damage":0,"enemies":"3 Shapes","floor":38,"turns":2},{"damage":0,"enemies":"3 Darklings","floor":39,"turns":3},{"damage":0,"enemies":"Maw","floor":47,"turns":2},{"damage":0,"enemies":"Jaw Worm Horde","floor":48,"turns":1},{"damage":0,"enemies":"Donu and Deca","floor":50,"turns":2}],"seed_played":"8098907529278197175","potions_obtained":[{"floor":6,"key":"DistilledChaos"},{"floor":16,"key":"Block Potion"},{"floor":36,"key":"DistilledChaos"}],"is_trial":false,"path_per_floor":["M","M","$","?","M","E","?","?","T","M","$","R","$","M","R","B",null,"M","$","?","$","M","E","M","$","T","T","R","E","M","M","R","B",null,"M","$","?","M","M","R","$","?","T","$","R","$","M","M","R","B",null],"character_chosen":"DEFECT","items_purchased":["Kunai","Centennial Puzzle","Static Discharge","BootSequence","Guardian:BlockOnCardUsePotion","Block Potion","LiquidMemories","DollysMirror","Juzu Bracelet","Molten Egg 2","Lee\u0027s Waffle","Deep Breath","Aggregate","Hello World","Lockon+1","Dream Catcher","Gremlin Horn","Toolbox","Apotheosis","Storm","Shuriken","OrangePellets","Bag of Preparation","Storm","Bird Faced Urn","Pocketwatch","TheAbacus","Defragment","Thunder Strike+1","Secret Technique","InkBottle","Torii","Sling","Regen Potion","Good Instincts","FossilizedHelix","Toy Ornithopter","Cauldron","Reboot","Heatsinks","Mummified Hand","Question Card","Strange Spoon","Secret Technique","Loop","Toxic Egg 2","Eternal Feather","Regal Pillow","PreservedInsect","Chemical X","Mayhem"],"campfire_rested":0,"item_purchase_floors":[3,3,3,3,3,3,3,3,11,11,11,11,11,11,11,13,13,13,13,13,19,19,19,19,21,21,21,21,21,21,25,25,25,25,25,36,36,36,36,36,41,41,41,41,44,44,44,46,46,46,46],"current_hp_per_floor":[82,82,82,82,81,76,34,18,32,30,103,103,103,101,101,96,113,104,113,113,113,113,105,102,113,113,113,113,113,113,106,106,113,113,88,103,103,113,113,113,113,107,107,107,107,107,107,107,107,107],"gold":59695,"neow_bonus":"TEN_PERCENT_HP_BONUS","is_daily":false,"chose_seed":false,"campfire_upgraded":7,"win_rate":0.0,"timestamp":1609098079,"path_taken":["M","M","$","?","M","E","?","?","T","M","?","R","$","M","R","BOSS","M","$","?","$","M","E","M","?","T","?","R","E","M","M","R","BOSS","M","$","?","M","M","R","$","?","T","$","R","?","M","M","R","BOSS"],"items_purchased_type":["Relic","Relic","Card","Card","Potion","Potion","Potion","Relic","Relic","Relic","Relic","Card","Card","Card","Card","Relic","Relic","Relic","Card","Card","Relic","Relic","Relic","Card","Relic","Relic","Relic","Card","Card","Card","Relic","Relic","Relic","Potion","Card","Relic","Relic","Relic","Card","Card","Relic","Relic","Relic","Card","Card","Relic","Relic","Relic","Relic","Relic","Card"],"build_version":"2020-12-22","purchased_purges":10,"victory":true,"max_hp_per_floor":[82,82,82,82,82,82,82,82,96,96,103,103,103,103,103,103,113,113,113,113,113,113,113,113,113,113,113,113,113,113,113,113,113,113,113,113,113,113,113,113,113,107,107,107,107,107,107,107,107,107],"card_choices":[{"not_picked":["Hologram","Gash"],"picked":"Steam","floor":1},{"not_picked":["Stack","Redo","Leap"],"picked":"SKIP","floor":2},{"not_picked":["Barrage","Sweeping Beam"],"picked":"Defragment","floor":5},{"not_picked":["Multi-Cast","Conserve Battery","Gash"],"picked":"SKIP","floor":6},{"not_picked":["Loop","Rebound"],"picked":"White Noise","floor":10},{"not_picked":["Beam Cell+1","Coolheaded"],"picked":"BootSequence","floor":14},{"not_picked":["Rainbow","Fission"],"picked":"Machine Learning","floor":16},{"not_picked":["FTL+1","Reprogram"],"picked":"Storm","floor":18},{"not_picked":["Aggregate","Stack+1"],"picked":"Defragment","floor":22},{"not_picked":["Glacier","Steam","Coolheaded+1"],"picked":"SKIP","floor":23},{"not_picked":["Beam Cell+1","Compile Driver+1","Sweeping Beam+1"],"picked":"SKIP","floor":24},{"not_picked":["Sweeping Beam+1","Tempest"],"picked":"Thunder Strike+1","floor":29},{"not_picked":["Leap","Coolheaded"],"picked":"Loop","floor":30},{"not_picked":["Redo","Leap","Static Discharge"],"picked":"SKIP","floor":31},{"not_picked":["Machine Learning","Multi-Cast"],"picked":"Reboot","floor":33},{"not_picked":["Go for the Eyes+1","Gash+1"],"picked":"Capacitor+1","floor":35},{"not_picked":["Streamline+1","Beam Cell+1","Sweeping Beam+1"],"picked":"SKIP","floor":38},{"not_picked":["Stack","Go for the Eyes+1","Scrape+1"],"picked":"SKIP","floor":39},{"not_picked":["Compile Driver+1","Rebound+1","Gash+1"],"picked":"Capacitor","floor":47},{"not_picked":["Skim+1","Undo+1","Ball Lightning+1","Darkness+1"],"picked":"SKIP","floor":48}],"player_experience":43297,"relics_obtained":[{"floor":6,"key":"Anchor"},{"floor":9,"key":"Mango"},{"floor":17,"key":"MealTicket"},{"floor":17,"key":"Pear"},{"floor":17,"key":"Incense Burner"},{"floor":23,"key":"Meat on the Bone"},{"floor":26,"key":"Darkstone Periapt"},{"floor":27,"key":"Pantograph"},{"floor":29,"key":"Bottled Flame"},{"floor":43,"key":"Bag of Marbles"}],"event_choices":[{"damage_healed":0,"gold_gain":0,"player_choice":"Box","damage_taken":0,"relics_obtained":["Thread and Needle"],"max_hp_gain":0,"max_hp_loss":0,"event_name":"Big Fish","floor":4,"gold_loss":0,"cards_obtained":["Regret"]},{"damage_healed":0,"gold_gain":0,"player_choice":"Success","damage_taken":42,"relics_obtained":["Sundial"],"max_hp_gain":0,"max_hp_loss":0,"event_name":"Scrap Ooze","floor":7,"gold_loss":0},{"damage_healed":0,"gold_gain":0,"player_choice":"Entered Light","damage_taken":16,"max_hp_gain":0,"max_hp_loss":0,"event_name":"Shining Light","floor":8,"gold_loss":0,"cards_upgraded":["Steam","Zap"]},{"damage_healed":0,"gold_gain":0,"cards_transformed":["Strike_B","Strike_B"],"player_choice":"Became Test Subject","damage_taken":0,"max_hp_gain":0,"max_hp_loss":0,"event_name":"Drug Dealer","floor":20,"gold_loss":0,"cards_obtained":["Scrape","Compile Driver"]},{"damage_healed":0,"gold_gain":0,"player_choice":"Ignored","damage_taken":0,"max_hp_gain":0,"max_hp_loss":0,"event_name":"Tomb of Lord Red Mask","floor":37,"gold_loss":0},{"damage_healed":0,"gold_gain":0,"player_choice":"Max HP","damage_taken":0,"max_hp_gain":0,"max_hp_loss":6,"event_name":"Winding Halls","floor":42,"gold_loss":0}],"is_beta":false,"boss_relics":[{"not_picked":["Fusion Hammer","Cursed Key"],"picked":"Calling Bell"},{"not_picked":["FrozenCore","Sozu"],"picked":"Philosopher\u0027s Stone"}],"items_purged_floors":[3,11,13,19,21,25,36,41,44,46],"is_endless":false,"potions_floor_spawned":[6,16,29,31,39,48],"ascension_level":0}}