{"host":"J","time":1609035030,"event":{"mods":["AchievementEnabler","BaseMod","Block Reminder","Highlight Path","Minty Spire (QoL Compilation)","Permanent Neow","Quick Restart","Relic Stats","UnlockEverythingMod"],"gold_per_floor":[117,133,147,297,297,330,330,330,330],"floor_reached":8,"playtime":859,"items_purged":[],"score":112,"play_id":"8407a9ab-8474-4c6f-87f8-a15067740b86","local_time":"20201227031030","is_ascension_mode":true,"campfire_choices":[{"floor":7,"key":"REST"}],"circlet_count":0,"master_deck":["AscendersBane","Strike_B","Strike_B","Strike_B","Strike_B","Defend_B","Defend_B","Defend_B","Defend_B","Zap","Dualcast","Doom and Gloom","Reinforced Body","Turbo","Redo+1"],"relics":["Inserter","Toxic Egg 2"],"acts_visited":["Exordium"],"potions_floor_usage":[6],"damage_taken":[{"damage":4,"enemies":"2 Louse","floor":1,"turns":4},{"damage":0,"enemies":"Small Slimes","floor":2,"turns":3},{"damage":1,"enemies":"Cultist","floor":3,"turns":4},{"damage":50,"enemies":"3 Sentries","floor":6,"turns":10},{"damage":31,"enemies":"Lagavulin","floor":8,"turns":5}],"seed_played":"-6104889609956866889","potions_obtained":[{"floor":3,"key":"Energy Potion"},{"floor":6,"key":"PowerPotion"}],"is_trial":false,"path_per_floor":["M","M","M","?","?","E","R","E"],"character_chosen":"DEFECT","items_purchased":[],"campfire_rested":1,"item_purchase_floors":[],"current_hp_per_floor":[60,60,59,59,52,2,23,0,0],"gold":330,"neow_bonus":"BOSS_RELIC","is_daily":false,"chose_seed":false,"campfire_upgraded":0,"win_rate":0.0,"timestamp":1609035030,"path_taken":["M","M","M","?","?","E","R","E"],"items_purchased_type":[],"build_version":"2020-12-18","purchased_purges":0,"victory":false,"max_hp_per_floor":[71,71,71,71,71,71,71,71,71],"relic_stats":{"Inserter":[13],"counters":[5,26],"obtain_stats":[{"Inserter":0,"Toxic Egg 2":6,"Cracked Core":0},{"Inserter":0,"Toxic Egg 2":4,"Cracked Core":0},{"Inserter":0,"Toxic Egg 2":21,"Cracked Core":0}]},"card_choices":[{"not_picked":["Beam Cell","Hologram"],"picked":"Doom and Gloom","floor":1},{"not_picked":["Auto Shields","Double Energy"],"picked":"Reinforced Body","floor":2},{"not_picked":["Redo","Reinforced Body"],"picked":"Turbo","floor":3},{"not_picked":["Recycle+1","Leap+1"],"picked":"Redo+1","floor":6}],"player_experience":194852,"relics_obtained":[{"floor":6,"key":"Toxic Egg 2"}],"event_choices":[{"damage_healed":0,"gold_gain":150,"player_choice":"AGREE","damage_taken":0,"max_hp_gain":0,"max_hp_loss":0,"event_name":"Liars Game","floor":4,"gold_loss":0,"cards_obtained":["Doubt"]},{"cards_removed":["Doubt"],"damage_healed":0,"gold_gain":0,"player_choice":"Card Removal","damage_taken":7,"max_hp_gain":0,"max_hp_loss":0,"event_name":"Golden Wing","floor":5,"gold_loss":0}],"is_beta":true,"boss_relics":[],"items_purged_floors":[],"is_endless":false,"potions_floor_spawned":[3,6],"killed_by":"Lagavulin","ascension_level":20}}