{"host":"3rixevx6n8b56xaj","time":1609072619,"event":{"mods":["2.2 Compatiblity","AchievementEnabler","Arknights The Spire","BaseMod","Colored Map","DeckTracker","Friendly Minions","Minty Spire (QoL Compilation)","StSLib","SuperFastMode"],"gold_per_floor":[114,64,81,92,109,109,134,134,134,164,164,174,174,174,174,273,273,286,303,320,344,259,293,312,80,80,111,111,137,157,177,177,281,281,291,306,306,306,326,355,355,369,447,447,465,484,497,509,509,509,509,509,13,41,41],"floor_reached":56,"playtime":2551,"items_purged":["ats:Strike C","ats:Volcano"],"score":1253,"play_id":"e07afaef-f9d2-43f4-ab1e-4633749750a7","local_time":"20201227213659","is_ascension_mode":false,"campfire_choices":[{"data":"ats:Armor Crushing Shot","floor":6.0,"key":"SMITH"},{"data":"ats:Mental Burst","floor":8.0,"key":"SMITH"},{"data":"ats:Shadow Assault","floor":13.0,"key":"SMITH"},{"data":"ats:Blood Oath","floor":15.0,"key":"SMITH"},{"data":"ats:Roar Of Ursus","floor":28,"key":"SMITH"},{"data":"ats:Calcification","floor":32,"key":"SMITH"},{"data":"Sadistic Nature","floor":41,"key":"SMITH"},{"data":"ats:Ignite","floor":44,"key":"SMITH"},{"floor":49,"key":"RECALL"},{"data":"ats:Soul Rend","floor":52,"key":"SMITH"}],"circlet_count":0,"master_deck":["ats:Strike G+1","ats:Armor Crushing Shot+1","ats:Defend+1","ats:Defend","ats:Defend","ats:Emotion Absorption+1","ats:Shell Defense","ats:Magnetic Hammer","ats:Ignite+1","ats:Mental Burst+1","ats:Shadow Assault+1","ats:Curse Doll","ats:Blood Oath+1","ats:Roar Of Ursus+1","ats:Cat Scratch","ats:Shell Defense","ats:Sunburst+1","ats:Sword Rain+1","ats:Chain Hook","ats:Leaping Hammer+1","ats:Automatic Cover","ats:Calcification+1","ats:Childhood Dance+1","Finesse","Sadistic Nature+1","ats:Healing Strengthening+1","ats:Ignite+1","ats:Flexible Camouflage+1","ats:Shell Defense+1","ats:Revitalization+1","ats:Soul Rend+1","ats:Apocalypse"],"relics":["ats:Sanity","ats:Originium","ats:Spiritual Recovery","Strawberry","ats:Originium","Gremlin Horn","Empty Cage","Oddly Smooth Stone","Vajra","ats:Originium","Art of War","Toy Ornithopter","Eternal Feather","ats:Originium","ats:Military Tradition","Regal Pillow","Velvet Choker","Ancient Tea Set","Mummified Hand","Nunchaku","Whetstone"],"acts_visited":["Exordium","TheCity","TheBeyond","TheEnding"],"potions_floor_usage":[27,27,36],"damage_taken":[{"damage":5.0,"enemies":"Jaw Worm","floor":1.0,"turns":6.0},{"damage":7.0,"enemies":"Small Slimes","floor":3.0,"turns":4.0},{"damage":0.0,"enemies":"2 Louse","floor":4.0,"turns":2.0},{"damage":1.0,"enemies":"Gremlin Gang","floor":5.0,"turns":4.0},{"damage":26.0,"enemies":"3 Sentries","floor":7.0,"turns":9.0},{"damage":0.0,"enemies":"Gremlin Nob","floor":10.0,"turns":2.0},{"damage":0.0,"enemies":"Exordium Thugs","floor":12.0,"turns":3.0},{"damage":23.0,"enemies":"The Guardian","floor":16.0,"turns":8.0},{"damage":7.0,"enemies":"2 Thieves","floor":18.0,"turns":3.0},{"damage":14.0,"enemies":"Spheric Guardian","floor":19.0,"turns":4.0},{"damage":5.0,"enemies":"Snecko","floor":20.0,"turns":4.0},{"damage":34.0,"enemies":"Gremlin Leader","floor":23.0,"turns":4.0},{"damage":15.0,"enemies":"Shelled Parasite and Fungi","floor":24.0,"turns":4.0},{"damage":19,"enemies":"Slavers","floor":27,"turns":3},{"damage":11,"enemies":"Gremlin Leader","floor":29,"turns":4},{"damage":9,"enemies":"Snake Plant","floor":30,"turns":3},{"damage":4,"enemies":"Sentry and Sphere","floor":31,"turns":3},{"damage":59,"enemies":"Automaton","floor":33,"turns":10},{"damage":16,"enemies":"3 Shapes","floor":35,"turns":6},{"damage":8,"enemies":"3 Darklings","floor":36,"turns":4},{"damage":0,"enemies":"Transient","floor":39,"turns":5},{"damage":32,"enemies":"Nemesis","floor":40,"turns":7},{"damage":29,"enemies":"Spire Growth","floor":42,"turns":5},{"damage":23,"enemies":"Maw","floor":45,"turns":6},{"damage":21,"enemies":"Jaw Worm Horde","floor":46,"turns":2},{"damage":22,"enemies":"4 Shapes","floor":47,"turns":3},{"damage":14,"enemies":"Sphere and 2 Shapes","floor":48,"turns":3},{"damage":109,"enemies":"Awakened One","floor":50,"turns":12},{"damage":71,"enemies":"Shield and Spear","floor":54,"turns":7},{"damage":379,"enemies":"The Heart","floor":55,"turns":15}],"seed_played":"-3083279914299833727","potions_obtained":[{"floor":5.0,"key":"DuplicationPotion"},{"floor":7.0,"key":"Energy Potion"},{"floor":10.0,"key":"ats:Emergency Sanity Potion"},{"floor":12.0,"key":"DuplicationPotion"},{"floor":23.0,"key":"SkillPotion"},{"floor":27,"key":"Fire Potion"},{"floor":33,"key":"FairyPotion"},{"floor":39,"key":"SpeedPotion"},{"floor":40,"key":"FairyPotion"}],"is_trial":false,"path_per_floor":["M","?","M","M","M","R","E","R","T","E","?","M","R","?","R","B",null,"M","M","M","T","?","E","M","$","T","E","R","E","M","M","R","B",null,"M","M","?","?","M","E","R","M","T","R","M","M","M","M","R","B",null,"R","$","E","B",null],"character_chosen":"DOCTOR_CLASS","items_purchased":["Toy Ornithopter","Mummified Hand","Nunchaku"],"campfire_rested":0,"item_purchase_floors":[25,53,53],"current_hp_per_floor":[74,74,70,70,71,71,51,51,58,58,41,43,43,43,43,35,86,84,72,74,74,74,48,38,38,38,34,43,44,38,34,46,25,86,70,79,69,69,82,58,73,63,63,78,73,57,46,32,50,78,82,82,82,76,26],"gold":41,"neow_bonus":"TEN_PERCENT_HP_BONUS","is_daily":false,"chose_seed":false,"campfire_upgraded":9,"win_rate":0.0,"timestamp":1609072619,"path_taken":["M","?","M","M","M","R","E","R","T","E","?","M","R","?","R","BOSS","M","M","?","?","?","E","M","?","T","E","R","E","M","M","R","BOSS","M","M","?","?","M","E","R","M","T","R","M","M","M","M","R","BOSS","R","$","E","BOSS"],"items_purchased_type":["Relic","Relic","Relic"],"build_version":"2020-12-22","purchased_purges":2,"victory":true,"max_hp_per_floor":[79,79,79,79,79,79,79,79,86,86,86,86,86,86,86,86,86,86,86,86,86,86,86,86,86,86,86,86,86,86,86,86,86,86,86,86,86,82,82,82,82,82,82,82,82,82,82,82,82,82,82,82,82,82,82],"card_choices":[{"not_picked":["ats:Assault Order","ats:Explosion Area Strengthen"],"picked":"ats:Shell Defense","floor":1.0},{"not_picked":["ats:Childhood Dance","ats:Demon Strength"],"picked":"ats:Magnetic Hammer","floor":3.0},{"not_picked":["ats:Demon Strength","ats:Flexible Camouflage"],"picked":"ats:Ignite","floor":4.0},{"not_picked":["ats:Defend Order","ats:Flexible Camouflage","ats:Healing Drone"],"picked":"SKIP","floor":5.0},{"not_picked":["ats:Flexible Camouflage","ats:Song Of Battle"],"picked":"ats:Mental Burst","floor":7.0},{"not_picked":["ats:Support Order","ats:Shell Defense"],"picked":"ats:Shadow Assault","floor":10.0},{"not_picked":["ats:Powerful Strike","ats:Ignite"],"picked":"ats:Curse Doll","floor":12.0},{"not_picked":["ats:Durian","ats:Soul Rend"],"picked":"ats:Roar Of Ursus","floor":16.0},{"not_picked":["ats:Poison Spread","ats:Revitalization","ats:Consecutive Shot Auto"],"picked":"SKIP","floor":18.0},{"not_picked":["ats:Revitalization","ats:Neurotoxin"],"picked":"ats:Cat Scratch","floor":19.0},{"not_picked":["ats:Assault Order","ats:Cat Scratch"],"picked":"ats:Shell Defense","floor":20.0},{"not_picked":["ats:Magnetic Hammer","ats:Explosion Area Strengthen"],"picked":"ats:Sunburst","floor":23.0},{"not_picked":["ats:Consecutive Shot Auto","ats:Revitalization"],"picked":"ats:Sword Rain+1","floor":24.0},{"not_picked":["ats:Steam Pump","ats:Assault Order+1"],"picked":"ats:Chain Hook","floor":27},{"not_picked":["ats:Explosion Area Strengthen","ats:Consecutive Shot Auto"],"picked":"ats:Leaping Hammer+1","floor":29},{"not_picked":["ats:Directed Diagnosis+1","ats:Assault Order"],"picked":"ats:Automatic Cover","floor":30},{"not_picked":["ats:Part Time Job+1","ats:Thermite Blade+1"],"picked":"ats:Calcification","floor":31},{"not_picked":["ats:Ambush","ats:Shadow Assault"],"picked":"ats:Volcano","floor":33},{"not_picked":["ats:Poison Spread+1","ats:Soul Absorption"],"picked":"ats:Childhood Dance+1","floor":35},{"not_picked":["ats:Explosion Area Strengthen+1","ats:Consecutive Shot Auto+1","ats:Assault Order+1"],"picked":"SKIP","floor":36},{"not_picked":["Discovery","Flash of Steel"],"picked":"Finesse","floor":37},{"not_picked":["Chrysalis","Secret Weapon"],"picked":"Sadistic Nature","floor":37},{"not_picked":["ats:Apocalypse+1","ats:Powerful Strike"],"picked":"ats:Healing Strengthening+1","floor":39},{"not_picked":["ats:Support Order","ats:Poison Spread"],"picked":"ats:Ignite+1","floor":40},{"not_picked":["ats:Hammer On+1","ats:Healing Drone"],"picked":"ats:Flexible Camouflage+1","floor":42},{"not_picked":["ats:Guardian Obelisk","ats:Poison Spread+1"],"picked":"ats:Shell Defense+1","floor":45},{"not_picked":["ats:Collapsing Strike","ats:Cat Scratch"],"picked":"ats:Revitalization+1","floor":46},{"not_picked":["ats:Assault Order","ats:Hammer On+1","ats:Ignite"],"picked":"SKIP","floor":47},{"not_picked":["ats:Explosion Area Strengthen","ats:Shell Defense"],"picked":"ats:Soul Rend","floor":48},{"not_picked":["ats:Encircling Forest","ats:Support Order+1"],"picked":"ats:Apocalypse","floor":54}],"player_experience":581837,"relics_obtained":[{"floor":7.0,"key":"ats:Originium"},{"floor":7.0,"key":"ats:Spiritual Recovery"},{"floor":9.0,"key":"Strawberry"},{"floor":10.0,"key":"ats:Originium"},{"floor":10.0,"key":"Gremlin Horn"},{"floor":21.0,"key":"Oddly Smooth Stone"},{"floor":23.0,"key":"ats:Originium"},{"floor":23.0,"key":"Art of War"},{"floor":26,"key":"Eternal Feather"},{"floor":27,"key":"ats:Originium"},{"floor":27,"key":"ats:Military Tradition"},{"floor":29,"key":"Regal Pillow"},{"floor":40,"key":"Ancient Tea Set"},{"floor":54,"key":"Whetstone"}],"event_choices":[{"cards_removed":["ats:Defend"],"damage_healed":0.0,"max_hp_gain":0.0,"max_hp_loss":0.0,"gold_gain":0.0,"event_name":"The Cleric","player_choice":"Card Removal","floor":2.0,"gold_loss":50.0,"damage_taken":0.0},{"damage_healed":0.0,"max_hp_gain":0.0,"max_hp_loss":0.0,"gold_gain":0.0,"event_name":"Shining Light","player_choice":"Entered Light","floor":11.0,"gold_loss":0.0,"damage_taken":17.0,"cards_upgraded":["ats:Defend","ats:Emotion Absorption"]},{"damage_healed":0.0,"max_hp_gain":0.0,"max_hp_loss":0.0,"gold_gain":0.0,"event_name":"Match and Keep!","player_choice":"1 cards matched","floor":14.0,"gold_loss":0.0,"damage_taken":0.0,"cards_obtained":["ats:Blood Oath"]},{"damage_healed":0.0,"max_hp_gain":0.0,"max_hp_loss":0.0,"gold_gain":0.0,"event_name":"Addict","player_choice":"Obtained Relic","floor":22.0,"gold_loss":85.0,"damage_taken":0.0,"relics_obtained":["Vajra"]},{"damage_healed":0,"gold_gain":0,"player_choice":"Memory 3","damage_taken":10,"max_hp_gain":0,"max_hp_loss":0,"event_name":"SensoryStone","floor":37,"gold_loss":0},{"damage_healed":0,"gold_gain":0,"player_choice":"Max HP","damage_taken":0,"max_hp_gain":0,"max_hp_loss":4,"event_name":"Winding Halls","floor":38,"gold_loss":0}],"is_beta":false,"boss_relics":[{"not_picked":["Sozu","Ectoplasm"],"picked":"Empty Cage"},{"not_picked":["Coffee Dripper","Calling Bell"],"picked":"Velvet Choker"}],"items_purged_floors":[25,53],"is_endless":false,"potions_floor_spawned":[5,7,10,12,23,24,27,33,39,40,42,46,54],"ascension_level":0}}