{"host":"6kpik4p6m02tzjjt","time":1609092880,"event":{"mods":["BaseMod","Colored Map","Downfall","Minty Spire (QoL Compilation)","Quick Restart","Relic Stats","Replay The Spire","StSLib"],"gold_per_floor":[99,99,99,99,99,99,122,142,142,162,178,178,229,248,258,258,258,258],"floor_reached":16,"playtime":563,"items_purged":[],"score":90,"play_id":"edfb5502-312c-4a55-8066-ae224de46103","local_time":"20201227131440","is_ascension_mode":false,"campfire_choices":[{"data":"Slimebound:Split","floor":1,"key":"SMITH"},{"data":"Slimebound:SamplingLick","floor":12,"key":"SMITH"}],"circlet_count":0,"master_deck":["Slimebound:Strike_Slimebound","Slimebound:Strike_Slimebound","Slimebound:Strike_Slimebound","Slimebound:Tackle","Slimebound:Defend_Slimebound+1","Slimebound:Defend_Slimebound","Slimebound:Defend_Slimebound","Slimebound:Defend_Slimebound","Slimebound:Split+1","Slimebound:CorrosiveSpit","Slimebound:RollThrough","Pain","Slimebound:SplitLeeching","Rupture+1","Pot Of Greed+1","Pot Of Greed","Slimebound:SamplingLick+1","Regret","Slimebound:FinishingTackle","Slimebound:SplitBruiser","Slimebound:ViciousTackle","Slimebound:Schlurp"],"relics":["downfall:HeartsMalice","m_BurningSludge","WarpedTongs","Grinning Jar","ReplayTheSpireMod:TigerMarble"],"acts_visited":["Exordium"],"potions_floor_usage":[16],"damage_taken":[{"damage":0,"enemies":"Small Slimes","floor":2,"turns":1},{"damage":0,"enemies":"2 Louse","floor":5,"turns":1},{"damage":0,"enemies":"Cultist","floor":6,"turns":1},{"damage":23,"enemies":"3 Louse","floor":8,"turns":3},{"damage":32,"enemies":"Blue Slaver","floor":10,"turns":3},{"damage":28,"enemies":"Exordium Thugs","floor":11,"turns":5},{"damage":30,"enemies":"3 Louse","floor":14,"turns":2},{"damage":17,"enemies":"2 Fungi Beasts","floor":15,"turns":2},{"damage":24,"enemies":"downfall:Silent","floor":16,"turns":1}],"seed_played":"1049616706936932020","potions_obtained":[{"floor":10,"key":"Ancient Potion"},{"floor":15,"key":"Toxic Potion"}],"is_trial":false,"path_per_floor":["R","M","?","?","M","M","T","M","?","M","M","R","T","M","M","B"],"character_chosen":"SLIMEBOUND","items_purchased":[],"campfire_rested":0,"item_purchase_floors":[],"current_hp_per_floor":[60,60,60,60,60,60,60,55,55,41,31,31,31,19,20,0,0,0],"gold":258,"neow_bonus":"THREE_ENEMY_KILL","is_daily":false,"chose_seed":false,"campfire_upgraded":2,"win_rate":0.0,"timestamp":1609092880,"path_taken":["R","M","?","?","?","M","T","M","?","M","M","R","?","M","M","BOSS"],"items_purchased_type":[],"build_version":"2020-12-22","purchased_purges":0,"victory":false,"max_hp_per_floor":[60,60,60,60,60,60,60,60,60,60,60,60,60,60,60,60,60,60],"relic_stats":{"counters":[9,15],"obtain_stats":[{"downfall:HeartsMalice":0,"Slimebound:AbsorbEndCombat":0,"ReplayTheSpireMod:TigerMarble":13,"Grinning Jar":7,"m_BurningSludge":3,"WarpedTongs":4},{"downfall:HeartsMalice":0,"Slimebound:AbsorbEndCombat":0,"ReplayTheSpireMod:TigerMarble":6,"Grinning Jar":3,"m_BurningSludge":1,"WarpedTongs":1},{"downfall:HeartsMalice":0,"Slimebound:AbsorbEndCombat":0,"ReplayTheSpireMod:TigerMarble":10,"Grinning Jar":0,"m_BurningSludge":0,"WarpedTongs":0}],"WarpedTongs":[15]},"card_choices":[{"not_picked":["Slimebound:Grow","Slimebound:SlimeBrawl"],"picked":"Slimebound:RollThrough","floor":2},{"not_picked":["Slimebound:GoopSpray","Slimebound:DivideAndConquer"],"picked":"Slimebound:SplitLeeching","floor":5},{"not_picked":["Slimebound:LeechingTouch","Slimebound:RollThrough"],"picked":"Rupture","floor":6},{"not_picked":["Rupture","Slimebound:RollThrough"],"picked":"Slimebound:SamplingLick","floor":8},{"not_picked":["Evolve","Slimebound:SamplingLick"],"picked":"Slimebound:FinishingTackle","floor":10},{"not_picked":["Slimebound:ItLooksTasty","Slimebound:Gluttony"],"picked":"Slimebound:SplitBruiser","floor":11},{"not_picked":["Slimebound:ServeAndProtect","Twin Strike"],"picked":"Slimebound:ViciousTackle","floor":14},{"not_picked":["Sword Boomerang","Slimebound:Chomp"],"picked":"Slimebound:Schlurp","floor":15}],"player_experience":45896,"relics_obtained":[{"floor":7,"key":"Grinning Jar"},{"floor":13,"key":"ReplayTheSpireMod:TigerMarble"}],"event_choices":[{"damage_healed":0,"gold_gain":0,"player_choice":"Rummage","damage_taken":0,"relics_obtained":["WarpedTongs"],"max_hp_gain":0,"max_hp_loss":0,"event_name":"Accursed Blacksmith","floor":4,"gold_loss":0,"cards_obtained":["Pain"]}],"is_beta":false,"boss_relics":[],"items_purged_floors":[],"is_endless":false,"potions_floor_spawned":[10,15],"killed_by":"downfall:Silent","ascension_level":0}}