{"host":"m6h67kf6cz80m3yv","time":1609057891,"event":{"mods":["Bartender","BaseMod","Better Third Choice","BetterRewards","CatGirl Mod","Colored Powertips","Downfall","Duelist Mod","Hermit","Marisa????????","Minty Spire (QoL Compilation)","Prisma Mod","Quick Restart","Shade Mod","Shop Mod","StSLib","SuperFastMode","The Dragon Tamer","The Marked","The Servant 0.9.4"],"gold_per_floor":[118,118,118,132,145,179,179,190,190,190,204,204,239,239,239,342,342,360,376,376,389,389,424,434,434,459,459,459,494,508,536,536,639,639,659,669,669,689,706,740,159,159,183,199,225,236,253,269,269,269],"floor_reached":51,"playtime":2699,"items_purged":[],"score":906,"play_id":"ef6e3476-0bc4-4241-8fce-3831418abc0f","local_time":"20201227063131","is_ascension_mode":false,"metric_token":1299,"campfire_choices":[{"data":"DTMod:SwitchingTactic","floor":7,"key":"SMITH"},{"floor":10,"key":"REST"},{"data":"DTMod:Adaptation","floor":12,"key":"SMITH"},{"data":"DTMod:DoubleHit","floor":15,"key":"SMITH"},{"floor":25,"key":"REST"},{"floor":32,"key":"REST"},{"data":"DTMod:Harmonize","floor":49,"key":"SMITH"}],"dtmod_dragon_data":[33,50,1,3,8,2],"circlet_count":0,"master_deck":["DTMod:Strike+1","DTMod:Strike+1","DTMod:Strike+1","DTMod:Strike+1","DTMod:DoubleHit+1","DTMod:TargetDefense+1","DTMod:TargetDefense+1","DTMod:TargetDefense+1","DTMod:TargetDefense+1","DTMod:SwitchingTactic+1","DTMod:Dissolve+1","DTMod:Feint+1","DTMod:BuildUp+1","DTMod:MagiciansMark+1","DTMod:RepeatStrike+1","DTMod:Adaptation+1","DTMod:HeatWave+1","DTMod:StunTrap+1","DTMod:HeatWave+1","DTMod:MagiciansMark+1","DTMod:Weaken+1","DTMod:LowKick+1","DTMod:Training","DTMod:ComboAttack+1","DTMod:Harmonize+1","DTMod:BalancedStrike+1","DTMod:CleansingStrike+1","DTMod:BalancedStrike+1","DTMod:QuickFly+1","DTMod:StarRain+1","DTMod:Coolant","DTMod:ComboAttack+1","DTMod:BurningForce+1","DTMod:StarRain+1"],"relics":["DTMod:PactStone","TungstenRod","Molten Egg 2","StrikeDummy","InkBottle","Bag of Marbles","DTMod:TheChair","Enchiridion","DTMod:SolidMemories","War Paint","betterThird:NestCultRelic","Pear","Ancient Tea Set","Omamori","Cursed Key","Protect_Vest","DTMod:OddArmor","Akabeko","Gambling Chip","Bottled Flame","Whetstone","DTMod:DragonFood"],"acts_visited":["Exordium","TheCity","TheBeyond"],"potions_floor_usage":[],"damage_taken":[{"damage":0,"enemies":"Small Slimes","floor":1,"turns":4},{"damage":1,"enemies":"Jaw Worm","floor":4,"turns":4},{"damage":0,"enemies":"Cultist","floor":5,"turns":4},{"damage":11,"enemies":"Lagavulin","floor":6,"turns":8},{"damage":0,"enemies":"Blue Slaver","floor":8,"turns":3},{"damage":0,"enemies":"Gremlin Gang","floor":11,"turns":3},{"damage":0,"enemies":"Gremlin Nob","floor":13,"turns":3},{"damage":2,"enemies":"Hexaghost","floor":16,"turns":7},{"damage":0,"enemies":"Chosen","floor":18,"turns":3},{"damage":0,"enemies":"Spheric Guardian","floor":19,"turns":3},{"damage":0,"enemies":"Cultist and Chosen","floor":21,"turns":5},{"damage":0,"enemies":"Book of Stabbing","floor":23,"turns":5},{"damage":0,"enemies":"Snake Plant","floor":24,"turns":4},{"damage":2,"enemies":"theDuelist:KaibaA2","floor":29,"turns":4},{"damage":10,"enemies":"3 Cultists","floor":30,"turns":4},{"damage":0,"enemies":"Book of Stabbing","floor":31,"turns":4},{"damage":31,"enemies":"Automaton","floor":33,"turns":7},{"damage":0,"enemies":"3 Darklings","floor":35,"turns":3},{"damage":0,"enemies":"Orb Walker","floor":36,"turns":2},{"damage":1,"enemies":"Transient","floor":38,"turns":5},{"damage":3,"enemies":"4 Shapes","floor":39,"turns":3},{"damage":0,"enemies":"Giant Head","floor":40,"turns":4},{"damage":0,"enemies":"3 Darklings","floor":44,"turns":2},{"damage":0,"enemies":"Nemesis","floor":45,"turns":3},{"damage":0,"enemies":"Writhing Mass","floor":46,"turns":2},{"damage":0,"enemies":"4 Shapes","floor":47,"turns":2},{"damage":0,"enemies":"Spire Growth","floor":48,"turns":2},{"damage":26,"enemies":"Donu and Deca","floor":50,"turns":6}],"seed_played":"5756679493698316184","potions_obtained":[{"floor":8,"key":"SpeedPotion"},{"floor":11,"key":"SmokeBomb"},{"floor":13,"key":"Strength Potion"},{"floor":19,"key":"champ:CounterPotion"},{"floor":24,"key":"DuplicationPotion"}],"is_trial":false,"path_per_floor":["M","?","T","M","M","E","R","M","T","R","M","R","E","?","R","B",null,"M","M","?","M","?","E","M","R","T","?","T","E","M","E","R","B",null,"M","M","?","M","M","E","$","T","T","M","E","M","M","M","R","B",null],"character_chosen":"THE_DT","items_purchased":["DTMod:OddArmor","Akabeko","Gambling Chip"],"campfire_rested":3,"item_purchase_floors":[41,41,41],"current_hp_per_floor":[49,49,49,48,48,37,37,37,37,49,49,49,49,49,49,47,49,49,49,49,49,37,37,37,49,49,49,59,57,47,47,59,28,59,59,59,59,58,55,55,55,55,55,55,55,55,55,55,55,29],"gold":269,"neow_bonus":"TEN_PERCENT_HP_BONUS","is_daily":false,"chose_seed":false,"campfire_upgraded":4,"win_rate":0.0,"timestamp":1609057891,"path_taken":["M","?","?","M","?","E","R","M","T","R","M","R","E","?","R","BOSS","M","?","?","M","?","E","M","R","T","?","?","E","M","E","R","BOSS","M","M","?","M","?","E","$","?","T","M","E","M","M","?","R","BOSS"],"items_purchased_type":["Relic","Relic","Relic"],"build_version":"2020-12-22","purchased_purges":0,"victory":true,"max_hp_per_floor":[49,49,49,49,49,49,49,49,49,49,49,49,49,49,49,49,49,49,49,49,49,49,49,49,49,49,49,59,59,59,59,59,59,59,59,59,59,59,59,59,59,59,59,59,59,59,59,59,59,59],"card_choices":[{"not_picked":["DTMod:BuildUp","DTMod:Cover"],"picked":"DTMod:Dissolve","floor":1},{"not_picked":["DTMod:RunningTactic","DTMod:GhostSkin"],"picked":"DTMod:Feint","floor":4},{"not_picked":["DTMod:MasterPlan","DTMod:BurningEnergy"],"picked":"DTMod:BuildUp","floor":5},{"not_picked":["DTMod:ForkedFire+1","DTMod:BurningEnergy"],"picked":"DTMod:MagiciansMark+1","floor":6},{"not_picked":["DTMod:Adaptation","DTMod:Dissolve"],"picked":"DTMod:RepeatStrike+1","floor":8},{"not_picked":["DTMod:Conduct","DTMod:BurningEnergy"],"picked":"DTMod:Adaptation","floor":11},{"not_picked":["DTMod:Weaken","DTMod:BurningEnergy"],"picked":"DTMod:HeatWave+1","floor":13},{"not_picked":["DTMod:Multitask","DTMod:ResonanceForm"],"picked":"DTMod:StunTrap","floor":16},{"not_picked":["DTMod:Hide","DTMod:BuildUp+1"],"picked":"DTMod:HeatWave+1","floor":18},{"not_picked":["DTMod:FlameSlash+1","DTMod:Observe","DTMod:ForkedFire+1"],"picked":"SKIP","floor":19},{"not_picked":["DTMod:Observe","DTMod:TauntingStrike+1"],"picked":"DTMod:MagiciansMark+1","floor":21},{"not_picked":["DTMod:FlameSlash+1","DTMod:BizarreTactic"],"picked":"DTMod:Weaken+1","floor":23},{"not_picked":["DTMod:Punisher+1","DTMod:Multitask"],"picked":"DTMod:LowKick+1","floor":24},{"not_picked":["DTMod:BreakAttack+1","DTMod:InvisibleFlame"],"picked":"DTMod:Training","floor":29},{"not_picked":["DTMod:RunningTactic+1","DTMod:CleansingStrike+1"],"picked":"DTMod:ComboAttack+1","floor":30},{"not_picked":["DTMod:Observe","DTMod:Dissolve"],"picked":"DTMod:WarmUp","floor":31},{"not_picked":["DTMod:SealedStrike+1","DTMod:ResonanceForm"],"picked":"DTMod:Harmonize","floor":33},{"not_picked":["DTMod:BizarreTactic+1","DTMod:RunningTactic+1"],"picked":"DTMod:BalancedStrike+1","floor":35},{"not_picked":["DTMod:MasterPlan+1","DTMod:Observe"],"picked":"DTMod:CleansingStrike+1","floor":36},{"not_picked":["DTMod:LastStand","DTMod:DarkBreath+1"],"picked":"DTMod:BalancedStrike+1","floor":38},{"not_picked":["DTMod:CrossStep+1","DTMod:HeatWave+1"],"picked":"DTMod:QuickFly+1","floor":39},{"not_picked":["DTMod:ExcessFootwork","DTMod:GearUp","DTMod:Cover"],"picked":"SKIP","floor":40},{"not_picked":["DTMod:Weaken+1","DTMod:BurningEnergy+1"],"picked":"DTMod:StarRain+1","floor":44},{"not_picked":["DTMod:CleansingStrike+1","DTMod:Weaken"],"picked":"DTMod:Coolant","floor":45},{"not_picked":["DTMod:BuildUp+1","DTMod:StarRain+1"],"picked":"DTMod:ComboAttack+1","floor":46},{"not_picked":["DTMod:HeatWave+1","DTMod:MasterPlan+1"],"picked":"DTMod:BurningForce+1","floor":47},{"not_picked":["DTMod:BlueScale","DTMod:Inferno+1"],"picked":"DTMod:StarRain+1","floor":48}],"player_experience":308808,"relics_obtained":[{"floor":3,"key":"TungstenRod"},{"floor":6,"key":"Molten Egg 2"},{"floor":9,"key":"StrikeDummy"},{"floor":13,"key":"InkBottle"},{"floor":22,"key":"Enchiridion"},{"floor":23,"key":"DTMod:SolidMemories"},{"floor":26,"key":"War Paint"},{"floor":28,"key":"Pear"},{"floor":29,"key":"Ancient Tea Set"},{"floor":31,"key":"Omamori"},{"floor":40,"key":"Protect_Vest"},{"floor":42,"key":"Bottled Flame"},{"floor":43,"key":"Whetstone"},{"floor":45,"key":"DTMod:DragonFood"}],"event_choices":[{"damage_healed":0,"gold_gain":0,"player_choice":"Grow","damage_taken":0,"max_hp_gain":0,"max_hp_loss":0,"event_name":"Living Wall","floor":2,"gold_loss":0,"cards_upgraded":["DTMod:Dissolve"]},{"damage_healed":0,"gold_gain":0,"player_choice":"Gave Potion","damage_taken":0,"relics_obtained":["Bag of Marbles"],"max_hp_gain":0,"max_hp_loss":0,"event_name":"WeMeetAgain","floor":14,"gold_loss":0},{"damage_healed":0,"gold_gain":0,"player_choice":"Simplicity","damage_taken":0,"max_hp_gain":0,"max_hp_loss":8,"event_name":"betterThird:BetterWriting","floor":20,"gold_loss":0},{"damage_healed":0,"gold_gain":0,"player_choice":"Obtained Book","damage_taken":16,"max_hp_gain":0,"max_hp_loss":0,"event_name":"Cursed Tome","floor":22,"gold_loss":0},{"damage_healed":0,"gold_gain":0,"player_choice":"Madness","damage_taken":0,"relics_obtained":["betterThird:NestCultRelic"],"max_hp_gain":0,"max_hp_loss":0,"event_name":"betterThird:BetterNest","floor":27,"gold_loss":0},{"cards_removed":["DTMod:WarmUp"],"damage_healed":0,"gold_gain":0,"player_choice":"Offered Uncommon","damage_taken":0,"max_hp_gain":0,"max_hp_loss":0,"event_name":"Bonfire Elementals","floor":37,"gold_loss":0}],"is_beta":false,"boss_relics":[{"not_picked":["Astrolabe","Ectoplasm"],"picked":"DTMod:TheChair"},{"not_picked":["Pandora\u0027s Box","SlaversCollar"],"picked":"Cursed Key"}],"items_purged_floors":[],"is_endless":false,"potions_floor_spawned":[8,11,13,19,24,30,36,39,40,45],"ascension_level":0}}