{"host":"wghdsg8ym2wc7ov9","time":1609031399,"event":{"mods":["AchievementEnabler","Astrologer","Bard","BaseMod","Beaked The Cultist","Better Altar","Better Note","Colored Map","Hermit","Highlight Path","Jorbs\u0027s Wanderer Trilogy","Minty Spire (QoL Compilation)","Random Character Button","Relic Stats","Shop Mod","StSLib","The Blackbeard","The Bladedancer","The Cursed","The Gatherer","The Hierophant","The Mystic","The Senshi","The Servant 0.9.4"],"gold_per_floor":[118,129,139,157,157,157,195,195,195,195,40,40,55,55,55,176,176,201,5,19,33,33,33,76,76,76,96,172,172,185,226,226,351,351,365,386,402,735,26,26,26],"floor_reached":40,"playtime":5947,"items_purged":[],"score":522,"play_id":"f0155aed-ca25-4926-b990-098cd01dc59f","local_time":"20201226170959","is_ascension_mode":true,"campfire_choices":[{"floor":6.0,"key":"RECALL"},{"floor":10.0,"key":"REST"},{"floor":12.0,"key":"REST"},{"data":"Vault","floor":15.0,"key":"SMITH"},{"floor":23.0,"key":"REST"},{"floor":25.0,"key":"REST"},{"floor":29.0,"key":"REST"},{"floor":32.0,"key":"REST"}],"circlet_count":0,"master_deck":["Strike_P+1","Strike_P+1","Strike_P+1","Defend_P+1","Defend_P+1","Defend_P+1","Defend_P+1","Eruption+1","Vigilance","ReachHeaven","LikeWater+1","Perseverance","Vault+1","Injury","Tantrum","LikeWater","ClearTheMind","Indignation","InnerPeace","EmptyBody","MasterReality","JustLucky","Metamorphosis","FlurryOfBlows","BowlingBash+1","Ragnarok","Wallop","Evaluate+1","BowlingBash","ConjureBlade+1","Protect+1","ForeignInfluence+1","PathToVictory+1","Metamorphosis+1","ReachHeaven","Alpha+1","Collect+1"],"relics":["PureWater","Oddly Smooth Stone","SacredBark","Singing Bowl","Letter Opener","Toxic Egg 2","TeardropLocket","Cursed Key","PreservedInsect"],"acts_visited":["Exordium","TheCity","TheBeyond"],"potions_floor_usage":[40],"damage_taken":[{"damage":0.0,"enemies":"2 Louse","floor":1.0,"turns":2.0},{"damage":7.0,"enemies":"Small Slimes","floor":2.0,"turns":5.0},{"damage":2.0,"enemies":"Jaw Worm","floor":3.0,"turns":5.0},{"damage":0.0,"enemies":"Looter","floor":4.0,"turns":3.0},{"damage":24.0,"enemies":"Lagavulin","floor":7.0,"turns":7.0},{"damage":1.0,"enemies":"Red Slaver","floor":13.0,"turns":4.0},{"damage":66.0,"enemies":"Hexaghost","floor":16.0,"turns":13.0},{"damage":3.0,"enemies":"Shell Parasite","floor":18.0,"turns":6.0},{"damage":10.0,"enemies":"Chosen","floor":20.0,"turns":4.0},{"damage":26.0,"enemies":"Centurion and Healer","floor":21.0,"turns":8.0},{"damage":27.0,"enemies":"Gremlin Leader","floor":24.0,"turns":7.0},{"damage":22.0,"enemies":"Snake Plant","floor":27.0,"turns":4.0},{"damage":5.0,"enemies":"Snecko","floor":30.0,"turns":4.0},{"damage":18.0,"enemies":"Slavers","floor":31.0,"turns":6.0},{"damage":41.0,"enemies":"Collector","floor":33.0,"turns":10.0},{"damage":2.0,"enemies":"3 Shapes","floor":35.0,"turns":6.0},{"damage":19.0,"enemies":"Orb Walker","floor":36.0,"turns":4.0},{"damage":35.0,"enemies":"Spire Growth","floor":37.0,"turns":6.0},{"damage":44,"enemies":"beaked:SuperParasite","floor":40,"turns":4}],"seed_played":"1071215359841224789","potions_obtained":[{"floor":1.0,"key":"LiquidBronze"},{"floor":3.0,"key":"SpeedPotion"},{"floor":16.0,"key":"SpeedPotion"},{"floor":21.0,"key":"Block Potion"},{"floor":24.0,"key":"StancePotion"},{"floor":31.0,"key":"Weak Potion"},{"floor":35.0,"key":"Weak Potion"},{"floor":36.0,"key":"ColorlessPotion"}],"is_trial":false,"path_per_floor":["M","M","M","M","?","R","E","?","T","R","$","R","M","?","R","B",null,"M","$","M","M","?","R","E","R","T","M","T","R","M","E","R","B",null,"M","M","M","?","$","E"],"character_chosen":"WATCHER","items_purchased":["LikeWater","ClearTheMind","Indignation","Metamorphosis","Fruit Juice","Metamorphosis+1","ReachHeaven","Alpha+1","Collect+1","PreservedInsect"],"campfire_rested":6,"item_purchase_floors":[11,11,11,19,39,39,39,39,39,39],"current_hp_per_floor":[79,72,70,70,70,70,46,30,30,53,53,76,75,75,75,9,79,76,76,66,40,40,63,36,59,59,37,37,60,55,37,60,19,79,77,58,23,23,33,0,0],"gold":26,"neow_bonus":"TEN_PERCENT_HP_BONUS","is_daily":false,"chose_seed":false,"campfire_upgraded":1,"win_rate":0.0,"timestamp":1609031399,"path_taken":["M","M","M","M","?","R","E","?","T","R","?","R","M","?","R","BOSS","M","?","M","?","?","R","E","R","T","M","?","R","?","E","R","BOSS","M","M","M","?","$","E"],"items_purchased_type":["Card","Card","Card","Card","Potion","Card","Card","Card","Card","Relic"],"build_version":"2020-12-22","purchased_purges":0,"victory":false,"max_hp_per_floor":[79,79,79,79,79,79,79,79,79,79,79,79,79,79,79,79,79,79,79,79,79,79,79,79,79,79,79,79,79,79,79,79,79,79,79,79,79,79,89,89,89],"relic_stats":{"Singing Bowl":0,"counters":[19,108],"PreservedInsect":63,"Letter Opener":[50],"Cursed Key":0,"obtain_stats":[{"Singing Bowl":24,"Golden Idol":5,"SacredBark":17,"Oddly Smooth Stone":7,"PreservedInsect":39,"Letter Opener":26,"TeardropLocket":31,"PureWater":0,"Toxic Egg 2":28,"Cursed Key":34},{"Singing Bowl":11,"Golden Idol":4,"SacredBark":7,"Oddly Smooth Stone":5,"PreservedInsect":18,"Letter Opener":11,"TeardropLocket":14,"PureWater":0,"Toxic Egg 2":12,"Cursed Key":15},{"Singing Bowl":64,"Golden Idol":15,"SacredBark":39,"Oddly Smooth Stone":22,"PreservedInsect":104,"Letter Opener":64,"TeardropLocket":78,"PureWater":0,"Toxic Egg 2":68,"Cursed Key":88}]},"card_choices":[{"not_picked":["Pray","WheelKick"],"picked":"ReachHeaven","floor":1.0},{"not_picked":["JustLucky","FollowUp"],"picked":"LikeWater","floor":2.0},{"not_picked":["ClearTheMind","SashWhip"],"picked":"Perseverance","floor":3.0},{"not_picked":["FollowUp","Crescendo"],"picked":"Vault","floor":4.0},{"not_picked":["BowlingBash","SashWhip"],"picked":"Tantrum","floor":7.0},{"not_picked":["Consecrate","WheelKick"],"picked":"InnerPeace","floor":13.0},{"not_picked":["ConjureBlade","Brilliance"],"picked":"MasterReality","floor":16.0},{"not_picked":["Evaluate","ThirdEye"],"picked":"JustLucky","floor":18.0},{"not_picked":["Vengeance","Collect"],"picked":"FlurryOfBlows","floor":20.0},{"not_picked":["Adaptation","SignatureMove"],"picked":"BowlingBash+1","floor":21.0},{"not_picked":["InnerPeace","SandsOfTime"],"picked":"Ragnarok","floor":24.0},{"not_picked":["MentalFortress+1","FlyingSleeves"],"picked":"Wallop","floor":27.0},{"not_picked":["EmptyBody+1","Study+1"],"picked":"Evaluate+1","floor":30.0},{"not_picked":["FlyingSleeves+1","JustLucky"],"picked":"BowlingBash","floor":31.0},{"not_picked":["Brilliance","Ragnarok"],"picked":"ConjureBlade+1","floor":33.0},{"not_picked":["ThirdEye+1","EmptyMind+1"],"picked":"Protect+1","floor":35.0},{"not_picked":["CrushJoints","Tantrum+1"],"picked":"ForeignInfluence+1","floor":36.0},{"not_picked":["FlurryOfBlows","BowlingBash"],"picked":"PathToVictory+1","floor":37.0}],"player_experience":501642,"relics_obtained":[{"floor":7.0,"key":"Oddly Smooth Stone"},{"floor":24.0,"key":"Singing Bowl"},{"floor":26.0,"key":"Letter Opener"},{"floor":28.0,"key":"Toxic Egg 2"},{"floor":31.0,"key":"TeardropLocket"}],"event_choices":[{"damage_healed":0.0,"max_hp_gain":0.0,"max_hp_loss":0.0,"gold_gain":0.0,"event_name":"Golden Idol","player_choice":"Take Wound","floor":5.0,"gold_loss":0.0,"damage_taken":0.0,"relics_obtained":["Golden Idol"],"cards_obtained":["Injury"]},{"damage_healed":0.0,"max_hp_gain":0.0,"max_hp_loss":0.0,"gold_gain":0.0,"event_name":"Shining Light","player_choice":"Entered Light","floor":8.0,"gold_loss":0.0,"damage_taken":16.0,"cards_upgraded":["LikeWater","Eruption"]},{"damage_healed":0.0,"max_hp_gain":0.0,"max_hp_loss":0.0,"gold_gain":0.0,"cards_transformed":["Strike_P"],"event_name":"Transmorgrifier","player_choice":"Transformed","floor":14.0,"gold_loss":0.0,"damage_taken":0.0,"cards_obtained":["EmptyBody"]},{"damage_healed":0.0,"max_hp_gain":0.0,"max_hp_loss":0.0,"gold_gain":0.0,"event_name":"Back to Basics","player_choice":"Simplicity","floor":22.0,"gold_loss":0.0,"damage_taken":0.0,"cards_upgraded":["Strike_P","Strike_P","Strike_P","Defend_P","Defend_P","Defend_P","Defend_P"]},{"damage_healed":0.0,"max_hp_gain":0.0,"max_hp_loss":0.0,"gold_gain":333.0,"event_name":"The Moai Head","player_choice":"Gave Idol","floor":38.0,"relics_lost":["Golden Idol"],"gold_loss":0.0,"damage_taken":0.0}],"is_beta":false,"boss_relics":[{"not_picked":["Runic Pyramid","Coffee Dripper"],"picked":"SacredBark"},{"not_picked":["Sozu","Fusion Hammer"],"picked":"Cursed Key"}],"items_purged_floors":[],"is_endless":false,"potions_floor_spawned":[1,3,16,21,24,31,35,36],"killed_by":"beaked:SuperParasite","ascension_level":1}}