{"host":"4hhgf71pxvqwkagf","time":1609070935,"event":{"mods":["2.2 Compatiblity","AchievementEnabler","BaseMod","GungeonMod","Hermit","Lobotomy","Minty Spire (QoL Compilation)","Permanent Neow","Quick Restart","READ ME - Guardian Mod","StSLib","SuperFastMode","The Bug Knight","The Hierophant","everything is the same but u backflip on backflip"],"gold_per_floor":[112,112,187,206,206,206,233,233,233,253,278,278,297,320,320,440,440,454,454,179,244,244,271,271,290,290,307,307,345,280,280,280,375,375,386,397,64,81,0,28,28,47,47,47,47,47,61,75,75,75,75],"floor_reached":50,"playtime":1768,"items_purged":["Writhe","Doubt"],"score":562,"play_id":"4bb5a343-a0b5-487d-bf17-6f75eca614b2","local_time":"20201227210855","is_ascension_mode":false,"campfire_choices":[{"floor":6.0,"key":"REST"},{"data":"DemoMod:MachoBrace","floor":12.0,"key":"SMITH"},{"floor":15.0,"key":"REST"},{"data":"DemoMod:FinishedGun","floor":24,"key":"SMITH"},{"floor":28,"key":"DIG"},{"floor":32,"key":"DIG"},{"floor":41,"key":"REST"},{"floor":49,"key":"DIG"}],"circlet_count":0,"master_deck":["DemoMod:Strike_Huntress","DemoMod:Strike_Huntress","DemoMod:Defend_Huntress","DemoMod:Defend_Huntress","DemoMod:Defend_Huntress","DemoMod:Defend_Huntress","DemoMod:Roll","DemoMod:ManualReload","DemoMod:RustySidearm","DemoMod:CrossBow","DemoMod:CombinedRifle","DemoMod:StickyCrossBow+1","DemoMod:GunShield","DemoMod:FinishedGun+1","DemoMod:MachoBrace+1","DemoMod:BattleInHaste","DemoMod:DarkMarker+1","DemoMod:Unmoved+1","DemoMod:GunstockTap+1","DemoMod:BlankBullets","DemoMod:ConditionalReflex","DemoMod:HardPowerCard","Pain","DemoMod:BulletBore","DemoMod:ShadowBullets+1","DemoMod:ShadowBullets+1","DemoMod:Spice"],"relics":["DemoMod:Dog","Oddly Smooth Stone","Eternal Feather","HollowMod:StagPassRelic","Bottled Flame","Cursed Key","Shovel","ClockworkSouvenir","DemoMod:Ammonomicon","Whetstone","DemoMod:SilverBullets","DemoMod:Metronome","StoneCalendar","WarpedTongs","Boot","Runic Dome","Bag of Marbles","Red Mask","DemoMod:Plus1Bullets","DemoMod:RedGuonStone"],"acts_visited":["Exordium","TheCity","TheBeyond"],"potions_floor_usage":[23,33,33,50],"damage_taken":[{"damage":5.0,"enemies":"2 Louse","floor":1.0,"turns":3.0},{"damage":10.0,"enemies":"Jaw Worm","floor":4.0,"turns":3.0},{"damage":23.0,"enemies":"Lagavulin","floor":7.0,"turns":5.0},{"damage":0.0,"enemies":"Cultist","floor":10.0,"turns":1.0},{"damage":0.0,"enemies":"Exordium Wildlife","floor":11.0,"turns":2.0},{"damage":0.0,"enemies":"Looter","floor":13.0,"turns":1.0},{"damage":12.0,"enemies":"Exordium Thugs","floor":14.0,"turns":2.0},{"damage":0.0,"enemies":"Slime Boss","floor":16.0,"turns":5.0},{"damage":9,"enemies":"Chosen","floor":18,"turns":3},{"damage":0,"enemies":"Shell Parasite","floor":21,"turns":5},{"damage":5,"enemies":"Book of Stabbing","floor":23,"turns":2},{"damage":0,"enemies":"Snake Plant","floor":25,"turns":2},{"damage":6,"enemies":"Centurion and Healer","floor":27,"turns":3},{"damage":14,"enemies":"HollowMod:Nosk","floor":29,"turns":2},{"damage":31,"enemies":"Champ","floor":33,"turns":10},{"damage":30,"enemies":"3 Shapes","floor":35,"turns":2},{"damage":5,"enemies":"3 Darklings","floor":36,"turns":4},{"damage":0,"enemies":"Writhing Mass","floor":38,"turns":3},{"damage":11,"enemies":"Nemesis","floor":40,"turns":3},{"damage":6,"enemies":"Maw","floor":42,"turns":3},{"damage":0,"enemies":"Spire Growth","floor":47,"turns":1},{"damage":6,"enemies":"3 Darklings","floor":48,"turns":2},{"damage":76,"enemies":"Awakened One","floor":50,"turns":5}],"seed_played":"-483680035805659252","potions_obtained":[{"floor":1.0,"key":"Explosive Potion"},{"floor":7.0,"key":"DistilledChaos"},{"floor":10.0,"key":"Dexterity Potion"},{"floor":13.0,"key":"Explosive Potion"},{"floor":16.0,"key":"FearPotion"},{"floor":18,"key":"LiquidMemories"},{"floor":25,"key":"Regen Potion"},{"floor":36,"key":"DuplicationPotion"},{"floor":38,"key":"Explosive Potion"}],"is_trial":false,"path_per_floor":["M","?","?","M","?","R","E","?","T","M","M","R","M","M","R","B",null,"M","?","$","M","?","E","R","M","T","M","R","E","?","?","R","B",null,"M","M","$","M","?","E","R","M","T","T","$","?","M","M","R","B"],"character_chosen":"HUNTRESS","items_purchased":["ClockworkSouvenir","DemoMod:GunstockTap","Bag of Marbles","DemoMod:ShadowBullets"],"campfire_rested":3,"item_purchase_floors":[20,20,37,37],"current_hp_per_floor":[65,65,54,44,37,58,35,35,35,35,35,44,44,32,62,62,70,61,61,61,61,61,56,65,65,65,59,70,56,56,56,68,37,70,40,35,35,35,35,24,60,54,54,54,54,44,44,38,53,0,0],"gold":75,"neow_bonus":"TRANSFORM_CARD","is_daily":false,"chose_seed":false,"campfire_upgraded":2,"win_rate":0.0,"timestamp":1609070935,"path_taken":["M","?","?","M","?","R","E","?","T","M","M","R","?","M","R","BOSS","M","?","$","M","?","E","R","?","T","M","R","E","?","?","R","BOSS","M","M","$","M","?","E","R","M","T","?","$","?","M","M","R","BOSS"],"items_purchased_type":["Relic","Card","Relic","Card"],"build_version":"2020-12-22","purchased_purges":2,"victory":false,"max_hp_per_floor":[70,70,70,70,70,70,70,70,70,70,70,70,70,70,70,70,70,70,70,70,70,70,70,70,70,70,70,70,70,70,70,70,70,70,70,70,70,70,70,70,70,70,70,70,70,70,68,68,68,66,66],"card_choices":[{"not_picked":["DemoMod:GunstockTap","DemoMod:Purify"],"picked":"DemoMod:StickyCrossBow","floor":1.0},{"not_picked":["DemoMod:Purify","DemoMod:FortunesFavor"],"picked":"DemoMod:GunShield","floor":4.0},{"not_picked":["DemoMod:HighKaliber","DemoMod:PracticeMakesPerfect"],"picked":"DemoMod:FinishedGun","floor":7.0},{"not_picked":["DemoMod:StickyCrossBow","DemoMod:TripleGun","DemoMod:Unity"],"picked":"SKIP","floor":10.0},{"not_picked":["DemoMod:DirectionalPad","DemoMod:AC15"],"picked":"DemoMod:MachoBrace","floor":11.0},{"not_picked":["DemoMod:FeignSurrender","DemoMod:Polaris","DemoMod:HardPowerCard"],"picked":"SKIP","floor":13.0},{"not_picked":["DemoMod:DoubleSwitch","DemoMod:GunstockTap"],"picked":"DemoMod:BattleInHaste","floor":14.0},{"not_picked":["DemoMod:AWP","DemoMod:CombinedRifle","DemoMod:JK47"],"picked":"SKIP","floor":14.0},{"not_picked":["DemoMod:BalloonGun","DemoMod:Slinger"],"picked":"DemoMod:DarkMarker","floor":16.0},{"not_picked":["DemoMod:HardPowerCard","DemoMod:MegaHand"],"picked":"DemoMod:Unmoved+1","floor":18},{"not_picked":["DemoMod:AC15","DemoMod:SniperShot+1","DemoMod:HuntsMan"],"picked":"SKIP","floor":21},{"not_picked":["DemoMod:EasyReloadBullets","DemoMod:HuntsMan+1","DemoMod:SAA+1"],"picked":"SKIP","floor":23},{"not_picked":["DemoMod:HuntsMan","DemoMod:RadGun+1"],"picked":"DemoMod:BlankBullets","floor":25},{"not_picked":["DemoMod:BattleInHaste","DemoMod:SAA+1"],"picked":"DemoMod:ConditionalReflex","floor":27},{"not_picked":["DemoMod:JK47","DemoMod:PracticeMakesPerfect"],"picked":"DemoMod:HardPowerCard","floor":29},{"not_picked":["DemoMod:BalloonGun","DemoMod:Desperate"],"picked":"DemoMod:BulletBore","floor":33},{"not_picked":["DemoMod:DirectionalPad+1","DemoMod:AWP","DemoMod:PotionOfGunFriendShip"],"picked":"SKIP","floor":35},{"not_picked":["DemoMod:HuntsMan","DemoMod:HardPowerCard+1"],"picked":"DemoMod:ShadowBullets+1","floor":36},{"not_picked":["DemoMod:HuntsMan+1","DemoMod:MachoBrace","DemoMod:SkilledReload+1"],"picked":"SKIP","floor":38},{"not_picked":["DemoMod:EasyReloadBullets+1","DemoMod:BlankBullets","DemoMod:DirectionalPad+1"],"picked":"SKIP","floor":40},{"not_picked":["DemoMod:AWP","DemoMod:DoubleSwitch","DemoMod:CombinedRifle"],"picked":"SKIP","floor":42},{"not_picked":["Metamorphosis","DemoMod:Invincible"],"picked":"DemoMod:Spice","floor":46},{"not_picked":["DemoMod:JK47+1","DemoMod:LifeOrb+1","DemoMod:BattleInHaste+1"],"picked":"SKIP","floor":47},{"not_picked":["DemoMod:SkilledReload+1","DemoMod:HighKaliber+1","DemoMod:MachoBrace"],"picked":"SKIP","floor":48}],"player_experience":410754,"relics_obtained":[{"floor":7.0,"key":"Eternal Feather"},{"floor":9.0,"key":"Bottled Flame"},{"floor":23,"key":"Whetstone"},{"floor":26,"key":"DemoMod:SilverBullets"},{"floor":28,"key":"DemoMod:Metronome"},{"floor":29,"key":"StoneCalendar"},{"floor":32,"key":"Boot"},{"floor":40,"key":"DemoMod:Plus1Bullets"},{"floor":49,"key":"DemoMod:RedGuonStone"}],"event_choices":[{"damage_healed":0.0,"max_hp_gain":0.0,"max_hp_loss":0.0,"gold_gain":0.0,"event_name":"Liars Game","player_choice":"Ignored","floor":2.0,"gold_loss":0.0,"damage_taken":0.0},{"damage_healed":0.0,"max_hp_gain":0.0,"max_hp_loss":0.0,"gold_gain":75.0,"event_name":"World of Goop","player_choice":"Gather Gold","floor":3.0,"gold_loss":0.0,"damage_taken":11.0},{"damage_healed":0.0,"max_hp_gain":0.0,"max_hp_loss":0.0,"gold_gain":0.0,"event_name":"Scrap Ooze","player_choice":"Success","floor":5.0,"gold_loss":0.0,"damage_taken":7.0,"relics_obtained":["Oddly Smooth Stone"]},{"damage_healed":0.0,"max_hp_gain":0.0,"max_hp_loss":0.0,"gold_gain":0.0,"event_name":"WeMeetAgain","player_choice":"Gave Potion","floor":8.0,"gold_loss":0.0,"damage_taken":0.0,"relics_obtained":["HollowMod:StagPassRelic"]},{"damage_healed":0,"gold_gain":0,"player_choice":"Opened","damage_taken":0,"relics_obtained":["Shovel"],"max_hp_gain":0,"max_hp_loss":0,"event_name":"The Mausoleum","floor":19,"gold_loss":0,"cards_obtained":["Writhe"]},{"damage_healed":0,"gold_gain":0,"player_choice":"Rummage","damage_taken":0,"relics_obtained":["WarpedTongs"],"max_hp_gain":0,"max_hp_loss":0,"event_name":"Accursed Blacksmith","floor":31,"gold_loss":0,"cards_obtained":["Pain"]},{"damage_healed":0,"gold_gain":0,"player_choice":"Paid","damage_taken":0,"relics_obtained":["Red Mask"],"max_hp_gain":0,"max_hp_loss":0,"event_name":"Tomb of Lord Red Mask","floor":39,"gold_loss":81},{"damage_healed":0,"gold_gain":0,"player_choice":"Memory 3","damage_taken":10,"max_hp_gain":0,"max_hp_loss":0,"event_name":"SensoryStone","floor":46,"gold_loss":0}],"is_beta":false,"boss_relics":[{"not_picked":["Velvet Choker","Tiny House"],"picked":"Cursed Key"},{"not_picked":["Calling Bell","Black Star"],"picked":"Runic Dome"}],"items_purged_floors":[20,37],"is_endless":false,"potions_floor_spawned":[1,7,10,13,16,18,21,25,29,36,38,48],"killed_by":"Awakened One","ascension_level":0}}