{"host":"fa96ppy4vc5r7pma","time":1609078320,"event":{"mods":["BaseMod","Best Route Mod","Bestiary","Block Reminder","Colored Map","Dota2Spire","Ekko","GungeonMod","Hermit","Highlight Path","Hubris","Minty Spire (QoL Compilation)","Permanent Neow","Quick Restart","Random Character Button","Relic Stats","Replay The Spire","StSLib","The Blue Laboratory","The Servant 0.9.4"],"gold_per_floor":[109,109,109,120,133,145,158,158,185,205,236,236,250,260,260,362,362,337,350,370,645,645,645],"floor_reached":22,"playtime":1056,"items_purged":[],"score":192,"play_id":"30e4aa13-138d-4fea-a7a3-67c58145b52b","local_time":"20201227091200","is_ascension_mode":false,"campfire_choices":[{"data":"hermit:EternalForm","floor":8,"key":"SMITH"},{"data":"hermit:Quickdraw","floor":12,"key":"SMITH"},{"floor":15,"key":"REST"}],"circlet_count":0,"master_deck":["hermit:Strike_Hermit","hermit:Strike_Hermit","hermit:Strike_Hermit","hermit:Strike_Hermit","hermit:Defend_Hermit","hermit:Defend_Hermit","hermit:Defend_Hermit","hermit:Defend_Hermit","hermit:Snapshot","hermit:Covet","hermit:Determination+1","hermit:BodyArmor","hermit:BodyArmor","hermit:EternalForm+1","hermit:Desperado","hermit:Quickdraw+1","hermit:Ricochet","hermit:FlashPowder","hermit:Showdown","hermit:FullyLoaded","hermit:EternalForm","hermit:FullyLoaded","hermit:Roulette","hermit:Manifest"],"relics":["hermit:Momento","hubris:Towel","PreservedInsect","Omamori","Painkiller Herb"],"acts_visited":["Exordium","TheCity"],"potions_floor_usage":[11,16,16,16,22],"damage_taken":[{"damage":5,"enemies":"Jaw Worm","floor":1,"turns":4},{"damage":0,"enemies":"2 Louse","floor":4,"turns":3},{"damage":0,"enemies":"Cultist","floor":5,"turns":4},{"damage":0,"enemies":"Blue Slaver","floor":6,"turns":4},{"damage":4,"enemies":"Exordium Thugs","floor":7,"turns":5},{"damage":1,"enemies":"Looter","floor":10,"turns":3},{"damage":12,"enemies":"3 Sentries","floor":11,"turns":4},{"damage":3,"enemies":"Exordium Wildlife","floor":13,"turns":4},{"damage":12,"enemies":"3 Louse","floor":14,"turns":4},{"damage":12,"enemies":"Hexaghost","floor":16,"turns":10},{"damage":23,"enemies":"2 Thieves","floor":18,"turns":5},{"damage":9,"enemies":"3 Byrds","floor":19,"turns":5},{"damage":16,"enemies":"Shelled Parasite and Fungi","floor":20,"turns":6},{"damage":27,"enemies":"Centurion and Healer","floor":22,"turns":7}],"seed_played":"-9108852300904145488","potions_obtained":[{"floor":6,"key":"blueLaboratory:FrostheartPotion"},{"floor":10,"key":"Explosive Potion"},{"floor":11,"key":"Fire Potion"},{"floor":14,"key":"Adrenaline Potion"},{"floor":18,"key":"SkillPotion"},{"floor":19,"key":"SkillPotion"}],"is_trial":false,"path_per_floor":["M","?","?","M","M","M","M","R","T","M","E","R","M","M","R","B",null,"?","?","?","?","?"],"character_chosen":"HERMIT","items_purchased":[],"campfire_rested":1,"item_purchase_floors":[],"current_hp_per_floor":[70,70,70,70,70,70,66,66,66,65,53,53,50,38,60,48,75,52,43,27,27,0,0],"gold":645,"neow_bonus":"THREE_CARDS","is_daily":false,"chose_seed":false,"campfire_upgraded":2,"win_rate":0.0,"timestamp":1609078320,"path_taken":["M","?","?","M","M","M","M","R","T","M","E","R","M","M","R","BOSS","?","?","?","?","?"],"items_purchased_type":[],"build_version":"2020-12-22","purchased_purges":0,"victory":false,"max_hp_per_floor":[75,75,75,75,75,75,75,75,75,75,75,75,75,75,75,75,75,75,75,75,75,75,75],"relic_stats":{"counters":[14,68],"PreservedInsect":32,"obtain_stats":[{"Painkiller Herb":17,"DemoMod:GlassGuonStoneRelic":1,"PreservedInsect":9,"Omamori":11,"hubris:Towel":2,"hermit:Momento":0},{"Painkiller Herb":10,"DemoMod:GlassGuonStoneRelic":1,"PreservedInsect":5,"Omamori":7,"hubris:Towel":1,"hermit:Momento":0},{"Painkiller Herb":45,"DemoMod:GlassGuonStoneRelic":4,"PreservedInsect":20,"Omamori":27,"hubris:Towel":4,"hermit:Momento":0}]},"card_choices":[{"not_picked":["hermit:HighCaliber","hermit:BodyArmor"],"picked":"hermit:Determination","floor":0},{"not_picked":["hermit:Glare","hermit:Shortfuse"],"picked":"hermit:BodyArmor","floor":1},{"not_picked":["hermit:Glare","hermit:Shortfuse"],"picked":"hermit:BodyArmor","floor":1},{"not_picked":["hermit:Dive","hermit:HighCaliber"],"picked":"hermit:EternalForm","floor":4},{"not_picked":["hermit:Glare","hermit:Snipe"],"picked":"hermit:Desperado","floor":5},{"not_picked":["hermit:BodyArmor","hermit:Horror"],"picked":"hermit:Quickdraw","floor":6},{"not_picked":["hermit:Determination","hermit:HighNoon"],"picked":"hermit:Ricochet","floor":7},{"not_picked":["hermit:RoundhouseKick","hermit:LoneWolf"],"picked":"hermit:FlashPowder","floor":10},{"not_picked":["hermit:Grudge","hermit:LowProfile","hermit:HeroicBravado"],"picked":"SKIP","floor":11},{"not_picked":["hermit:Roulette","hermit:Headshot"],"picked":"hermit:Showdown","floor":13},{"not_picked":["hermit:Headshot","hermit:Coalescence"],"picked":"hermit:FullyLoaded","floor":14},{"not_picked":["hermit:HighNoon","hermit:Purgatory"],"picked":"hermit:EternalForm","floor":16},{"not_picked":["hermit:Gestalt","hermit:SprayPray"],"picked":"hermit:FullyLoaded","floor":18},{"not_picked":["hermit:OverwhelmingPower","hermit:Misfire"],"picked":"hermit:Roulette","floor":19},{"not_picked":["hermit:ShadowCloak","hermit:Headshot+1"],"picked":"hermit:Manifest","floor":20}],"player_experience":102575,"relics_obtained":[{"floor":9,"key":"PreservedInsect"},{"floor":11,"key":"Omamori"}],"event_choices":[{"damage_healed":0,"gold_gain":275,"player_choice":"Desecrate","damage_taken":0,"max_hp_gain":0,"max_hp_loss":0,"event_name":"Golden Shrine","floor":21,"gold_loss":0,"cards_obtained":["Regret"]}],"is_beta":false,"boss_relics":[{"not_picked":["Dota2Spire:Bloodstone","Snecko Eye"],"picked":"Painkiller Herb"}],"items_purged_floors":[],"is_endless":false,"potions_floor_spawned":[1,6,10,11,14,18,19],"killed_by":"Centurion and Healer","ascension_level":0}}