{"host":"qj91dvco5uhu9oti","time":1609101706,"event":{"mods":["BaseMod","Colored Map","Keyboard Shortcuts","Minty Spire (QoL Compilation)","Permanent Neow","Relic Stats","StSLib","SuperFastMode","everything is the same but u backflip on backflip"],"gold_per_floor":[113,131,56,73,84,84,84,43,43,43,54,129,129,162,162,239,239,220,232,22,22,33,33,33,33,33,63,63,96,113,125,125,125,125],"floor_reached":33,"playtime":1162,"items_purged":["Strike_G","Defend_G"],"score":558,"play_id":"46fdd891-c5ec-47b5-bfd6-424173854cc5","local_time":"20201228054146","is_ascension_mode":true,"campfire_choices":[{"data":"Deadly Poison","floor":6.0,"key":"SMITH"},{"data":"Backflip","floor":10.0,"key":"SMITH"},{"floor":13.0,"key":"REST"},{"data":"Caltrops","floor":15.0,"key":"SMITH"},{"data":"Prepared","floor":23.0,"key":"SMITH"},{"data":"Outmaneuver","floor":25.0,"key":"SMITH"},{"data":"Backflip","floor":28.0,"key":"SMITH"},{"data":"Reflex","floor":32,"key":"SMITH"}],"circlet_count":0,"master_deck":["AscendersBane","Strike_G","Defend_G","Defend_G","Defend_G","Survivor","Neutralize+1","Outmaneuver+1","Backflip+1","PiercingWail+1","Deadly Poison+1","Caltrops+1","Deadly Poison","Adrenaline+1","Backflip+1","Prepared+1","Reflex+1","PiercingWail","Calculated Gamble","Acrobatics"],"relics":["Ring of the Snake","HornCleat","Letter Opener","Empty Cage","Membership Card","War Paint","Paper Crane","MealTicket"],"acts_visited":["Exordium","TheCity"],"potions_floor_usage":[33,33],"damage_taken":[{"damage":7.0,"enemies":"Small Slimes","floor":1.0,"turns":4.0},{"damage":3.0,"enemies":"Jaw Worm","floor":2.0,"turns":6.0},{"damage":2.0,"enemies":"Cultist","floor":4.0,"turns":5.0},{"damage":26.0,"enemies":"Exordium Thugs","floor":5.0,"turns":11.0},{"damage":6.0,"enemies":"Lots of Slimes","floor":11.0,"turns":5.0},{"damage":6.0,"enemies":"Gremlin Nob","floor":14.0,"turns":5.0},{"damage":14.0,"enemies":"Hexaghost","floor":16.0,"turns":9.0},{"damage":0.0,"enemies":"2 Thieves","floor":18.0,"turns":4.0},{"damage":4.0,"enemies":"Chosen","floor":19.0,"turns":5.0},{"damage":5.0,"enemies":"Snake Plant","floor":22.0,"turns":4.0},{"damage":1.0,"enemies":"Slavers","floor":27.0,"turns":5.0},{"damage":0.0,"enemies":"Book of Stabbing","floor":29.0,"turns":5.0},{"damage":2.0,"enemies":"Centurion and Healer","floor":30.0,"turns":7.0},{"damage":6.0,"enemies":"Sentry and Sphere","floor":31.0,"turns":5.0},{"damage":46,"enemies":"Champ","floor":33,"turns":13}],"seed_played":"734397927063834872","potions_obtained":[{"floor":2.0,"key":"CunningPotion"},{"floor":4.0,"key":"DuplicationPotion"},{"floor":14.0,"key":"PowerPotion"},{"floor":30.0,"key":"SkillPotion"},{"floor":31,"key":"Block Potion"}],"is_trial":false,"path_per_floor":["M","M","$","M","M","R","?","$","T","R","M","?","R","E","R","B",null,"M","M","$","?","M","R","?","R","T","E","R","E","M","M","R","B"],"character_chosen":"THE_SILENT","items_purchased":["Caltrops","Membership Card"],"campfire_rested":1,"item_purchase_floors":[8,20],"current_hp_per_floor":[52,49,49,47,21,21,21,21,21,21,15,4,23,17,17,3,50,50,46,46,46,41,41,41,41,41,40,40,40,38,32,32,0,0],"gold":125,"neow_bonus":"UPGRADE_CARD","is_daily":false,"chose_seed":false,"campfire_upgraded":7,"win_rate":0.0,"timestamp":1609101706,"path_taken":["M","M","$","M","M","R","?","$","T","R","M","?","R","E","R","BOSS","M","M","$","?","M","R","?","R","T","E","R","E","?","M","R","BOSS"],"items_purchased_type":["Card","Relic"],"build_version":"2020-12-22","purchased_purges":2,"victory":false,"max_hp_per_floor":[66,66,66,66,66,66,66,66,66,66,66,66,66,66,66,66,66,66,66,66,66,66,66,66,66,66,66,66,66,66,66,66,66,66],"relic_stats":{"counters":[15,93],"MealTicket":0,"Letter Opener":[290],"War Paint":["PiercingWail","Adrenaline"],"obtain_stats":[{"HornCleat":9,"MealTicket":29,"Letter Opener":14,"Membership Card":20,"War Paint":26,"Paper Crane":27,"Empty Cage":17,"Ring of the Snake":0},{"HornCleat":4,"MealTicket":12,"Letter Opener":6,"Membership Card":9,"War Paint":10,"Paper Crane":11,"Empty Cage":7,"Ring of the Snake":0},{"HornCleat":26,"MealTicket":68,"Letter Opener":36,"Membership Card":54,"War Paint":58,"Paper Crane":63,"Empty Cage":45,"Ring of the Snake":0}],"Ring of the Snake":[30]},"card_choices":[{"not_picked":["Sucker Punch","Underhanded Strike","Outmaneuver"],"picked":"SKIP","floor":1.0},{"not_picked":["Sucker Punch","Underhanded Strike"],"picked":"Outmaneuver","floor":1.0},{"not_picked":["Dodge and Roll","Slice"],"picked":"Backflip","floor":2.0},{"not_picked":["Poisoned Stab","Blade Dance"],"picked":"PiercingWail","floor":4.0},{"not_picked":["Slice","Well Laid Plans"],"picked":"Deadly Poison","floor":5.0},{"not_picked":["Dodge and Roll","Concentrate","Slice"],"picked":"SKIP","floor":11.0},{"not_picked":["Storm of Steel","Cloak And Dagger"],"picked":"Deadly Poison","floor":14.0},{"not_picked":["A Thousand Cuts","Die Die Die"],"picked":"Adrenaline","floor":16.0},{"not_picked":["Quick Slash","Blur"],"picked":"Backflip","floor":18.0},{"not_picked":["Slice","Blade Dance+1"],"picked":"Prepared","floor":19.0},{"not_picked":["Blade Dance","Backflip"],"picked":"Reflex","floor":22.0},{"not_picked":["Setup","Bane"],"picked":"PiercingWail","floor":27.0},{"not_picked":["Slice","Backstab+1"],"picked":"Calculated Gamble","floor":29.0},{"not_picked":["Slice","Flying Knee"],"picked":"Acrobatics","floor":30.0},{"not_picked":["Dodge and Roll","Backflip","Masterful Stab"],"picked":"SKIP","floor":31}],"player_experience":311217,"relics_obtained":[{"floor":9.0,"key":"HornCleat"},{"floor":14.0,"key":"Letter Opener"},{"floor":26.0,"key":"War Paint"},{"floor":27.0,"key":"Paper Crane"},{"floor":29.0,"key":"MealTicket"}],"event_choices":[{"cards_removed":["Strike_G"],"damage_healed":0.0,"max_hp_gain":0.0,"max_hp_loss":0.0,"gold_gain":0.0,"event_name":"Living Wall","player_choice":"Forget","floor":7.0,"gold_loss":0.0,"damage_taken":0.0},{"damage_healed":0.0,"max_hp_gain":0.0,"max_hp_loss":0.0,"gold_gain":75.0,"event_name":"World of Goop","player_choice":"Gather Gold","floor":12.0,"gold_loss":0.0,"damage_taken":11.0},{"damage_healed":0.0,"max_hp_gain":0.0,"max_hp_loss":0.0,"gold_gain":0.0,"event_name":"Cursed Tome","player_choice":"Ignored","floor":21.0,"gold_loss":0.0,"damage_taken":0.0},{"cards_removed":["Strike_G"],"damage_healed":0.0,"max_hp_gain":0.0,"max_hp_loss":0.0,"gold_gain":0.0,"event_name":"Wheel of Change","player_choice":"Card Removal","floor":24.0,"gold_loss":0.0,"damage_taken":0.0}],"is_beta":false,"boss_relics":[{"not_picked":["Fusion Hammer","HoveringKite"],"picked":"Empty Cage"}],"items_purged_floors":[3,20],"is_endless":false,"potions_floor_spawned":[2,4,14,22,30,31],"killed_by":"Champ","ascension_level":16}}