{"host":"7l2t4psy44vpcd9q","time":1609048743,"event":{"mods":["AchievementEnabler","BaseMod","DeckTracker","Minty Spire (QoL Compilation)","SuperFastMode"],"gold_per_floor":[116,128,128,93,112,112,112,112,139,139,149,175,186,196,196,196,196],"floor_reached":16,"playtime":698,"items_purged":[],"score":204,"play_id":"491962de-0e8d-452f-970c-c0971a342ef2","local_time":"20201227145903","is_ascension_mode":true,"campfire_choices":[{"data":"Blade Dance","floor":6,"key":"SMITH"},{"data":"Quick Slash","floor":8,"key":"SMITH"},{"data":"Neutralize","floor":10,"key":"SMITH"},{"data":"Dagger Spray","floor":15,"key":"SMITH"}],"circlet_count":0,"master_deck":["AscendersBane","Strike_G","Strike_G","Strike_G","Strike_G","Defend_G","Defend_G","Defend_G","Defend_G","Survivor","Neutralize+1","Backflip","Quick Slash+1","Blade Dance+1","Dagger Throw","PiercingWail","Escape Plan","Dagger Spray+1"],"relics":["Ring of the Snake","Dream Catcher","Paper Crane"],"acts_visited":["Exordium"],"potions_floor_usage":[12,16],"damage_taken":[{"damage":1,"enemies":"Small Slimes","floor":1,"turns":4},{"damage":0,"enemies":"2 Louse","floor":2,"turns":4},{"damage":4,"enemies":"Jaw Worm","floor":5,"turns":5},{"damage":0,"enemies":"3 Louse","floor":11,"turns":3},{"damage":15,"enemies":"Lagavulin","floor":12,"turns":4},{"damage":2,"enemies":"Looter","floor":13,"turns":3},{"damage":0,"enemies":"Large Slime","floor":14,"turns":4},{"damage":41,"enemies":"Slime Boss","floor":16,"turns":9}],"seed_played":"7991843959485528763","potions_obtained":[{"floor":11,"key":"DistilledChaos"},{"floor":14,"key":"GamblersBrew"}],"is_trial":false,"path_per_floor":["M","M","?","?","M","R","$","R","T","R","M","E","M","M","R","B"],"character_chosen":"THE_SILENT","items_purchased":[],"campfire_rested":0,"item_purchase_floors":[],"current_hp_per_floor":[58,58,51,66,62,62,62,62,62,62,62,47,45,45,45,4,4],"gold":196,"neow_bonus":"REMOVE_CARD","is_daily":false,"chose_seed":false,"campfire_upgraded":4,"win_rate":0.0,"timestamp":1609048743,"path_taken":["M","M","?","?","M","R","$","R","T","R","M","E","M","M","R","BOSS"],"items_purchased_type":[],"build_version":"2020-12-22","purchased_purges":0,"victory":false,"max_hp_per_floor":[66,66,66,66,66,66,66,66,66,66,66,66,66,66,66,66,66],"card_choices":[{"not_picked":["Underhanded Strike","Tactician"],"picked":"Backflip","floor":1},{"not_picked":["Eviscerate","Slice"],"picked":"Quick Slash","floor":2},{"not_picked":["Slice","Concentrate"],"picked":"Blade Dance","floor":5},{"not_picked":["Backflip","Underhanded Strike"],"picked":"Dagger Throw","floor":11},{"not_picked":["Sucker Punch","Cloak And Dagger"],"picked":"PiercingWail","floor":12},{"not_picked":["Dagger Throw","Flechettes"],"picked":"Escape Plan","floor":13},{"not_picked":["Dodge and Roll","Poisoned Stab"],"picked":"Dagger Spray","floor":14}],"player_experience":1148789,"relics_obtained":[{"floor":9,"key":"Dream Catcher"},{"floor":12,"key":"Paper Crane"}],"event_choices":[{"cards_removed":["Strike_G"],"damage_healed":0,"gold_gain":0,"player_choice":"Card Removal","damage_taken":7,"max_hp_gain":0,"max_hp_loss":0,"event_name":"Golden Wing","floor":3,"gold_loss":0},{"damage_healed":16,"gold_gain":0,"player_choice":"Healed","damage_taken":0,"max_hp_gain":0,"max_hp_loss":0,"event_name":"The Cleric","floor":4,"gold_loss":35}],"is_beta":false,"boss_relics":[],"items_purged_floors":[],"is_endless":false,"potions_floor_spawned":[11,14],"killed_by":"Slime Boss","ascension_level":20}}