{"host":"8fjsnt81u6xsmhji","time":1609049676,"event":{"mods":["BaseMod","Colored Powertips","Downfall","Glutton Mod","Hermit","Minty Spire (QoL Compilation)","Quick Restart","StSLib","The Bladedancer","The Bug Knight","The Forsaken","The Hierophant"],"gold_per_floor":[99,111,261,361,379,394,394,412,431,451,451,469,394,17,36,139,139,64,77,89,74,74,86,155,155,155,155],"floor_reached":25,"playtime":1967,"items_purged":["Regret"],"score":227,"play_id":"652078cf-9513-4d77-bd84-8a51c8016676","local_time":"20201227001436","is_ascension_mode":true,"campfire_choices":[{"data":"hexamod:Float","floor":1.0,"key":"SMITH"},{"floor":13.0,"key":"RECALL"},{"data":"hexamod:SearingWound","floor":18,"key":"SMITH"}],"circlet_count":0,"master_deck":["hexamod:Strike","hexamod:Strike","hexamod:Strike+1","hexamod:Strike","hexamod:Defend","hexamod:Defend+1","hexamod:Defend","hexamod:Defend","hexamod:Sear","hexamod:Float+1","hexamod:SearingWound+1","Slimebound:Icky","hexamod:StepThrough","hexamod:ExtraCrispy","hexamod:GiftsFromTheDead+1","hexamod:RainOfEmbers","hexamod:StepThrough","hexamod:VolcanoVisage","CurseOfTheBell","hexamod:FastForward+1","hexamod:FlamesFromBeyond+1","hexamod:Hexaguard"],"relics":["hexamod:SpiritBrand","downfall:HeartBlessingBlue","hexamod:SoulConsumer","Calling Bell","Nunchaku","Kunai","Unceasing Top","downfall:HeartBlessingRed","Blue Candle"],"acts_visited":["Exordium","TheCity"],"potions_floor_usage":[21,23],"damage_taken":[{"damage":0.0,"enemies":"2 Louse","floor":2.0,"turns":2.0},{"damage":2.0,"enemies":"Jaw Worm","floor":5.0,"turns":4.0},{"damage":0.0,"enemies":"Cultist","floor":6.0,"turns":3.0},{"damage":4.0,"enemies":"2 Fungi Beasts","floor":8.0,"turns":4.0},{"damage":7.0,"enemies":"Exordium Thugs","floor":9.0,"turns":5.0},{"damage":1.0,"enemies":"Large Slime","floor":10.0,"turns":5.0},{"damage":5.0,"enemies":"Red Slaver","floor":12.0,"turns":4.0},{"damage":8,"enemies":"downfall:FleeingMerchant","floor":14,"turns":4},{"damage":2,"enemies":"Blue Slaver","floor":15,"turns":3},{"damage":14,"enemies":"downfall:Watcher","floor":16,"turns":8},{"damage":23,"enemies":"Shell Parasite","floor":19,"turns":6},{"damage":0,"enemies":"Chosen","floor":20,"turns":4},{"damage":0,"enemies":"downfall:FleeingMerchant","floor":21,"turns":4},{"damage":30,"enemies":"Snake Plant","floor":23,"turns":5},{"damage":27,"enemies":"Snecko","floor":25,"turns":4}],"seed_played":"-5663659819463289814","potions_obtained":[{"floor":2.0,"key":"Strength Potion"},{"floor":8.0,"key":"SkillPotion"},{"floor":15,"key":"Slimebound:ThreeZeroPotion"},{"floor":20,"key":"ColorlessPotion"}],"is_trial":false,"path_per_floor":["R","M","?","?","M","M","T","M","M","M","?","M","R","$","M","B",null,"R","M","M","$","?","M","T","M"],"character_chosen":"THE_SPIRIT","items_purchased":["hexamod:SoulConsumer"],"campfire_rested":0,"item_purchase_floors":[14],"current_hp_per_floor":[70,70,70,70,68,68,68,64,57,56,56,51,61,53,51,37,80,80,57,57,57,57,27,27,0,0,0],"gold":155,"neow_bonus":"ONE_RANDOM_RARE_CARD","is_daily":false,"chose_seed":false,"campfire_upgraded":2,"win_rate":0.0,"timestamp":1609049676,"path_taken":["R","M","?","?","M","M","T","M","?","M","?","M","R","?","M","BOSS","R","M","M","?","?","M","T","M"],"items_purchased_type":["Relic"],"build_version":"2020-12-22","purchased_purges":1,"victory":false,"max_hp_per_floor":[70,70,70,70,70,70,70,70,70,70,70,70,80,80,80,80,80,80,80,80,80,80,80,80,80,80,80],"card_choices":[{"not_picked":["hexamod:GhostOfSpireFuture","hexamod:ShieldOfDarkness","hexamod:HauntingEcho"],"picked":"SKIP","floor":2.0},{"not_picked":["hexamod:Again","hexamod:GhostShield","hexamod:GhostLash"],"picked":"SKIP","floor":5.0},{"not_picked":["hexamod:GhostOfSpireFuture","hexamod:SwordOfDarkness"],"picked":"hexamod:StepThrough","floor":6.0},{"not_picked":["hexamod:GhostLash","hexamod:Incineration","hexamod:GhostOfSpirePresent"],"picked":"SKIP","floor":8.0},{"not_picked":["hexamod:NecessarySacrifice","hexamod:DynamicBlow"],"picked":"hexamod:ExtraCrispy","floor":9.0},{"not_picked":["hexamod:NightmareGuise","hexamod:SwordOfDarkness"],"picked":"hexamod:GiftsFromTheDead","floor":10.0},{"not_picked":["hexamod:SpectralSpark","hexamod:FastForward"],"picked":"hexamod:RainOfEmbers","floor":12.0},{"not_picked":["hexamod:BacktrackSmack","hexamod:GhostLash"],"picked":"hexamod:StepThrough","floor":14},{"not_picked":["hexamod:SpectersWail","hexamod:SwordOfDarkness","hexamod:Firestarter"],"picked":"SKIP","floor":15},{"not_picked":["hexamod:Toasty","hexamod:TimeOfNeed"],"picked":"hexamod:VolcanoVisage","floor":16},{"not_picked":["hexamod:SkipABeat","hexamod:ShieldOfDarkness"],"picked":"hexamod:FastForward+1","floor":19},{"not_picked":["hexamod:PowerFromBeyond","hexamod:NightmareGuise","hexamod:Firestarter"],"picked":"SKIP","floor":20},{"not_picked":["hexamod:ChargedBarrage","hexamod:NightmareStrike"],"picked":"hexamod:FlamesFromBeyond+1","floor":21},{"not_picked":["hexamod:Again+1","hexamod:RainOfEmbers"],"picked":"hexamod:Hexaguard","floor":23}],"player_experience":612771,"relics_obtained":[{"floor":17,"key":"Nunchaku"},{"floor":17,"key":"Kunai"},{"floor":17,"key":"Unceasing Top"},{"floor":24,"key":"Blue Candle"}],"event_choices":[],"is_beta":false,"boss_relics":[{"not_picked":["SacredBark","Runic Dome"],"picked":"Calling Bell"}],"items_purged_floors":[14],"is_endless":false,"potions_floor_spawned":[2,8,15,19,20],"killed_by":"Snecko","ascension_level":3}}