{"host":"oeeu8njhzvf3llor","time":1609110276,"event":{"mods":["BaseMod","Better Match","Better Note","Better Skull","Better Third Choice","Hubris","Minty Spire (QoL Compilation)","Rare Cards Sparkle","Replay The Spire","Shop Mod","Spicy Shops","StSLib","Swap Starting Deck Mod"],"gold_per_floor":[117,117,117,130,141,168,185,219,219,249,10,44,44,70,70,170,170,186,186,186,13,13,43,53,82,135,135,58,90,104,115,115,115,115],"floor_reached":33,"playtime":1441,"items_purged":["Strike_G"],"score":434,"play_id":"7e0c0db0-1416-428c-9dd5-d9c99f78be17","local_time":"20201227180436","is_ascension_mode":true,"campfire_choices":[{"floor":13,"key":"REST"},{"data":"Noxious Fumes","floor":15,"key":"SMITH"},{"data":"Storm of Steel","floor":27,"key":"SMITH"},{"floor":32,"key":"RECALL"}],"circlet_count":0,"master_deck":["Strike_G","Strike_G","Strike_G","Strike_G","Defend_G","Defend_G","Defend_G","Defend_G","Defend_G","Survivor","Neutralize+1","Sucker Punch","Deadly Poison","Dagger Spray","All Out Attack","Dagger Throw","Crippling Poison","Die Die Die","Dramatic Entrance","Noxious Fumes+1","Backstab","A Thousand Cuts","ReplayTheSpireMod:Scrap Shanks","PiercingWail","Dagger Spray+1","Storm of Steel+1","Footwork","Accuracy"],"relics":["ChewingGum","Snack Pack","Singing Bowl","Darkstone Periapt","hubris:Potato","Replay:Ringing Soul","Bag of Preparation","Centennial Puzzle","Mummified Hand","GremlinMask","MerchantsRug","HandDrill","Peace Pipe","Pear","Vajra","Juzu Bracelet"],"acts_visited":["Exordium","TheCity"],"potions_floor_usage":[6,25,25,30,33],"damage_taken":[{"damage":8,"enemies":"Jaw Worm","floor":1,"turns":3},{"damage":0,"enemies":"Small Slimes","floor":4,"turns":3},{"damage":0,"enemies":"Cultist","floor":5,"turns":3},{"damage":24,"enemies":"Gremlin Nob","floor":6,"turns":4},{"damage":6,"enemies":"Large Slime","floor":7,"turns":6},{"damage":8,"enemies":"3 Sentries","floor":8,"turns":5},{"damage":20,"enemies":"Gremlin Nob","floor":10,"turns":4},{"damage":0,"enemies":"3 Sentries","floor":12,"turns":3},{"damage":6,"enemies":"Replay:BlueRogue","floor":14,"turns":5},{"damage":35,"enemies":"Fading Forest","floor":16,"turns":11},{"damage":9,"enemies":"2 Thieves","floor":18,"turns":2},{"damage":13,"enemies":"Gremlin Leader","floor":23,"turns":6},{"damage":15,"enemies":"Spheric Guardian","floor":24,"turns":4},{"damage":25,"enemies":"Slavers","floor":25,"turns":3},{"damage":34,"enemies":"Replay:Snechameleon","floor":29,"turns":5},{"damage":10,"enemies":"Snake Plant","floor":30,"turns":3},{"damage":6,"enemies":"3 Cultists","floor":31,"turns":3},{"damage":69,"enemies":"Champ","floor":33,"turns":8}],"seed_played":"-7300090961277689952","potions_obtained":[{"floor":4,"key":"Fire Potion"},{"floor":10,"key":"Swift Potion"},{"floor":14,"key":"BlessingOfTheForge"},{"floor":16,"key":"ColorlessPotion"},{"floor":25,"key":"Milkshake"}],"is_trial":false,"path_per_floor":["M","?","?","M","M","E","M","E","T","E","$","E","R","E","R","B",null,"M","?","?","$","?","E","M","E","T","R","$","E","M","M","R","B"],"character_chosen":"THE_SILENT","items_purchased":["Dramatic Entrance","Noxious Fumes","MerchantsRug","ReplayTheSpireMod:Scrap Shanks","HandDrill","Footwork"],"campfire_rested":1,"item_purchase_floors":[11,11,21,21,21,28],"current_hp_per_floor":[62,62,59,63,67,49,49,45,45,34,37,39,62,63,63,43,84,79,79,79,82,82,82,74,66,66,66,69,45,47,54,54,0,0],"gold":115,"neow_bonus":"BOSS_RELIC","is_daily":false,"chose_seed":false,"campfire_upgraded":2,"win_rate":0.0,"timestamp":1609110276,"path_taken":["M","?","?","M","M","E","M","E","T","E","?","E","R","E","R","BOSS","M","?","?","$","?","E","M","E","T","R","$","E","M","M","R","BOSS"],"items_purchased_type":["Card","Card","Relic","Card","Relic","Card"],"build_version":"2020-12-22","purchased_purges":1,"victory":false,"max_hp_per_floor":[70,70,70,70,70,70,70,70,70,73,76,78,78,81,81,84,84,86,86,86,89,89,92,95,108,108,108,111,113,115,118,118,118,118],"card_choices":[{"not_picked":["Outmaneuver","Acrobatics"],"picked":"Sucker Punch","floor":1},{"not_picked":["Escape Plan","Heel Hook"],"picked":"Deadly Poison","floor":4},{"not_picked":["Hidden Blade","Terror"],"picked":"Dagger Spray","floor":5},{"not_picked":["Dagger Throw","Blade Dance"],"picked":"All Out Attack","floor":6},{"not_picked":["Slice","Fluid Movement"],"picked":"Dagger Throw","floor":7},{"not_picked":["PiercingWail","ReplayTheSpireMod:Exploit Weakness"],"picked":"Crippling Poison","floor":8},{"not_picked":["hubris:SlightOfHand","Hidden Blade"],"picked":"Die Die Die","floor":10},{"not_picked":["Grand Finale","Bane","Skewer"],"picked":"Singing Bowl","floor":12},{"not_picked":["Bane","hubris:Sniper"],"picked":"Backstab","floor":14},{"not_picked":["Grand Finale","Malaise"],"picked":"A Thousand Cuts","floor":16},{"not_picked":["Bane","Concentrate","Reflex"],"picked":"Singing Bowl","floor":18},{"not_picked":["Slice","Blur"],"picked":"PiercingWail","floor":23},{"not_picked":["Distraction","Dagger Throw+1"],"picked":"Dagger Spray+1","floor":24},{"not_picked":["Sneak Up","Predator"],"picked":"Storm of Steel","floor":25},{"not_picked":["Flying Knee","Cloak And Dagger+1","Prepared"],"picked":"Singing Bowl","floor":29},{"not_picked":["Blade Dance","Outmaneuver","Cloak And Dagger+1"],"picked":"Singing Bowl","floor":30},{"not_picked":["Dagger Spray+1","Backflip"],"picked":"Accuracy","floor":31}],"player_experience":475220,"relics_obtained":[{"floor":6,"key":"Singing Bowl"},{"floor":8,"key":"Darkstone Periapt"},{"floor":9,"key":"hubris:Potato"},{"floor":10,"key":"Replay:Ringing Soul"},{"floor":12,"key":"Bag of Preparation"},{"floor":14,"key":"Centennial Puzzle"},{"floor":23,"key":"Peace Pipe"},{"floor":25,"key":"Pear"},{"floor":26,"key":"Vajra"},{"floor":29,"key":"Juzu Bracelet"}],"event_choices":[{"damage_healed":0,"gold_gain":0,"player_choice":"Relic ","damage_taken":3,"max_hp_gain":0,"max_hp_loss":0,"event_name":"betterThird:BetterScrap","floor":3,"gold_loss":0,"cards_obtained":["Battle Trance"]},{"damage_healed":0,"gold_gain":0,"player_choice":"Trade","damage_taken":0,"relics_obtained":["GremlinMask"],"max_hp_gain":0,"max_hp_loss":0,"event_name":"FaceTrader","floor":19,"gold_loss":0},{"cards_removed":["Strike_G"],"damage_healed":0,"gold_gain":0,"player_choice":"Give","damage_taken":0,"max_hp_gain":0,"max_hp_loss":0,"event_name":"betterNote:BetterNote","floor":20,"gold_loss":0,"cards_obtained":["Strike_G"]}],"is_beta":false,"boss_relics":[{"not_picked":["hubris:CrackedHourglass","hubris:RunicObelisk"],"picked":"hubris:Backtick"}],"items_purged_floors":[11],"is_endless":false,"potions_floor_spawned":[4,10,14,16,18,23,25],"killed_by":"Champ","ascension_level":1}}