{"host":"dcj2yvrgcvh5dl2s","time":1609106978,"event":{"mods":["BaseMod","Better Note","Block Reminder","Colored Powertips","DeckTracker","Minty Spire (QoL Compilation)","Quick Restart","Rare Cards Sparkle","Relic Stats","StSLib"],"gold_per_floor":[113,128,13,13,23,55,55,89,89,89,105,105,130,130,130,204,204,215,215,215,215,3,34,34,34,34],"floor_reached":25,"playtime":543,"items_purged":["Strike_R","Regret"],"score":435,"play_id":"a054dd77-877e-4948-ae76-a0289375123f","local_time":"20201228080938","is_ascension_mode":true,"campfire_choices":[{"data":"Intimidate","floor":10,"key":"SMITH"},{"floor":12,"key":"REST"},{"floor":15,"key":"REST"},{"floor":24,"key":"REST"}],"circlet_count":0,"master_deck":["AscendersBane","Strike_R","Strike_R","Strike_R","Strike_R","Defend_R","Defend_R","Defend_R","Defend_R","Bash","Shockwave","Perfected Strike+1","Battle Trance","Pommel Strike","Intimidate+1","Sword Boomerang","Carnage","Offering","Writhe","Shame","Body Slam+1"],"relics":["Burning Blood","NeowsBlessing","Pen Nib","Matryoshka","WingedGreaves","Bronze Scales","Smiling Mask","Toy Ornithopter","Bottled Lightning","Busted Crown","Bag of Marbles","Tiny Chest","Anchor","HornCleat"],"acts_visited":["Exordium","TheCity"],"potions_floor_usage":[8,16,23,25],"damage_taken":[{"damage":0,"enemies":"Cultist","floor":1,"turns":1},{"damage":0,"enemies":"2 Louse","floor":2,"turns":1},{"damage":0,"enemies":"Jaw Worm","floor":5,"turns":1},{"damage":18,"enemies":"Gremlin Nob","floor":6,"turns":4},{"damage":31,"enemies":"Lagavulin","floor":8,"turns":5},{"damage":14,"enemies":"Exordium Wildlife","floor":11,"turns":4},{"damage":27,"enemies":"Gremlin Nob","floor":13,"turns":3},{"damage":49,"enemies":"Hexaghost","floor":16,"turns":10},{"damage":19,"enemies":"2 Thieves","floor":18,"turns":3},{"damage":39,"enemies":"Slavers","floor":23,"turns":5},{"damage":49,"enemies":"Gremlin Leader","floor":25,"turns":5}],"seed_played":"4569686165662014232","potions_obtained":[{"floor":1,"key":"SneckoOil"},{"floor":5,"key":"Dexterity Potion"},{"floor":6,"key":"SkillPotion"},{"floor":13,"key":"HeartOfIron"},{"floor":16,"key":"Dexterity Potion"}],"is_trial":false,"path_per_floor":["M","M","$","?","M","E","?","E","T","R","M","R","E","?","R","B",null,"M","?","?","?","$","E","R","E"],"character_chosen":"IRONCLAD","items_purchased":["Battle Trance","Anchor"],"campfire_rested":3,"item_purchase_floors":[3,22],"current_hp_per_floor":[74,75,75,75,75,63,63,38,38,38,30,52,31,31,53,15,60,47,47,47,47,47,19,41,0,0],"gold":34,"neow_bonus":"THREE_ENEMY_KILL","is_daily":false,"chose_seed":false,"campfire_upgraded":1,"win_rate":0.0,"timestamp":1609106978,"path_taken":["M","M","?","?","M","E","?","E","T","R","?","R","E","?","R","BOSS","M","?","?","?","$","E","R","E"],"items_purchased_type":["Card","Relic"],"build_version":"2020-12-22","purchased_purges":2,"victory":false,"max_hp_per_floor":[75,75,75,75,75,75,75,75,75,75,75,75,75,75,75,75,75,75,75,75,75,75,75,75,75,75],"relic_stats":{"Busted Crown":4,"counters":[11,42],"Bronze Scales":[104],"Tiny Chest":0,"Pen Nib":[7],"Smiling Mask":50,"obtain_stats":[{"NeowsBlessing":0,"Pen Nib":4,"Smiling Mask":9,"Burning Blood":0,"Anchor":22,"Matryoshka":6,"Busted Crown":17,"HornCleat":23,"Bronze Scales":8,"Tiny Chest":20,"WingedGreaves":7,"Bag of Marbles":19,"Bottled Lightning":13,"Toy Ornithopter":9},{"NeowsBlessing":0,"Pen Nib":2,"Smiling Mask":5,"Burning Blood":0,"Anchor":9,"Matryoshka":4,"Busted Crown":8,"HornCleat":10,"Bronze Scales":5,"Tiny Chest":9,"WingedGreaves":4,"Bag of Marbles":9,"Bottled Lightning":7,"Toy Ornithopter":5},{"NeowsBlessing":0,"Pen Nib":2,"Smiling Mask":12,"Burning Blood":0,"Anchor":32,"Matryoshka":7,"Busted Crown":29,"HornCleat":37,"Bronze Scales":12,"Tiny Chest":32,"WingedGreaves":7,"Bag of Marbles":32,"Bottled Lightning":19,"Toy Ornithopter":12}],"Burning Blood":49,"Toy Ornithopter":15},"card_choices":[{"not_picked":["Entrench","Clothesline"],"picked":"Shockwave","floor":1},{"not_picked":["Iron Wave","Warcry"],"picked":"Perfected Strike","floor":2},{"not_picked":["Spot Weakness","Cleave"],"picked":"Pommel Strike","floor":5},{"not_picked":["Fire Breathing","Sentinel"],"picked":"Intimidate","floor":6},{"not_picked":["Fire Breathing","Anger"],"picked":"Sword Boomerang","floor":8},{"not_picked":["Reckless Charge","Havoc"],"picked":"Carnage","floor":11},{"not_picked":["Reckless Charge","Flame Barrier","Heavy Blade"],"picked":"SKIP","floor":13},{"not_picked":["Immolate","Impervious"],"picked":"Offering","floor":16},{"not_picked":["Pommel Strike"],"picked":"SKIP","floor":18},{"not_picked":[],"picked":"Body Slam+1","floor":23}],"player_experience":2079968,"relics_obtained":[{"floor":6,"key":"Matryoshka"},{"floor":8,"key":"Bronze Scales"},{"floor":9,"key":"Smiling Mask"},{"floor":9,"key":"Toy Ornithopter"},{"floor":13,"key":"Bottled Lightning"},{"floor":23,"key":"HornCleat"}],"event_choices":[{"damage_healed":0,"gold_gain":0,"player_choice":"Box","damage_taken":0,"relics_obtained":["Pen Nib"],"max_hp_gain":0,"max_hp_loss":0,"event_name":"Big Fish","floor":4,"gold_loss":0,"cards_obtained":["Regret"]},{"damage_healed":0,"gold_gain":0,"player_choice":"Searched \u00271\u0027 times","damage_taken":0,"relics_obtained":["WingedGreaves"],"max_hp_gain":0,"max_hp_loss":0,"event_name":"Dead Adventurer","floor":7,"gold_loss":0},{"damage_healed":0,"gold_gain":0,"player_choice":"Grow","damage_taken":0,"max_hp_gain":0,"max_hp_loss":0,"event_name":"Living Wall","floor":14,"gold_loss":0,"cards_upgraded":["Perfected Strike"]},{"damage_healed":0,"gold_gain":0,"player_choice":"Opened","damage_taken":0,"relics_obtained":["Bag of Marbles"],"max_hp_gain":0,"max_hp_loss":0,"event_name":"The Mausoleum","floor":19,"gold_loss":0,"cards_obtained":["Writhe"]},{"damage_healed":0,"gold_gain":0,"player_choice":"Stole Relic","damage_taken":0,"relics_obtained":["Tiny Chest"],"max_hp_gain":0,"max_hp_loss":0,"event_name":"Addict","floor":20,"gold_loss":0,"cards_obtained":["Shame"]},{"damage_healed":0,"gold_gain":0,"player_choice":"Ignored","damage_taken":0,"max_hp_gain":0,"max_hp_loss":0,"event_name":"Vampires","floor":21,"gold_loss":0}],"is_beta":false,"boss_relics":[{"not_picked":["Snecko Eye","Runic Pyramid"],"picked":"Busted Crown"}],"items_purged_floors":[3,22],"is_endless":false,"potions_floor_spawned":[1,5,6,13,16,18],"killed_by":"Gremlin Leader","ascension_level":17}}