{"host":"v711dtdb46xe9u7l","time":1609079829,"event":{"mods":["BaseMod","Minty Spire (QoL Compilation)","StSLib"],"gold_per_floor":[362,20,40,53,66,100,100,138,138,181,181,181,181,215,215,345,345,369,382,402,402,418,418,454,3,3,3,39,39,75,99,99,218,281,306,63,63,63,0,41,60,60,60,60,101,122,122,136,136,136,136,136,38,76,76],"floor_reached":56,"playtime":4431,"items_purged":["Defend_P","Defend_P"],"score":1419,"play_id":"357735d7-eb8c-426b-89ba-465a783af153","local_time":"20201227143709","is_ascension_mode":true,"campfire_choices":[{"floor":11.0,"key":"REST"},{"data":"Fasting2","floor":13.0,"key":"SMITH"},{"data":"Eruption","floor":15.0,"key":"SMITH"},{"floor":23.0,"key":"RECALL"},{"data":"Decay","floor":27.0,"key":"PURGE"},{"data":"Defend_P","floor":32.0,"key":"PURGE"},{"data":"Normality","floor":44.0,"key":"PURGE"},{"floor":49.0,"key":"REST"},{"data":"Establishment","floor":52.0,"key":"SMITH"}],"circlet_count":0,"master_deck":["Strike_P","Strike_P","Strike_P","Defend_P+1","Eruption+1","Vigilance","Fasting2+1","Halt","Evaluate","BattleHymn","EmptyBody+1","Establishment+1","ThirdEye+1","Prostrate+1","WindmillStrike","WindmillStrike+1","Crescendo+1","Protect+1","Enlightenment+1","DevaForm","DeceiveReality+1","Madness+1","Madness+1","FearNoEvil+1","Fasting2+1"],"relics":["PureWater","StrikeDummy","Mango","Golden Idol","Gambling Chip","Bird Faced Urn","Pocketwatch","Singing Bowl","Toxic Egg 2","Cursed Key","Meat on the Bone","Peace Pipe","Matryoshka","PreservedInsect","War Paint","Tiny House","Melange","Red Mask","Lantern","Happy Flower","Kunai","Letter Opener"],"acts_visited":["Exordium","TheCity","TheBeyond","TheEnding"],"potions_floor_usage":[54,55,55],"damage_taken":[{"damage":2.0,"enemies":"2 Louse","floor":1.0,"turns":3.0},{"damage":0.0,"enemies":"Small Slimes","floor":3.0,"turns":2.0},{"damage":1.0,"enemies":"Jaw Worm","floor":4.0,"turns":4.0},{"damage":0.0,"enemies":"Exordium Thugs","floor":5.0,"turns":4.0},{"damage":12.0,"enemies":"Gremlin Nob","floor":6.0,"turns":3.0},{"damage":5.0,"enemies":"3 Sentries","floor":8.0,"turns":8.0},{"damage":35.0,"enemies":"Gremlin Nob","floor":10.0,"turns":5.0},{"damage":0.0,"enemies":"Lagavulin","floor":14.0,"turns":4.0},{"damage":0.0,"enemies":"The Guardian","floor":16.0,"turns":10.0},{"damage":0.0,"enemies":"Shell Parasite","floor":18.0,"turns":6.0},{"damage":0.0,"enemies":"Spheric Guardian","floor":19.0,"turns":4.0},{"damage":0.0,"enemies":"Centurion and Healer","floor":20.0,"turns":7.0},{"damage":0.0,"enemies":"Snecko","floor":22.0,"turns":4.0},{"damage":17.0,"enemies":"Slavers","floor":24.0,"turns":4.0},{"damage":18.0,"enemies":"Book of Stabbing","floor":28.0,"turns":5.0},{"damage":18.0,"enemies":"Slavers","floor":30.0,"turns":5.0},{"damage":0.0,"enemies":"Chosen and Byrds","floor":31.0,"turns":5.0},{"damage":31.0,"enemies":"Champ","floor":33.0,"turns":12.0},{"damage":0.0,"enemies":"3 Shapes","floor":35.0,"turns":5.0},{"damage":10.0,"enemies":"Reptomancer","floor":40.0,"turns":4.0},{"damage":5.0,"enemies":"Orb Walker","floor":41.0,"turns":3.0},{"damage":0.0,"enemies":"Nemesis","floor":45.0,"turns":3.0},{"damage":27.0,"enemies":"Jaw Worm Horde","floor":46.0,"turns":4.0},{"damage":5.0,"enemies":"Sphere and 2 Shapes","floor":48.0,"turns":4.0},{"damage":42.0,"enemies":"Time Eater","floor":50.0,"turns":10.0},{"damage":20,"enemies":"Shield and Spear","floor":54,"turns":5},{"damage":73,"enemies":"The Heart","floor":55,"turns":12}],"seed_played":"-1745905986824902541","potions_obtained":[{"floor":3.0,"key":"ColorlessPotion"},{"floor":6.0,"key":"Regen Potion"},{"floor":16.0,"key":"AttackPotion"},{"floor":19.0,"key":"SpeedPotion"},{"floor":24.0,"key":"BottledMiracle"},{"floor":31.0,"key":"Dexterity Potion"},{"floor":34.0,"key":"AttackPotion"},{"floor":40.0,"key":"Fire Potion"},{"floor":41.0,"key":"Ancient Potion"},{"floor":46.0,"key":"StancePotion"}],"is_trial":false,"path_per_floor":["M","$","M","M","M","E","?","E","T","E","R","?","R","E","R","B",null,"M","M","M","?","M","R","E","$","T","R","E","$","E","M","R","B",null,"M","$","?","$","?","E","M","$","T","R","E","M","?","M","R","B",null,"R","$","E","B",null],"character_chosen":"WATCHER","items_purchased":["StrikeDummy","Fasting2","Halt","Peace Pipe","Enlightenment+1","Melange","Block Potion","Swift Potion"],"campfire_rested":2,"item_purchase_floors":[2,2,2,25,25,36,53,53],"current_hp_per_floor":[63,63,63,62,62,64,64,59,59,26,47,44,44,50,50,54,75,75,75,75,75,75,75,62,62,62,62,50,50,52,58,58,45,86,88,88,77,77,77,71,70,70,70,70,78,55,55,58,86,54,94,94,94,80,29],"gold":76,"neow_bonus":"TWO_FIFTY_GOLD","is_daily":false,"chose_seed":false,"campfire_upgraded":3,"win_rate":0.0,"timestamp":1609079829,"path_taken":["M","$","M","M","M","E","?","E","T","E","R","?","R","E","R","BOSS","M","M","M","?","M","R","E","?","T","R","E","$","E","?","R","BOSS","M","$","?","$","?","E","M","?","T","R","E","M","?","M","R","BOSS","R","$","E","BOSS"],"items_purchased_type":["Relic","Card","Card","Relic","Card","Relic","Potion","Potion"],"build_version":"2020-12-22","purchased_purges":2,"victory":true,"max_hp_per_floor":[65,65,65,65,65,79,73,73,73,73,73,73,73,75,75,75,75,75,75,75,75,75,75,75,75,75,75,77,77,79,81,81,81,86,88,88,88,88,88,90,90,90,90,90,92,92,92,94,94,94,94,94,94,96,96],"card_choices":[{"not_picked":["PathToVictory","Sanctity"],"picked":"Study","floor":1.0},{"not_picked":["ClearTheMind","EmptyMind"],"picked":"Evaluate","floor":3.0},{"not_picked":["Consecrate","CrushJoints"],"picked":"BattleHymn","floor":4.0},{"not_picked":["ClearTheMind","Sanctity"],"picked":"EmptyBody","floor":5.0},{"not_picked":["CarveReality","Wireheading","ClearTheMind"],"picked":"SKIP","floor":6.0},{"not_picked":["Study","JustLucky","ReachHeaven"],"picked":"SKIP","floor":8.0},{"not_picked":["Halt","Meditate","PathToVictory"],"picked":"SKIP","floor":10.0},{"not_picked":["Scrawl+1","FlyingSleeves","ReachHeaven"],"picked":"Singing Bowl","floor":14.0},{"not_picked":["Alpha+1","Blasphemy+1"],"picked":"Establishment","floor":16.0},{"not_picked":["Prostrate+1","Consecrate"],"picked":"ThirdEye+1","floor":18.0},{"not_picked":["CutThroughFate","CrushJoints"],"picked":"Prostrate+1","floor":19.0},{"not_picked":["Halt+1","ThirdEye+1"],"picked":"WindmillStrike","floor":20.0},{"not_picked":["EmptyFist","FlyingSleeves+1"],"picked":"Crescendo+1","floor":22.0},{"not_picked":["WheelKick","Blasphemy+1"],"picked":"Protect+1","floor":24.0},{"not_picked":["WindmillStrike","CarveReality","EmptyFist+1"],"picked":"Singing Bowl","floor":28.0},{"not_picked":["EmptyBody+1","ThirdEye+1","Pray+1"],"picked":"Singing Bowl","floor":30.0},{"not_picked":["CrushJoints+1","FlyingSleeves","Halt+1"],"picked":"Singing Bowl","floor":31.0},{"not_picked":["Alpha+1","LessonLearned"],"picked":"DevaForm","floor":33.0},{"not_picked":["CrushJoints","ThirdEye+1"],"picked":"DeceiveReality+1","floor":34.0},{"not_picked":["Halt+1","PathToVictory+1","Prostrate+1"],"picked":"Singing Bowl","floor":35.0},{"not_picked":["Judgement+1","WaveOfTheHand+1","BowlingBash"],"picked":"Singing Bowl","floor":40.0},{"not_picked":["FlurryOfBlows+1","Indignation+1"],"picked":"FearNoEvil+1","floor":41.0},{"not_picked":["SandsOfTime+1","FollowUp+1","Protect+1"],"picked":"Singing Bowl","floor":45.0},{"not_picked":["EmptyBody+1","EmptyFist"],"picked":"Fasting2+1","floor":46.0},{"not_picked":["PathToVictory+1","Judgement+1","CutThroughFate"],"picked":"Singing Bowl","floor":48.0},{"not_picked":["SignatureMove","DeceiveReality+1","PathToVictory+1"],"picked":"Singing Bowl","floor":54}],"player_experience":248530,"relics_obtained":[{"floor":6.0,"key":"Mango"},{"floor":8.0,"key":"Gambling Chip"},{"floor":9.0,"key":"Bird Faced Urn"},{"floor":10.0,"key":"Pocketwatch"},{"floor":14.0,"key":"Toxic Egg 2"},{"floor":24.0,"key":"Meat on the Bone"},{"floor":26.0,"key":"Matryoshka"},{"floor":28.0,"key":"PreservedInsect"},{"floor":30.0,"key":"War Paint"},{"floor":40.0,"key":"Lantern"},{"floor":43.0,"key":"Happy Flower"},{"floor":45.0,"key":"Kunai"},{"floor":54,"key":"Letter Opener"}],"event_choices":[{"damage_healed":0.0,"max_hp_gain":0.0,"max_hp_loss":6.0,"gold_gain":0.0,"event_name":"Golden Idol","player_choice":"Lose Max HP","floor":7.0,"gold_loss":0.0,"damage_taken":0.0,"relics_obtained":["Golden Idol"]},{"damage_healed":0.0,"max_hp_gain":0.0,"max_hp_loss":0.0,"gold_gain":0.0,"event_name":"Scrap Ooze","player_choice":"Success","floor":12.0,"gold_loss":0.0,"damage_taken":3.0,"relics_obtained":["Singing Bowl"]},{"damage_healed":0.0,"max_hp_gain":0.0,"max_hp_loss":0.0,"gold_gain":0.0,"cards_transformed":["Study"],"event_name":"Transmorgrifier","player_choice":"Transformed","floor":21.0,"gold_loss":0.0,"damage_taken":0.0,"cards_obtained":["WindmillStrike"]},{"damage_healed":0.0,"max_hp_gain":0.0,"max_hp_loss":0.0,"gold_gain":0.0,"event_name":"Winding Halls","player_choice":"Embrace Madness","floor":37.0,"gold_loss":0.0,"damage_taken":11.0,"cards_obtained":["Madness","Madness"]},{"damage_healed":0.0,"max_hp_gain":0.0,"max_hp_loss":0.0,"gold_gain":0.0,"event_name":"Tomb of Lord Red Mask","player_choice":"Paid","floor":39.0,"gold_loss":63.0,"damage_taken":0.0,"relics_obtained":["Red Mask"]},{"cards_removed":["Strike_P"],"damage_healed":0.0,"max_hp_gain":0.0,"max_hp_loss":0.0,"gold_gain":0.0,"event_name":"Falling","player_choice":"Removed Attack","floor":47.0,"gold_loss":0.0,"damage_taken":0.0}],"is_beta":false,"boss_relics":[{"not_picked":["Calling Bell","Astrolabe"],"picked":"Cursed Key"},{"not_picked":["Coffee Dripper","Philosopher\u0027s Stone"],"picked":"Tiny House"}],"items_purged_floors":[25,36],"is_endless":false,"potions_floor_spawned":[3,6,16,19,24,31,40,41,46],"ascension_level":1}}