{"host":"lts6tz2h67nqtpoe","time":1609032867,"event":{"mods":["AchievementEnabler","BaseMod","Colored Powertips","Downfall","Googly Eyes","Minty Spire (QoL Compilation)","Permanent Neow","Quick Restart","Replay The Spire","StSLib"],"gold_per_floor":[109,7,25,25,42,42,54,82,382,394,394,410,410,423,423,495,595,613,334,334,7,21,21,36,36,59,59,59],"floor_reached":27,"playtime":1142,"items_purged":[],"score":419,"play_id":"43004458-4c31-4b11-999b-5431fbd7752a","local_time":"20201226173427","is_ascension_mode":true,"campfire_choices":[{"floor":6.0,"key":"REST"},{"floor":11.0,"key":"REST"},{"data":"Terror","floor":15.0,"key":"SMITH"},{"floor":23.0,"key":"REST"},{"floor":25.0,"key":"REST"}],"circlet_count":0,"master_deck":["AscendersBane","Strike_G+1","Strike_G","Strike_G+1","Strike_G","Defend_G","Defend_G","Defend_G","Defend_G","Defend_G","Survivor","Neutralize","ReplayTheSpireMod:Private Reserves","Finisher","Crippling Poison","Poisoned Stab","Terror+1","Poisoned Stab","Flying Knee","Doppelganger","Regret","Predator","Poison Darts","Footwork","Adrenaline","Pot Of Greed","Pot Of Greed","Pot Of Greed"],"relics":["Ring of the Snake","ReplayTheSpireMod:CursedCoin","Regal Pillow","Blue Candle","Old Coin","FossilizedHelix","Replay:Wanted Poster","Iron Hammer","Membership Card","Simple Rune","Vajra","Grinning Jar"],"acts_visited":["Exordium","TheCity"],"potions_floor_usage":[],"damage_taken":[{"damage":7.0,"enemies":"Small Slimes","floor":1.0,"turns":3.0},{"damage":6.0,"enemies":"Cultist","floor":3.0,"turns":4.0},{"damage":0.0,"enemies":"2 Louse","floor":5.0,"turns":2.0},{"damage":4.0,"enemies":"2 Fungi Beasts","floor":7.0,"turns":3.0},{"damage":10.0,"enemies":"Gremlin Nob","floor":8.0,"turns":4.0},{"damage":23.0,"enemies":"Exordium Thugs","floor":10.0,"turns":4.0},{"damage":0.0,"enemies":"Large Slime","floor":12.0,"turns":4.0},{"damage":4.0,"enemies":"3 Louse","floor":14.0,"turns":3.0},{"damage":22.0,"enemies":"Hexaghost","floor":16.0,"turns":8.0},{"damage":24.0,"enemies":"2 Thieves","floor":18.0,"turns":4.0},{"damage":10.0,"enemies":"Shell Parasite","floor":22.0,"turns":3.0},{"damage":49.0,"enemies":"Chosen and Byrds","floor":24.0,"turns":7.0},{"damage":51,"enemies":"Book of Stabbing","floor":27,"turns":5}],"seed_played":"-8178812985530134948","potions_obtained":[{"floor":3.0,"key":"BlessingOfTheForge"},{"floor":7.0,"key":"EssenceOfSteel"},{"floor":14.0,"key":"ColorlessPotion"},{"floor":18.0,"key":"SpeedPotion"}],"is_trial":false,"path_per_floor":["M","$","M","?","M","R","M","E","T","M","R","M","?","M","R","B",null,"M","$","?","$","M","R","M","R","T","E"],"character_chosen":"THE_SILENT","items_purchased":["ReplayTheSpireMod:CursedCoin","Regal Pillow","hexamod:EctoCoolerPotion","Iron Hammer","Membership Card","Simple Rune","Vajra"],"campfire_rested":4,"item_purchase_floors":[2,2,2,19,21,21,21],"current_hp_per_floor":[52,52,46,46,46,66,62,52,52,29,63,63,63,59,59,37,59,35,35,35,35,25,59,10,44,44,0,0],"gold":59,"neow_bonus":"RANDOM_COLORLESS","is_daily":false,"chose_seed":false,"campfire_upgraded":1,"win_rate":0.0,"timestamp":1609032867,"path_taken":["M","$","M","?","M","R","M","E","T","M","R","?","?","M","R","BOSS","M","$","?","?","M","R","M","R","T","E"],"items_purchased_type":["Relic","Relic","Potion","Relic","Relic","Relic","Relic"],"build_version":"2020-12-22","purchased_purges":0,"victory":false,"max_hp_per_floor":[66,66,66,66,66,66,66,66,66,66,66,66,66,66,66,66,66,66,66,66,66,66,66,66,66,66,66,66],"card_choices":[{"not_picked":["Replay:SS_fish_1","expansioncontent:AwakenDeath"],"picked":"ReplayTheSpireMod:Private Reserves","floor":0.0},{"not_picked":["Deflect","Blade Dance"],"picked":"Finisher","floor":1.0},{"not_picked":["Infinite Blades","Quick Slash"],"picked":"Crippling Poison","floor":3.0},{"not_picked":["Hidden Blade","Dodge and Roll"],"picked":"Poisoned Stab","floor":5.0},{"not_picked":["Heel Hook","ReplayTheSpireMod:Exploit Weakness"],"picked":"Terror","floor":7.0},{"not_picked":["Sucker Punch","Blade Dance"],"picked":"Poisoned Stab","floor":8.0},{"not_picked":["Blade Dance","Skewer"],"picked":"Flying Knee","floor":10.0},{"not_picked":["Blade Dance","Eviscerate"],"picked":"Doppelganger","floor":12.0},{"not_picked":["Noxious Fumes","Dagger Throw"],"picked":"Predator","floor":14.0},{"not_picked":["Doppelganger","Night Terror"],"picked":"Poison Darts","floor":16.0},{"not_picked":["Deadly Poison","Dagger Spray","Acrobatics"],"picked":"SKIP","floor":18.0},{"not_picked":["Deadly Poison","Poisoned Stab"],"picked":"Adrenaline","floor":22.0},{"not_picked":["Deflect","Bane","Setup"],"picked":"SKIP","floor":24.0}],"player_experience":295256,"relics_obtained":[{"floor":8.0,"key":"Blue Candle"},{"floor":9.0,"key":"Old Coin"},{"floor":26.0,"key":"Grinning Jar"}],"event_choices":[{"cards_removed":["Amnesia"],"damage_healed":0.0,"max_hp_gain":0.0,"max_hp_loss":0.0,"gold_gain":0.0,"event_name":"Fountain of Cleansing","player_choice":"Removed Curses","floor":4.0,"gold_loss":0.0,"damage_taken":0.0},{"damage_healed":0.0,"max_hp_gain":0.0,"max_hp_loss":0.0,"gold_gain":0.0,"event_name":"Big Fish","player_choice":"Box","floor":13.0,"gold_loss":0.0,"damage_taken":0.0,"relics_obtained":["FossilizedHelix"],"cards_obtained":["Regret"]},{"damage_healed":0.0,"max_hp_gain":0.0,"max_hp_loss":0.0,"gold_gain":0.0,"cards_transformed":["Strike_G"],"event_name":"Transmorgrifier","player_choice":"Transformed","floor":20.0,"gold_loss":0.0,"damage_taken":0.0,"cards_obtained":["Footwork"]}],"is_beta":false,"boss_relics":[{"not_picked":["Sozu","Busted Crown"],"picked":"Replay:Wanted Poster"}],"items_purged_floors":[],"is_endless":false,"potions_floor_spawned":[3,5,7,14,18],"killed_by":"Book of Stabbing","ascension_level":19}}