{"host":"8nqgve6y8ahjd8xo","time":1609075797,"event":{"mods":["ATMod(阿瑾Mod)","AchievementEnabler","BaseMod","Better Vampires","Better-Laid Plans","Colored Map","Colored Powertips","Minty Spire (QoL Compilation)","MostiFishMod","Quick Restart","Red Circlet Mod","Replay The Spire","RumiaBox-露米娅的神秘盒子","Ryuuou龙王","Shop Mod","StSLib","TestMod","Uncapped","Waifu the Spire","[IsaacMod]以撒尖塔","[功能]功能增强和修复MOD","vexMod","【功能Mod】Neow奖励","【功能Mod】混沌之环修复补丁","【遗物Mod】死灵法师NEW","【遗物Mod】简单游戏","【遗物卡牌】REMEMod","没有小屋子和绿帽子啦","篝火指南"],"gold_per_floor":[116,116,116,130,146,171,171,171,171,171,202,202,217,233,233,329,329,354,417,438,438,470,509,265,295,295,295,295,310,344,274,166,202,202,291,291,306,333,364,764,564,607,607,628,651,686,702,717,415,515,515,515,515,515,515,299,351,351],"floor_reached":59,"playtime":2170,"items_purged":["Strike_R","Strike_R","Strike_R","Strike_R","Defend_R","Defend_R","Defend_R","Defend_R"],"score":4169,"play_id":"8277cc8d-e890-46d6-b797-0b925c65cf64","local_time":"20201227212957","is_ascension_mode":true,"campfire_choices":[{"data":"Eruption","floor":7.0,"key":"SMITH"},{"data":"Entrench","floor":10.0,"key":"SMITH"},{"data":"Shrug It Off","floor":12.0,"key":"SMITH"},{"data":"Pommel Strike","floor":15.0,"key":"SMITH"},{"data":"Second Wind","floor":34.0,"key":"SMITH"},{"data":"Body Slam","floor":43.0,"key":"SMITH"},{"floor":51.0,"key":"RECALL"},{"data":"Barricade","floor":55,"key":"SMITH"}],"circlet_count":0,"master_deck":["AscendersBane","BloodyBrimstone","AT_RealColorLess","MostiFishMod:Dust+1","MostiFishMod:UltimateDefense","Eruption+1","Power Through","Entrench+1","Shrug It Off+1","Whirlwind","Pommel Strike+1","MostiFishMod:RacingGame","Feel No Pain","Barricade+1","Body Slam+1","Sword Boomerang","Second Wind+1","Second Wind","Inflame","Searing Blow","Limit Break"],"relics":["EasyRelic","HushsDoor","DaveBox","AT_ATBox","REME_ComplimentaryCards","BookOfRevelations","testmod-Nyarlathotep","FeatherPendant","SynthV:TestCard","Replay:M_SmolderingBlood","Pantograph","Golden Idol","DeathBook","Replay:Bottled Eggs","Transparent","BelialBook","SharpPlug","CeramicFish","AT_ImmortalShieldbow","AT_RedNoBalance","GodSword6","OriginationStaff","testmod-BatchProcessingSystem","AT_LudenTempest","SteamSale","GodSword3","Anchor","testmod-Brilliant","GodSword1","Ccalipers","TheAbacus","TheBible"],"acts_visited":["Exordium","TheCity","TheBeyond","TheEnding"],"potions_floor_usage":[],"damage_taken":[{"damage":0.0,"enemies":"Small Slimes","floor":1.0,"turns":3.0},{"damage":13.0,"enemies":"2 Louse","floor":4.0,"turns":2.0},{"damage":0.0,"enemies":"Cultist","floor":5.0,"turns":2.0},{"damage":27.0,"enemies":"Gremlin Nob","floor":6.0,"turns":5.0},{"damage":0.0,"enemies":"Lagavulin","floor":11.0,"turns":3.0},{"damage":10.0,"enemies":"3 Louse","floor":13.0,"turns":5.0},{"damage":0.0,"enemies":"Blue Slaver","floor":14.0,"turns":1.0},{"damage":0.0,"enemies":"Slime Boss","floor":16.0,"turns":8.0},{"damage":5.0,"enemies":"2 Thieves","floor":18.0,"turns":1.0},{"damage":10.0,"enemies":"Hiden Room Battle","floor":19.0,"turns":2.0},{"damage":10.0,"enemies":"Chosen","floor":20.0,"turns":2.0},{"damage":5.0,"enemies":"Snake Plant","floor":22.0,"turns":1.0},{"damage":10.0,"enemies":"Slavers","floor":23.0,"turns":2.0},{"damage":10.0,"enemies":"3 Cultists","floor":25.0,"turns":2.0},{"damage":5.0,"enemies":"Sentry and Sphere","floor":29.0,"turns":1.0},{"damage":5.0,"enemies":"Shelled Parasite and Fungi","floor":30.0,"turns":1.0},{"damage":5.0,"enemies":"Gremlin Leader","floor":33.0,"turns":1.0},{"damage":25.0,"enemies":"Pondfish","floor":35.0,"turns":5.0},{"damage":10.0,"enemies":"3 Shapes","floor":37.0,"turns":2.0},{"damage":10.0,"enemies":"Orb Walker","floor":38.0,"turns":2.0},{"damage":10.0,"enemies":"Mind Bloom Boss Battle","floor":39.0,"turns":2.0},{"damage":15.0,"enemies":"Nemesis","floor":42.0,"turns":3.0},{"damage":10.0,"enemies":"Maw","floor":44.0,"turns":2.0},{"damage":5.0,"enemies":"Reptomancer","floor":46.0,"turns":1.0},{"damage":0.0,"enemies":"3 Darklings","floor":47.0,"turns":1.0},{"damage":0.0,"enemies":"Writhing Mass","floor":48.0,"turns":1.0},{"damage":10.0,"enemies":"Time Eater","floor":52.0,"turns":2.0},{"damage":5.0,"enemies":"Donu and Deca","floor":53.0,"turns":1.0},{"damage":5,"enemies":"Shield and Spear","floor":57,"turns":1},{"damage":5,"enemies":"Delirium","floor":58,"turns":3}],"seed_played":"3011493934470649399","potions_obtained":[{"floor":1.0,"key":"Elixir"},{"floor":4.0,"key":"Energy Potion"},{"floor":5.0,"key":"Fruit Juice"},{"floor":5.0,"key":"FairyPotion"}],"is_trial":false,"path_per_floor":["M","?","?","M","M","E","R","?","T","R","E","R","M","M","R","B",null,"M","?","M","?","M","E","$","M","T","PTL","PTL","M","M","$","$","E","R","B",null,"M","M","?","?","$","E","R","M","T","E","M","M","$","?","R","B","B",null,"R","$","E","B",null],"character_chosen":"IRONCLAD","items_purchased":["BelialBook","AT_SilverBalance","Second Wind","SteamSale","Searing Blow","testmod-Brilliant","GodSword1","Ccalipers","TheAbacus"],"campfire_rested":0,"item_purchase_floors":[17,24,32,41,41,49,49,56,56],"current_hp_per_floor":[56,56,56,43,48,21,21,21,21,21,21,21,11,11,11,36,52,57,57,57,57,57,57,57,57,57,57,57,57,57,57,57,57,57,57,50,50,50,50,50,50,50,50,50,50,50,50,50,50,50,50,50,50,50,50,50,50,41],"gold":351,"neow_bonus":"THREE_RARE_CARDS","is_daily":false,"chose_seed":false,"campfire_upgraded":7,"win_rate":0.0,"timestamp":1609075797,"path_taken":["M","?","?","M","?","E","R","?","T","R","E","R","M","M","R","BOSS","M","?","?","?","M","E","$","M","T","PTL","PTL","M","M","?","$","E","R","BOSS","M","M","?","?","$","E","R","M","T","E","M","M","?","?","R","BOSS","BOSS","R","$","E","BOSS"],"items_purchased_type":["Relic","Relic","Card","Relic","Card","Relic","Relic","Relic","Relic"],"build_version":"2020-12-22","purchased_purges":8,"victory":true,"max_hp_per_floor":[75,75,75,75,80,80,80,72,72,72,72,72,72,72,72,72,57,57,57,57,57,57,57,57,57,57,57,57,57,57,57,57,57,57,57,50,50,50,50,50,50,50,50,50,50,50,50,50,50,50,50,50,50,50,50,50,50,41],"card_choices":[{"not_picked":[],"picked":"BloodyBrimstone","floor":0.0},{"not_picked":["Replay:Many Hands","Juggernaut"],"picked":"MostiFishMod:UltimateDefense","floor":0.0},{"not_picked":["Havoc","ReplayReversal","AT_BodySlamDance"],"picked":"SKIP","floor":1.0},{"not_picked":["AT_BodySlamDance","Run Through","Clothesline","Thunderclap"],"picked":"Power Through","floor":4.0},{"not_picked":["Power Through","True Grit","FollowUp","Replay:Undeath\u0027s Touch"],"picked":"Entrench","floor":5.0},{"not_picked":["Wild Strike","MostiFishMod:CullingBlade","Defy Death","Replay:Undeath\u0027s Touch"],"picked":"Shrug It Off","floor":6.0},{"not_picked":["Spot Weakness","Infernal Blade","Ghostly Armor","FollowUp","EmptyFist"],"picked":"SKIP","floor":11.0},{"not_picked":["CrushJoints","Havoc","Thunderclap","Crescendo"],"picked":"Whirlwind","floor":13.0},{"not_picked":["Crescendo","ReplayTheSpireMod:Muscle Training","Sentinel","BowlingBash"],"picked":"Pommel Strike","floor":14.0},{"not_picked":["MostiFishMod:FireWorks","MostiFishMod:FlyOverUtopia","Demon Form","AT_Dispersion"],"picked":"MostiFishMod:RacingGame","floor":16.0},{"not_picked":["Pommel Strike","AT_CaressingTears","Fire Breathing","Replay:Undeath\u0027s Touch"],"picked":"Feel No Pain","floor":18.0},{"not_picked":["Perfected Strike","Replay:Undeath\u0027s Touch","Pommel Strike","Iron Wave+1","Metallicize"],"picked":"SKIP","floor":20.0},{"not_picked":["ReplayReversal","ReplayTheSpireMod:LeadingStrike+1","Sword Boomerang","Cleave"],"picked":"Barricade","floor":22.0},{"not_picked":["Entrench","Armaments","Warcry","AT_BodySlamDance","Hemogenesis"],"picked":"SKIP","floor":23.0},{"not_picked":["Run Through+1","Clothesline","Twin Strike","Heavy Blade"],"picked":"Body Slam","floor":25.0},{"not_picked":["Armaments","Pommel Strike","Run Through","Heavy Blade","Havoc"],"picked":"SKIP","floor":29.0},{"not_picked":["MostiFishMod:Mania","Whirlwind","True Grit","AT_ManFootWork"],"picked":"Sword Boomerang","floor":30.0},{"not_picked":["Ghostly Armor+1","Headbutt","Life Link+1","Iron Wave","Whirlwind+1"],"picked":"SKIP","floor":33.0},{"not_picked":["Clothesline","Replay:Undeath\u0027s Touch","Twin Strike+1","Cleave","Uppercut+1"],"picked":"SKIP","floor":37.0},{"not_picked":["Replay:Undeath\u0027s Touch","True Grit","Twin Strike+1","ReplayTheSpireMod:LeadingStrike"],"picked":"Inflame","floor":38.0},{"not_picked":["MostiFishMod:Mania","Pommel Strike","Run Through+1","Headbutt","Entrench"],"picked":"SKIP","floor":42.0},{"not_picked":["Shrug It Off","Sentinel","Flex","MostiFishMod:TemporaryOutbreak","REME_Cut+1"],"picked":"SKIP","floor":44.0},{"not_picked":["Cleave","REME_ACTH","Warcry","Inflame","Body Slam"],"picked":"SKIP","floor":46.0},{"not_picked":["Cleave+1","Life Link+1","Headbutt+1","Intimidate","Body Slam"],"picked":"SKIP","floor":47.0},{"not_picked":["AT_CaressingTears","Cleave","Sword Boomerang","Twin Strike","Perfected Strike"],"picked":"SKIP","floor":48.0},{"not_picked":["Entrench","Uppercut","Wild Strike","Clash"],"picked":"Limit Break","floor":57}],"player_experience":1316746,"relics_obtained":[{"floor":1.0,"key":"SynthV:TestCard"},{"floor":6.0,"key":"Pantograph"},{"floor":9.0,"key":"DeathBook"},{"floor":11.0,"key":"Replay:Bottled Eggs"},{"floor":19.0,"key":"SharpPlug"},{"floor":19.0,"key":"CeramicFish"},{"floor":23.0,"key":"AT_ImmortalShieldbow"},{"floor":26.0,"key":"GodSword6"},{"floor":33.0,"key":"OriginationStaff"},{"floor":39.0,"key":"AT_LudenTempest"},{"floor":42.0,"key":"GodSword3"},{"floor":46.0,"key":"Anchor"},{"floor":57,"key":"TheBible"}],"event_choices":[{"damage_healed":0.0,"max_hp_gain":0.0,"max_hp_loss":8.0,"gold_gain":0.0,"event_name":"Golden Idol","player_choice":"Lose Max HP","floor":8.0,"gold_loss":0.0,"damage_taken":0.0,"relics_obtained":["Golden Idol"]},{"damage_healed":0.0,"max_hp_gain":0.0,"max_hp_loss":0.0,"gold_gain":0.0,"event_name":"HidenRoomEvent","player_choice":"Fight","floor":19.0,"gold_loss":0.0,"damage_taken":0.0},{"damage_healed":0.0,"max_hp_gain":0.0,"max_hp_loss":0.0,"gold_gain":0.0,"event_name":"Vampires","player_choice":"Ignored","floor":21.0,"gold_loss":0.0,"damage_taken":0.0},{"damage_healed":0.0,"max_hp_gain":0.0,"max_hp_loss":0.0,"gold_gain":0.0,"event_name":"MindBloom","player_choice":"Fight","floor":39.0,"gold_loss":0.0,"damage_taken":0.0},{"damage_healed":0.0,"max_hp_gain":0.0,"max_hp_loss":0.0,"gold_gain":400.0,"event_name":"恩洛斯的盘子","player_choice":"Sell","floor":40.0,"relics_lost":["testmod-TestBox"],"gold_loss":0.0,"damage_taken":0.0},{"damage_healed":0.0,"max_hp_gain":0.0,"max_hp_loss":0.0,"gold_gain":0.0,"event_name":"Ryuuou:Expiration_R","player_choice":"Ignored","floor":50.0,"gold_loss":0.0,"damage_taken":0.0}],"is_beta":false,"boss_relics":[{"not_picked":["testmod-PortableAltar","HereWithMe"],"picked":"Transparent"},{"not_picked":[]},{"not_picked":["testmod-Nine","xbg"],"picked":"testmod-BatchProcessingSystem"},{"not_picked":[]}],"items_purged_floors":[17,24,31,32,36,41,49,56],"is_endless":false,"potions_floor_spawned":[1,4,5,5,5,6,11,11,13,14,16,18,18,20,20,22,23,23,29,29,30,33,35,37,37,42,44,44,46,47,48,48,48,57],"ascension_level":20}}