{"host":"2461dio7vetlq1z3","time":1609082138,"event":{"mods":["2.2 Compatiblity","AchievementEnabler","Aspiration","BaseMod","Better Third Choice","Friendly Minions","Hermit","Minty Spire (QoL Compilation)","Relic Stats","Spicy Shops","StSLib","The Animator","Waifu the Spire"],"gold_per_floor":[117,134,151,151,151,151,184,184,211,211,211,224,253,281,281,381,381,394,394,411,425,425,425],"floor_reached":22,"playtime":1221,"items_purged":[],"score":332,"play_id":"6f1fbfd6-9b9d-4657-9294-264ef055cf42","local_time":"20201227161538","is_ascension_mode":true,"campfire_choices":[{"data":"Barrage","floor":6,"key":"SMITH"},{"data":"animator:Emonzaemon","floor":8,"key":"SMITH"},{"data":"animator:Jibril","floor":10,"key":"SMITH"},{"data":"animator:YachiyoNanami","floor":15,"key":"SMITH"}],"circlet_count":0,"master_deck":["animator:Strike_Katanagatari","animator:Defend_Katanagatari","animator:Strike","animator:Defend","animator:Defend","animator:Defend","animator:Azekura","animator:Emonzaemon+1","Storm","Barrage+1","animator:Jibril+1","Injury","animator:Gillette+1","Compile Driver+1","animator:YachiyoNanami+1","animator:Vanir+1","Fission","animator:GoblinSlayer+1","Compile Driver+1","Coolheaded+1"],"relics":["animator:TheMissingPiece","animator:PurgingStone","aspiration:DefectSkillbook","Molten Egg 2","Ancient Tea Set","Orichalcum","aspiration:StickyExplosives_weak","Coffee Dripper"],"acts_visited":["Exordium","TheCity"],"potions_floor_usage":[7,21],"damage_taken":[{"damage":2,"enemies":"Jaw Worm","floor":1,"turns":3},{"damage":0,"enemies":"2 Louse","floor":2,"turns":3},{"damage":0,"enemies":"Small Slimes","floor":3,"turns":3},{"damage":14,"enemies":"3 Sentries","floor":7,"turns":5},{"damage":6,"enemies":"Exordium Wildlife","floor":12,"turns":4},{"damage":7,"enemies":"Red Slaver","floor":13,"turns":2},{"damage":11,"enemies":"Lagavulin","floor":14,"turns":5},{"damage":0,"enemies":"Hexaghost","floor":16,"turns":5},{"damage":12,"enemies":"Shell Parasite","floor":18,"turns":4},{"damage":6,"enemies":"Spheric Guardian","floor":20,"turns":3},{"damage":22,"enemies":"Snake Plant","floor":21,"turns":3},{"damage":20,"enemies":"Shelled Parasite and Fungi","floor":22,"turns":3}],"seed_played":"-1108659699218875188","potions_obtained":[{"floor":1,"key":"EssenceOfSteel"},{"floor":3,"key":"SpeedPotion"},{"floor":12,"key":"Weak Potion"},{"floor":13,"key":"Block Potion"}],"is_trial":false,"path_per_floor":["M","M","M","?","?","R","E","R","T","R","?","M","M","E","R","B",null,"M","?","M","M","M"],"character_chosen":"THE_ANIMATOR","items_purchased":[],"campfire_rested":0,"item_purchase_floors":[],"current_hp_per_floor":[57,57,57,50,50,50,36,36,36,36,58,52,45,34,34,34,58,46,46,40,18,0,0],"gold":425,"neow_bonus":"BOSS_RELIC","is_daily":false,"chose_seed":false,"campfire_upgraded":4,"win_rate":0.0,"timestamp":1609082138,"path_taken":["M","M","M","?","?","R","E","R","T","R","?","M","?","E","R","BOSS","M","?","M","?","M"],"items_purchased_type":[],"build_version":"2020-12-22","purchased_purges":0,"victory":false,"max_hp_per_floor":[66,66,66,66,66,66,66,66,66,66,66,66,66,66,66,66,66,66,66,66,66,66,66],"relic_stats":{"counters":[12,42],"Orichalcum":[48],"obtain_stats":[{"animator:PurgingStone":0,"aspiration:DefectSkillbook":0,"animator:TheMissingPiece":0,"Molten Egg 2":5,"animator:LivingPicture":0,"Coffee Dripper":17,"Orichalcum":9,"Ancient Tea Set":7,"aspiration:StickyExplosives_weak":14},{"animator:PurgingStone":0,"aspiration:DefectSkillbook":0,"animator:TheMissingPiece":0,"Molten Egg 2":3,"animator:LivingPicture":0,"Coffee Dripper":8,"Orichalcum":4,"Ancient Tea Set":4,"aspiration:StickyExplosives_weak":7},{"animator:PurgingStone":0,"aspiration:DefectSkillbook":0,"animator:TheMissingPiece":0,"Molten Egg 2":9,"animator:LivingPicture":0,"Coffee Dripper":29,"Orichalcum":14,"Ancient Tea Set":14,"aspiration:StickyExplosives_weak":24}]},"card_choices":[{"not_picked":["animator:Elsword","animator:YachiyoNanami","Undo"],"picked":"Storm","floor":1},{"not_picked":["Turbo","BootSequence","animator:SilverFang"],"picked":"Barrage","floor":2},{"not_picked":["animator:Viivi","animator:PandorasActor","Turbo"],"picked":"animator:Jibril","floor":3},{"not_picked":["animator:AcuraTooru+1","animator:AcuraAkari","animator:Guy"],"picked":"animator:Gillette+1","floor":7},{"not_picked":["Tempest","animator:KyokoSakura+1","animator:Witch"],"picked":"Compile Driver+1","floor":12},{"not_picked":["Turbo","Undo","Cold Snap+1"],"picked":"animator:YachiyoNanami","floor":13},{"not_picked":["animator:NarberalGamma","Cold Snap+1","animator:DwarfShaman+1"],"picked":"animator:Vanir+1","floor":14},{"not_picked":["animator:GoblinSlayer+1","Hyperbeam+1","animator:SwordMaiden"],"picked":"Fission","floor":16},{"not_picked":["Genetic Algorithm","Go for the Eyes+1","animator:Jibril+1"],"picked":"Compile Driver+1","floor":20},{"not_picked":["animator:Elsword+1","Hologram+1","Blizzard+1"],"picked":"Coolheaded+1","floor":21}],"player_experience":1013842,"relics_obtained":[{"floor":7,"key":"Ancient Tea Set"},{"floor":9,"key":"Orichalcum"},{"floor":14,"key":"aspiration:StickyExplosives_weak"}],"event_choices":[{"cards_removed":["animator:Strike"],"damage_healed":0,"gold_gain":0,"player_choice":"Card Removal","damage_taken":7,"max_hp_gain":0,"max_hp_loss":0,"event_name":"Golden Wing","floor":4,"gold_loss":0},{"damage_healed":22,"gold_gain":0,"player_choice":"Banana","damage_taken":0,"max_hp_gain":0,"max_hp_loss":0,"event_name":"Big Fish","floor":11,"gold_loss":0},{"damage_healed":0,"gold_gain":0,"cards_transformed":["animator:Strike"],"player_choice":"Transformed","damage_taken":0,"max_hp_gain":0,"max_hp_loss":0,"event_name":"Transmorgrifier","floor":19,"gold_loss":0,"cards_obtained":["animator:GoblinSlayer"]}],"is_beta":false,"boss_relics":[{"not_picked":["Fusion Hammer","Busted Crown"],"picked":"Coffee Dripper"}],"items_purged_floors":[],"is_endless":false,"potions_floor_spawned":[1,3,12,13,18],"killed_by":"Shelled Parasite and Fungi","ascension_level":7}}