{"host":"t179ovrkr5k1gnfh","time":1609074498,"event":{"mods":["AchievementEnabler","BaseMod","Colored Map","Minty Spire (QoL Compilation)"],"gold_per_floor":[215,215,215,72,93,93,124,142,142,142,172,172,210,235,235,363,363,387,387,387,406,419,446,446,446,446,481,481,481,514,514,514,611,611,629,629,641,660,560,592,641,341,367,80,80,95,114,114,114,114,114,114,13,47,47],"floor_reached":56,"playtime":3623,"items_purged":["Defend_R","Defend_R","Strike_R"],"score":1260,"play_id":"7621864a-a7d2-4436-9d0e-1c3a4896574f","local_time":"20201227140818","is_ascension_mode":true,"campfire_choices":[{"data":"Thunderclap","floor":6.0,"key":"SMITH"},{"data":"Metallicize","floor":10.0,"key":"SMITH"},{"data":"True Grit","floor":15.0,"key":"SMITH"},{"data":"Evolve","floor":25.0,"key":"SMITH"},{"data":"Shockwave","floor":29.0,"key":"SMITH"},{"data":"Metallicize","floor":32.0,"key":"SMITH"},{"data":"Berserk","floor":45,"key":"SMITH"},{"floor":49,"key":"RECALL"},{"data":"Madness","floor":52,"key":"SMITH"}],"circlet_count":0,"master_deck":["Strike_R","Strike_R","Defend_R","Defend_R","Bash","Shockwave+1","Metallicize+1","Thunderclap+1","Battle Trance","Dropkick+1","True Grit+1","Feed","Rampage+1","Dropkick+1","Evolve+1","Headbutt","Metallicize+1","Berserk+1","Fire Breathing+1","Dropkick","Madness+1","Inflame+1"],"relics":["Burning Blood","Bloody Idol","Pocketwatch","Bottled Tornado","CaptainsWheel","Mark of Pain","Strawberry","Boot","Shuriken","Gremlin Horn","Kunai","Question Card","Busted Crown","Sundial","Lizard Tail","Champion Belt","Whetstone"],"acts_visited":["TheEnding"],"potions_floor_usage":[41,50,50,54,55,55],"damage_taken":[{"damage":3.0,"enemies":"Jaw Worm","floor":1.0,"turns":4.0},{"damage":7.0,"enemies":"2 Louse","floor":5.0,"turns":3.0},{"damage":23.0,"enemies":"Gremlin Nob","floor":7.0,"turns":5.0},{"damage":1.0,"enemies":"Small Slimes","floor":8.0,"turns":3.0},{"damage":9.0,"enemies":"3 Sentries","floor":13.0,"turns":6.0},{"damage":3.0,"enemies":"Gremlin Gang","floor":14.0,"turns":3.0},{"damage":20.0,"enemies":"Slime Boss","floor":16.0,"turns":11.0},{"damage":17.0,"enemies":"2 Thieves","floor":18.0,"turns":4.0},{"damage":0.0,"enemies":"Chosen","floor":21.0,"turns":4.0},{"damage":8.0,"enemies":"Shelled Parasite and Fungi","floor":22.0,"turns":5.0},{"damage":8.0,"enemies":"Gremlin Leader","floor":23.0,"turns":6.0},{"damage":31.0,"enemies":"Slavers","floor":27.0,"turns":6.0},{"damage":4.0,"enemies":"Book of Stabbing","floor":30.0,"turns":5.0},{"damage":47.0,"enemies":"Automaton","floor":33.0,"turns":7.0},{"damage":0,"enemies":"3 Shapes","floor":35,"turns":4},{"damage":6,"enemies":"Orb Walker","floor":37,"turns":3},{"damage":31,"enemies":"3 Darklings","floor":38,"turns":4},{"damage":4,"enemies":"Giant Head","floor":40,"turns":7},{"damage":26,"enemies":"2 Orb Walkers","floor":41,"turns":4},{"damage":60,"enemies":"Sphere and 2 Shapes","floor":46,"turns":5},{"damage":10,"enemies":"Spire Growth","floor":47,"turns":5},{"damage":28,"enemies":"Donu and Deca","floor":50,"turns":7},{"damage":32,"enemies":"Shield and Spear","floor":54,"turns":5},{"damage":59,"enemies":"The Heart","floor":55,"turns":7}],"seed_played":"-767955256246781558","potions_obtained":[{"floor":1.0,"key":"BloodPotion"},{"floor":13.0,"key":"BlessingOfTheForge"},{"floor":14.0,"key":"Explosive Potion"},{"floor":22.0,"key":"BlessingOfTheForge"},{"floor":23.0,"key":"Dexterity Potion"},{"floor":33.0,"key":"Dexterity Potion"},{"floor":35,"key":"Dexterity Potion"},{"floor":38,"key":"Ancient Potion"},{"floor":41,"key":"Fruit Juice"},{"floor":46,"key":"Block Potion"}],"is_trial":false,"path_per_floor":["M","?","?","$","M","R","E","M","T","R","?","?","E","M","R","B",null,"M","?","?","M","M","E","?","R","T","E","?","R","E","T","R","B",null,"M","?","M","M","$","E","?","$","T","$","R","M","M","?","R","B",null,"R","$","E","B",null],"character_chosen":"IRONCLAD","items_purchased":["Metallicize","Dropkick","Madness","Champion Belt","ColorlessPotion","SteroidPotion"],"campfire_rested":0,"item_purchase_floors":[4,42,42,44,53,53],"current_hp_per_floor":[80,73,73,73,72,72,55,60,60,60,60,60,57,60,60,46,74,67,67,74,88,91,91,91,91,91,74,74,74,84,84,84,48,97,100,100,103,86,86,93,83,83,88,88,88,42,46,46,46,50,120,120,120,102,49],"gold":47,"neow_bonus":"HUNDRED_GOLD","is_daily":false,"chose_seed":false,"campfire_upgraded":8,"win_rate":0.0,"timestamp":1609074498,"path_taken":["M","?","?","$","M","R","E","M","T","R","?","?","E","?","R","BOSS","M","?","?","M","M","E","?","R","T","E","?","R","E","?","R","BOSS","M","?","?","M","$","E","?","$","T","$","R","M","M","?","R","BOSS","R","$","E","BOSS"],"items_purchased_type":["Card","Card","Card","Relic","Potion","Potion"],"build_version":"2020-12-22","purchased_purges":3,"victory":true,"max_hp_per_floor":[80,80,74,74,74,74,74,74,74,74,74,74,74,74,74,74,74,78,78,85,88,91,91,91,91,91,94,94,94,97,97,97,97,97,100,100,103,106,106,106,111,111,111,111,111,114,117,117,117,120,120,120,120,123,123],"card_choices":[{"not_picked":["Evolve","Flex"],"picked":"Shockwave","floor":1.0},{"not_picked":["Body Slam","Blood for Blood"],"picked":"Thunderclap","floor":5.0},{"not_picked":["Pommel Strike","Clothesline"],"picked":"Battle Trance","floor":7.0},{"not_picked":["Fiend Fire","Sword Boomerang"],"picked":"Dropkick","floor":8.0},{"not_picked":["Flex","Sword Boomerang","Dual Wield"],"picked":"SKIP","floor":13.0},{"not_picked":["Clash","Hemokinesis"],"picked":"True Grit","floor":14.0},{"not_picked":["Corruption","Offering"],"picked":"Feed","floor":16.0},{"not_picked":["Flex+1","Clash"],"picked":"Rampage+1","floor":18.0},{"not_picked":["True Grit","Sword Boomerang"],"picked":"Dropkick","floor":21.0},{"not_picked":["Infernal Blade","True Grit"],"picked":"Evolve","floor":22.0},{"not_picked":["Carnage","Sword Boomerang","Rupture"],"picked":"SKIP","floor":23.0},{"not_picked":["Blood for Blood","Dual Wield","Cleave"],"picked":"SKIP","floor":27.0},{"not_picked":["Fiend Fire","Hemokinesis+1"],"picked":"Metallicize","floor":30.0},{"not_picked":["Demon Form","Reaper","Corruption"],"picked":"Berserk","floor":33.0},{"not_picked":["Perfected Strike+1","Heavy Blade"],"picked":"SKIP","floor":35},{"not_picked":["Heavy Blade+1","Clothesline+1"],"picked":"SKIP","floor":37},{"not_picked":["Clothesline"],"picked":"Ghostly Armor+1","floor":38},{"not_picked":["Feed"],"picked":"Fire Breathing+1","floor":40},{"not_picked":["Searing Blow","True Grit"],"picked":"SKIP","floor":46},{"not_picked":["Inflame+1","Uppercut"],"picked":"SKIP","floor":47},{"not_picked":["Bloodletting"],"picked":"Inflame+1","floor":54}],"player_experience":52220,"relics_obtained":[{"floor":7.0,"key":"Pocketwatch"},{"floor":9.0,"key":"Bottled Tornado"},{"floor":13.0,"key":"CaptainsWheel"},{"floor":23.0,"key":"Boot"},{"floor":26.0,"key":"Shuriken"},{"floor":27.0,"key":"Gremlin Horn"},{"floor":30.0,"key":"Kunai"},{"floor":31.0,"key":"Question Card"},{"floor":40,"key":"Sundial"},{"floor":41,"key":"Lizard Tail"},{"floor":54,"key":"Whetstone"}],"event_choices":[{"cards_removed":["Strike_R"],"damage_healed":0.0,"max_hp_gain":0.0,"max_hp_loss":0.0,"gold_gain":0.0,"event_name":"Golden Wing","player_choice":"Card Removal","floor":2.0,"gold_loss":0.0,"damage_taken":7.0},{"damage_healed":0.0,"max_hp_gain":0.0,"max_hp_loss":6.0,"gold_gain":0.0,"event_name":"Golden Idol","player_choice":"Lose Max HP","floor":3.0,"gold_loss":0.0,"damage_taken":0.0,"relics_obtained":["Golden Idol"]},{"damage_healed":0.0,"max_hp_gain":0.0,"max_hp_loss":0.0,"gold_gain":30.0,"event_name":"Dead Adventurer","player_choice":"Searched \u00271\u0027 times","floor":11.0,"gold_loss":0.0,"damage_taken":0.0},{"cards_removed":["Strike_R"],"damage_healed":0.0,"max_hp_gain":0.0,"max_hp_loss":0.0,"gold_gain":0.0,"event_name":"Bonfire Elementals","player_choice":"Offered Basic","floor":12.0,"gold_loss":0.0,"damage_taken":0.0},{"damage_healed":0.0,"max_hp_gain":0.0,"max_hp_loss":0.0,"gold_gain":0.0,"event_name":"Forgotten Altar","player_choice":"Gave Idol","floor":19.0,"relics_lost":["Golden Idol"],"gold_loss":0.0,"damage_taken":0.0,"relics_obtained":["Bloody Idol"]},{"damage_healed":0.0,"max_hp_gain":0.0,"max_hp_loss":0.0,"gold_gain":0.0,"event_name":"The Mausoleum","player_choice":"Opened","floor":20.0,"gold_loss":0.0,"damage_taken":0.0,"relics_obtained":["Strawberry"]},{"damage_healed":0.0,"max_hp_gain":0.0,"max_hp_loss":0.0,"gold_gain":0.0,"event_name":"Vampires","player_choice":"Ignored","floor":24.0,"gold_loss":0.0,"damage_taken":0.0},{"damage_healed":0.0,"max_hp_gain":0.0,"max_hp_loss":0.0,"gold_gain":0.0,"event_name":"The Library","player_choice":"Read","floor":28.0,"gold_loss":0.0,"damage_taken":0.0,"cards_obtained":["Headbutt"]},{"damage_healed":0,"gold_gain":0,"player_choice":"0 cards matched","damage_taken":0,"max_hp_gain":0,"max_hp_loss":0,"event_name":"Match and Keep!","floor":36,"gold_loss":0,"cards_obtained":[]},{"damage_healed":0,"gold_gain":0,"player_choice":"Fight","damage_taken":0,"max_hp_gain":0,"max_hp_loss":0,"event_name":"Mysterious Sphere","floor":41,"gold_loss":0},{"cards_removed":["Ghostly Armor"],"damage_healed":0,"gold_gain":0,"player_choice":"Removed Skill","damage_taken":0,"max_hp_gain":0,"max_hp_loss":0,"event_name":"Falling","floor":48,"gold_loss":0}],"is_beta":false,"boss_relics":[{"not_picked":["Fusion Hammer","Empty Cage"],"picked":"Mark of Pain"},{"not_picked":["SacredBark","Runic Dome"],"picked":"Busted Crown"}],"items_purged_floors":[4,39,42],"is_endless":false,"potions_floor_spawned":[1,13,14,22,23,33,35,38,41,46],"ascension_level":1}}