{"host":"dcj2yvrgcvh5dl2s","time":1609111358,"event":{"mods":["BaseMod","Better Note","Block Reminder","Colored Powertips","DeckTracker","Minty Spire (QoL Compilation)","Quick Restart","Rare Cards Sparkle","Relic Stats","StSLib"],"gold_per_floor":[109,124,41,51,126,157,157,157,225,241,271,271,271,60,60,137,137,155,155,155,166,166,193,209,209,209,229,229,264,284,296,296,296,296],"floor_reached":33,"playtime":898,"items_purged":[],"score":564,"play_id":"51b9ff65-0e9f-4acb-8fb3-7a157cc0cd8c","local_time":"20201228092238","is_ascension_mode":true,"campfire_choices":[{"floor":8,"key":"REST"},{"data":"Whirlwind","floor":15,"key":"SMITH"},{"floor":25,"key":"REST"},{"floor":28,"key":"REST"},{"floor":32,"key":"REST"}],"circlet_count":0,"master_deck":["AscendersBane","Strike_R+1","Strike_R+1","Strike_R+1","Strike_R+1","Strike_R+1","Defend_R+1","Defend_R+1","Defend_R+1","Defend_R+1","Bash","Dramatic Entrance","Pummel","Whirlwind+1","Disarm","Bludgeon+1","Metallicize","Shrug It Off","Berserk","CurseOfTheBell","Intimidate","Flex","Metallicize","Shrug It Off","Sword Boomerang"],"relics":["Burning Blood","Toy Ornithopter","Self Forming Clay","Juzu Bracelet","Lee\u0027s Waffle","Calling Bell","Bronze Scales","Shuriken","Ginger","Du-Vu Doll","Letter Opener","Pocketwatch","Eternal Feather"],"acts_visited":["Exordium","TheCity"],"potions_floor_usage":[13,18,23,29],"damage_taken":[{"damage":0,"enemies":"Cultist","floor":1,"turns":2},{"damage":16,"enemies":"2 Louse","floor":2,"turns":3},{"damage":12,"enemies":"Jaw Worm","floor":4,"turns":2},{"damage":35,"enemies":"3 Sentries","floor":6,"turns":5},{"damage":11,"enemies":"Looter","floor":10,"turns":3},{"damage":17,"enemies":"Gremlin Nob","floor":11,"turns":4},{"damage":0,"enemies":"Lagavulin","floor":13,"turns":2},{"damage":50,"enemies":"The Guardian","floor":16,"turns":11},{"damage":28,"enemies":"Chosen","floor":18,"turns":4},{"damage":21,"enemies":"2 Thieves","floor":21,"turns":3},{"damage":20,"enemies":"Book of Stabbing","floor":23,"turns":4},{"damage":13,"enemies":"Snake Plant","floor":24,"turns":4},{"damage":10,"enemies":"Snecko","floor":27,"turns":3},{"damage":24,"enemies":"Slavers","floor":29,"turns":4},{"damage":19,"enemies":"Centurion and Healer","floor":30,"turns":6},{"damage":4,"enemies":"Sentry and Sphere","floor":31,"turns":4},{"damage":96,"enemies":"Automaton","floor":33,"turns":8}],"seed_played":"228980734957260470","potions_obtained":[{"floor":6,"key":"Weak Potion"},{"floor":10,"key":"SmokeBomb"},{"floor":16,"key":"ColorlessPotion"},{"floor":18,"key":"FearPotion"},{"floor":23,"key":"Energy Potion"}],"is_trial":false,"path_per_floor":["M","M","$","M","?","E","?","R","T","M","E","?","E","$","R","B",null,"M","?","?","M","?","E","M","R","T","M","R","E","M","M","R","B"],"character_chosen":"IRONCLAD","items_purchased":["Whirlwind","Lee\u0027s Waffle","Shrug It Off"],"campfire_rested":4,"item_purchase_floors":[3,14,14],"current_hp_per_floor":[74,64,64,58,47,18,18,40,40,35,24,1,12,82,82,38,71,54,54,54,39,39,30,23,47,47,43,67,54,41,43,82,0,0],"gold":296,"neow_bonus":"RANDOM_COLORLESS","is_daily":false,"chose_seed":false,"campfire_upgraded":1,"win_rate":0.0,"timestamp":1609111358,"path_taken":["M","M","$","M","?","E","?","R","T","M","E","?","E","?","R","BOSS","M","?","?","M","?","E","M","R","T","M","R","E","M","M","R","BOSS"],"items_purchased_type":["Card","Relic","Card"],"build_version":"2020-12-22","purchased_purges":0,"victory":false,"max_hp_per_floor":[75,75,75,75,75,75,75,75,75,75,75,75,75,82,82,82,82,82,82,82,82,82,82,82,82,82,82,82,82,82,82,82,82,82],"relic_stats":{"Lee\u0027s Waffle":70,"counters":[17,72],"Self Forming Clay":[114],"Eternal Feather":15,"Juzu Bracelet":1,"Ginger":[5],"Letter Opener":[10],"Burning Blood":96,"Shuriken":[4],"Bronze Scales":[99],"obtain_stats":[{"Lee\u0027s Waffle":14,"Self Forming Clay":9,"Eternal Feather":29,"Juzu Bracelet":11,"Ginger":17,"Letter Opener":23,"Burning Blood":0,"Calling Bell":17,"Du-Vu Doll":20,"Shuriken":17,"Bronze Scales":17,"Toy Ornithopter":6,"Pocketwatch":26},{"Lee\u0027s Waffle":7,"Self Forming Clay":4,"Eternal Feather":14,"Juzu Bracelet":6,"Ginger":8,"Letter Opener":11,"Burning Blood":0,"Calling Bell":8,"Du-Vu Doll":9,"Shuriken":8,"Bronze Scales":8,"Toy Ornithopter":4,"Pocketwatch":12},{"Lee\u0027s Waffle":21,"Self Forming Clay":12,"Eternal Feather":54,"Juzu Bracelet":19,"Ginger":32,"Letter Opener":43,"Burning Blood":0,"Calling Bell":32,"Du-Vu Doll":36,"Shuriken":32,"Bronze Scales":32,"Toy Ornithopter":12,"Pocketwatch":47}],"Toy Ornithopter":20,"Pocketwatch":[39]},"card_choices":[{"not_picked":["Purity","Enlightenment"],"picked":"Dramatic Entrance","floor":0},{"not_picked":["Iron Wave","Sever Soul","Wild Strike"],"picked":"SKIP","floor":1},{"not_picked":["Headbutt","True Grit"],"picked":"Pummel","floor":2},{"not_picked":["Reckless Charge","Clothesline"],"picked":"Disarm","floor":4},{"not_picked":["Hemokinesis","Seeing Red"],"picked":"Bludgeon","floor":6},{"not_picked":["Blood for Blood","Spot Weakness","Sentinel"],"picked":"SKIP","floor":10},{"not_picked":["Armaments","Havoc"],"picked":"Metallicize","floor":11},{"not_picked":["Demon Form","Feed"],"picked":"Berserk","floor":16},{"not_picked":["Heavy Blade","Pommel Strike"],"picked":"Intimidate","floor":18},{"not_picked":["Iron Wave","Body Slam"],"picked":"Flex","floor":21},{"not_picked":["Headbutt+1","Bludgeon","Uppercut+1"],"picked":"SKIP","floor":23},{"not_picked":["Dropkick","Evolve+1"],"picked":"Metallicize","floor":24},{"not_picked":["Clash","Anger","Clothesline"],"picked":"SKIP","floor":27},{"not_picked":["Warcry","Anger"],"picked":"Shrug It Off","floor":29},{"not_picked":["Ghostly Armor+1","Rampage","Hemokinesis"],"picked":"SKIP","floor":30},{"not_picked":["Reckless Charge","True Grit"],"picked":"Sword Boomerang","floor":31}],"player_experience":2079968,"relics_obtained":[{"floor":6,"key":"Toy Ornithopter"},{"floor":9,"key":"Self Forming Clay"},{"floor":11,"key":"Juzu Bracelet"},{"floor":17,"key":"Bronze Scales"},{"floor":17,"key":"Shuriken"},{"floor":17,"key":"Ginger"},{"floor":23,"key":"Letter Opener"},{"floor":26,"key":"Pocketwatch"},{"floor":29,"key":"Eternal Feather"}],"event_choices":[{"damage_healed":0,"gold_gain":75,"player_choice":"Gather Gold","damage_taken":11,"max_hp_gain":0,"max_hp_loss":0,"event_name":"World of Goop","floor":5,"gold_loss":0},{"damage_healed":0,"gold_gain":0,"player_choice":"Ignored","damage_taken":0,"max_hp_gain":0,"max_hp_loss":0,"event_name":"Liars Game","floor":7,"gold_loss":0},{"damage_healed":0,"gold_gain":0,"player_choice":"Entered Light","damage_taken":23,"max_hp_gain":0,"max_hp_loss":0,"event_name":"Shining Light","floor":12,"gold_loss":0,"cards_upgraded":["Strike_R","Bludgeon"]},{"damage_healed":0,"gold_gain":0,"player_choice":"Simplicity","damage_taken":0,"max_hp_gain":0,"max_hp_loss":0,"event_name":"Back to Basics","floor":19,"gold_loss":0,"cards_upgraded":["Strike_R","Strike_R","Strike_R","Strike_R","Defend_R","Defend_R","Defend_R","Defend_R"]},{"damage_healed":0,"gold_gain":0,"player_choice":"Gave Potion","damage_taken":0,"relics_obtained":["Du-Vu Doll"],"max_hp_gain":0,"max_hp_loss":0,"event_name":"WeMeetAgain","floor":20,"gold_loss":0},{"damage_healed":0,"gold_gain":0,"player_choice":"Ignored","damage_taken":0,"max_hp_gain":0,"max_hp_loss":0,"event_name":"Ghosts","floor":22,"gold_loss":0}],"is_beta":false,"boss_relics":[{"not_picked":["Philosopher\u0027s Stone","Pandora\u0027s Box"],"picked":"Calling Bell"}],"items_purged_floors":[],"is_endless":false,"potions_floor_spawned":[6,10,13,16,18,23],"killed_by":"Automaton","ascension_level":17}}