{"host":"kiauivt48syq9iz6","time":1609095533,"event":{"mods":["BaseMod","Conspire","Downfall","Hermit","Minty Spire (QoL Compilation)","Replay The Spire","SIMod","StSLib","The Animator","The Construct","The Cursed","The Runesmith","The Servant 0.9.4"],"gold_per_floor":[109,184,32,49,49,76,76,89,89,99,29,39,39,214,214,318,318,332,343,47,78,94,94,113,141,164,22,38,38,38,53,53,155,155,174,191,241,256,30,30,30],"floor_reached":40,"playtime":2229,"items_purged":["Replay:Hysterical Blindness"],"score":433,"play_id":"89e67adb-2d97-4224-830a-a009e9b00363","local_time":"20201227115853","is_ascension_mode":false,"campfire_choices":[{"floor":7,"key":"REST"},{"floor":15,"key":"REST"},{"floor":23,"key":"REST"},{"floor":30,"key":"REST"},{"floor":32,"key":"REST"}],"circlet_count":0,"master_deck":["Runesmith:Strike_RS","Runesmith:Strike_RS","Runesmith:Defend_RS","Runesmith:Defend_RS","Runesmith:Defend_RS","Runesmith:Defend_RS","Runesmith:CraftFirestone","Runesmith:Fortify+1","Runesmith:EnergizedChisel","Runesmith:EarthShield","Runesmith:FieryHammer+1","Runesmith:Grindstone","Runesmith:CraftMagma","Runesmith:CraftMagma","Runesmith:CraftIncendium","Runesmith:Overpower","Runesmith:Firestorm","Runesmith:ChaoticBlast","Doubt","Runesmith:CreatorForm","Runesmith:CraftProtectio+1","Runesmith:CreatorForm","Runesmith:PoweredAnvil","Runesmith:GrandSlam","Runesmith:EnergizedChisel","Runesmith:BackupBattery","Shame","Runesmith:LithiumIon","Runesmith:CraftIncendium+1","Runesmith:CraftIncendium","Runesmith:DoubleUp","Runesmith:HeatedChisel","Runesmith:GenerateForcefield","Runesmith:CraftProtectio+1","Runesmith:BackupBattery","Runesmith:HammerThrow","Runesmith:PoweredAnvil","Runesmith:Firestorm"],"relics":["Runesmith:BrokenRuby","Kunai","Meat on the Bone","Pet Ghost","Cursed Key","DollysMirror","Lantern","conspire:GlowingRock","Mummified Hand","Runesmith:MiniCore","conspire:SlowCooker","Bird Faced Urn","Replay:Mystery Machine"],"acts_visited":["Exordium","TheCity","TheBeyond"],"potions_floor_usage":[16,16,22,28],"damage_taken":[{"damage":0,"enemies":"conspire:RoseBush","floor":1,"turns":3},{"damage":3,"enemies":"Small Slimes","floor":4,"turns":5},{"damage":3,"enemies":"Replay:BlueRogue","floor":6,"turns":7},{"damage":6,"enemies":"Jaw Worm","floor":8,"turns":5},{"damage":3,"enemies":"Gremlin Gang","floor":10,"turns":6},{"damage":8,"enemies":"Large Slime","floor":12,"turns":5},{"damage":10,"enemies":"Fading Forest","floor":16,"turns":11},{"damage":25,"enemies":"2 Thieves","floor":18,"turns":5},{"damage":12,"enemies":"Spheric Guardian","floor":19,"turns":6},{"damage":22,"enemies":"Chosen and Byrds","floor":22,"turns":6},{"damage":4,"enemies":"Snecko","floor":24,"turns":5},{"damage":6,"enemies":"Replay:Snechameleon","floor":25,"turns":8},{"damage":26,"enemies":"Shelled Parasite and Fungi","floor":28,"turns":7},{"damage":0,"enemies":"Sentry and Sphere","floor":31,"turns":4},{"damage":28,"enemies":"Collector","floor":33,"turns":11},{"damage":7,"enemies":"3 Shapes","floor":35,"turns":4},{"damage":10,"enemies":"Orb Walker","floor":36,"turns":4},{"damage":12,"enemies":"Mind Bloom Boss Battle","floor":37,"turns":7},{"damage":40,"enemies":"Jaw Worm Horde","floor":38,"turns":5},{"damage":33,"enemies":"Reptomancer","floor":40,"turns":2}],"seed_played":"6980764824426084281","potions_obtained":[{"floor":1,"key":"EssenceOfSteel"},{"floor":12,"key":"Weak Potion"},{"floor":16,"key":"Reflective Coating"},{"floor":19,"key":"sneckomod:MuddlingPotion"},{"floor":24,"key":"AttackPotion"},{"floor":28,"key":"FearPotion"},{"floor":31,"key":"SteroidPotion"}],"is_trial":false,"path_per_floor":["M","?","$","M","?","E","R","M","T","M","$","M","?","?","R","B",null,"M","M","$","?","M","R","M","E","T","$","M","?","R","M","R","B",null,"M","M","?","M","$","E"],"character_chosen":"RUNESMITH_CLASS","items_purchased":["Runesmith:EarthShield","Runesmith:FieryHammer+1","Runesmith:Grindstone","Runesmith:Firestorm","DollysMirror","Lantern","Runesmith:LithiumIon","Runesmith:Firestorm","Replay:Mystery Machine"],"campfire_rested":5,"item_purchase_floors":[3,3,3,11,20,20,27,39,39],"current_hp_per_floor":[70,59,59,56,56,53,70,64,64,61,61,53,41,41,62,70,70,45,45,45,45,35,56,52,46,46,46,32,32,53,53,70,42,70,63,53,41,21,21,0,0],"gold":30,"neow_bonus":"UPGRADE_CARD","is_daily":false,"chose_seed":false,"campfire_upgraded":0,"win_rate":0.0,"timestamp":1609095533,"path_taken":["M","?","$","M","?","E","R","?","T","?","$","M","?","?","R","BOSS","M","M","$","?","M","R","?","E","T","$","M","?","R","M","R","BOSS","M","M","?","M","$","E"],"items_purchased_type":["Card","Card","Card","Card","Relic","Relic","Card","Card","Relic"],"build_version":"2020-12-22","purchased_purges":1,"victory":false,"max_hp_per_floor":[70,70,70,70,70,70,70,70,70,70,70,70,70,70,70,70,70,70,70,70,70,70,70,70,70,70,70,70,70,70,70,70,70,70,70,70,70,70,70,70,70],"card_choices":[{"not_picked":["Runesmith:CraftProtectio","Runesmith:Repurpose"],"picked":"Runesmith:EnergizedChisel","floor":1},{"not_picked":["Runesmith:Grindstone","Runesmith:ChaoticBlast"],"picked":"Runesmith:CraftMagma","floor":4},{"not_picked":["Runesmith:NanitesCloud","Runesmith:Overpower"],"picked":"Runesmith:CraftMagma","floor":6},{"not_picked":["Runesmith:HeatExchange","Runesmith:StaticCage"],"picked":"Runesmith:CraftIncendium","floor":8},{"not_picked":["Runesmith:NanitesCloud","Runesmith:UnstableHammer"],"picked":"Runesmith:Overpower","floor":10},{"not_picked":["Runesmith:StaticCage","Runesmith:Duplicate"],"picked":"Runesmith:ChaoticBlast","floor":12},{"not_picked":["Runesmith:CraftIndustria","Runesmith:LastStand"],"picked":"Runesmith:CreatorForm","floor":16},{"not_picked":["Runesmith:Overpower","Runesmith:EnergizedChisel","Runesmith:HeatExchange"],"picked":"SKIP","floor":18},{"not_picked":["Runesmith:RuneHurl+1","Runesmith:EarthShield+1"],"picked":"Runesmith:CraftProtectio+1","floor":19},{"not_picked":["Runesmith:UnstableHammer+1","Runesmith:Grindstone"],"picked":"Runesmith:PoweredAnvil","floor":21},{"not_picked":["Runesmith:HeatExchange","Runesmith:CraftMagma"],"picked":"Runesmith:GrandSlam","floor":22},{"not_picked":["Runesmith:HeatExchange+1","Runesmith:Grindstone+1"],"picked":"Runesmith:EnergizedChisel","floor":24},{"not_picked":["Runesmith:ElementalConversion","Runesmith:Superposition"],"picked":"Runesmith:BackupBattery","floor":25},{"not_picked":["Runesmith:CraftMagma","Runesmith:Augment+1"],"picked":"Runesmith:CraftIncendium+1","floor":28},{"not_picked":["Runesmith:StaticCage+1","Runesmith:CraftProtectio"],"picked":"Runesmith:HeatedChisel","floor":31},{"not_picked":["Runesmith:GrandSlam","Runesmith:CraftIndustria"],"picked":"Runesmith:GenerateForcefield","floor":33},{"not_picked":["Runesmith:Prism+1","Runesmith:Retool"],"picked":"Runesmith:CraftProtectio+1","floor":35},{"not_picked":["Runesmith:UnstableHammer","Runesmith:Reinforce"],"picked":"Runesmith:BackupBattery","floor":36},{"not_picked":["Runesmith:ShiftingStrike+1","Runesmith:CraftObretio"],"picked":"Runesmith:HammerThrow","floor":37},{"not_picked":["Runesmith:Malloc","Runesmith:Grindstone"],"picked":"Runesmith:PoweredAnvil","floor":38}],"player_experience":98168,"relics_obtained":[{"floor":6,"key":"Kunai"},{"floor":9,"key":"Meat on the Bone"},{"floor":21,"key":"conspire:GlowingRock"},{"floor":25,"key":"Mummified Hand"},{"floor":26,"key":"Runesmith:MiniCore"},{"floor":37,"key":"Bird Faced Urn"}],"event_choices":[{"damage_healed":0,"gold_gain":75,"player_choice":"Gather Gold","damage_taken":11,"max_hp_gain":0,"max_hp_loss":0,"event_name":"World of Goop","floor":2,"gold_loss":0},{"damage_healed":0,"gold_gain":0,"player_choice":"Leave","damage_taken":0,"max_hp_gain":0,"max_hp_loss":0,"event_name":"conspire:Investor","floor":5,"gold_loss":0},{"damage_healed":0,"gold_gain":0,"player_choice":"Success","damage_taken":12,"relics_obtained":["Pet Ghost"],"max_hp_gain":0,"max_hp_loss":0,"event_name":"Scrap Ooze","floor":13,"gold_loss":0},{"damage_healed":0,"gold_gain":175,"player_choice":"AGREE","damage_taken":0,"max_hp_gain":0,"max_hp_loss":0,"event_name":"Liars Game","floor":14,"gold_loss":0,"cards_obtained":["Doubt"]},{"damage_healed":0,"gold_gain":0,"cards_transformed":["Runesmith:Strike_RS","Runesmith:Strike_RS"],"player_choice":"Became Test Subject","damage_taken":0,"max_hp_gain":0,"max_hp_loss":0,"event_name":"Drug Dealer","floor":29,"gold_loss":0,"cards_obtained":["Runesmith:CraftIncendium","Runesmith:DoubleUp"]},{"damage_healed":0,"gold_gain":0,"player_choice":"Fight","damage_taken":0,"max_hp_gain":0,"max_hp_loss":0,"event_name":"MindBloom","floor":37,"gold_loss":0}],"is_beta":false,"boss_relics":[{"not_picked":["Runesmith:PocketReactor","Kintsugi"],"picked":"Cursed Key"},{"not_picked":["Philosopher\u0027s Stone","conspire:SpecialSausage"],"picked":"conspire:SlowCooker"}],"items_purged_floors":[27],"is_endless":false,"potions_floor_spawned":[1,12,16,19,24,28,31,37],"killed_by":"Reptomancer","ascension_level":0}}