{"host":"svwqvw2il1zfkkg0","time":1609109734,"event":{"mods":["AchievementEnabler","BaseMod","BetterRewards","Colored Map","Colored Powertips","Custom Start","Downfall","GifTheSpireLib","Highlight Path","Hubris","Infinite Spire","Minty Spire (QoL Compilation)","Quick Restart","Replay The Spire","Shop Mod","StSLib","SuperFastMode"],"gold_per_floor":[115,132,145,156,169,194,194,48,123,139,157,157,180,180,180,281,281,261,273,15,15,35,63,63,83,109,119,119,137,137,168,168,168,168],"floor_reached":33,"playtime":1379,"items_purged":["hubris:Wrath"],"score":316,"play_id":"e91c9335-bae4-4bc5-9fbf-b99a1b908ae0","local_time":"20201227145534","is_ascension_mode":false,"campfire_choices":[{"floor":7,"key":"REST"},{"data":"Adrenaline","floor":12,"key":"SMITH"},{"floor":15,"key":"REST"},{"data":"Venomology","floor":24,"key":"SMITH"},{"floor":30,"key":"REST"},{"floor":32,"key":"REST"}],"circlet_count":0,"master_deck":["Strike_G","Strike_G","Strike_G","Strike_G","Strike_G","Defend_G","Defend_G","Defend_G","Defend_G","Defend_G","Survivor","Neutralize","hexamod:Strike","Defend_G","Adrenaline+1","Cloak And Dagger","Blade Dance","Backstab","Dagger Spray","Infinite Blades+1","Cloak And Dagger","Blade Dance","Venomology+1","Masterful Stab","Finisher","A Thousand Cuts","Riddle With Holes+1","Dagger Spray+1"],"relics":["Ring of the Snake","hubris:FunFungus","hubris:SlimyHat","Chameleon Ring","Odd Mushroom","hubris:CrackedHourglass","ReplayTheSpireMod:CursedCoin","hubris:CrystalStatue","Replay:Mystery Machine","Juzu Bracelet","Happy Flower"],"acts_visited":["Exordium","TheCity"],"potions_floor_usage":[6,13,16,19,22,23,23,23,25,27,33,33,33],"damage_taken":[{"damage":15,"enemies":"infinitespire:Voidling","floor":1,"turns":6},{"damage":2,"enemies":"Small Slimes","floor":2,"turns":3},{"damage":0,"enemies":"Jaw Worm","floor":3,"turns":3},{"damage":0,"enemies":"2 Fungi Beasts","floor":4,"turns":2},{"damage":4,"enemies":"Exordium Wildlife","floor":5,"turns":5},{"damage":17,"enemies":"Lagavulin","floor":6,"turns":4},{"damage":1,"enemies":"Blue Slaver","floor":10,"turns":2},{"damage":0,"enemies":"2 Fungi Beasts","floor":11,"turns":2},{"damage":0,"enemies":"The Mushroom Lair","floor":13,"turns":3},{"damage":35,"enemies":"Hexaghost","floor":16,"turns":13},{"damage":15,"enemies":"2 Thieves","floor":18,"turns":4},{"damage":0,"enemies":"Shell Parasite","floor":19,"turns":3},{"damage":0,"enemies":"Cultist and Chosen","floor":22,"turns":3},{"damage":0,"enemies":"Replay:Snechameleon","floor":23,"turns":6},{"damage":7,"enemies":"Shelled Parasite and Fungi","floor":25,"turns":3},{"damage":14,"enemies":"Sentry and Sphere","floor":27,"turns":4},{"damage":36,"enemies":"Centurion and Healer","floor":29,"turns":4},{"damage":27,"enemies":"Slavers","floor":31,"turns":5},{"damage":23,"enemies":"hubris:MusketHawk","floor":33,"turns":4}],"seed_played":"3956140450461346406","potions_obtained":[{"floor":2,"key":"Strength Potion"},{"floor":6,"key":"Weak Potion"},{"floor":10,"key":"AttackPotion"},{"floor":16,"key":"SpeedPotion"},{"floor":19,"key":"sneckomod:MuddlingPotion"},{"floor":22,"key":"SkillPotion"},{"floor":23,"key":"CunningPotion"},{"floor":31,"key":"Dexterity Potion"}],"is_trial":false,"path_per_floor":["M","M","M","M","M","E","R","$","T","M","M","R","?","?","R","B",null,"M","M","$","?","M","E","R","M","T","M","?","M","R","E","R","B"],"character_chosen":"THE_SILENT","items_purchased":["hubris:SlimyHat","ReplayTheSpireMod:CursedCoin","A Thousand Cuts","hubris:CrystalStatue"],"campfire_rested":4,"item_purchase_floors":[8,20,20,20],"current_hp_per_floor":[55,53,53,53,49,32,53,53,53,52,52,52,52,52,70,37,70,55,56,56,56,58,62,62,55,55,43,43,7,28,1,22,0,0],"gold":168,"neow_bonus":"THREE_RARE_CARDS","is_daily":false,"chose_seed":false,"campfire_upgraded":2,"win_rate":0.0,"timestamp":1609109734,"path_taken":["M","M","M","M","M","E","R","$","T","M","?","R","?","?","R","BOSS","M","M","$","?","M","E","R","M","T","M","?","M","R","E","R","BOSS"],"items_purchased_type":["Relic","Relic","Card","Relic"],"build_version":"2020-12-22","purchased_purges":1,"victory":false,"max_hp_per_floor":[70,70,70,70,70,70,70,70,70,70,70,70,70,70,70,70,70,70,70,70,70,70,70,70,70,70,70,70,70,70,70,70,70,70],"card_choices":[{"not_picked":["Die Die Die","Burst"],"picked":"Adrenaline","floor":0},{"not_picked":["Deflect","Draining Mist"],"picked":"Cloak And Dagger","floor":1},{"not_picked":["hubris:SlightOfHand","Bane"],"picked":"Blade Dance","floor":2},{"not_picked":["Concentrate","Deflect"],"picked":"Backstab","floor":3},{"not_picked":["Riddle With Holes","Prepared"],"picked":"Dagger Spray","floor":4},{"not_picked":["Catalyst","Crippling Poison"],"picked":"Infinite Blades","floor":5},{"not_picked":["Riddle With Holes","Deflect"],"picked":"Cloak And Dagger","floor":6},{"not_picked":["Calculated Gamble","Replay:Poison Smokescreen","Bane"],"picked":"SKIP","floor":10},{"not_picked":["Underhanded Strike","Bouncing Flask"],"picked":"Blade Dance","floor":11},{"not_picked":["Envenom","Malaise"],"picked":"Venomology","floor":16},{"not_picked":["Underhanded Strike","Poisoned Stab+1"],"picked":"Masterful Stab","floor":18},{"not_picked":["PiercingWail","Dash"],"picked":"Finisher","floor":19},{"not_picked":["ReplayTheSpireMod:Shiv Toss+1","Acrobatics","Deflect"],"picked":"SKIP","floor":22},{"not_picked":["ReplayTheSpireMod:The Works+1","Sucker Punch","After Image"],"picked":"SKIP","floor":23},{"not_picked":["Slice","Prepared","Flying Knee"],"picked":"SKIP","floor":25},{"not_picked":["Expertise+1","Deflect"],"picked":"Riddle With Holes+1","floor":27},{"not_picked":["Replay:Bag of Tricks","ReplayTheSpireMod:Shiv Toss","Catalyst+1"],"picked":"SKIP","floor":29},{"not_picked":["Atom Bomb","Sucker Punch"],"picked":"Dagger Spray+1","floor":31}],"player_experience":428800,"relics_obtained":[{"floor":6,"key":"hubris:FunFungus"},{"floor":9,"key":"Chameleon Ring"},{"floor":13,"key":"Odd Mushroom"},{"floor":23,"key":"Replay:Mystery Machine"},{"floor":26,"key":"Juzu Bracelet"},{"floor":31,"key":"Happy Flower"}],"event_choices":[{"damage_healed":0,"gold_gain":0,"player_choice":"Fought Mushrooms","damage_taken":0,"max_hp_gain":0,"max_hp_loss":0,"event_name":"Mushrooms","floor":13,"gold_loss":0},{"damage_healed":0,"gold_gain":0,"player_choice":"Ignored","damage_taken":0,"max_hp_gain":0,"max_hp_loss":0,"event_name":"Ghosts","floor":28,"gold_loss":0}],"is_beta":false,"boss_relics":[{"not_picked":["Replay:Grab Bag","Abe\u0027s Treasure"],"picked":"hubris:CrackedHourglass"}],"items_purged_floors":[20],"is_endless":false,"potions_floor_spawned":[2,6,10,16,19,22,23,31],"killed_by":"hubris:MusketHawk","ascension_level":0}}