{"host":"7pal6f3elqhvlig9","time":1609090757,"event":{"mods":["2.2 Compatiblity","AchievementEnabler","Arknights The Spire","BaseMod","Colored Map","Marisa£¨Ùöéë¡¡Øª×âÞÞ£©","Minty Spire (QoL Compilation)","StSLib","The Bug Knight","everything is the same but u backflip on backflip"],"gold_per_floor":[117,136,136,86,63,63,98,98,168,168,200,218,218,235,235,336,336,354,354,367,382,393,393,413,413,413,34,34,53,88,187,187,285,285,296,296,100,113,163,163,198,198,244,244,30,30,46,80,80,80],"floor_reached":51,"playtime":1661,"items_purged":["Strike_MRS","Strike_MRS","Defend_MRS"],"score":818,"play_id":"7b017210-a490-480b-9830-1a0730297c3f","local_time":"20201228023917","is_ascension_mode":true,"campfire_choices":[{"data":"DeepEcoloBomb","floor":6,"key":"SMITH"},{"data":"UpSweep","floor":8,"key":"SMITH"},{"data":"SprinkleStarSeal","floor":13,"key":"SMITH"},{"data":"SporeBomb","floor":15,"key":"SMITH"},{"data":"BlazeAway","floor":23,"key":"SMITH"},{"data":"CasketOfStar","floor":25,"key":"SMITH"},{"data":"PulseMagic","floor":28,"key":"SMITH"},{"data":"DoubleSpark","floor":32,"key":"SMITH"},{"data":"FinalSpark","floor":40,"key":"SMITH"},{"floor":44,"key":"REST"},{"floor":49,"key":"REST"}],"circlet_count":0,"master_deck":["Defend_MRS+1","Defend_MRS+1","Defend_MRS","MasterSpark+1","UpSweep+1","DeepEcoloBomb+1","SporeBomb+1","DoubleSpark+1","SprinkleStarSeal+1","FinalSpark+1","CasketOfStar+1","ShootTheMoon+1","PulseMagic+1","BlazeAway+1","FinalSpark+1","DoubleSpark+1","PowerUp+1","EnergyFlow"],"relics":["MiniHakkero","NeowsBlessing","ats:Originium","HollowMod:StagPassRelic","The Courier","ats:Originium","War Paint","ExperimentalFamiliar","HornCleat","Bottled Tornado","Lee\u0027s Waffle","ats:Originium","Ice Cream","RampagingMagicTools","Incense Burner","ats:Originium","PreservedInsect","Dream Catcher","Medical Kit","MealTicket"],"acts_visited":["Exordium","TheCity","TheBeyond"],"potions_floor_usage":[11,18,30,33,39,39,39,39,41,41,50],"damage_taken":[{"damage":0,"enemies":"Jaw Worm","floor":1,"turns":1},{"damage":0,"enemies":"Small Slimes","floor":2,"turns":1},{"damage":0,"enemies":"Gremlin Nob","floor":7,"turns":1},{"damage":22,"enemies":"3 Sentries","floor":11,"turns":5},{"damage":0,"enemies":"Cultist","floor":12,"turns":1},{"damage":0,"enemies":"Large Slime","floor":14,"turns":3},{"damage":21,"enemies":"Slime Boss","floor":16,"turns":9},{"damage":8,"enemies":"3 Byrds","floor":18,"turns":3},{"damage":7,"enemies":"Shell Parasite","floor":20,"turns":3},{"damage":10,"enemies":"Chosen and Byrds","floor":21,"turns":3},{"damage":0,"enemies":"Snecko","floor":22,"turns":2},{"damage":12,"enemies":"Centurion and Healer","floor":24,"turns":3},{"damage":13,"enemies":"Snake Plant","floor":29,"turns":3},{"damage":3,"enemies":"Gremlin Leader","floor":30,"turns":3},{"damage":28,"enemies":"Champ","floor":33,"turns":4},{"damage":0,"enemies":"3 Darklings","floor":35,"turns":1},{"damage":13,"enemies":"Orb Walker","floor":38,"turns":2},{"damage":0,"enemies":"2 Orb Walkers","floor":39,"turns":2},{"damage":22,"enemies":"Reptomancer","floor":41,"turns":5},{"damage":0,"enemies":"Sphere and 2 Shapes","floor":47,"turns":3},{"damage":27,"enemies":"Nemesis","floor":48,"turns":3},{"damage":38,"enemies":"Donu and Deca","floor":50,"turns":4}],"seed_played":"483225970100191527","potions_obtained":[{"floor":7,"key":"SkillPotion"},{"floor":12,"key":"Swift Potion"},{"floor":14,"key":"Block Potion"},{"floor":18,"key":"Fire Potion"},{"floor":22,"key":"Weak Potion"},{"floor":24,"key":"SpeedPotion"},{"floor":35,"key":"Block Potion"},{"floor":41,"key":"LiquidBronze"}],"is_trial":false,"path_per_floor":["M","M","?","?","$","R","E","R","T","?","E","M","R","M","R","B",null,"M","?","M","M","M","R","M","R","T","$","R","M","E","?","R","B",null,"M","?","$","M","?","R","E","?","T","R","$","?","M","E","R","B",null],"character_chosen":"MARISA","items_purchased":["SporeBomb","Bottled Tornado","Lee\u0027s Waffle","EntropicBrew","DoubleSpark","Medical Kit"],"campfire_rested":2,"item_purchase_floors":[5,27,27,37,37,45],"current_hp_per_floor":[75,75,75,75,75,75,75,75,75,75,53,53,53,53,53,32,75,67,67,60,50,50,50,38,38,38,82,82,69,66,66,66,38,82,82,78,78,65,65,65,43,43,43,66,66,66,66,39,62,24],"gold":80,"neow_bonus":"THREE_ENEMY_KILL","is_daily":false,"chose_seed":false,"campfire_upgraded":9,"win_rate":0.0,"timestamp":1609090757,"path_taken":["M","M","?","?","$","R","E","R","T","?","E","M","R","?","R","BOSS","M","?","?","M","M","R","M","R","T","$","R","?","E","?","R","BOSS","M","?","$","M","?","R","E","?","T","R","?","?","?","E","R","BOSS"],"items_purchased_type":["Card","Relic","Relic","Potion","Card","Relic"],"build_version":"2020-12-22","purchased_purges":3,"victory":true,"max_hp_per_floor":[75,75,75,75,75,75,75,75,75,75,75,75,75,75,75,75,75,75,75,75,75,75,75,75,75,75,82,82,82,82,82,82,82,82,82,78,78,78,78,78,78,78,78,78,78,78,78,78,78,78],"card_choices":[{"not_picked":["WitchOfGreed","MeteoricShower"],"picked":"DeepEcoloBomb","floor":1},{"not_picked":["6A","ShootingEcho"],"picked":"GrandCross","floor":2},{"not_picked":["GasGiant","GravityBeat"],"picked":"DoubleSpark","floor":7},{"not_picked":["ShootingEcho","OpenUniverse"],"picked":"SprinkleStarSeal","floor":11},{"not_picked":["StarlightTyphoon","TreasureHunter","DarkSpark"],"picked":"SKIP","floor":12},{"not_picked":["SporeBomb","DragonMeteor","DarkSpark"],"picked":"SKIP","floor":14},{"not_picked":["CollectingQuirk","ManaRampage"],"picked":"CasketOfStar","floor":16},{"not_picked":["GravityBeat","Acceleration","ChargingUp"],"picked":"SKIP","floor":18},{"not_picked":["EnergyFlow","MysteriousBeam+1"],"picked":"ShootTheMoon+1","floor":20},{"not_picked":["AsteroidBelt+1","GalacticHalo"],"picked":"PulseMagic","floor":21},{"not_picked":["GrandCross","SporeBomb"],"picked":"BlazeAway","floor":22},{"not_picked":["Orbital","WitchLeyline","SporeBomb+1"],"picked":"SKIP","floor":24},{"not_picked":["SuperPerseids","MachineGunSpark+1","StarlightTyphoon"],"picked":"SKIP","floor":29},{"not_picked":["UnstableBomb","SporeBomb","LuminesStrike"],"picked":"SKIP","floor":30},{"not_picked":["MillisecondPulsars","EscapeVelocity"],"picked":"FinalSpark","floor":33},{"not_picked":["SprinkleStarSeal","MagicChant","SporeBomb+1"],"picked":"SKIP","floor":35},{"not_picked":["SprinkleStarSeal","MagicChant","SporeBomb+1"],"picked":"SKIP","floor":35},{"not_picked":["6A+1","StarlightTyphoon+1","AsteroidBelt"],"picked":"SKIP","floor":38},{"not_picked":["NonDirectionalLaser","SuperNova"],"picked":"PowerUp+1","floor":41},{"not_picked":["GalacticHalo","FairyDestructionRay","ShootingEcho"],"picked":"SKIP","floor":47},{"not_picked":["ShootingEcho+1","Acceleration"],"picked":"EnergyFlow","floor":48}],"player_experience":231272,"relics_obtained":[{"floor":7,"key":"ats:Originium"},{"floor":7,"key":"HollowMod:StagPassRelic"},{"floor":9,"key":"The Courier"},{"floor":11,"key":"ats:Originium"},{"floor":11,"key":"War Paint"},{"floor":26,"key":"HornCleat"},{"floor":30,"key":"ats:Originium"},{"floor":30,"key":"Ice Cream"},{"floor":39,"key":"Incense Burner"},{"floor":41,"key":"ats:Originium"},{"floor":41,"key":"PreservedInsect"},{"floor":43,"key":"Dream Catcher"},{"floor":48,"key":"MealTicket"}],"event_choices":[{"damage_healed":0,"gold_gain":0,"player_choice":"Grow","damage_taken":0,"max_hp_gain":0,"max_hp_loss":0,"event_name":"Living Wall","floor":3,"gold_loss":0,"cards_upgraded":["MasterSpark"]},{"cards_removed":["Strike_MRS"],"damage_healed":0,"gold_gain":0,"player_choice":"Card Removal","damage_taken":0,"max_hp_gain":0,"max_hp_loss":0,"event_name":"The Cleric","floor":4,"gold_loss":50},{"damage_healed":0,"gold_gain":0,"player_choice":"Forge","damage_taken":0,"max_hp_gain":0,"max_hp_loss":0,"event_name":"Accursed Blacksmith","floor":10,"gold_loss":0,"cards_upgraded":["GrandCross"]},{"cards_removed":["Strike_MRS"],"damage_healed":0,"gold_gain":0,"player_choice":"Offered Basic","damage_taken":0,"max_hp_gain":0,"max_hp_loss":0,"event_name":"Bonfire Elementals","floor":19,"gold_loss":0},{"damage_healed":0,"gold_gain":99,"player_choice":"Stole From Cult","damage_taken":0,"max_hp_gain":0,"max_hp_loss":0,"event_name":"Nest","floor":31,"gold_loss":0},{"damage_healed":0,"gold_gain":0,"player_choice":"Max HP","damage_taken":0,"max_hp_gain":0,"max_hp_loss":4,"event_name":"Winding Halls","floor":36,"gold_loss":0},{"damage_healed":0,"gold_gain":0,"player_choice":"Fight","damage_taken":0,"max_hp_gain":0,"max_hp_loss":0,"event_name":"Mysterious Sphere","floor":39,"gold_loss":0},{"cards_removed":["GrandCross"],"damage_healed":0,"gold_gain":0,"player_choice":"Removed Attack","damage_taken":0,"max_hp_gain":0,"max_hp_loss":0,"event_name":"Falling","floor":42,"gold_loss":0},{"damage_healed":0,"gold_gain":0,"player_choice":"Cursed","damage_taken":0,"max_hp_gain":0,"max_hp_loss":0,"event_name":"Wheel of Change","floor":46,"gold_loss":0,"cards_obtained":["Decay"]}],"is_beta":false,"boss_relics":[{"not_picked":["Coffee Dripper","Black Star"],"picked":"ExperimentalFamiliar"},{"not_picked":["Calling Bell","SacredBark"],"picked":"RampagingMagicTools"}],"items_purged_floors":[27,37,45],"is_endless":false,"potions_floor_spawned":[7,12,14,18,22,24,29,35,38,41],"ascension_level":1}}