{"host":"qj91dvco5uhu9oti","time":1609105338,"event":{"mods":["BaseMod","Colored Map","Keyboard Shortcuts","Minty Spire (QoL Compilation)","Permanent Neow","Relic Stats","StSLib","SuperFastMode","everything is the same but u backflip on backflip"],"gold_per_floor":[116,128,128,138,148,182,194,241,276,303,315,359,371,395,407,524,536,564,576,90,100,110,110,126,126,150,41,56,84,10,26,26,124,124,144,144,161,178,7,38,38,53,78,78,78,94,94,127,127,127],"floor_reached":51,"playtime":1171,"items_purged":["Strike_B","Defend_B"],"score":1161,"play_id":"43f61b49-996a-4cd7-a0f5-b7651f43b105","local_time":"20201228064218","is_ascension_mode":true,"campfire_choices":[{"data":"Zap","floor":7.0,"key":"SMITH"},{"floor":11.0,"key":"REST"},{"data":"Dualcast","floor":15.0,"key":"SMITH"},{"data":"White Noise","floor":23,"key":"SMITH"},{"data":"Aggregate","floor":25,"key":"SMITH"},{"data":"Lockon","floor":32,"key":"SMITH"},{"floor":41,"key":"REST"},{"floor":45,"key":"REST"},{"data":"White Noise","floor":47,"key":"SMITH"},{"floor":49,"key":"REST"}],"circlet_count":0,"master_deck":["Defend_B","Defend_B","Defend_B","Zap+1","Dualcast+1","Ball Lightning","Defragment+1","Cold Snap","Compile Driver","Recycle","Cold Snap","Defragment+1","Conserve Battery","Buffer+1","Ball Lightning","Loop+1","Ball Lightning","Defragment+1","White Noise+1","Aggregate+1","Defragment+1","Lockon+1","Defragment+1","Coolheaded+1","Electrodynamics+1","Amplify+1","Creative AI+1","White Noise+1","Coolheaded+1","Defragment+1","Loop+1","Compile Driver+1","Aggregate"],"relics":["Cracked Core","Pen Nib","Frozen Egg 2","MawBank","Bag of Preparation","Oddly Smooth Stone","PreservedInsect","Lantern","Sozu","Turnip","Bronze Scales","Dead Branch","Astrolabe","Akabeko","Nunchaku","Juzu Bracelet"],"acts_visited":["Exordium","TheCity","TheBeyond"],"potions_floor_usage":[50,50],"damage_taken":[{"damage":11.0,"enemies":"2 Louse","floor":1.0,"turns":3.0},{"damage":1.0,"enemies":"Cultist","floor":2.0,"turns":3.0},{"damage":0.0,"enemies":"Small Slimes","floor":4.0,"turns":2.0},{"damage":5.0,"enemies":"Gremlin Gang","floor":5.0,"turns":3.0},{"damage":16.0,"enemies":"Lagavulin","floor":6.0,"turns":5.0},{"damage":12.0,"enemies":"Gremlin Nob","floor":8.0,"turns":3.0},{"damage":6.0,"enemies":"Large Slime","floor":10.0,"turns":4.0},{"damage":11.0,"enemies":"Lagavulin","floor":12.0,"turns":6.0},{"damage":0.0,"enemies":"3 Louse","floor":14.0,"turns":3.0},{"damage":1.0,"enemies":"The Guardian","floor":16.0,"turns":10.0},{"damage":6,"enemies":"Shell Parasite","floor":18,"turns":4},{"damage":0,"enemies":"Spheric Guardian","floor":21,"turns":3},{"damage":11,"enemies":"Snecko","floor":22,"turns":4},{"damage":0,"enemies":"Centurion and Healer","floor":24,"turns":4},{"damage":0,"enemies":"Chosen and Byrds","floor":28,"turns":5},{"damage":8,"enemies":"Book of Stabbing","floor":29,"turns":4},{"damage":0,"enemies":"Sentry and Sphere","floor":31,"turns":3},{"damage":6,"enemies":"Champ","floor":33,"turns":7},{"damage":16,"enemies":"3 Shapes","floor":35,"turns":3},{"damage":0,"enemies":"Orb Walker","floor":37,"turns":3},{"damage":0,"enemies":"4 Shapes","floor":38,"turns":1},{"damage":0,"enemies":"Giant Head","floor":40,"turns":7},{"damage":25,"enemies":"3 Darklings","floor":42,"turns":4},{"damage":0,"enemies":"Jaw Worm Horde","floor":46,"turns":4},{"damage":0,"enemies":"Reptomancer","floor":48,"turns":4},{"damage":71,"enemies":"Time Eater","floor":50,"turns":6}],"seed_played":"1628935618712645101","potions_obtained":[{"floor":1.0,"key":"Energy Potion"},{"floor":4.0,"key":"Fire Potion"},{"floor":6.0,"key":"Explosive Potion"},{"floor":8.0,"key":"BlessingOfTheForge"}],"is_trial":false,"path_per_floor":["M","M","?","M","M","E","R","E","T","M","R","E","?","M","R","B",null,"M","?","$","M","M","R","M","R","T","$","M","E","$","M","R","B",null,"M","?","M","M","$","E","R","M","T","?","R","M","R","E","R","B",null],"character_chosen":"DEFECT","items_purchased":["Loop+1","Ball Lightning","Turnip","Defragment+1","Lockon","Defragment+1","Defragment+1"],"campfire_rested":4,"item_purchase_floors":[20,20,20,27,27,30,39],"current_hp_per_floor":[57,56,56,56,51,35,35,23,23,17,39,28,10,10,10,9,59,53,53,53,53,42,42,42,42,42,42,42,34,34,34,34,28,63,47,47,47,47,47,47,69,44,44,44,66,66,66,66,75,4],"gold":127,"neow_bonus":"RANDOM_COMMON_RELIC","is_daily":false,"chose_seed":false,"campfire_upgraded":6,"win_rate":0.0,"timestamp":1609105338,"path_taken":["M","M","?","M","M","E","R","E","T","?","R","E","?","M","R","BOSS","M","?","$","M","M","R","M","R","T","$","M","E","$","M","R","BOSS","M","?","M","?","$","E","R","M","T","?","R","M","R","E","R","BOSS"],"items_purchased_type":["Card","Card","Relic","Card","Card","Card","Card"],"build_version":"2020-12-22","purchased_purges":2,"victory":true,"max_hp_per_floor":[75,75,75,75,75,75,75,75,75,75,75,75,75,75,75,75,75,75,75,75,75,75,75,75,75,75,75,75,75,75,75,75,75,75,75,75,75,75,75,75,75,75,75,75,75,75,75,75,75,75],"relic_stats":{"counters":[26,107],"Dead Branch":[13],"Astrolabe":["Amplify","Creative AI","Cold Snap"],"Pen Nib":[16],"PreservedInsect":232,"Bag of Preparation":[40],"Juzu Bracelet":0,"MawBank":168,"Sozu":9,"Nunchaku":[2],"Bronze Scales":[134],"Turnip":[16],"obtain_stats":[{"Lantern":13,"Dead Branch":29,"Astrolabe":34,"Oddly Smooth Stone":9,"Pen Nib":0,"PreservedInsect":12,"Bag of Preparation":8,"Juzu Bracelet":48,"Frozen Egg 2":3,"MawBank":6,"Akabeko":40,"Sozu":17,"Nunchaku":43,"Bronze Scales":26,"Turnip":20,"Cracked Core":0},{"Lantern":8,"Dead Branch":16,"Astrolabe":18,"Oddly Smooth Stone":6,"Pen Nib":0,"PreservedInsect":8,"Bag of Preparation":6,"Juzu Bracelet":25,"Frozen Egg 2":2,"MawBank":5,"Akabeko":22,"Sozu":10,"Nunchaku":23,"Bronze Scales":14,"Turnip":11,"Cracked Core":0},{"Lantern":29,"Dead Branch":65,"Astrolabe":75,"Oddly Smooth Stone":19,"Pen Nib":0,"PreservedInsect":29,"Bag of Preparation":19,"Juzu Bracelet":101,"Frozen Egg 2":6,"MawBank":16,"Akabeko":89,"Sozu":42,"Nunchaku":93,"Bronze Scales":57,"Turnip":46,"Cracked Core":0}]},"card_choices":[{"not_picked":["Rebound","Sweeping Beam"],"picked":"Scrape","floor":1.0},{"not_picked":["Rip and Tear","Skim"],"picked":"Ball Lightning","floor":2.0},{"not_picked":["Leap","Amplify"],"picked":"Defragment+1","floor":4.0},{"not_picked":["Undo","Genetic Algorithm"],"picked":"Cold Snap","floor":5.0},{"not_picked":["Sweeping Beam","Barrage"],"picked":"Compile Driver","floor":6.0},{"not_picked":["Storm+1","Leap"],"picked":"Recycle","floor":8.0},{"not_picked":["Tempest","Barrage"],"picked":"Cold Snap","floor":10.0},{"not_picked":["Darkness","Lockon"],"picked":"Defragment+1","floor":12.0},{"not_picked":["Force Field","Double Energy"],"picked":"Conserve Battery","floor":14.0},{"not_picked":["Fission","Meteor Strike"],"picked":"Buffer+1","floor":16.0},{"not_picked":["Steam","Compile Driver"],"picked":"Ball Lightning","floor":18},{"not_picked":["Go for the Eyes+1","Coolheaded"],"picked":"Defragment+1","floor":21},{"not_picked":["Rebound","Go for the Eyes"],"picked":"White Noise","floor":22},{"not_picked":["Tempest","Go for the Eyes","Aggregate"],"picked":"SKIP","floor":24},{"not_picked":["Tempest","Go for the Eyes"],"picked":"Aggregate","floor":24},{"not_picked":["Sunder","Tempest","Lockon"],"picked":"SKIP","floor":28},{"not_picked":["Turbo","Rainbow","Sweeping Beam"],"picked":"SKIP","floor":29},{"not_picked":["Doom and Gloom","Rebound"],"picked":"Coolheaded+1","floor":31},{"not_picked":["Multi-Cast","Hyperbeam"],"picked":"Electrodynamics+1","floor":33},{"not_picked":["Ball Lightning","Rebound+1"],"picked":"White Noise","floor":35},{"not_picked":["Hologram+1","Steam+1"],"picked":"Coolheaded+1","floor":37},{"not_picked":["Chaos+1","Rebound+1","Reprogram"],"picked":"SKIP","floor":38},{"not_picked":["Hello World+1","Darkness","Reinforced Body+1"],"picked":"SKIP","floor":40},{"not_picked":["Turbo","Amplify"],"picked":"Loop+1","floor":42},{"not_picked":["Sweeping Beam+1","Streamline+1","Compile Driver+1"],"picked":"SKIP","floor":46},{"not_picked":["Sweeping Beam+1","Streamline+1"],"picked":"Compile Driver+1","floor":46},{"not_picked":["Beam Cell","White Noise"],"picked":"Aggregate","floor":48}],"player_experience":314678,"relics_obtained":[{"floor":6.0,"key":"MawBank"},{"floor":8.0,"key":"Bag of Preparation"},{"floor":9.0,"key":"Oddly Smooth Stone"},{"floor":12.0,"key":"PreservedInsect"},{"floor":26,"key":"Bronze Scales"},{"floor":29,"key":"Dead Branch"},{"floor":40,"key":"Akabeko"},{"floor":43,"key":"Nunchaku"},{"floor":48,"key":"Juzu Bracelet"}],"event_choices":[{"cards_removed":["Scrape"],"damage_healed":0.0,"max_hp_gain":0.0,"max_hp_loss":0.0,"gold_gain":0.0,"event_name":"WeMeetAgain","player_choice":"Gave Card","floor":3.0,"gold_loss":0.0,"damage_taken":0.0,"relics_obtained":["Frozen Egg 2"]},{"damage_healed":0.0,"max_hp_gain":0.0,"max_hp_loss":0.0,"gold_gain":0.0,"event_name":"Scrap Ooze","player_choice":"Success","floor":13.0,"gold_loss":0.0,"damage_taken":18.0,"relics_obtained":["Lantern"]},{"damage_healed":0,"gold_gain":0,"player_choice":"Ignored","damage_taken":0,"max_hp_gain":0,"max_hp_loss":0,"event_name":"Vampires","floor":19,"gold_loss":0},{"damage_healed":0,"gold_gain":0,"player_choice":"Bought 0 Potions","damage_taken":0,"max_hp_gain":0,"max_hp_loss":0,"event_name":"The Woman in Blue","floor":36,"gold_loss":0},{"cards_removed":["Cold Snap"],"damage_healed":0,"gold_gain":0,"player_choice":"Removed Attack","damage_taken":0,"max_hp_gain":0,"max_hp_loss":0,"event_name":"Falling","floor":44,"gold_loss":0}],"is_beta":false,"boss_relics":[{"not_picked":["Calling Bell","Snecko Eye"],"picked":"Sozu"},{"not_picked":["SlaversCollar","Velvet Choker"],"picked":"Astrolabe"}],"items_purged_floors":[20,39],"is_endless":false,"potions_floor_spawned":[1,4,6,8,12,14,24,28,29,31,38,40,42,46,48],"ascension_level":9}}