{"host":"dcj2yvrgcvh5dl2s","time":1609113205,"event":{"mods":["BaseMod","Better Note","Block Reminder","Colored Powertips","DeckTracker","Minty Spire (QoL Compilation)","Quick Restart","Rare Cards Sparkle","Relic Stats","StSLib"],"gold_per_floor":[115,115,128,25,39,39,39],"floor_reached":6,"playtime":172,"items_purged":["Strike_R"],"score":67,"play_id":"118b4037-ad82-473c-af78-81a073b43a8d","local_time":"20201228095325","is_ascension_mode":true,"campfire_choices":[],"circlet_count":0,"master_deck":["AscendersBane","Strike_R","Strike_R","Strike_R","Strike_R","Defend_R","Defend_R","Defend_R","Defend_R","Bash","Exhume","True Grit"],"relics":["Burning Blood","Golden Idol"],"acts_visited":["Exordium"],"potions_floor_usage":[6,6],"damage_taken":[{"damage":17,"enemies":"Small Slimes","floor":1,"turns":5},{"damage":18,"enemies":"Cultist","floor":3,"turns":5},{"damage":6,"enemies":"2 Louse","floor":5,"turns":4},{"damage":51,"enemies":"Lagavulin","floor":6,"turns":7}],"seed_played":"3395403163037651684","potions_obtained":[{"floor":3,"key":"ColorlessPotion"},{"floor":5,"key":"SteroidPotion"}],"is_trial":false,"path_per_floor":["M","?","M","$","M","E"],"character_chosen":"IRONCLAD","items_purchased":["True Grit"],"campfire_rested":0,"item_purchase_floors":[4],"current_hp_per_floor":[57,57,45,45,45,0,0],"gold":39,"neow_bonus":"THREE_RARE_CARDS","is_daily":false,"chose_seed":false,"campfire_upgraded":0,"win_rate":0.0,"timestamp":1609113205,"path_taken":["M","?","M","$","M","E"],"items_purchased_type":["Card"],"build_version":"2020-12-22","purchased_purges":1,"victory":false,"max_hp_per_floor":[68,62,62,62,62,62,62],"relic_stats":{"counters":[4,21],"Golden Idol":6,"obtain_stats":[{"Golden Idol":2,"Burning Blood":0},{"Golden Idol":1,"Burning Blood":0},{"Golden Idol":5,"Burning Blood":0}],"Burning Blood":18},"card_choices":[{"not_picked":["Fiend Fire","Impervious"],"picked":"Exhume","floor":0},{"not_picked":["Cleave","Sever Soul","Reckless Charge"],"picked":"SKIP","floor":1},{"not_picked":["Dark Embrace","Clothesline","Anger"],"picked":"SKIP","floor":3},{"not_picked":["Spot Weakness","Combust","Wild Strike"],"picked":"SKIP","floor":5}],"player_experience":2079968,"relics_obtained":[],"event_choices":[{"damage_healed":0,"gold_gain":0,"player_choice":"Lose Max HP","damage_taken":0,"relics_obtained":["Golden Idol"],"max_hp_gain":0,"max_hp_loss":6,"event_name":"Golden Idol","floor":2,"gold_loss":0}],"is_beta":false,"boss_relics":[],"items_purged_floors":[4],"is_endless":false,"potions_floor_spawned":[3,5],"killed_by":"Lagavulin","ascension_level":17}}