{"host":"00tqcjwpycel7e54","time":1609042373,"event":{"mods":["ATMod(阿瑾Mod)","Act Like it!","BaseMod","Colored Powertips","Decade(王小明)","Hermit","Highlight Path","Luminous","Marisa（F雨　魔理沙）","Minty Spire (QoL Compilation)","Remilia（蕾米莉亚）","Robot Space Explorer","Shop Mod","Spicy Shops","StSLib","The Administrix","The Animator","The Bug Knight","The Construct","The Cursed","The Gatherer","The Hierophant","The Mystic","The Runesmith","The Servant 0.9.4","WarShipGirlsR/战舰少女R mod","Youmu（魂魄妖梦）","Yuyuko","【遗物卡牌】REMEMod"],"gold_per_floor":[121,196,214,224,224,224,255,255],"floor_reached":7,"playtime":283,"items_purged":[],"score":51,"play_id":"4e369369-cf7b-48fd-af08-8e8ec6f44344","local_time":"20201227121253","is_ascension_mode":false,"campfire_choices":[{"data":"AdministrixMod:SealAway","floor":6,"key":"SMITH"}],"circlet_count":0,"master_deck":["AdministrixMod:Strike_Administrix","AdministrixMod:Strike_Administrix","AdministrixMod:Strike_Administrix","AdministrixMod:Strike_Administrix","AdministrixMod:RedCloak","AdministrixMod:Defend_Administrix","AdministrixMod:Defend_Administrix","AdministrixMod:Defend_Administrix","AdministrixMod:Defend_Administrix","AdministrixMod:BlueCloak","AdministrixMod:ShadowPlay","AdministrixMod:ArmillarySphere","AdministrixMod:SealAway+1","Regret"],"relics":["AdministrixMod:ConductorRitualBaton","AT_ATBox","REME_ComplimentaryCards","NeowsBlessing","Runesmith:Nanobots","AdministrixMod:AbandonedRose"],"acts_visited":["Exordium"],"potions_floor_usage":[],"damage_taken":[{"damage":0,"enemies":"Small Slimes","floor":1,"turns":1},{"damage":0,"enemies":"Jaw Worm","floor":3,"turns":1},{"damage":0,"enemies":"Cultist","floor":4,"turns":1},{"damage":25,"enemies":"Lagavulin","floor":7,"turns":8}],"seed_played":"-7722430337370559672","potions_obtained":[],"is_trial":false,"path_per_floor":["M","?","M","M","?","R","E"],"character_chosen":"TheAdministrix","items_purchased":[],"campfire_rested":0,"item_purchase_floors":[],"current_hp_per_floor":[65,54,54,54,54,54,29,29],"gold":255,"neow_bonus":"THREE_ENEMY_KILL","is_daily":false,"chose_seed":false,"campfire_upgraded":1,"win_rate":0.0,"timestamp":1609042373,"path_taken":["M","?","M","M","?","R","E"],"items_purchased_type":[],"build_version":"2020-12-22","purchased_purges":0,"victory":false,"max_hp_per_floor":[65,65,65,65,65,65,65,65],"card_choices":[{"not_picked":["AdministrixMod:RebukeDesires","AdministrixMod:ImmortalPurity"],"picked":"AdministrixMod:ShadowPlay","floor":1},{"not_picked":["AdministrixMod:ImmortalPurity","AdministrixMod:SealAway"],"picked":"AdministrixMod:ArmillarySphere","floor":3},{"not_picked":["AdministrixMod:NewWardrobe","AdministrixMod:SipOfSparks"],"picked":"AdministrixMod:SealAway","floor":4}],"player_experience":695169,"relics_obtained":[{"floor":7,"key":"AdministrixMod:AbandonedRose"}],"event_choices":[{"damage_healed":0,"gold_gain":75,"player_choice":"Gather Gold","damage_taken":11,"max_hp_gain":0,"max_hp_loss":0,"event_name":"World of Goop","floor":2,"gold_loss":0},{"damage_healed":0,"gold_gain":0,"player_choice":"Box","damage_taken":0,"relics_obtained":["Runesmith:Nanobots"],"max_hp_gain":0,"max_hp_loss":0,"event_name":"Big Fish","floor":5,"gold_loss":0,"cards_obtained":["Regret"]}],"is_beta":false,"boss_relics":[],"items_purged_floors":[],"is_endless":false,"potions_floor_spawned":[],"killed_by":"Lagavulin","ascension_level":0}}