{"host":"lts6tz2h67nqtpoe","time":1609033610,"event":{"mods":["AchievementEnabler","BaseMod","Colored Powertips","Downfall","Googly Eyes","Minty Spire (QoL Compilation)","Permanent Neow","Quick Restart","Replay The Spire","StSLib"],"gold_per_floor":[110,110,110,122,122,156,43,69,69,82,4,4,4,15,15,15,15],"floor_reached":16,"playtime":673,"items_purged":[],"score":211,"play_id":"d4117236-b39b-4abf-9723-657769b30fb8","local_time":"20201226174650","is_ascension_mode":true,"campfire_choices":[{"floor":12.0,"key":"REST"},{"floor":15.0,"key":"REST"}],"circlet_count":0,"master_deck":["AscendersBane","Strike_G","Strike_G","Strike_G","Strike_G","Strike_G","Defend_G","Defend_G","Defend_G","Defend_G","Defend_G","Survivor","Neutralize","Cloak And Dagger","Draining Mist","Dagger Throw","Terror","Bullet Time","Masterful Stab"],"relics":["Ring of the Snake","CultistMask","Replay:Bottled Snecko","Snake Skull","PreservedInsect"],"acts_visited":["Exordium"],"potions_floor_usage":[],"damage_taken":[{"damage":13.0,"enemies":"Jaw Worm","floor":1.0,"turns":7.0},{"damage":7.0,"enemies":"Cultist","floor":4.0,"turns":4.0},{"damage":35.0,"enemies":"3 Sentries","floor":6.0,"turns":12.0},{"damage":17.0,"enemies":"Lagavulin","floor":8.0,"turns":5.0},{"damage":1.0,"enemies":"2 Louse","floor":10.0,"turns":3.0},{"damage":6.0,"enemies":"Gremlin Gang","floor":14.0,"turns":6.0},{"damage":41,"enemies":"Slime Boss","floor":16,"turns":5}],"seed_played":"-6846796956862985559","potions_obtained":[{"floor":1.0,"key":"hexamod:EctoCoolerPotion"},{"floor":10.0,"key":"Flashbang"}],"is_trial":false,"path_per_floor":["M","$","?","M","?","E","$","E","T","M","$","R","?","M","R","B"],"character_chosen":"THE_SILENT","items_purchased":["AttackPotion","Strength Potion","Bullet Time"],"campfire_rested":2,"item_purchase_floors":[7,7,11],"current_hp_per_floor":[46,46,46,39,61,26,26,9,9,8,8,27,27,21,40,0,0],"gold":15,"neow_bonus":"THREE_CARDS","is_daily":false,"chose_seed":false,"campfire_upgraded":0,"win_rate":0.0,"timestamp":1609033610,"path_taken":["M","$","?","?","?","E","?","E","T","?","$","R","?","M","R","BOSS"],"items_purchased_type":["Potion","Potion","Card"],"build_version":"2020-12-22","purchased_purges":0,"victory":false,"max_hp_per_floor":[66,66,66,66,66,66,66,66,66,66,66,66,66,66,66,66,66],"card_choices":[{"not_picked":["Expertise","Outmaneuver"],"picked":"Cloak And Dagger","floor":0.0},{"not_picked":["Caltrops","Hidden Blade"],"picked":"Draining Mist","floor":1.0},{"not_picked":["Tactician","ReplayTheSpireMod:Speed Training"],"picked":"Dagger Throw","floor":4.0},{"not_picked":["Sucker Punch","Expertise","Poisoned Stab"],"picked":"SKIP","floor":6.0},{"not_picked":["Quick Slash","ReplayTheSpireMod:The Works","Concentrate"],"picked":"SKIP","floor":8.0},{"not_picked":["Concentrate","Quick Slash"],"picked":"Terror","floor":10.0},{"not_picked":["Choke","Reflex"],"picked":"Masterful Stab","floor":14.0}],"player_experience":295256,"relics_obtained":[{"floor":6.0,"key":"Replay:Bottled Snecko"},{"floor":8.0,"key":"Snake Skull"},{"floor":9.0,"key":"PreservedInsect"}],"event_choices":[{"damage_healed":0.0,"max_hp_gain":0.0,"max_hp_loss":0.0,"gold_gain":0.0,"event_name":"FaceTrader","player_choice":"Trade","floor":3.0,"gold_loss":0.0,"damage_taken":0.0,"relics_obtained":["CultistMask"]},{"damage_healed":22.0,"max_hp_gain":0.0,"max_hp_loss":0.0,"gold_gain":0.0,"event_name":"Big Fish","player_choice":"Banana","floor":5.0,"gold_loss":0.0,"damage_taken":0.0},{"damage_healed":0.0,"max_hp_gain":0.0,"max_hp_loss":0.0,"gold_gain":0.0,"event_name":"Shining Light","player_choice":"Ignored","floor":13.0,"gold_loss":0.0,"damage_taken":0.0}],"is_beta":false,"boss_relics":[],"items_purged_floors":[],"is_endless":false,"potions_floor_spawned":[1,10],"killed_by":"Slime Boss","ascension_level":19}}