{"host":"91blwi3hgehj6ch9","time":1609098676,"event":{"mods":["2.2 Compatiblity","AchievementEnabler","BaseMod","Colored Map","DeckTracker","Keyboard Shortcuts","Minty Spire (QoL Compilation)","Permanent Neow","Quick Restart","StSLib","SuperFastMode"],"gold_per_floor":[118,133,133,208,208,208,99,99,99,125,142,142,142,162,162,261,261,277,295,307,55,67,67,67],"floor_reached":23,"playtime":906,"items_purged":["Defend_B","Strike_B"],"score":201,"play_id":"ef7f506f-97ce-4ef5-b060-462035f8705c","local_time":"20201228045116","is_ascension_mode":true,"campfire_choices":[{"data":"Dualcast","floor":6.0,"key":"SMITH"},{"data":"Defragment","floor":8.0,"key":"SMITH"},{"data":"Capacitor","floor":13.0,"key":"SMITH"},{"floor":15.0,"key":"REST"}],"circlet_count":0,"master_deck":["Defend_B","Defend_B","Defend_B","Zap","Dualcast+1","Hologram","Gash","Defragment+1","Gash+1","Capacitor+1","Gash+1","Buffer","Beam Cell+1","Coolheaded","Chaos","Consume","Loop"],"relics":["FrozenCore","Shuriken","Regal Pillow","Molten Egg 2"],"acts_visited":["Exordium","TheCity"],"potions_floor_usage":[],"damage_taken":[{"damage":9.0,"enemies":"2 Louse","floor":1.0,"turns":3.0},{"damage":1.0,"enemies":"Jaw Worm","floor":2.0,"turns":3.0},{"damage":23.0,"enemies":"Lagavulin","floor":10.0,"turns":5.0},{"damage":4.0,"enemies":"Small Slimes","floor":11.0,"turns":3.0},{"damage":3.0,"enemies":"Red Slaver","floor":14.0,"turns":3.0},{"damage":13.0,"enemies":"Slime Boss","floor":16.0,"turns":7.0},{"damage":0.0,"enemies":"Spheric Guardian","floor":18.0,"turns":4.0},{"damage":23.0,"enemies":"2 Thieves","floor":19.0,"turns":4.0},{"damage":17.0,"enemies":"Centurion and Healer","floor":20.0,"turns":7.0},{"damage":3.0,"enemies":"3 Cultists","floor":22.0,"turns":7.0},{"damage":32,"enemies":"Gremlin Leader","floor":23,"turns":2}],"seed_played":"3788399607357699216","potions_obtained":[{"floor":10.0,"key":"SteroidPotion"},{"floor":14.0,"key":"ColorlessPotion"},{"floor":16.0,"key":"Fire Potion"},{"floor":22.0,"key":"Regen Potion"}],"is_trial":false,"path_per_floor":["M","M","?","?","T","R","$","R","T","E","M","?","R","M","R","B",null,"M","M","M","$","M","E"],"character_chosen":"DEFECT","items_purchased":["Defragment","Consume","Loop"],"campfire_rested":1,"item_purchase_floors":[7,21,21],"current_hp_per_floor":[66,65,58,47,47,47,47,47,47,24,20,20,20,17,54,41,75,75,52,35,35,32,0,0],"gold":67,"neow_bonus":"REMOVE_CARD","is_daily":false,"chose_seed":false,"campfire_upgraded":3,"win_rate":0.0,"timestamp":1609098676,"path_taken":["M","M","?","?","?","R","$","R","T","E","M","?","R","?","R","BOSS","M","?","M","$","M","E"],"items_purchased_type":["Card","Card","Card"],"build_version":"2020-12-22","purchased_purges":2,"victory":false,"max_hp_per_floor":[75,75,75,75,75,75,75,75,75,75,75,75,75,75,75,75,75,75,75,75,75,75,75,75],"card_choices":[{"not_picked":["Sweeping Beam","Doom and Gloom"],"picked":"Hologram","floor":1.0},{"not_picked":["Undo","Compile Driver"],"picked":"Gash","floor":2.0},{"not_picked":["Doom and Gloom+1","Streamline+1"],"picked":"Gash+1","floor":10.0},{"not_picked":["Undo","Doom and Gloom+1"],"picked":"Capacitor","floor":11.0},{"not_picked":["Leap","Streamline+1"],"picked":"Gash+1","floor":14.0},{"not_picked":["Reboot","Hyperbeam+1"],"picked":"Buffer","floor":16.0},{"not_picked":["Streamline+1","Stack"],"picked":"Beam Cell+1","floor":18.0},{"not_picked":["Steam","Gash+1"],"picked":"Coolheaded","floor":19.0},{"not_picked":["Barrage+1","Core Surge+1"],"picked":"Chaos","floor":20.0},{"not_picked":["Darkness","Barrage+1","Steam+1"],"picked":"SKIP","floor":22.0}],"player_experience":116208,"relics_obtained":[{"floor":5.0,"key":"Shuriken"},{"floor":9.0,"key":"Regal Pillow"},{"floor":10.0,"key":"Molten Egg 2"}],"event_choices":[{"cards_removed":["Strike_B"],"damage_healed":0.0,"max_hp_gain":0.0,"max_hp_loss":0.0,"gold_gain":0.0,"event_name":"Golden Wing","player_choice":"Card Removal","floor":3.0,"gold_loss":0.0,"damage_taken":7.0},{"damage_healed":0.0,"max_hp_gain":0.0,"max_hp_loss":0.0,"gold_gain":75.0,"event_name":"World of Goop","player_choice":"Gather Gold","floor":4.0,"gold_loss":0.0,"damage_taken":11.0},{"cards_removed":["Strike_B"],"damage_healed":0.0,"max_hp_gain":0.0,"max_hp_loss":0.0,"gold_gain":0.0,"event_name":"Bonfire Elementals","player_choice":"Offered Basic","floor":12.0,"gold_loss":0.0,"damage_taken":0.0}],"is_beta":false,"boss_relics":[{"not_picked":["Runic Pyramid","Coffee Dripper"],"picked":"FrozenCore"}],"items_purged_floors":[7,21],"is_endless":false,"potions_floor_spawned":[10,14,16,22],"killed_by":"Gremlin Leader","ascension_level":1}}