{"host":"Jedit","time":1609096019,"event":{"mods":["BaseMod","Minty Spire (QoL Compilation)","Relic Stats","StSLib"],"gold_per_floor":[20,20,20,36,51,51,65,98,98,132,132,159,171,182,182,259,259,279,297,297,317,336,366,366,326,395,75,94,0,0,12,12,85,85,102,0,0,0,12,47,58,58,58,58,71,85,105,131,131,131,131],"floor_reached":50,"playtime":2647,"items_purged":["Catalyst+1"],"score":1032,"play_id":"4f933dc6-a539-487b-8273-e4e0bbc56f09","local_time":"20201227190659","is_ascension_mode":true,"campfire_choices":[{"data":"Cloak And Dagger","floor":6.0,"key":"SMITH"},{"data":"1","floor":11.0,"key":"LIFT"},{"data":"2","floor":15.0,"key":"LIFT"},{"floor":24.0,"key":"REST"},{"data":"3","floor":30.0,"key":"LIFT"},{"data":"Night Terror","floor":32.0,"key":"SMITH"},{"floor":42.0,"key":"RECALL"},{"floor":44.0,"key":"REST"},{"data":"Cloak And Dagger","floor":49,"key":"SMITH"}],"circlet_count":0,"master_deck":["AscendersBane","Strike_G","Strike_G","Defend_G","Defend_G","Defend_G","Defend_G+1","Defend_G","Survivor","Neutralize","Sucker Punch+1","Cloak And Dagger+1","Deflect","Masterful Stab","Sucker Punch","Endless Agony","Endless Agony","Night Terror+1","Corpse Explosion","Tools of the Trade+1","Flying Knee+1","Dodge and Roll","Dagger Spray","Infinite Blades+1","Tactician","Well Laid Plans","Footwork","Bandage Up","After Image","Adrenaline","Madness","Madness+1","Cloak And Dagger+1","PiercingWail"],"relics":["Ring of the Snake","Du-Vu Doll","Girya","Bottled Flame","Mummified Hand","Bronze Scales","Astrolabe","GremlinMask","Ancient Tea Set","Singing Bowl","Lee\u0027s Waffle","WristBlade","Red Mask","Ornamental Fan","War Paint"],"acts_visited":["Exordium","TheCity","TheBeyond"],"potions_floor_usage":[50,50],"damage_taken":[{"damage":0.0,"enemies":"Cultist","floor":1.0,"turns":3.0},{"damage":4.0,"enemies":"Small Slimes","floor":4.0,"turns":5.0},{"damage":6.0,"enemies":"2 Louse","floor":5.0,"turns":3.0},{"damage":4.0,"enemies":"Red Slaver","floor":7.0,"turns":4.0},{"damage":1.0,"enemies":"3 Sentries","floor":8.0,"turns":9.0},{"damage":6.0,"enemies":"Lagavulin","floor":10.0,"turns":6.0},{"damage":18.0,"enemies":"Gremlin Nob","floor":12.0,"turns":4.0},{"damage":0.0,"enemies":"Gremlin Gang","floor":13.0,"turns":2.0},{"damage":0.0,"enemies":"2 Fungi Beasts","floor":14.0,"turns":2.0},{"damage":17.0,"enemies":"Slime Boss","floor":16.0,"turns":9.0},{"damage":2.0,"enemies":"2 Thieves","floor":18.0,"turns":3.0},{"damage":0.0,"enemies":"3 Byrds","floor":19.0,"turns":3.0},{"damage":8.0,"enemies":"3 Cultists","floor":21.0,"turns":4.0},{"damage":14.0,"enemies":"Snecko","floor":22.0,"turns":5.0},{"damage":22.0,"enemies":"Slavers","floor":23.0,"turns":4.0},{"damage":17.0,"enemies":"Shelled Parasite and Fungi","floor":28.0,"turns":3.0},{"damage":0.0,"enemies":"Chosen and Byrds","floor":31.0,"turns":3.0},{"damage":25.0,"enemies":"Champ","floor":33.0,"turns":11.0},{"damage":0.0,"enemies":"3 Shapes","floor":35.0,"turns":5.0},{"damage":0.0,"enemies":"3 Darklings","floor":39.0,"turns":4.0},{"damage":35.0,"enemies":"Reptomancer","floor":40.0,"turns":6.0},{"damage":2.0,"enemies":"Transient","floor":41.0,"turns":6.0},{"damage":11.0,"enemies":"Sphere and 2 Shapes","floor":45.0,"turns":4.0},{"damage":0,"enemies":"4 Shapes","floor":46,"turns":4},{"damage":0,"enemies":"Maw","floor":47,"turns":7},{"damage":49,"enemies":"Donu and Deca","floor":50,"turns":5}],"seed_played":"-3799216545329148956","potions_obtained":[{"floor":4.0,"key":"SneckoOil"},{"floor":8.0,"key":"Dexterity Potion"},{"floor":12.0,"key":"Explosive Potion"},{"floor":19.0,"key":"Weak Potion"},{"floor":22.0,"key":"BlessingOfTheForge"},{"floor":25.0,"key":"CultistPotion"},{"floor":25.0,"key":"LiquidBronze"},{"floor":31.0,"key":"FearPotion"},{"floor":33.0,"key":"Swift Potion"},{"floor":41.0,"key":"DuplicationPotion"},{"floor":45.0,"key":"Explosive Potion"},{"floor":46,"key":"Strength Potion"}],"is_trial":false,"path_per_floor":["M","$","?","M","M","R","M","E","T","E","R","E","M","M","R","B",null,"M","M","?","M","M","E","R","?","T","$","M","$","R","M","R","B",null,"M","?","?","$","M","E","M","R","T","R","M","M","M","T","R","B"],"character_chosen":"THE_SILENT","items_purchased":["Lee\u0027s Waffle","Well Laid Plans","Bandage Up"],"campfire_rested":2,"item_purchase_floors":[27,27,29],"current_hp_per_floor":[59,59,59,55,49,49,45,44,44,38,38,20,20,20,20,3,50,48,48,48,40,26,4,23,23,23,73,56,56,56,60,60,39,65,71,71,57,57,59,30,34,34,34,58,49,49,53,53,53,8,8],"gold":131,"neow_bonus":"ONE_RARE_RELIC","is_daily":false,"chose_seed":false,"campfire_upgraded":3,"win_rate":0.0,"timestamp":1609096019,"path_taken":["M","?","?","M","M","R","?","E","T","E","R","E","M","M","R","BOSS","M","M","?","?","?","E","R","?","T","$","?","?","R","?","R","BOSS","M","?","?","?","M","E","M","R","T","R","M","M","M","?","R","BOSS"],"items_purchased_type":["Relic","Card","Card"],"build_version":"2020-12-18","purchased_purges":1,"victory":false,"max_hp_per_floor":[66,66,66,66,66,66,66,66,66,66,66,66,66,66,66,66,66,66,66,66,66,66,66,66,66,66,73,73,73,73,73,73,73,73,75,75,75,75,77,79,81,81,81,81,83,83,83,83,83,83,83],"relic_stats":{"Lee\u0027s Waffle":50,"Singing Bowl":10,"counters":[26,124],"Mummified Hand":[54],"Ornamental Fan":[92],"Bronze Scales":[223],"Astrolabe":["Catalyst","Tools of the Trade","Flying Knee"],"War Paint":["Madness","Defend_G"],"obtain_stats":[{"Girya":8,"Lee\u0027s Waffle":27,"Singing Bowl":26,"Astrolabe":17,"GremlinMask":20,"War Paint":48,"Ancient Tea Set":23,"Du-Vu Doll":0,"Bottled Flame":9,"WristBlade":34,"Mummified Hand":10,"Ornamental Fan":40,"Bronze Scales":12,"Red Mask":36,"Ring of the Snake":0},{"Girya":5,"Lee\u0027s Waffle":15,"Singing Bowl":15,"Astrolabe":10,"GremlinMask":12,"War Paint":25,"Ancient Tea Set":15,"Du-Vu Doll":0,"Bottled Flame":5,"WristBlade":18,"Mummified Hand":6,"Ornamental Fan":21,"Bronze Scales":7,"Red Mask":19,"Ring of the Snake":0},{"Girya":24,"Lee\u0027s Waffle":66,"Singing Bowl":66,"Astrolabe":47,"GremlinMask":53,"War Paint":119,"Ancient Tea Set":66,"Du-Vu Doll":0,"Bottled Flame":24,"WristBlade":83,"Mummified Hand":30,"Ornamental Fan":98,"Bronze Scales":34,"Red Mask":88,"Ring of the Snake":0}],"Ring of the Snake":[56]},"card_choices":[{"not_picked":["Quick Slash","Backflip"],"picked":"Sucker Punch","floor":1.0},{"not_picked":["Deflect","Dash"],"picked":"Cloak And Dagger","floor":4.0},{"not_picked":["Bane","Prepared"],"picked":"Deflect","floor":5.0},{"not_picked":["Infinite Blades","Poisoned Stab"],"picked":"Masterful Stab","floor":7.0},{"not_picked":["Bouncing Flask","Deadly Poison"],"picked":"Sucker Punch","floor":8.0},{"not_picked":["Expertise","Deadly Poison","Flying Knee"],"picked":"SKIP","floor":10.0},{"not_picked":["Sucker Punch","Slice"],"picked":"Endless Agony","floor":12.0},{"not_picked":["Setup","Dash"],"picked":"Endless Agony","floor":13.0},{"not_picked":["Acrobatics","Caltrops"],"picked":"Night Terror","floor":14.0},{"not_picked":["Doppelganger","Wraith Form v2"],"picked":"Corpse Explosion","floor":16.0},{"not_picked":["Quick Slash","Predator"],"picked":"Dodge and Roll","floor":18.0},{"not_picked":["Quick Slash","Prepared"],"picked":"Dagger Spray","floor":19.0},{"not_picked":["Masterful Stab","Cloak And Dagger"],"picked":"Infinite Blades+1","floor":21.0},{"not_picked":["Dodge and Roll","Poisoned Stab"],"picked":"Tactician","floor":22.0},{"not_picked":["Bane","Setup","Deadly Poison"],"picked":"SKIP","floor":23.0},{"not_picked":["Caltrops","Concentrate"],"picked":"Footwork","floor":28.0},{"not_picked":["Flying Knee","Noxious Fumes"],"picked":"After Image","floor":31.0},{"not_picked":["Venomology","Unload"],"picked":"Adrenaline","floor":33.0},{"not_picked":["Poisoned Stab","Flechettes","Sucker Punch"],"picked":"Singing Bowl","floor":35.0},{"not_picked":["Flying Knee","Deflect","Reflex"],"picked":"Singing Bowl","floor":39.0},{"not_picked":["Choke","Calculated Gamble","Crippling Poison"],"picked":"Singing Bowl","floor":40.0},{"not_picked":["Terror","Prepared","Heel Hook"],"picked":"Singing Bowl","floor":41.0},{"not_picked":["Expertise","Poisoned Stab","Dagger Spray+1"],"picked":"Singing Bowl","floor":45.0},{"not_picked":["Quick Slash","Slice+1"],"picked":"Cloak And Dagger","floor":46},{"not_picked":["Prepared+1","Dash"],"picked":"PiercingWail","floor":47}],"player_experience":3412204,"relics_obtained":[{"floor":8.0,"key":"Girya"},{"floor":9.0,"key":"Bottled Flame"},{"floor":10.0,"key":"Mummified Hand"},{"floor":12.0,"key":"Bronze Scales"},{"floor":23.0,"key":"Ancient Tea Set"},{"floor":26.0,"key":"Singing Bowl"},{"floor":40.0,"key":"Ornamental Fan"},{"floor":48,"key":"War Paint"}],"event_choices":[{"damage_healed":0.0,"max_hp_gain":0.0,"max_hp_loss":0.0,"gold_gain":0.0,"event_name":"Upgrade Shrine","player_choice":"Upgraded","floor":3.0,"gold_loss":0.0,"damage_taken":0.0,"cards_upgraded":["Sucker Punch"]},{"damage_healed":0.0,"max_hp_gain":0.0,"max_hp_loss":0.0,"gold_gain":0.0,"event_name":"FaceTrader","player_choice":"Trade","floor":20.0,"gold_loss":0.0,"damage_taken":0.0,"relics_obtained":["GremlinMask"]},{"damage_healed":0.0,"max_hp_gain":0.0,"max_hp_loss":0.0,"gold_gain":0.0,"event_name":"The Woman in Blue","player_choice":"Bought 3 Potions","floor":25.0,"gold_loss":0.0,"damage_taken":0.0},{"damage_healed":0.0,"max_hp_gain":0.0,"max_hp_loss":0.0,"gold_gain":0.0,"event_name":"Tomb of Lord Red Mask","player_choice":"Paid","floor":36.0,"gold_loss":102.0,"damage_taken":0.0,"relics_obtained":["Red Mask"]},{"damage_healed":0.0,"max_hp_gain":0.0,"max_hp_loss":0.0,"gold_gain":0.0,"event_name":"Winding Halls","player_choice":"Embrace Madness","floor":37.0,"gold_loss":0.0,"damage_taken":14.0,"cards_obtained":["Madness","Madness"]}],"is_beta":true,"boss_relics":[{"not_picked":["Cursed Key","Busted Crown"],"picked":"Astrolabe"},{"not_picked":["Ring of the Serpent","Fusion Hammer"],"picked":"WristBlade"}],"items_purged_floors":[27],"is_endless":false,"potions_floor_spawned":[4,8,12,19,22,28,31,33,35,41,45,46],"killed_by":"Donu and Deca","ascension_level":20}}