{"host":"vydapxfau6612551","time":1609076043,"event":{"mods":["AchievementEnabler","BaseMod","Minty Spire (QoL Compilation)","StSLib","SuperFastMode"],"gold_per_floor":[113,63,63,63,81,109,109,120,173,95,122,133,145,163,163,265,265,265,265],"floor_reached":18,"playtime":500,"items_purged":[],"score":276,"play_id":"7f8124d0-c50e-447e-baea-0141b5ebb0e1","local_time":"20201227223403","is_ascension_mode":true,"campfire_choices":[{"floor":7.0,"key":"RECALL"},{"data":"Entrench","floor":15,"key":"SMITH"}],"circlet_count":0,"master_deck":["Strike_R","Strike_R","Strike_R","Strike_R","Strike_R","Defend_R+1","Defend_R","Bash+1","Twin Strike","Entrench+1","Body Slam","Shrug It Off","Offering","Carnage","Combust","Burning Pact","Sword Boomerang","Disarm","Barricade","CurseOfTheBell"],"relics":["Burning Blood","NeowsBlessing","Vajra","Happy Flower","Oddly Smooth Stone","Calling Bell","Boot","Darkstone Periapt","StoneCalendar"],"acts_visited":["Exordium","TheCity"],"potions_floor_usage":[16,16],"damage_taken":[{"damage":0.0,"enemies":"Jaw Worm","floor":1.0,"turns":1.0},{"damage":0.0,"enemies":"2 Louse","floor":5.0,"turns":1.0},{"damage":0.0,"enemies":"Lagavulin","floor":6.0,"turns":1.0},{"damage":0,"enemies":"Cultist","floor":8,"turns":3},{"damage":14,"enemies":"Gremlin Nob","floor":11,"turns":3},{"damage":13,"enemies":"Exordium Wildlife","floor":12,"turns":2},{"damage":6,"enemies":"2 Fungi Beasts","floor":13,"turns":2},{"damage":12,"enemies":"3 Louse","floor":14,"turns":2},{"damage":32,"enemies":"The Guardian","floor":16,"turns":8},{"damage":0,"enemies":"3 Byrds","floor":18,"turns":1}],"seed_played":"4880211928375705912","potions_obtained":[{"floor":1.0,"key":"AttackPotion"},{"floor":6.0,"key":"AttackPotion"},{"floor":13,"key":"LiquidBronze"},{"floor":16,"key":"FearPotion"}],"is_trial":false,"path_per_floor":["M","?","?","?","M","E","R","M","T","$","E","M","M","M","R","B",null,"M"],"character_chosen":"IRONCLAD","items_purchased":["Carnage"],"campfire_rested":0,"item_purchase_floors":[10],"current_hp_per_floor":[78,78,62,62,68,74,74,80,80,80,72,65,65,59,59,33,68,68,68],"gold":265,"neow_bonus":"THREE_ENEMY_KILL","is_daily":false,"chose_seed":false,"campfire_upgraded":1,"win_rate":0.0,"timestamp":1609076043,"path_taken":["M","?","?","?","M","E","R","M","T","$","E","M","M","M","R","BOSS","M"],"items_purchased_type":["Card"],"build_version":"2020-12-22","purchased_purges":0,"victory":false,"max_hp_per_floor":[80,80,80,80,80,80,80,80,80,80,80,80,80,80,80,80,80,80,80],"card_choices":[{"not_picked":["Burning Pact","Sword Boomerang"],"picked":"Twin Strike","floor":1.0},{"not_picked":["Headbutt","Twin Strike"],"picked":"Body Slam","floor":5.0},{"not_picked":["Anger","Pommel Strike"],"picked":"Shrug It Off","floor":6.0},{"not_picked":["Hemokinesis","Dark Embrace"],"picked":"Offering","floor":8},{"not_picked":["Headbutt","Metallicize"],"picked":"Combust","floor":11},{"not_picked":["Iron Wave","Infernal Blade"],"picked":"Burning Pact","floor":12},{"not_picked":["Fire Breathing","Whirlwind"],"picked":"Sword Boomerang","floor":13},{"not_picked":["Warcry","True Grit"],"picked":"Disarm","floor":14},{"not_picked":["Fiend Fire","Bludgeon"],"picked":"Barricade","floor":16}],"player_experience":400715,"relics_obtained":[{"floor":6.0,"key":"Vajra"},{"floor":9,"key":"Happy Flower"},{"floor":11,"key":"Oddly Smooth Stone"},{"floor":17,"key":"Boot"},{"floor":17,"key":"Darkstone Periapt"},{"floor":17,"key":"StoneCalendar"}],"event_choices":[{"cards_removed":["Defend_R"],"damage_healed":0.0,"max_hp_gain":0.0,"max_hp_loss":0.0,"gold_gain":0.0,"event_name":"The Cleric","player_choice":"Card Removal","floor":2.0,"gold_loss":50.0,"damage_taken":0.0},{"damage_healed":0.0,"max_hp_gain":0.0,"max_hp_loss":0.0,"gold_gain":0.0,"event_name":"Shining Light","player_choice":"Entered Light","floor":3.0,"gold_loss":0.0,"damage_taken":16.0,"cards_upgraded":["Defend_R","Bash"]},{"damage_healed":0.0,"max_hp_gain":0.0,"max_hp_loss":0.0,"gold_gain":0.0,"cards_transformed":["Defend_R"],"event_name":"Transmorgrifier","player_choice":"Transformed","floor":4.0,"gold_loss":0.0,"damage_taken":0.0,"cards_obtained":["Entrench"]}],"is_beta":false,"boss_relics":[{"not_picked":["Snecko Eye","SlaversCollar"],"picked":"Calling Bell"}],"items_purged_floors":[],"is_endless":false,"potions_floor_spawned":[1,6,13,14,16],"killed_by":"3 Byrds","ascension_level":8}}