{"host":"Yuki","time":1609049021,"event":{"mods":["AchievementEnabler","BaseMod","Block Reminder","Colored Map","Colored Powertips","Googly Eyes","Highlight Path","Minty Spire (QoL Compilation)","Permanent Neow","Quick Restart","Random Character Button","Random Character Mod","Relic Stats","StSLib","The Wild Card","everything is the same but u backflip on backflip","slay the spire mod where everything is the same but ironclad has a cowboy hat"],"gold_per_floor":[111,129,204,221,240,240,250,277,277,277,277,277,296,329,341,457,519,551,578,605,617,617],"floor_reached":21,"playtime":1416,"items_purged":[],"score":270,"play_id":"2c114436-30b5-4b04-a55f-e88ae0e937cb","local_time":"20201227000341","is_ascension_mode":true,"campfire_choices":[{"data":"Footwork","floor":6,"key":"SMITH"},{"floor":10,"key":"REST"},{"floor":12,"key":"REST"},{"floor":15,"key":"REST"}],"circlet_count":0,"master_deck":["Strike_G","Strike_G+1","Strike_G","Strike_G","Strike_G","Defend_G","Defend_G","Defend_G","Defend_G","Defend_G","Survivor+1","Neutralize+1","Deadly Poison","Dodge and Roll","Footwork+1","Dodge and Roll","Malaise","Dagger Throw","Envenom","Venomology","Tactician","Cloak And Dagger+1","Well Laid Plans","Acrobatics"],"relics":["Runic Dome","Juzu Bracelet","MawBank","Tiny House"],"acts_visited":["Exordium","TheCity"],"potions_floor_usage":[16,18,19,20,20,21],"damage_taken":[{"damage":4,"enemies":"Small Slimes","floor":1,"turns":4},{"damage":0,"enemies":"Jaw Worm","floor":2,"turns":4},{"damage":1,"enemies":"Cultist","floor":4,"turns":4},{"damage":6,"enemies":"Blue Slaver","floor":5,"turns":5},{"damage":1,"enemies":"Looter","floor":7,"turns":4},{"damage":27,"enemies":"3 Sentries","floor":8,"turns":15},{"damage":3,"enemies":"Exordium Wildlife","floor":13,"turns":6},{"damage":18,"enemies":"Gremlin Nob","floor":14,"turns":7},{"damage":38,"enemies":"Slime Boss","floor":16,"turns":18},{"damage":10,"enemies":"Chosen","floor":18,"turns":7},{"damage":29,"enemies":"3 Byrds","floor":19,"turns":8},{"damage":18,"enemies":"Cultist and Chosen","floor":20,"turns":10},{"damage":17,"enemies":"3 Cultists","floor":21,"turns":5}],"seed_played":"8445988702689540036","potions_obtained":[{"floor":4,"key":"LiquidBronze"},{"floor":8,"key":"Swift Potion"},{"floor":14,"key":"Regen Potion"},{"floor":16,"key":"CultistPotion"},{"floor":17,"key":"CultistPotion"},{"floor":19,"key":"CunningPotion"},{"floor":20,"key":"PowerPotion"}],"is_trial":false,"path_per_floor":["M","M","?","M","M","R","M","E","T","R","?","R","M","E","R","B",null,"M","M","M","M"],"character_chosen":"THE_SILENT","items_purchased":[],"campfire_rested":3,"item_purchase_floors":[],"current_hp_per_floor":[59,59,48,47,41,41,40,13,13,34,20,41,38,20,41,18,62,52,23,5,0,0],"gold":617,"neow_bonus":"BOSS_RELIC","is_daily":false,"chose_seed":false,"campfire_upgraded":1,"win_rate":0.0,"timestamp":1609049021,"path_taken":["M","M","?","M","M","R","M","E","T","R","?","R","M","E","R","BOSS","M","M","M","M"],"items_purchased_type":[],"build_version":"2020-12-18","purchased_purges":0,"victory":false,"max_hp_per_floor":[70,70,70,70,70,70,70,70,70,70,70,70,70,70,70,70,75,75,75,75,75,75],"relic_stats":{"counters":[13,97],"Juzu Bracelet":0,"MawBank":84,"obtain_stats":[{"Runic Dome":0,"Tiny House":17,"Juzu Bracelet":8,"MawBank":14,"Ring of the Snake":0},{"Runic Dome":0,"Tiny House":9,"Juzu Bracelet":6,"MawBank":8,"Ring of the Snake":0},{"Runic Dome":0,"Tiny House":67,"Juzu Bracelet":36,"MawBank":49,"Ring of the Snake":0}]},"card_choices":[{"not_picked":["Slice","Flechettes"],"picked":"Deadly Poison","floor":1},{"not_picked":["Sucker Punch","Heel Hook"],"picked":"Dodge and Roll","floor":2},{"not_picked":["Quick Slash","Finisher"],"picked":"Footwork","floor":4},{"not_picked":["Slice","PiercingWail"],"picked":"Dodge and Roll","floor":5},{"not_picked":["Backflip","Slice"],"picked":"Malaise","floor":7},{"not_picked":["Dagger Spray","Endless Agony"],"picked":"Dagger Throw","floor":8},{"not_picked":["Backstab","Quick Slash","Eviscerate"],"picked":"SKIP","floor":13},{"not_picked":["Outmaneuver","All Out Attack"],"picked":"Envenom","floor":14},{"not_picked":["Die Die Die","Storm of Steel"],"picked":"Venomology","floor":16},{"not_picked":["Predator","Reflex"],"picked":"Tactician","floor":17},{"not_picked":["PiercingWail+1","Setup+1"],"picked":"Cloak And Dagger+1","floor":18},{"not_picked":["Expertise+1","Dagger Throw"],"picked":"Well Laid Plans","floor":19},{"not_picked":["Dash","Slice"],"picked":"Acrobatics","floor":20}],"player_experience":1228925,"relics_obtained":[{"floor":8,"key":"Juzu Bracelet"},{"floor":14,"key":"MawBank"}],"event_choices":[{"damage_healed":0,"gold_gain":75,"player_choice":"Gather Gold","damage_taken":11,"max_hp_gain":0,"max_hp_loss":0,"event_name":"World of Goop","floor":3,"gold_loss":0},{"damage_healed":0,"gold_gain":0,"player_choice":"Entered Light","damage_taken":14,"max_hp_gain":0,"max_hp_loss":0,"event_name":"Shining Light","floor":11,"gold_loss":0,"cards_upgraded":["Strike_G","Survivor"]}],"is_beta":true,"boss_relics":[{"not_picked":["Sozu","Philosopher\u0027s Stone"],"picked":"Tiny House"}],"items_purged_floors":[],"is_endless":false,"potions_floor_spawned":[4,8,14,16,19,20],"killed_by":"3 Cultists","ascension_level":8}}