{"host":"jak4ncvfzor9mys0","time":1609041903,"event":{"mods":["2.2 Compatiblity","AchievementEnabler","BaseMod","Better Altar","Better Match","Better Note","Better Sensory Stone","Better Skull","Better Third Choice","BetterRewards","Block Reminder","Colored Map","Colored Powertips","Energized Spire","Gold Saver","Hubris","Infinite Spire","Key Reminder","Minty Spire (QoL Compilation)","Rare Cards Sparkle","Red Circlet Mod","Relic Sorter","Relic Stats","Replay The Spire","Retaliation","StSLib","SuperFastMode","The Blue Laboratory"],"gold_per_floor":[484,484,513,524,540,573,583,583,583,583,583,182,182,195,195,300,300,320,336,336,356,256,256,267,267,346,346,346,256,274,149,149,260,260,295,328,362,362,362],"floor_reached":38,"playtime":1827,"items_purged":["Strike_G","Strike_G","Strike_G","Strike_G"],"score":576,"play_id":"fade3b33-a395-49b0-8320-f5e0ca945a22","local_time":"20201226200503","is_ascension_mode":false,"campfire_choices":[{"floor":8,"key":"REST"},{"floor":15,"key":"REST"},{"floor":23,"key":"REST"},{"data":"Cloak And Dagger","floor":25,"key":"SMITH"},{"floor":27,"key":"REST"},{"data":"Blade Dance","floor":32,"key":"SMITH"}],"circlet_count":0,"master_deck":["Strike_G","Defend_G+1","Defend_G","Defend_G","Defend_G","Survivor","Neutralize+1","Finisher+1","Flying Knee+1","ReplayTheSpireMod:Shiv Toss+1","ReplayTheSpireMod:Speed Training","Cloak And Dagger+1","Cloak And Dagger+1","Blade Dance+1","Underhanded Strike+1","Infinite Blades+1","Clumsy"],"relics":["Ring of the Snake","Replay:Kaleidoscope","Ninja Scroll","ClockworkSouvenir","PreservedInsect","HoveringKite","hubris:SphereOfDissonance","infinitespire:EvilPickle","energizedSpire:HighHeels"],"acts_visited":["Exordium","TheCity","TheBeyond"],"potions_floor_usage":[16,16,33],"damage_taken":[{"damage":0,"enemies":"Small Slimes","floor":1,"turns":4},{"damage":1,"enemies":"2 Louse","floor":4,"turns":3},{"damage":0,"enemies":"Cultist","floor":5,"turns":2},{"damage":40,"enemies":"Replay:BlueRogue","floor":6,"turns":9},{"damage":2,"enemies":"Blue Slaver","floor":7,"turns":4},{"damage":5,"enemies":"Large Slime","floor":14,"turns":6},{"damage":0,"enemies":"The Guardian","floor":16,"turns":16},{"damage":30,"enemies":"Spheric Guardian","floor":18,"turns":9},{"damage":6,"enemies":"Shell Parasite","floor":19,"turns":8},{"damage":1,"enemies":"Cultist and Chosen","floor":21,"turns":7},{"damage":6,"enemies":"Centurion and Healer","floor":24,"turns":6},{"damage":1,"enemies":"Snake Plant","floor":30,"turns":2},{"damage":24,"enemies":"Pondfish","floor":33,"turns":11},{"damage":0,"enemies":"Orb Walker","floor":35,"turns":2},{"damage":0,"enemies":"3 Shapes","floor":36,"turns":4},{"damage":25,"enemies":"Transient","floor":37,"turns":5},{"damage":48,"enemies":"4 Shapes","floor":38,"turns":4}],"seed_played":"-1161225968269219881","potions_obtained":[{"floor":4,"key":"Strength Potion"},{"floor":5,"key":"blueLaboratory:FrostheartPotion"},{"floor":14,"key":"Energy Potion"},{"floor":16,"key":"blueLaboratory:NinjaPotion"},{"floor":18,"key":"blueLaboratory:BottledHope"},{"floor":35,"key":"blueLaboratory:LouseDecoction"}],"is_trial":false,"path_per_floor":["M","?","?","M","M","E","M","R","T","?","?","$","?","M","R","B",null,"M","M","?","M","$","R","M","R","T","R","AVR","?","M","$","R","B",null,"M","M","M","M"],"character_chosen":"THE_SILENT","items_purchased":["ClockworkSouvenir","PreservedInsect","ReplayTheSpireMod:Speed Training"],"campfire_rested":4,"item_purchase_floors":[12,12,12],"current_hp_per_floor":[70,70,70,69,69,29,27,48,48,34,34,34,34,29,50,50,70,40,34,34,33,33,54,48,48,48,69,69,69,68,68,68,44,70,70,70,45,0,0],"gold":362,"neow_bonus":"UPGRADE_CARD","is_daily":false,"chose_seed":false,"campfire_upgraded":2,"win_rate":0.0,"timestamp":1609041903,"path_taken":["M","?","?","?","M","E","M","R","T","?","?","$","?","M","R","BOSS","M","?","?","?","$","R","M","R","T","R","AVR","?","M","$","R","BOSS","M","M","M","M"],"items_purchased_type":["Relic","Relic","Card"],"build_version":"2020-12-22","purchased_purges":4,"victory":false,"max_hp_per_floor":[70,70,70,70,70,70,70,70,70,70,70,70,70,70,70,70,70,70,70,70,70,70,70,70,70,70,70,70,70,70,70,70,70,70,70,70,70,70,70],"relic_stats":{"counters":[17,102],"HoveringKite":[23],"PreservedInsect":0,"obtain_stats":[{"infinitespire:EvilPickle":33,"Ninja Scroll":6,"HoveringKite":17,"hubris:SphereOfDissonance":26,"PreservedInsect":12,"Replay:Kaleidoscope":3,"energizedSpire:HighHeels":34,"Ring of the Snake":0,"ClockworkSouvenir":12},{"infinitespire:EvilPickle":13,"Ninja Scroll":4,"HoveringKite":7,"hubris:SphereOfDissonance":11,"PreservedInsect":5,"Replay:Kaleidoscope":1,"energizedSpire:HighHeels":13,"Ring of the Snake":0,"ClockworkSouvenir":5},{"infinitespire:EvilPickle":87,"Ninja Scroll":18,"HoveringKite":44,"hubris:SphereOfDissonance":74,"PreservedInsect":22,"Replay:Kaleidoscope":4,"energizedSpire:HighHeels":87,"Ring of the Snake":0,"ClockworkSouvenir":22}],"Ring of the Snake":[34]},"card_choices":[{"not_picked":["Replay:Poison Smokescreen","Dagger Throw"],"picked":"Finisher","floor":1},{"not_picked":["Bane","Toxin Wave"],"picked":"Flying Knee","floor":3},{"not_picked":["Prepared","hubris:Counter","Crippling Poison"],"picked":"SKIP","floor":4},{"not_picked":["ReplayTheSpireMod:Tripwire","Poisoned Stab"],"picked":"ReplayTheSpireMod:Shiv Toss","floor":5},{"not_picked":["Underhanded Strike","Hidden Blade","Acrobatics"],"picked":"SKIP","floor":6},{"not_picked":["Hidden Blade","Poison Darts","Eviscerate"],"picked":"SKIP","floor":7},{"not_picked":["Dagger Spray","Catalyst"],"picked":"Cloak And Dagger","floor":14},{"not_picked":["Endless Agony","ReplayTheSpireMod:Shiv Toss"],"picked":"Cloak And Dagger","floor":18},{"not_picked":["Sucker Punch","Finisher+1"],"picked":"Blade Dance","floor":19},{"not_picked":["Dagger Throw","Underhanded Strike+1","Flying Knee"],"picked":"SKIP","floor":21},{"not_picked":["Dagger Throw","Flying Knee"],"picked":"Underhanded Strike+1","floor":21},{"not_picked":["Quick Slash+1","Hidden Blade+1"],"picked":"Infinite Blades","floor":24},{"not_picked":["Dagger Throw","Bane","Hidden Blade"],"picked":"SKIP","floor":30},{"not_picked":["Hidden Blade","Toxin Wave+1","ReplayTheSpireMod:Speed Training+1"],"picked":"SKIP","floor":35},{"not_picked":["Reflex+1","Caltrops","Backstab+1"],"picked":"SKIP","floor":36},{"not_picked":["Flying Knee","All Out Attack","Prepared+1"],"picked":"SKIP","floor":37}],"player_experience":2674358,"relics_obtained":[{"floor":3,"key":"Replay:Kaleidoscope"},{"floor":6,"key":"Ninja Scroll"},{"floor":26,"key":"hubris:SphereOfDissonance"}],"event_choices":[{"damage_healed":0,"gold_gain":0,"player_choice":"Grow","damage_taken":0,"max_hp_gain":0,"max_hp_loss":0,"event_name":"Living Wall","floor":2,"gold_loss":0,"cards_upgraded":["Finisher"]},{"damage_healed":48,"gold_gain":0,"player_choice":"Upgrade","damage_taken":14,"max_hp_gain":0,"max_hp_loss":70,"event_name":"betterThird:BetterShining","floor":10,"gold_loss":0,"cards_upgraded":["Flying Knee","Defend_G"]},{"damage_healed":0,"gold_gain":0,"player_choice":"Bought 0 Potions","damage_taken":0,"max_hp_gain":0,"max_hp_loss":0,"event_name":"The Woman in Blue","floor":13,"gold_loss":0},{"damage_healed":0,"gold_gain":0,"player_choice":"Upgraded","damage_taken":0,"max_hp_gain":0,"max_hp_loss":0,"event_name":"Upgrade Shrine","floor":20,"gold_loss":0,"cards_upgraded":["Cloak And Dagger"]},{"cards_removed":["Defend_G"],"damage_healed":0,"gold_gain":0,"player_choice":"Upgrade and Remove","damage_taken":0,"max_hp_gain":0,"max_hp_loss":0,"event_name":"Designer","floor":29,"gold_loss":90,"cards_upgraded":["Infinite Blades"]}],"is_beta":false,"boss_relics":[{"not_picked":["energizedSpire:CursedPentagram","hubris:RunicObelisk"],"picked":"HoveringKite"},{"not_picked":["Replay:Ancient Bell","Replay:Wanted Poster"],"picked":"energizedSpire:HighHeels"}],"items_purged_floors":[12,22,28,31],"is_endless":false,"potions_floor_spawned":[4,5,14,16,18,24,30,35],"killed_by":"4 Shapes","ascension_level":0}}