{"host":"5fasz840ryq7obdf","time":1609072579,"event":{"mods":["AchievementEnabler","BaseMod","Bestiary","Better Altar","Better Skull","Better Third Choice","BetterRewards","Block Reminder","Colored Powertips","Curses Come First","Minty Spire (QoL Compilation)","Quick Restart","Relic Stats","Shop Mod","Spicy Shops","StSLib"],"gold_per_floor":[116,81,81,91,12,41,41,70,93,120,120,150,150,168,168,242,242,261,261,176,202,221,255,267,297,323,323,31,31,49,66,66,141,141,153,0,0,81,93,124,124,140,140,165,175,175,0,0,0,0,0,0],"floor_reached":51,"playtime":6557,"items_purged":["Regret","Well Laid Plans"],"score":1663,"play_id":"961bebc0-1da3-4b22-86ca-bb253f907818","local_time":"20201227123619","is_ascension_mode":true,"campfire_choices":[{"data":"Noxious Fumes","floor":7.0,"key":"SMITH"},{"floor":13.0,"key":"REST"},{"floor":15.0,"key":"REST"},{"floor":27.0,"key":"REST"},{"data":"Tactician","floor":29.0,"key":"SMITH"},{"floor":32,"key":"REST"},{"data":"Tactician","floor":41,"key":"SMITH"},{"floor":49,"key":"REST"}],"circlet_count":0,"master_deck":["AscendersBane","Strike_G","Strike_G","Strike_G","Defend_G","Defend_G","Defend_G","Defend_G","Defend_G","Survivor","Neutralize","Blur","Blur","Dash","Dash","Dodge and Roll","Noxious Fumes+1","Leg Sweep","Blur","Infinite Blades","Slice","PiercingWail","Well Laid Plans","Backflip","Calculated Gamble","Venomology","Caltrops+1","Footwork","Outmaneuver","Dodge and Roll","Slice","Footwork+1","Tactician+1","Footwork","Heel Hook","Tools of the Trade","Tactician+1","Acrobatics","Adrenaline","Backflip","Bandage Up","Slice+1","PiercingWail","Dash","Flechettes+1","Noxious Fumes","Madness+1","Madness+1","Poisoned Stab"],"relics":["Ring of the Snake","Orrery","Bottled Tornado","Boot","Tiny Chest","Matryoshka","Darkstone Periapt","Potion Belt","Paper Crane","Akabeko","Blood Vial","Runic Pyramid","Smiling Mask","InkBottle","Vajra","Regal Pillow","Toy Ornithopter","Dream Catcher","Membership Card","Empty Cage","Red Mask","Mercury Hourglass","Art of War","Toxic Egg 2","Snake Skull"],"acts_visited":["Exordium","TheCity","TheBeyond"],"potions_floor_usage":[31,33,33,35,39,42,42,42,42,45,50,50,50,51],"damage_taken":[{"damage":0.0,"enemies":"2 Louse","floor":1.0,"turns":3.0},{"damage":0.0,"enemies":"Jaw Worm","floor":4.0,"turns":4.0},{"damage":3.0,"enemies":"Lagavulin","floor":6.0,"turns":6.0},{"damage":3.0,"enemies":"3 Sentries","floor":8.0,"turns":6.0},{"damage":4.0,"enemies":"Lagavulin","floor":10.0,"turns":6.0},{"damage":18.0,"enemies":"Gremlin Nob","floor":12.0,"turns":4.0},{"damage":1.0,"enemies":"Small Slimes","floor":14.0,"turns":3.0},{"damage":8.0,"enemies":"The Guardian","floor":16.0,"turns":8.0},{"damage":6.0,"enemies":"Chosen","floor":18.0,"turns":5.0},{"damage":14.0,"enemies":"3 Byrds","floor":22.0,"turns":3.0},{"damage":36.0,"enemies":"Gremlin Leader","floor":23.0,"turns":6.0},{"damage":4.0,"enemies":"Cultist and Chosen","floor":24.0,"turns":6.0},{"damage":8.0,"enemies":"Book of Stabbing","floor":25.0,"turns":7.0},{"damage":23.0,"enemies":"Centurion and Healer","floor":30.0,"turns":7.0},{"damage":5,"enemies":"Sentry and Sphere","floor":31,"turns":7},{"damage":31,"enemies":"Automaton","floor":33,"turns":11},{"damage":9,"enemies":"3 Shapes","floor":35,"turns":5},{"damage":18,"enemies":"3 Darklings","floor":39,"turns":5},{"damage":24,"enemies":"Giant Head","floor":40,"turns":11},{"damage":24,"enemies":"Jaw Worm Horde","floor":42,"turns":3},{"damage":3,"enemies":"Nemesis","floor":44,"turns":7},{"damage":22,"enemies":"Spire Growth","floor":45,"turns":7},{"damage":31,"enemies":"Time Eater","floor":50,"turns":10},{"damage":72,"enemies":"Awakened One","floor":51,"turns":12}],"seed_played":"8445839216948509327","potions_obtained":[{"floor":4.0,"key":"FairyPotion"},{"floor":12.0,"key":"Poison Potion"},{"floor":14.0,"key":"Explosive Potion"},{"floor":16.0,"key":"Poison Potion"},{"floor":23.0,"key":"Poison Potion"},{"floor":25.0,"key":"Fire Potion"},{"floor":31,"key":"EntropicBrew"},{"floor":39,"key":"SkillPotion"},{"floor":40,"key":"Swift Potion"},{"floor":42,"key":"CunningPotion"}],"is_trial":false,"path_per_floor":["M","?","?","M","$","E","R","E","T","E","?","E","R","M","R","B",null,"M","?","?","T","M","E","M","E","T","R","$","R","M","M","R","B",null,"M","?","?","T","M","E","R","M","T","E","M","?","$","?","R","B","B"],"character_chosen":"THE_SILENT","items_purchased":["Orrery","Dodge and Roll","Noxious Fumes","Bottled Tornado","Leg Sweep","Well Laid Plans","Membership Card","Footwork","Heel Hook","Snake Skull","Noxious Fumes"],"campfire_rested":5,"item_purchase_floors":[0,0,0,0,0,5,28,28,28,47,47],"current_hp_per_floor":[28,44,44,44,44,41,41,38,38,34,23,5,24,25,44,38,59,55,55,55,55,43,9,7,1,1,35,35,35,14,16,50,31,57,55,55,55,55,48,30,30,32,32,35,20,20,20,8,42,28,0,0],"gold":0,"neow_bonus":"","is_daily":false,"chose_seed":false,"campfire_upgraded":3,"win_rate":0.0,"timestamp":1609072579,"path_taken":["M","?","?","M","$","E","R","E","T","E","?","E","R","M","R","BOSS","M","?","?","?","?","E","M","E","T","R","$","R","M","M","R","BOSS","M","?","?","?","?","E","R","M","T","E","M","?","$","?","R","BOSS","BOSS"],"items_purchased_type":["Relic","Card","Card","Relic","Card","Card","Relic","Card","Card","Relic","Card"],"build_version":"2020-12-22","purchased_purges":2,"victory":false,"max_hp_per_floor":[66,66,66,66,66,66,66,66,66,66,66,66,66,66,66,66,66,66,66,66,66,66,66,66,66,66,66,66,66,66,66,66,66,66,66,66,66,66,66,66,66,66,66,66,66,66,66,66,66,66,66,66],"relic_stats":{"Darkstone Periapt":0,"Regal Pillow":45,"counters":[66,392],"Snake Skull":[27],"Boot":[88],"Smiling Mask":-12,"Mercury Hourglass":[186],"Blood Vial":36,"Dream Catcher":3,"Tiny Chest":2,"Art of War":[8],"obtain_stats":[{"Darkstone Periapt":9,"Lantern":23,"Regal Pillow":28,"Tiny House":17,"Gremlin Horn":0,"CeramicFish":44,"Vajra":0,"HoveringKite":34,"Snake Skull":0,"Bag of Preparation":6,"Juzu Bracelet":30,"Bottled Tornado":0,"Sling":0,"Boot":3,"Smiling Mask":20,"Empty Cage":34,"Blood Vial":48,"Nunchaku":43,"Dream Catcher":26,"Matryoshka":8,"Sundial":11,"MealTicket":0,"Tiny Chest":6,"Red Mask":36,"Kunai":26,"Toxic Egg 2":7,"InkBottle":21,"Ring of the Snake":0,"Runic Pyramid":17,"Potion Belt":9,"Golden Idol":2,"Oddly Smooth Stone":11,"Tingsha":0,"Pen Nib":36,"Letter Opener":40,"Paper Crane":36,"War Paint":0,"MawBank":14,"Akabeko":2,"Mercury Hourglass":8,"Shuriken":25,"Orrery":0,"Art of War":40,"Membership Card":8,"Toy Ornithopter":9,"Unceasing Top":0,"Ring of the Serpent":17,"Pocketwatch":14},{"Darkstone Periapt":46,"Lantern":14,"Regal Pillow":17,"Tiny House":9,"Gremlin Horn":0,"CeramicFish":25,"Vajra":0,"HoveringKite":20,"Snake Skull":32,"Bag of Preparation":4,"Juzu Bracelet":18,"Bottled Tornado":42,"Sling":29,"Boot":43,"Smiling Mask":51,"Empty Cage":58,"Blood Vial":27,"Nunchaku":24,"Dream Catcher":55,"Matryoshka":46,"Sundial":37,"MealTicket":32,"Tiny Chest":45,"Red Mask":59,"Kunai":16,"Toxic Egg 2":36,"InkBottle":51,"Ring of the Snake":0,"Runic Pyramid":50,"Potion Belt":46,"Golden Idol":1,"Oddly Smooth Stone":7,"Tingsha":29,"Pen Nib":21,"Letter Opener":24,"Paper Crane":21,"War Paint":32,"MawBank":39,"Akabeko":33,"Mercury Hourglass":5,"Shuriken":16,"Orrery":29,"Art of War":61,"Membership Card":36,"Toy Ornithopter":5,"Unceasing Top":29,"Ring of the Serpent":40,"Pocketwatch":8},{"Darkstone Periapt":260,"Lantern":82,"Regal Pillow":97,"Tiny House":46,"Gremlin Horn":0,"CeramicFish":136,"Vajra":0,"HoveringKite":115,"Snake Skull":186,"Bag of Preparation":20,"Juzu Bracelet":102,"Bottled Tornado":241,"Sling":179,"Boot":244,"Smiling Mask":286,"Empty Cage":333,"Blood Vial":148,"Nunchaku":132,"Dream Catcher":308,"Matryoshka":260,"Sundial":209,"MealTicket":186,"Tiny Chest":254,"Red Mask":338,"Kunai":93,"Toxic Egg 2":204,"InkBottle":286,"Ring of the Snake":0,"Runic Pyramid":281,"Potion Belt":260,"Golden Idol":2,"Oddly Smooth Stone":32,"Tingsha":179,"Pen Nib":120,"Letter Opener":132,"Paper Crane":120,"War Paint":186,"MawBank":219,"Akabeko":190,"Mercury Hourglass":24,"Shuriken":93,"Orrery":179,"Art of War":353,"Membership Card":204,"Toy Ornithopter":24,"Unceasing Top":179,"Ring of the Serpent":230,"Pocketwatch":39}],"InkBottle":[47],"Toy Ornithopter":70,"Ring of the Snake":[48]},"card_choices":[{"not_picked":["All Out Attack","Terror"],"picked":"Blur","floor":0.0},{"not_picked":["Eviscerate","Predator"],"picked":"Blur","floor":0.0},{"not_picked":["All Out Attack","Dodge and Roll"],"picked":"Dash","floor":0.0},{"not_picked":["Quick Slash","Outmaneuver"],"picked":"Leg Sweep","floor":0.0},{"not_picked":["Poisoned Stab","Distraction"],"picked":"Dash","floor":0.0},{"not_picked":["Skewer","Reflex"],"picked":"Blur","floor":1.0},{"not_picked":["Heel Hook","Dagger Spray"],"picked":"Infinite Blades","floor":4.0},{"not_picked":["Deadly Poison","Quick Slash"],"picked":"Slice","floor":6.0},{"not_picked":["Eviscerate","Flying Knee"],"picked":"PiercingWail","floor":8.0},{"not_picked":["Finisher","Reflex"],"picked":"Well Laid Plans","floor":10.0},{"not_picked":["Eviscerate","Well Laid Plans"],"picked":"Backflip","floor":12.0},{"not_picked":["Sucker Punch","Acrobatics"],"picked":"Calculated Gamble","floor":14.0},{"not_picked":["Grand Finale","Bullet Time"],"picked":"Venomology","floor":16.0},{"not_picked":["Deflect","Quick Slash"],"picked":"Caltrops+1","floor":18.0},{"not_picked":["Quick Slash+1","Expertise"],"picked":"Outmaneuver","floor":22.0},{"not_picked":["Dash","Endless Agony"],"picked":"Dodge and Roll","floor":23.0},{"not_picked":["Predator","Blade Dance"],"picked":"Slice","floor":24.0},{"not_picked":["Flechettes","Deflect+1"],"picked":"Footwork+1","floor":25.0},{"not_picked":["Cloak And Dagger","Deadly Poison"],"picked":"Tactician","floor":27.0},{"not_picked":["Underhanded Strike","Flying Knee"],"picked":"Tools of the Trade","floor":30.0},{"not_picked":["Blade Dance+1","Dodge and Roll"],"picked":"Tactician","floor":31},{"not_picked":["Riddle With Holes","PiercingWail"],"picked":"Acrobatics","floor":32},{"not_picked":["Malaise","Die Die Die"],"picked":"Adrenaline","floor":33},{"not_picked":["Quick Slash","Choke"],"picked":"Backflip","floor":35},{"not_picked":["Metamorphosis","Magnetism"],"picked":"Bandage Up","floor":37},{"not_picked":["Quick Slash","Cloak And Dagger","All Out Attack"],"picked":"SKIP","floor":39},{"not_picked":["Sucker Punch","Dagger Throw+1"],"picked":"Slice+1","floor":40},{"not_picked":["Quick Slash","Blade Dance+1"],"picked":"PiercingWail","floor":42},{"not_picked":["Eviscerate","Reflex+1"],"picked":"Dash","floor":44},{"not_picked":["Blade Dance+1","Dagger Throw"],"picked":"Flechettes+1","floor":45},{"not_picked":["Outmaneuver+1","Quick Slash"],"picked":"Poisoned Stab","floor":49}],"player_experience":1150676,"relics_obtained":[{"floor":6.0,"key":"Tiny Chest"},{"floor":8.0,"key":"Matryoshka"},{"floor":9.0,"key":"Darkstone Periapt"},{"floor":9.0,"key":"Potion Belt"},{"floor":10.0,"key":"Paper Crane"},{"floor":12.0,"key":"Blood Vial"},{"floor":21.0,"key":"InkBottle"},{"floor":21.0,"key":"Vajra"},{"floor":23.0,"key":"Regal Pillow"},{"floor":25.0,"key":"Toy Ornithopter"},{"floor":26.0,"key":"Dream Catcher"},{"floor":38,"key":"Mercury Hourglass"},{"floor":40,"key":"Art of War"},{"floor":44,"key":"Toxic Egg 2"}],"event_choices":[{"damage_healed":16.0,"max_hp_gain":0.0,"max_hp_loss":0.0,"gold_gain":0.0,"event_name":"The Cleric","player_choice":"Healed","floor":2.0,"gold_loss":35.0,"damage_taken":0.0},{"damage_healed":0.0,"max_hp_gain":0.0,"max_hp_loss":0.0,"gold_gain":0.0,"event_name":"Big Fish","player_choice":"Box","floor":3.0,"gold_loss":0.0,"damage_taken":0.0,"relics_obtained":["Boot"],"cards_obtained":["Regret"]},{"damage_healed":0.0,"max_hp_gain":0.0,"max_hp_loss":0.0,"gold_gain":1.0,"event_name":"betterThird:BetterScrap","player_choice":"Relic ","floor":11.0,"gold_loss":0.0,"damage_taken":11.0,"cards_obtained":["Power Through"]},{"damage_healed":0.0,"max_hp_gain":0.0,"max_hp_loss":0.0,"gold_gain":0.0,"event_name":"The Library","player_choice":"Read","floor":19.0,"gold_loss":0.0,"damage_taken":0.0,"cards_obtained":["Footwork"]},{"damage_healed":0.0,"max_hp_gain":0.0,"max_hp_loss":0.0,"gold_gain":0.0,"event_name":"Addict","player_choice":"Obtained Relic","floor":20.0,"gold_loss":85.0,"damage_taken":0.0,"relics_obtained":["Smiling Mask"]},{"damage_healed":0,"gold_gain":0,"player_choice":"Paid","damage_taken":0,"relics_obtained":["Red Mask"],"max_hp_gain":0,"max_hp_loss":0,"event_name":"Tomb of Lord Red Mask","floor":36,"gold_loss":153},{"damage_healed":0,"gold_gain":0,"player_choice":"Memory 1","damage_taken":0,"max_hp_gain":0,"max_hp_loss":0,"event_name":"SensoryStone","floor":37,"gold_loss":0},{"damage_healed":0,"gold_gain":0,"player_choice":"Ignored","damage_taken":0,"max_hp_gain":0,"max_hp_loss":0,"event_name":"The Moai Head","floor":46,"gold_loss":0},{"damage_healed":0,"gold_gain":0,"player_choice":"Embrace Madness","damage_taken":12,"max_hp_gain":0,"max_hp_loss":0,"event_name":"Winding Halls","floor":48,"gold_loss":0,"cards_obtained":["Madness","Madness"]}],"is_beta":false,"boss_relics":[{"not_picked":["Tiny House","Sozu"],"picked":"Runic Pyramid"},{"not_picked":["SacredBark","Coffee Dripper"],"picked":"Empty Cage"}],"items_purged_floors":[28,47],"is_endless":false,"potions_floor_spawned":[4,12,14,16,18,23,25,31,39,40,42],"killed_by":"Awakened One","ascension_level":20}}