{"host":"u0f5uy314yz7olfc","time":1609037186,"event":{"mods":["AchievementEnabler","Aspiration","BaseMod","Better Altar","Better Match","Better Note","Better Sensory Stone","Better Skull","Better Third Choice","BetterRewards","Block Reminder","Colored Map","Colored Powertips","DeckTracker","Dota2Spire","Emptier Cage","Gold Saver","Highlight Path","Hubris","Infinite Spire","Marked Mod","Mimic Mod","Minty Spire (QoL Compilation)","Permanent Neow","Quick Restart","Rare Cards Sparkle","Relic Sorter","Replay The Spire","Shop Mod","StSLib","The Bladedancer","The Blue Laboratory","Watcher Patcher"],"gold_per_floor":[112,131,131,6,22,56,56,76,101,165,165,183,193,193,193],"floor_reached":14,"playtime":949,"items_purged":[],"score":94,"play_id":"c3ff7232-90d4-4745-aa02-e263d4cfb146","local_time":"20201227094626","is_ascension_mode":false,"campfire_choices":[{"floor":7,"key":"REST"},{"floor":11,"key":"REST"}],"circlet_count":0,"master_deck":["Strike_R","Strike_R","Strike_R","Strike_R","Strike_R","Defend_R","Defend_R","Defend_R","Defend_R","Bash","Feel No Pain","Crow Ritual","Flex","Inflame","Replay:Undeath\u0027s Touch","Life Link","Cleave","Fire Breathing","Flex","Swivel","Burning Pact","Rupture","ReplayTheSpireMod:Limb From Limb","ReplayReversal","Cleave"],"relics":["Burning Blood","MerchantsRug","HornCleat","hubris:OldNail","SsserpentHead","White Beast Statue"],"acts_visited":["Exordium"],"potions_floor_usage":[6,6,8,13,14],"damage_taken":[{"damage":9,"enemies":"Cultist","floor":1,"turns":4},{"damage":11,"enemies":"Jaw Worm","floor":2,"turns":4},{"damage":8,"enemies":"Small Slimes","floor":5,"turns":2},{"damage":28,"enemies":"3 Sentries","floor":6,"turns":6},{"damage":31,"enemies":"Red Slaver","floor":8,"turns":5},{"damage":13,"enemies":"Blue Slaver","floor":10,"turns":6},{"damage":21,"enemies":"2 Fungi Beasts","floor":12,"turns":4},{"damage":26,"enemies":"Red Slaver","floor":13,"turns":6},{"damage":11,"enemies":"Lagavulin","floor":14,"turns":3}],"seed_played":"8389892849060606324","potions_obtained":[{"floor":2,"key":"Toxic Potion"},{"floor":5,"key":"Regen Potion"},{"floor":6,"key":"PowerPotion"},{"floor":8,"key":"Swift Potion"},{"floor":10,"key":"blueLaboratory:HeartbeatPotion"},{"floor":12,"key":"Adrenaline Potion"},{"floor":13,"key":"Ancient Potion"}],"is_trial":false,"path_per_floor":["M","M","?","$","M","E","R","M","T","M","R","M","M","E"],"character_chosen":"IRONCLAD","items_purchased":["MerchantsRug","Feel No Pain","Crow Ritual","HornCleat","Flex","Inflame","Replay:Undeath\u0027s Touch","Fire Breathing","Flex"],"campfire_rested":2,"item_purchase_floors":[0,0,0,0,0,0,0,4,4],"current_hp_per_floor":[41,36,36,36,34,27,51,26,26,19,43,28,8,0,0],"gold":193,"neow_bonus":"","is_daily":false,"chose_seed":false,"campfire_upgraded":0,"win_rate":0.0,"timestamp":1609037186,"path_taken":["M","M","?","$","M","E","R","M","T","?","R","M","M","E"],"items_purchased_type":["Relic","Card","Card","Relic","Card","Card","Card","Card","Card"],"build_version":"2020-12-22","purchased_purges":0,"victory":false,"max_hp_per_floor":[80,80,80,80,80,80,80,80,80,80,80,80,80,80,80],"card_choices":[{"not_picked":["Consecrate","Heavy Blade"],"picked":"Life Link","floor":1},{"not_picked":["Dark Embrace","Iron Wave"],"picked":"Cleave","floor":2},{"not_picked":["Iron Wave","Body Slam"],"picked":"Swivel","floor":5},{"not_picked":["Headbutt","ReplayReversal"],"picked":"Burning Pact","floor":6},{"not_picked":["ReplayTheSpireMod:LeadingStrike","Anger"],"picked":"Rupture","floor":8},{"not_picked":["hubris:CleavingFinish","Feed"],"picked":"ReplayTheSpireMod:Limb From Limb","floor":10},{"not_picked":["Clothesline","Evolve"],"picked":"ReplayReversal","floor":12},{"not_picked":["Pommel Strike","Rupture"],"picked":"Cleave","floor":13}],"player_experience":332041,"relics_obtained":[{"floor":6,"key":"White Beast Statue"}],"event_choices":[{"damage_healed":0,"gold_gain":0,"player_choice":"Trade","damage_taken":0,"relics_obtained":["SsserpentHead"],"max_hp_gain":0,"max_hp_loss":0,"event_name":"FaceTrader","floor":3,"gold_loss":0}],"is_beta":false,"boss_relics":[],"items_purged_floors":[],"is_endless":false,"potions_floor_spawned":[2,5,6,8,10,12,13],"killed_by":"Lagavulin","ascension_level":0}}