{"host":"rmsq46plbpwfbxcc","time":1609044882,"event":{"mods":["AchievementEnabler","BaseMod","Colored Map","DeckTracker","Minty Spire (QoL Compilation)","Permanent Neow","SuperFastMode"],"gold_per_floor":[115,133,144,154,154,154,186,186,210,210,228,247,247,272,272,346,346,364,377,145,162,162,162,187,6,6,6,38,38,69,81,81,157,157,173,192,208,225,244,244,214,246,271,296,316,344,344,0,0,0,0],"floor_reached":50,"playtime":3225,"items_purged":["Strike_G","Strike_G"],"score":1391,"play_id":"bb77b643-b303-4e56-8495-5736ed8ecbe1","local_time":"20201227135442","is_ascension_mode":true,"campfire_choices":[{"data":"Skewer","floor":6.0,"key":"SMITH"},{"data":"Dash","floor":8.0,"key":"SMITH"},{"data":"Cloak And Dagger","floor":10.0,"key":"SMITH"},{"data":"Blade Dance","floor":13.0,"key":"SMITH"},{"data":"Survivor","floor":15.0,"key":"SMITH"},{"data":"A Thousand Cuts","floor":23.0,"key":"SMITH"},{"data":"Terror","floor":27.0,"key":"SMITH"},{"data":"Blade Dance","floor":29.0,"key":"SMITH"},{"data":"Adrenaline","floor":32.0,"key":"SMITH"},{"data":"Finisher","floor":40.0,"key":"SMITH"},{"data":"Phantasmal Killer","floor":47,"key":"SMITH"},{"data":"Blur","floor":49,"key":"SMITH"}],"circlet_count":0,"master_deck":["AscendersBane","Strike_G+1","Strike_G+1","Strike_G","Defend_G","Defend_G","Defend_G+1","Defend_G","Defend_G","Survivor+1","Neutralize+1","Skewer+1","Dash+1","Cloak And Dagger+1","Blade Dance+1","Adrenaline+1","CurseOfTheBell","Backflip+1","A Thousand Cuts+1","Tactician","Terror+1","Blade Dance+1","Phantasmal Killer+1","Finisher+1","Accuracy+1","Blur+1"],"relics":["Coffee Dripper","Whetstone","Happy Flower","MealTicket","Calling Bell","Vajra","Ninja Scroll","CaptainsWheel","Lantern","Snake Skull","Shuriken","War Paint","Bottled Flame","WristBlade","Blood Vial","Juzu Bracelet","Tough Bandages","Centennial Puzzle","Red Mask"],"acts_visited":["Exordium","TheCity","TheBeyond"],"potions_floor_usage":[45,45],"damage_taken":[{"damage":2.0,"enemies":"Jaw Worm","floor":1.0,"turns":4.0},{"damage":0.0,"enemies":"Cultist","floor":2.0,"turns":3.0},{"damage":0.0,"enemies":"2 Louse","floor":3.0,"turns":2.0},{"damage":6.0,"enemies":"Large Slime","floor":4.0,"turns":5.0},{"damage":7.0,"enemies":"Lagavulin","floor":7.0,"turns":7.0},{"damage":0.0,"enemies":"Lots of Slimes","floor":11.0,"turns":4.0},{"damage":0.0,"enemies":"2 Fungi Beasts","floor":12.0,"turns":2.0},{"damage":0.0,"enemies":"Gremlin Nob","floor":14.0,"turns":3.0},{"damage":2.0,"enemies":"The Guardian","floor":16.0,"turns":13.0},{"damage":0.0,"enemies":"Shell Parasite","floor":18.0,"turns":4.0},{"damage":11.0,"enemies":"2 Thieves","floor":19.0,"turns":4.0},{"damage":0.0,"enemies":"Sentry and Sphere","floor":21.0,"turns":3.0},{"damage":16.0,"enemies":"Slavers","floor":24.0,"turns":4.0},{"damage":15.0,"enemies":"Book of Stabbing","floor":28.0,"turns":4.0},{"damage":0.0,"enemies":"Gremlin Leader","floor":30.0,"turns":2.0},{"damage":0.0,"enemies":"Chosen and Byrds","floor":31.0,"turns":3.0},{"damage":30.0,"enemies":"Automaton","floor":33.0,"turns":5.0},{"damage":0.0,"enemies":"Orb Walker","floor":35.0,"turns":2.0},{"damage":6.0,"enemies":"3 Shapes","floor":36.0,"turns":6.0},{"damage":6.0,"enemies":"Maw","floor":37.0,"turns":5.0},{"damage":12.0,"enemies":"Jaw Worm Horde","floor":38.0,"turns":3.0},{"damage":1.0,"enemies":"4 Shapes","floor":39.0,"turns":3.0},{"damage":0.0,"enemies":"Reptomancer","floor":42.0,"turns":4.0},{"damage":0.0,"enemies":"Giant Head","floor":44.0,"turns":4.0},{"damage":0,"enemies":"Spire Growth","floor":45,"turns":2},{"damage":0,"enemies":"Reptomancer","floor":46,"turns":2},{"damage":45,"enemies":"Awakened One","floor":50,"turns":8}],"seed_played":"-4101408659238688808","potions_obtained":[{"floor":1.0,"key":"FearPotion"},{"floor":3.0,"key":"FearPotion"},{"floor":4.0,"key":"GamblersBrew"},{"floor":12.0,"key":"Swift Potion"},{"floor":18.0,"key":"FearPotion"},{"floor":21.0,"key":"DuplicationPotion"},{"floor":30.0,"key":"DuplicationPotion"},{"floor":33.0,"key":"ColorlessPotion"},{"floor":38.0,"key":"LiquidMemories"},{"floor":41.0,"key":"DistilledChaos"},{"floor":44.0,"key":"SteroidPotion"}],"is_trial":false,"path_per_floor":["M","M","M","M","?","R","E","R","T","R","M","M","R","E","R","B",null,"M","M","$","M","?","R","E","$","T","R","E","R","E","M","R","B",null,"M","M","M","M","M","R","?","E","T","E","M","E","R","?","R","B"],"character_chosen":"THE_SILENT","items_purchased":["Lantern","Terror"],"campfire_rested":0,"item_purchase_floors":[20,25],"current_hp_per_floor":[57,57,57,51,51,51,44,44,44,44,44,44,44,44,44,42,60,60,49,64,64,64,64,48,63,63,63,48,48,48,48,48,18,54,54,48,42,30,29,29,29,29,29,31,33,35,35,35,35,0,0],"gold":0,"neow_bonus":"BOSS_RELIC","is_daily":false,"chose_seed":false,"campfire_upgraded":12,"win_rate":0.0,"timestamp":1609044882,"path_taken":["M","M","M","M","?","R","E","R","T","R","M","M","R","E","R","BOSS","M","M","$","?","?","R","E","$","T","R","E","R","E","M","R","BOSS","M","M","M","M","M","R","?","E","T","E","M","E","R","?","R","BOSS"],"items_purchased_type":["Relic","Card"],"build_version":"2020-12-22","purchased_purges":2,"victory":false,"max_hp_per_floor":[66,66,66,66,66,66,66,66,66,66,66,66,66,66,66,66,66,66,66,66,66,66,66,66,66,66,66,66,66,66,66,66,66,66,66,66,66,66,66,66,66,66,66,66,66,66,66,66,66,66,66],"card_choices":[{"not_picked":["Prepared","Calculated Gamble"],"picked":"Skewer","floor":1.0},{"not_picked":["Deflect","Acrobatics"],"picked":"Dash","floor":2.0},{"not_picked":["Catalyst","Dodge and Roll","Bane"],"picked":"SKIP","floor":3.0},{"not_picked":["Well Laid Plans","Quick Slash"],"picked":"Cloak And Dagger","floor":4.0},{"not_picked":["Dash","Outmaneuver","Prepared"],"picked":"SKIP","floor":7.0},{"not_picked":["Well Laid Plans","Acrobatics"],"picked":"Blade Dance","floor":11.0},{"not_picked":["Flying Knee","Endless Agony","Heel Hook"],"picked":"SKIP","floor":12.0},{"not_picked":["All Out Attack","Poisoned Stab","Underhanded Strike"],"picked":"SKIP","floor":14.0},{"not_picked":["A Thousand Cuts","Glass Knife"],"picked":"Adrenaline","floor":16.0},{"not_picked":["Bane+1","Deflect","Deadly Poison"],"picked":"SKIP","floor":18.0},{"not_picked":["Dodge and Roll","Quick Slash"],"picked":"Backflip","floor":19.0},{"not_picked":["Dagger Throw","Endless Agony","Sucker Punch"],"picked":"SKIP","floor":21.0},{"not_picked":["Dagger Spray","Blade Dance"],"picked":"Tactician","floor":24.0},{"not_picked":["Sucker Punch","Wraith Form v2"],"picked":"Blade Dance","floor":28.0},{"not_picked":["Sucker Punch+1","Bane","Tactician+1"],"picked":"SKIP","floor":30.0},{"not_picked":["Bouncing Flask","Quick Slash+1","Outmaneuver+1"],"picked":"SKIP","floor":31.0},{"not_picked":["Storm of Steel","Grand Finale"],"picked":"Phantasmal Killer","floor":33.0},{"not_picked":["Dagger Spray+1","Sucker Punch+1","Poisoned Stab"],"picked":"SKIP","floor":35.0},{"not_picked":["Predator","All Out Attack","Infinite Blades"],"picked":"SKIP","floor":36.0},{"not_picked":["Crippling Poison","Flying Knee"],"picked":"Finisher","floor":37.0},{"not_picked":["Backstab+1","Well Laid Plans+1"],"picked":"Accuracy+1","floor":38.0},{"not_picked":["Endless Agony+1","Dagger Throw+1","Dagger Spray"],"picked":"SKIP","floor":39.0},{"not_picked":["Heel Hook","Deadly Poison"],"picked":"Blur","floor":42.0},{"not_picked":["Poisoned Stab","Wraith Form v2","Dash"],"picked":"SKIP","floor":44.0},{"not_picked":["Dodge and Roll","Flechettes","Prepared"],"picked":"SKIP","floor":45},{"not_picked":["Flechettes","Prepared","Skewer"],"picked":"SKIP","floor":46}],"player_experience":1391576,"relics_obtained":[{"floor":7.0,"key":"Whetstone"},{"floor":9.0,"key":"Happy Flower"},{"floor":14.0,"key":"MealTicket"},{"floor":17.0,"key":"Vajra"},{"floor":17.0,"key":"Ninja Scroll"},{"floor":17.0,"key":"CaptainsWheel"},{"floor":24.0,"key":"Snake Skull"},{"floor":26.0,"key":"Shuriken"},{"floor":28.0,"key":"War Paint"},{"floor":30.0,"key":"Bottled Flame"},{"floor":42.0,"key":"Blood Vial"},{"floor":43.0,"key":"Juzu Bracelet"},{"floor":44.0,"key":"Tough Bandages"},{"floor":46,"key":"Centennial Puzzle"}],"event_choices":[{"damage_healed":0.0,"max_hp_gain":0.0,"max_hp_loss":0.0,"gold_gain":0.0,"event_name":"Upgrade Shrine","player_choice":"Upgraded","floor":5.0,"gold_loss":0.0,"damage_taken":0.0,"cards_upgraded":["Neutralize"]},{"damage_healed":0.0,"max_hp_gain":0.0,"max_hp_loss":0.0,"gold_gain":0.0,"event_name":"The Library","player_choice":"Read","floor":22.0,"gold_loss":0.0,"damage_taken":0.0,"cards_obtained":["A Thousand Cuts"]},{"damage_healed":0.0,"max_hp_gain":0.0,"max_hp_loss":0.0,"gold_gain":0.0,"event_name":"The Woman in Blue","player_choice":"Bought 2 Potions","floor":41.0,"gold_loss":0.0,"damage_taken":0.0},{"damage_healed":0,"gold_gain":0,"player_choice":"Paid","damage_taken":0,"relics_obtained":["Red Mask"],"max_hp_gain":0,"max_hp_loss":0,"event_name":"Tomb of Lord Red Mask","floor":48,"gold_loss":344}],"is_beta":false,"boss_relics":[{"not_picked":["Sozu","HoveringKite"],"picked":"Calling Bell"},{"not_picked":["Astrolabe","Fusion Hammer"],"picked":"WristBlade"}],"items_purged_floors":[20,25],"is_endless":false,"potions_floor_spawned":[1,3,4,12,18,21,30,33,38,42,44],"killed_by":"Awakened One","ascension_level":17}}