{"host":"hdafziggwnbzqpcb","time":1609097936,"event":{"mods":["BaseMod","Better Vampires","Colored Map","Colored Powertips","Curses Come First","Duelist Mod","GifTheSpireLib","Hero for Fun","Minty Spire (QoL Compilation)","Quick Restart","Rare Cards Sparkle","Relic Stats","Spicy Shops","StSLib","The Bug Knight","The Cursed","The Marked","The Senshi","The Wild Card","TheHero"],"gold_per_floor":[109,34,34,45,61,61,61,96,96,112,112,112,12,12,12,12,12],"floor_reached":16,"playtime":878,"items_purged":["theSenshi:SailorKick","theSenshi:SailorBlock"],"score":98,"play_id":"8a1146ff-7fc7-49bd-94af-e268d18a9497","local_time":"20201227113856","is_ascension_mode":false,"campfire_choices":[{"data":"theSenshi:SailorBlock","floor":6,"key":"SMITH"},{"data":"theSenshi:MoonCosmicPowerMakeUp","floor":11,"key":"SMITH"},{"floor":15,"key":"REST"}],"circlet_count":0,"master_deck":["theSenshi:SailorKick","theSenshi:SailorKick","theSenshi:SailorKick","theSenshi:SailorBlock+1","theSenshi:SailorBlock+1","theSenshi:MoonPrismPowerMakeUp","theSenshi:ChibiMoonsLove","theSenshi:YouCanTalk","theSenshi:CrisisMakeUp","theSenshi:MoonCosmicPowerMakeUp+1"],"relics":["theSenshi:TransformationBroochRelic","theSenshi:CrisisMoonCompactRelic","Molten Egg 2","Golden Idol"],"acts_visited":["Exordium"],"potions_floor_usage":[8,16],"damage_taken":[{"damage":10,"enemies":"Jaw Worm","floor":1,"turns":6},{"damage":5,"enemies":"2 Louse","floor":4,"turns":4},{"damage":12,"enemies":"Cultist","floor":5,"turns":6},{"damage":49,"enemies":"Lagavulin","floor":8,"turns":11},{"damage":11,"enemies":"3 Louse","floor":10,"turns":8},{"damage":49,"enemies":"The Guardian","floor":16,"turns":7}],"seed_played":"-5350469786976085411","potions_obtained":[{"floor":5,"key":"DuplicationPotion"},{"floor":10,"key":"SkillPotion"}],"is_trial":false,"path_per_floor":["M","$","?","M","M","R","?","E","T","M","R","?","$","?","R","B"],"character_chosen":"THE_SENSHI","items_purchased":[],"campfire_rested":1,"item_purchase_floors":[],"current_hp_per_floor":[65,65,65,70,58,58,58,19,19,18,18,18,18,18,38,0,0],"gold":12,"neow_bonus":"TRANSFORM_CARD","is_daily":false,"chose_seed":false,"campfire_upgraded":2,"win_rate":0.0,"timestamp":1609097936,"path_taken":["M","$","?","M","M","R","?","E","T","?","R","?","$","?","R","BOSS"],"items_purchased_type":[],"build_version":"2020-12-22","purchased_purges":2,"victory":false,"max_hp_per_floor":[75,75,75,75,75,75,75,75,75,75,75,75,75,69,69,69,69],"relic_stats":{"counters":[6,42],"Golden Idol":0,"obtain_stats":[{"theSenshi:TransformationBroochRelic":0,"theSenshi:CrisisMoonCompactRelic":8,"Golden Idol":14,"Molten Egg 2":9},{"theSenshi:TransformationBroochRelic":0,"theSenshi:CrisisMoonCompactRelic":4,"Golden Idol":5,"Molten Egg 2":4},{"theSenshi:TransformationBroochRelic":0,"theSenshi:CrisisMoonCompactRelic":27,"Golden Idol":35,"Molten Egg 2":27}]},"card_choices":[{"not_picked":["theSenshi:LunasBite","theSenshi:SailorNeptuneAssists","theSenshi:MoonKick"],"picked":"SKIP","floor":1},{"not_picked":["theSenshi:SailorPlanetPower","theSenshi:SupersonicWaves"],"picked":"theSenshi:YouCanTalk","floor":4},{"not_picked":["theSenshi:TuxedoSmokingBomber","theSenshi:LunasBite","theSenshi:SupersonicWaves"],"picked":"SKIP","floor":5},{"not_picked":["theSenshi:GatheringStrength","theSenshi:SupersonicWaves"],"picked":"theSenshi:CrisisMakeUp","floor":8},{"not_picked":["theSenshi:YouCanTalk","theSenshi:OdangoHead"],"picked":"theSenshi:MoonCosmicPowerMakeUp","floor":10}],"player_experience":643522,"relics_obtained":[{"floor":8,"key":"theSenshi:CrisisMoonCompactRelic"},{"floor":9,"key":"Molten Egg 2"}],"event_choices":[{"cards_removed":["theSenshi:SailorBlock"],"damage_healed":0,"gold_gain":0,"player_choice":"Forget","damage_taken":0,"max_hp_gain":0,"max_hp_loss":0,"event_name":"Living Wall","floor":3,"gold_loss":0},{"damage_healed":0,"gold_gain":0,"player_choice":"Upgraded","damage_taken":0,"max_hp_gain":0,"max_hp_loss":0,"event_name":"Upgrade Shrine","floor":7,"gold_loss":0,"cards_upgraded":["theSenshi:SailorBlock"]},{"damage_healed":0,"gold_gain":0,"player_choice":"Lose Max HP","damage_taken":0,"relics_obtained":["Golden Idol"],"max_hp_gain":0,"max_hp_loss":6,"event_name":"Golden Idol","floor":14,"gold_loss":0}],"is_beta":false,"boss_relics":[],"items_purged_floors":[2,13],"is_endless":false,"potions_floor_spawned":[5,10],"killed_by":"The Guardian","ascension_level":0}}