{"host":"zv85muor2723jdwz","time":1609076212,"event":{"mods":["BaseMod","CapriCore","Decade(王小明)","KinomotoSakuraMod(木之本樱)","Marisa（F雨　魔理沙）","Minty Spire (QoL Compilation)","Reimu（博丽灵梦）","Remilia（蕾米莉亚）","StSLib","The Bug Knight","The Immortal","The Servant 0.9.4","WarShipGirlsR/战舰少女R mod","Yakumo Yukari mod","Youmu（魂魄妖梦）","Yuri Mod","Yuyuko"],"gold_per_floor":[117,117,130,37,52,52,52],"floor_reached":6,"playtime":429,"items_purged":[],"score":36,"play_id":"3fb82e0c-6d24-47ee-9e8a-35d282fc9d39","local_time":"20201227213652","is_ascension_mode":false,"campfire_choices":[],"circlet_count":0,"master_deck":["Strike_YM","Strike_YM","Strike_YM","Defend_YM","Defend_YM","Defend_YM","Defend_YM","SlashOfPresentWorld","WheelOfPainOfLivingAndDead","RapidSlash","SpiritCuttingSword","Dramatic Entrance","RapidSlash"],"relics":["HalfPhantom","NeowsBlessing"],"acts_visited":["Exordium"],"potions_floor_usage":[6],"damage_taken":[{"damage":0,"enemies":"Small Slimes","floor":1,"turns":1},{"damage":0,"enemies":"Cultist","floor":3,"turns":1},{"damage":0,"enemies":"2 Louse","floor":5,"turns":1},{"damage":36,"enemies":"HollowMod:MossKnight","floor":6,"turns":14}],"seed_played":"-6638064885989975561","potions_obtained":[{"floor":1,"key":"CausticAgent"},{"floor":3,"key":"LiquidBronze"}],"is_trial":false,"path_per_floor":["M","?","M","$","M","E"],"character_chosen":"YOUMU","items_purchased":["Dramatic Entrance"],"campfire_rested":0,"item_purchase_floors":[4],"current_hp_per_floor":[75,75,75,75,75,39,39],"gold":52,"neow_bonus":"THREE_ENEMY_KILL","is_daily":false,"chose_seed":false,"campfire_upgraded":0,"win_rate":0.0,"timestamp":1609076212,"path_taken":["M","?","M","$","?","E"],"items_purchased_type":["Card"],"build_version":"2020-12-22","purchased_purges":0,"victory":false,"max_hp_per_floor":[75,75,75,75,75,75,75],"card_choices":[{"not_picked":["DoubleWheelOfPain","BloodOfAsura"],"picked":"RapidSlash","floor":1},{"not_picked":["ThreeKonsSevenHakus","ConstancyOfTheConventionalTruth"],"picked":"SpiritCuttingSword","floor":3},{"not_picked":["SwordOfBindingDesires","FlashingScatteredFlowers"],"picked":"RapidSlash","floor":5}],"player_experience":36251,"relics_obtained":[],"event_choices":[{"cards_removed":["Strike_YM"],"damage_healed":0,"gold_gain":0,"player_choice":"Purged","damage_taken":0,"max_hp_gain":0,"max_hp_loss":0,"event_name":"Purifier","floor":2,"gold_loss":0}],"is_beta":false,"boss_relics":[],"items_purged_floors":[],"is_endless":false,"potions_floor_spawned":[1,3],"killed_by":"HollowMod:MossKnight","ascension_level":0}}