{"host":"8vqjvqze17j4iyaj","time":1609101878,"event":{"mods":["Act Like it!","BaseMod","Chen","Colored Powertips","Duelist Mod","Elementarium","Gensokyo","GifTheSpireLib","Infinite Spire","Jorbs\u0027s Wanderer Trilogy","Koishi","Marisa????????","Minty Spire (QoL Compilation)","Rare Cards Sparkle","Reimu??????","Remilia??????","Replay The Spire","StSLib","The Animator","The Cursed","The Forsaken","The Servant 0.9.4","Wandering Minibosses"],"gold_per_floor":[111,111,129,129,142,173,173,192,217,73,93,107,122,138,138,236,236,256,276,58,58,58],"floor_reached":21,"playtime":1866,"items_purged":["Pain"],"score":185,"play_id":"174d89dc-a756-4112-9085-9bcf50bc38aa","local_time":"20201227134438","is_ascension_mode":false,"campfire_choices":[{"data":"NB:ReiMu","floor":7,"key":"SMITH"},{"data":"FineLineFantasy:ReiMu","floor":15,"key":"SMITH"}],"circlet_count":0,"master_deck":["Strike_Lin:ReiMu","Strike_Lin:ReiMu","Strike_Lin:ReiMu","Strike_Lin:ReiMu","Defend_Lin:ReiMu","Defend_Lin:ReiMu","Defend_Lin:ReiMu","Defend_Lin:ReiMu","NB:ReiMu+1","Stagnation:ReiMu","SafetyPray:ReiMu","Clumsy","CareerPray:ReiMu","Dreaming2:ReiMu","Conquer:ReiMu","Dark Shackles","WonderfulDomain:ReiMu","OrbThrow:ReiMu","FineLineFantasy:ReiMu+1","OrbThrow:ReiMu","SubcavityFantasy:ReiMu","Gensokyo:AllTheWorldsEvil","Greed_TH","LovePray:ReiMu"],"relics":["FlyPower:ReiMu","NeowsBlessing","Gensokyo:NagashiBinaDoll","Replay:Wax Seal","ScarletDevilRocket","ReplayTheSpireMod:ShopPack","Replay:Ancient Bell","infinitespire:Beetle Shell","Darkstone Periapt","infinitespire:Lychee Nut","Toolbox"],"acts_visited":["Gensokyo:Gensokyo","Gensokyo:Gensokyoer"],"potions_floor_usage":[18,19],"damage_taken":[{"damage":0,"enemies":"Gensokyo:2_Kodama","floor":1,"turns":1},{"damage":0,"enemies":"Gensokyo:Python","floor":3,"turns":1},{"damage":0,"enemies":"Gensokyo:3_Fairies","floor":5,"turns":1},{"damage":13,"enemies":"Gensokyo:Mamizou","floor":6,"turns":10},{"damage":0,"enemies":"Gensokyo:LivingMonolith","floor":8,"turns":3},{"damage":5,"enemies":"Gensokyo:3_Kodama","floor":11,"turns":3},{"damage":1,"enemies":"Gensokyo:VengefulSpirit","floor":12,"turns":4},{"damage":4,"enemies":"Gensokyo:CorruptedTreant","floor":13,"turns":4},{"damage":5,"enemies":"Gensokyo:3_Kodama","floor":14,"turns":4},{"damage":16,"enemies":"Gensokyo:Reimu","floor":16,"turns":14},{"damage":14,"enemies":"Gensokyo:2_Gloops","floor":18,"turns":7},{"damage":39,"enemies":"Gensokyo:3_Dogs","floor":19,"turns":5},{"damage":22,"enemies":"Gensokyo:Wraith","floor":21,"turns":6}],"seed_played":"-4098218341606669449","potions_obtained":[{"floor":3,"key":"MagicPotion:ReiMu"},{"floor":8,"key":"Explosive Potion"},{"floor":16,"key":"LiquidBronze"}],"is_trial":false,"path_per_floor":["M","?","M","?","M","E","R","M","T","COS","M","M","M","M","R","B",null,"M","M","$","M"],"character_chosen":"REIMU","items_purchased":["Toolbox"],"campfire_rested":0,"item_purchase_floors":[20],"current_hp_per_floor":[65,65,65,65,65,52,52,52,52,52,47,46,42,37,37,21,66,53,20,10,0,0],"gold":58,"neow_bonus":"THREE_ENEMY_KILL","is_daily":false,"chose_seed":false,"campfire_upgraded":2,"win_rate":0.0,"timestamp":1609101878,"path_taken":["M","?","?","?","M","E","R","M","T","COS","M","M","?","M","R","BOSS","M","M","$","M"],"items_purchased_type":["Relic"],"build_version":"2020-12-22","purchased_purges":1,"victory":false,"max_hp_per_floor":[65,65,65,65,65,65,65,65,65,65,65,65,65,65,65,65,66,66,66,66,66,66],"card_choices":[{"not_picked":["ForcedLanding:ReiMu","DoubleButterfly:ReiMu"],"picked":"SafetyPray:ReiMu","floor":1},{"not_picked":["MountainWay:ReiMu","ManaGlint:ReiMu"],"picked":"CareerPray:ReiMu","floor":3},{"not_picked":["MountainWay:ReiMu","Mountainwind:ReiMu"],"picked":"Dreaming2:ReiMu","floor":5},{"not_picked":["SpiritualOutbreak2:ReiMu","EmergencyTakeOff:ReiMu"],"picked":"Conquer:ReiMu","floor":6},{"not_picked":["Enchanting:ReiMu","InherentArray:ReiMu","Mountainwind:ReiMu"],"picked":"SKIP","floor":8},{"not_picked":["Jack Of All Trades","Good Instincts"],"picked":"Dark Shackles","floor":10},{"not_picked":["HakureiPhantom:ReiMu","TightArray:ReiMu"],"picked":"WonderfulDomain:ReiMu","floor":11},{"not_picked":["CareerPray:ReiMu","FoulBorder2:ReiMu"],"picked":"OrbThrow:ReiMu","floor":12},{"not_picked":["OctopathBindingBorder2:ReiMu","UpKicking:ReiMu"],"picked":"FineLineFantasy:ReiMu","floor":13},{"not_picked":["Enchanting:ReiMu","RainPray2:ReiMu"],"picked":"OrbThrow:ReiMu","floor":14},{"not_picked":["OctopathSalyBorderN:ReiMu","BlastKick2:ReiMu"],"picked":"SubcavityFantasy:ReiMu","floor":16},{"not_picked":["theDuelist:CurseAnubis","Gluttony_TH"],"picked":"Gensokyo:AllTheWorldsEvil","floor":17},{"not_picked":["Parasite","Spreading Infection"],"picked":"Greed_TH","floor":17},{"not_picked":["theDuelist:PsiCurse","Envy_TH"],"picked":"Pain","floor":17},{"not_picked":["FantasyBorder:ReiMu+1","Enchanting:ReiMu","SubAcupoint:ReiMu"],"picked":"SKIP","floor":18},{"not_picked":["Determination:ReiMu","PrepareRite:ReiMu"],"picked":"LovePray:ReiMu","floor":19}],"player_experience":264233,"relics_obtained":[{"floor":6,"key":"Replay:Wax Seal"},{"floor":9,"key":"ScarletDevilRocket"}],"event_choices":[],"is_beta":false,"boss_relics":[{"not_picked":["theForsaken:PaleLantern","Runic Pyramid"],"picked":"Replay:Ancient Bell"},{"not_picked":["Ancient Tea Set","Gremlin Food"],"picked":"infinitespire:Beetle Shell"},{"not_picked":["InkBottle","Chameleon Ring"],"picked":"Darkstone Periapt"},{"not_picked":["StoneCalendar","Mango"],"picked":"infinitespire:Lychee Nut"}],"items_purged_floors":[20],"is_endless":false,"potions_floor_spawned":[3,8,16],"killed_by":"Gensokyo:Wraith","ascension_level":0}}