{"host":"kw4o7b3ro2ktmmbe","time":1609064639,"event":{"mods":["BaseMod","Evolution","Minty Spire (QoL Compilation)","Robot Space Explorer","StSLib"],"gold_per_floor":[117,192,192,210,226,226,255,255,255,8,18,32,32,62,62,162,162,176,188,188,201,214,214,241,241,268,268,303,402,431,450,450,553,553,572,253,253,303,323,323,349,349,349,363,393,393,403,428,428,428],"floor_reached":51,"playtime":4534,"items_purged":["Pain"],"score":1134,"play_id":"6b81d64c-09db-4d3e-92a9-7df493a069e2","local_time":"20201227232359","is_ascension_mode":true,"campfire_choices":[{"data":"RobotSpaceExplorer:DualCore","floor":6.0,"key":"SMITH"},{"data":"RobotSpaceExplorer:ChargingLaser","floor":13.0,"key":"SMITH"},{"data":"RobotSpaceExplorer:Fix","floor":15.0,"key":"SMITH"},{"data":"RobotSpaceExplorer:DroneSwarm","floor":23.0,"key":"SMITH"},{"data":"RobotSpaceExplorer:Asteroid","floor":27.0,"key":"SMITH"},{"data":"RobotSpaceExplorer:Fix","floor":32,"key":"SMITH"},{"data":"Madness","floor":40,"key":"SMITH"},{"data":"RobotSpaceExplorer:Blaster","floor":42,"key":"SMITH"},{"data":"Panache","floor":49,"key":"SMITH"}],"circlet_count":0,"master_deck":["RobotSpaceExplorer:Strike","RobotSpaceExplorer:Strike","RobotSpaceExplorer:Strike","RobotSpaceExplorer:Strike","RobotSpaceExplorer:Defend","RobotSpaceExplorer:Defend","RobotSpaceExplorer:Defend","RobotSpaceExplorer:Scan","RobotSpaceExplorer:MiniLasers","RobotSpaceExplorer:MiniDrones","RobotSpaceExplorer:DualCore+1","RobotSpaceExplorer:ChargingLaser+1","RobotSpaceExplorer:HighVoltage+1","RobotSpaceExplorer:Fix+1","RobotSpaceExplorer:DroneSwarm+1","RobotSpaceExplorer:Fix+1","RobotSpaceExplorer:Asteroid+1","RobotSpaceExplorer:Electroshield","RobotSpaceExplorer:StarDust+1","RobotSpaceExplorer:Blaster+1","RobotSpaceExplorer:Blitz+1","Madness","Madness+1","RobotSpaceExplorer:MiniDrones+1","RobotSpaceExplorer:RigExplosive+1","RobotSpaceExplorer:DualCore+1","RobotSpaceExplorer:MiniBoosters","Mayhem","Panache+1","Magnetism","RobotSpaceExplorer:ScrapMissile+1"],"relics":["EVO:Axolotl","Coffee Dripper","Matryoshka","Bag of Marbles","Question Card","Medical Kit","Bottled Tornado","Runic Dome","WarpedTongs","TungstenRod","MealTicket","Vajra","Torii","Mango","SlaversCollar","Mummified Hand","RobotSpaceExplorer:ToughPlating","Bottled Lightning","Orichalcum","Boot","Ancient Tea Set","RobotSpaceExplorer:ClockworkSextant"],"acts_visited":["Exordium","TheCity","TheBeyond"],"potions_floor_usage":[33,33,45,47,48,50],"damage_taken":[{"damage":0.0,"enemies":"2 Louse","floor":1.0,"turns":3.0},{"damage":0.0,"enemies":"Cultist","floor":4.0,"turns":3.0},{"damage":0.0,"enemies":"Small Slimes","floor":5.0,"turns":4.0},{"damage":17.0,"enemies":"Gremlin Nob","floor":7.0,"turns":4.0},{"damage":0.0,"enemies":"Blue Slaver","floor":11.0,"turns":2.0},{"damage":0.0,"enemies":"Lots of Slimes","floor":12.0,"turns":1.0},{"damage":9.0,"enemies":"Lagavulin","floor":14.0,"turns":6.0},{"damage":8.0,"enemies":"Hexaghost","floor":16.0,"turns":9.0},{"damage":0.0,"enemies":"2 Thieves","floor":18.0,"turns":1.0},{"damage":0.0,"enemies":"3 Byrds","floor":19.0,"turns":4.0},{"damage":12.0,"enemies":"Centurion and Healer","floor":21.0,"turns":5.0},{"damage":26.0,"enemies":"Shelled Parasite and Fungi","floor":22.0,"turns":5.0},{"damage":8.0,"enemies":"Book of Stabbing","floor":24.0,"turns":4.0},{"damage":13.0,"enemies":"Gremlin Leader","floor":28.0,"turns":4.0},{"damage":8.0,"enemies":"Book of Stabbing","floor":30.0,"turns":4.0},{"damage":0,"enemies":"Cultist and Chosen","floor":31,"turns":4},{"damage":7,"enemies":"Collector","floor":33,"turns":9},{"damage":0,"enemies":"Orb Walker","floor":35,"turns":3},{"damage":14,"enemies":"Mind Bloom Boss Battle","floor":38,"turns":6},{"damage":14,"enemies":"3 Darklings","floor":39,"turns":4},{"damage":19,"enemies":"Nemesis","floor":41,"turns":7},{"damage":12,"enemies":"4 Shapes","floor":44,"turns":2},{"damage":0,"enemies":"Giant Head","floor":45,"turns":6},{"damage":0,"enemies":"Maw","floor":47,"turns":5},{"damage":0,"enemies":"Nemesis","floor":48,"turns":5},{"damage":0,"enemies":"Awakened One","floor":50,"turns":8}],"seed_played":"3757822186884611749","potions_obtained":[{"floor":4.0,"key":"BlessingOfTheForge"},{"floor":11.0,"key":"BlessingOfTheForge"},{"floor":16.0,"key":"BlessingOfTheForge"},{"floor":18.0,"key":"DistilledChaos"},{"floor":21.0,"key":"Ancient Potion"},{"floor":31,"key":"Dexterity Potion"},{"floor":41,"key":"Explosive Potion"},{"floor":44,"key":"LiquidMemories"},{"floor":45,"key":"Strength Potion"}],"is_trial":false,"path_per_floor":["M","?","?","M","M","R","E","?","T","$","M","M","R","E","R","B",null,"M","M","?","M","M","R","E","?","T","R","E","?","E","M","R","B",null,"M","$","?","?","M","R","E","R","T","M","E","?","M","E","R","B",null],"character_chosen":"RobotSpaceExplorer","items_purchased":["Medical Kit","Fruit Juice","Mummified Hand"],"campfire_rested":0,"item_purchase_floors":[10,10,36],"current_hp_per_floor":[68,57,57,57,57,57,40,40,40,45,45,45,45,36,36,34,69,69,75,75,68,46,46,48,34,34,34,27,27,43,55,55,60,89,95,99,88,86,84,84,77,77,77,71,83,74,86,98,98,99],"gold":428,"neow_bonus":"BOSS_RELIC","is_daily":false,"chose_seed":false,"campfire_upgraded":9,"win_rate":0.0,"timestamp":1609064639,"path_taken":["M","?","?","M","?","R","E","?","T","$","M","M","R","E","R","BOSS","M","?","?","?","M","R","E","?","T","R","E","?","E","M","R","BOSS","M","$","?","?","M","R","E","R","T","M","E","?","?","E","R","BOSS"],"items_purchased_type":["Relic","Potion","Relic"],"build_version":"2020-12-22","purchased_purges":1,"victory":true,"max_hp_per_floor":[75,75,75,75,75,75,75,75,75,80,80,80,80,80,80,80,80,80,80,80,80,80,80,80,85,85,85,85,85,99,99,99,99,99,99,99,99,99,99,99,99,99,99,99,99,99,99,99,99,99],"card_choices":[{"not_picked":["RobotSpaceExplorer:SurgingStrike","RobotSpaceExplorer:ImprovisedAttack"],"picked":"RobotSpaceExplorer:MiniDrones","floor":1.0},{"not_picked":["RobotSpaceExplorer:ShovelStrike","RobotSpaceExplorer:LuckyStrike"],"picked":"RobotSpaceExplorer:DualCore","floor":4.0},{"not_picked":["RobotSpaceExplorer:ScrapMissile","RobotSpaceExplorer:Jetpack"],"picked":"RobotSpaceExplorer:ChargingLaser","floor":5.0},{"not_picked":["RobotSpaceExplorer:FreezingShield","RobotSpaceExplorer:Probe"],"picked":"RobotSpaceExplorer:HighVoltage","floor":7.0},{"not_picked":["RobotSpaceExplorer:ShovelStrike","RobotSpaceExplorer:SlimeMissile","RobotSpaceExplorer:ShockKick","RobotSpaceExplorer:Smokescreen"],"picked":"SKIP","floor":11.0},{"not_picked":["RobotSpaceExplorer:ShovelStrike","RobotSpaceExplorer:SlimeMissile","RobotSpaceExplorer:ShockKick","RobotSpaceExplorer:Smokescreen"],"picked":"SKIP","floor":11.0},{"not_picked":["RobotSpaceExplorer:Counterblock","RobotSpaceExplorer:BigMissile","RobotSpaceExplorer:MetalStrike","RobotSpaceExplorer:ShockKick"],"picked":"SKIP","floor":12.0},{"not_picked":["RobotSpaceExplorer:Smokescreen","RobotSpaceExplorer:ScrapToss","RobotSpaceExplorer:Electropulse"],"picked":"RobotSpaceExplorer:Fix","floor":14.0},{"not_picked":["RobotSpaceExplorer:Explosion","RobotSpaceExplorer:BlastShield","RobotSpaceExplorer:Comet"],"picked":"RobotSpaceExplorer:DroneSwarm","floor":16.0},{"not_picked":["RobotSpaceExplorer:SurgingShield","RobotSpaceExplorer:FranticSearch","RobotSpaceExplorer:SurgingStrike+1","RobotSpaceExplorer:Probe"],"picked":"SKIP","floor":18.0},{"not_picked":["RobotSpaceExplorer:SlimeMissile","RobotSpaceExplorer:Pulsar","RobotSpaceExplorer:Electropulse"],"picked":"RobotSpaceExplorer:Fix","floor":19.0},{"not_picked":["RobotSpaceExplorer:Ammunition","RobotSpaceExplorer:ShovelStrike","RobotSpaceExplorer:SurgingStrike","RobotSpaceExplorer:FranticSearch"],"picked":"SKIP","floor":21.0},{"not_picked":["RobotSpaceExplorer:GlueShot","RobotSpaceExplorer:MetalStrike","RobotSpaceExplorer:SurgingShield+1"],"picked":"RobotSpaceExplorer:Asteroid","floor":22.0},{"not_picked":["RobotSpaceExplorer:Counterblock","RobotSpaceExplorer:BigMissile+1","RobotSpaceExplorer:SlimeMissile","RobotSpaceExplorer:ShovelStrike"],"picked":"SKIP","floor":24.0},{"not_picked":["RobotSpaceExplorer:SelfCleaning","RobotSpaceExplorer:SlimeMissile","RobotSpaceExplorer:MiniDrones"],"picked":"RobotSpaceExplorer:Electroshield","floor":28.0},{"not_picked":["RobotSpaceExplorer:Pulsar","RobotSpaceExplorer:FranticSearch","RobotSpaceExplorer:ScrapShield"],"picked":"RobotSpaceExplorer:StarDust+1","floor":30.0},{"not_picked":["RobotSpaceExplorer:FranticSearch","RobotSpaceExplorer:BigMissile","RobotSpaceExplorer:Calculate"],"picked":"RobotSpaceExplorer:Blaster","floor":31},{"not_picked":["RobotSpaceExplorer:Multitool","RobotSpaceExplorer:Wormhole","RobotSpaceExplorer:Asteroid"],"picked":"RobotSpaceExplorer:Exploration","floor":33},{"not_picked":["RobotSpaceExplorer:Reload+1","RobotSpaceExplorer:PowerCollector","RobotSpaceExplorer:ImprovisedAttack+1"],"picked":"RobotSpaceExplorer:Blitz+1","floor":35},{"not_picked":["RobotSpaceExplorer:BigMissile+1","RobotSpaceExplorer:FranticSearch","RobotSpaceExplorer:SelfCleaning+1"],"picked":"RobotSpaceExplorer:MiniDrones+1","floor":38},{"not_picked":["RobotSpaceExplorer:Blitz+1","RobotSpaceExplorer:ShovelStrike","RobotSpaceExplorer:SurgingShield+1"],"picked":"RobotSpaceExplorer:RigExplosive+1","floor":39},{"not_picked":["RobotSpaceExplorer:FreezingShield+1","RobotSpaceExplorer:MiniDrones+1","RobotSpaceExplorer:ShovelStrike"],"picked":"RobotSpaceExplorer:DualCore+1","floor":41},{"not_picked":["RobotSpaceExplorer:MetalStrike+1","RobotSpaceExplorer:SlimeMissile","RobotSpaceExplorer:ImprovisedAttack+1","RobotSpaceExplorer:Counterblock"],"picked":"SKIP","floor":44},{"not_picked":["RobotSpaceExplorer:LuckyStrike","RobotSpaceExplorer:GlueSpray+1","RobotSpaceExplorer:PowerGlove"],"picked":"RobotSpaceExplorer:MiniBoosters","floor":45},{"not_picked":["Purity","Madness","Sadistic Nature"],"picked":"Mayhem","floor":46},{"not_picked":["Bandage Up","PanicButton","Enlightenment"],"picked":"Panache","floor":46},{"not_picked":["PanicButton","Dramatic Entrance","Master of Strategy"],"picked":"Magnetism","floor":46},{"not_picked":["RobotSpaceExplorer:SlimeMissile","RobotSpaceExplorer:GlueShot","RobotSpaceExplorer:LaserBurst","RobotSpaceExplorer:Ammunition+1"],"picked":"SKIP","floor":47},{"not_picked":["RobotSpaceExplorer:Probe+1","RobotSpaceExplorer:MiniDrones","RobotSpaceExplorer:Electroshield"],"picked":"RobotSpaceExplorer:ScrapMissile+1","floor":48}],"player_experience":1812678,"relics_obtained":[{"floor":7.0,"key":"Matryoshka"},{"floor":9.0,"key":"Bag of Marbles"},{"floor":9.0,"key":"Question Card"},{"floor":14.0,"key":"Bottled Tornado"},{"floor":24.0,"key":"TungstenRod"},{"floor":26.0,"key":"MealTicket"},{"floor":26.0,"key":"Vajra"},{"floor":28.0,"key":"Torii"},{"floor":30.0,"key":"Mango"},{"floor":38,"key":"RobotSpaceExplorer:ToughPlating"},{"floor":38,"key":"Bottled Lightning"},{"floor":41,"key":"Orichalcum"},{"floor":43,"key":"Boot"},{"floor":45,"key":"Ancient Tea Set"},{"floor":48,"key":"RobotSpaceExplorer:ClockworkSextant"}],"event_choices":[{"damage_healed":0.0,"max_hp_gain":0.0,"max_hp_loss":0.0,"gold_gain":75.0,"event_name":"World of Goop","player_choice":"Gather Gold","floor":2.0,"gold_loss":0.0,"damage_taken":11.0},{"cards_removed":["RobotSpaceExplorer:Defend"],"damage_healed":0.0,"max_hp_gain":0.0,"max_hp_loss":0.0,"gold_gain":0.0,"event_name":"Purifier","player_choice":"Purged","floor":3.0,"gold_loss":0.0,"damage_taken":0.0},{"damage_healed":0.0,"max_hp_gain":0.0,"max_hp_loss":0.0,"gold_gain":0.0,"event_name":"Upgrade Shrine","player_choice":"Upgraded","floor":8.0,"gold_loss":0.0,"damage_taken":0.0,"cards_upgraded":["RobotSpaceExplorer:HighVoltage"]},{"damage_healed":0.0,"max_hp_gain":0.0,"max_hp_loss":0.0,"gold_gain":0.0,"event_name":"Accursed Blacksmith","player_choice":"Rummage","floor":20.0,"gold_loss":0.0,"damage_taken":0.0,"relics_obtained":["WarpedTongs"],"cards_obtained":["Pain"]},{"damage_healed":0.0,"max_hp_gain":5.0,"max_hp_loss":0.0,"gold_gain":0.0,"event_name":"Forgotten Altar","player_choice":"Shed Blood","floor":25.0,"gold_loss":0.0,"damage_taken":20.0},{"damage_healed":0.0,"max_hp_gain":0.0,"max_hp_loss":0.0,"gold_gain":99.0,"event_name":"Nest","player_choice":"Stole From Cult","floor":29.0,"gold_loss":0.0,"damage_taken":0.0},{"damage_healed":0,"gold_gain":0,"player_choice":"Embrace Madness","damage_taken":12,"max_hp_gain":0,"max_hp_loss":0,"event_name":"Winding Halls","floor":37,"gold_loss":0,"cards_obtained":["Madness","Madness"]},{"damage_healed":0,"gold_gain":0,"player_choice":"Fight","damage_taken":0,"max_hp_gain":0,"max_hp_loss":0,"event_name":"MindBloom","floor":38,"gold_loss":0},{"damage_healed":0,"gold_gain":0,"player_choice":"Memory 3","damage_taken":10,"max_hp_gain":0,"max_hp_loss":0,"event_name":"SensoryStone","floor":46,"gold_loss":0}],"is_beta":false,"boss_relics":[{"not_picked":["RobotSpaceExplorer:Reprocessor","Tiny House"],"picked":"Runic Dome"},{"not_picked":["Black Star","Runic Pyramid"],"picked":"SlaversCollar"}],"items_purged_floors":[36],"is_endless":false,"potions_floor_spawned":[4,11,16,18,21,22,31,41,44,45],"ascension_level":6}}