{"host":"u0f5uy314yz7olfc","time":1609089434,"event":{"mods":["AchievementEnabler","Aspiration","BaseMod","Better Altar","Better Match","Better Note","Better Sensory Stone","Better Skull","Better Third Choice","BetterRewards","Block Reminder","Colored Map","Colored Powertips","DeckTracker","Dota2Spire","Emptier Cage","Gold Saver","Highlight Path","Hubris","Infinite Spire","Marked Mod","Mimic Mod","Minty Spire (QoL Compilation)","Permanent Neow","Quick Restart","Rare Cards Sparkle","Relic Sorter","Replay The Spire","Shop Mod","StSLib","The Bladedancer","The Blue Laboratory","Watcher Patcher"],"gold_per_floor":[117,127,144,158,54,54,54],"floor_reached":6,"playtime":425,"items_purged":[],"score":38,"play_id":"c9c05f1e-0874-46f0-92d0-28714fcc2610","local_time":"20201228001714","is_ascension_mode":false,"campfire_choices":[],"circlet_count":0,"master_deck":["blademaster:Strike","blademaster:Strike","blademaster:Strike","blademaster:Strike","blademaster:Defend","blademaster:Defend","blademaster:Defend","blademaster:Defend","blademaster:RagingBlow","blademaster:HighVoltage","blademaster:Quickstep","blademaster:Havoc","blademaster:AwakeningStrike","blademaster:Safeguard","ReplayTheSpireMod:Private Reserves","blademaster:Quickstep","blademaster:Sharpen","blademaster:Thrust","blademaster:Discharge","Apotheosis","blademaster:DeadlyDance","blademaster:BloodyBlow","blademaster:AspectOfLightning","blademaster:AspectOfWind","blademaster:FuriousStrike","Clumsy","blademaster:Frontflip","Secret Technique"],"relics":["blademaster:DancersAmulet","ReplayTheSpireMod:CursedCoin","MerchantsRug","Membership Card","Bottled Lightning"],"acts_visited":["Exordium"],"potions_floor_usage":[],"damage_taken":[{"damage":0,"enemies":"Cultist","floor":1,"turns":2},{"damage":0,"enemies":"Small Slimes","floor":2,"turns":4},{"damage":7,"enemies":"Jaw Worm","floor":3,"turns":4},{"damage":14,"enemies":"3 Louse","floor":4,"turns":3},{"damage":21,"enemies":"Lagavulin","floor":6,"turns":3}],"seed_played":"-3716298939645605797","potions_obtained":[{"floor":2,"key":"SpeedPotion"},{"floor":4,"key":"Strength Potion"}],"is_trial":false,"path_per_floor":["M","M","M","M","$","E"],"character_chosen":"THE_BLADEMASTER","items_purchased":["MerchantsRug","Membership Card","blademaster:Quickstep","blademaster:Havoc","blademaster:AwakeningStrike","blademaster:Safeguard","ReplayTheSpireMod:Private Reserves","blademaster:Quickstep","blademaster:Sharpen","blademaster:Thrust","blademaster:Discharge","Apotheosis","blademaster:FuriousStrike","ReplayTheSpireMod:CursedCoin","Bottled Lightning","blademaster:Frontflip","Secret Technique"],"campfire_rested":0,"item_purchase_floors":[0,0,0,0,0,0,0,0,0,0,0,0,5,5,5,5,5],"current_hp_per_floor":[40,40,33,19,19,0,0],"gold":54,"neow_bonus":"","is_daily":false,"chose_seed":false,"campfire_upgraded":0,"win_rate":0.0,"timestamp":1609089434,"path_taken":["M","M","?","M","$","E"],"items_purchased_type":["Relic","Relic","Card","Card","Card","Card","Card","Card","Card","Card","Card","Card","Card","Relic","Relic","Card","Card"],"build_version":"2020-12-22","purchased_purges":0,"victory":false,"max_hp_per_floor":[75,75,75,75,75,75,75],"card_choices":[{"not_picked":["blademaster:Flurry","blademaster:Thrust"],"picked":"blademaster:DeadlyDance","floor":1},{"not_picked":["blademaster:LightningDraw","blademaster:Hailwind"],"picked":"blademaster:BloodyBlow","floor":2},{"not_picked":["blademaster:AirSlash","blademaster:BloodyBlow"],"picked":"blademaster:AspectOfLightning","floor":3},{"not_picked":["blademaster:Slice","blademaster:Breeze"],"picked":"blademaster:AspectOfWind","floor":4}],"player_experience":341720,"relics_obtained":[],"event_choices":[],"is_beta":false,"boss_relics":[],"items_purged_floors":[],"is_endless":false,"potions_floor_spawned":[2,4],"killed_by":"Lagavulin","ascension_level":0}}