{"host":"no0bdlpxzp7bzzks","time":1609098453,"event":{"mods":["BaseMod","Better Match","Block Reminder","Colored Map","Curses Come First","DeckTracker","Filter the Spire","Highlight Path","Key Reminder","Minty Spire (QoL Compilation)","Permanent Neow","Relic Sorter","Relic Stats","StSLib","The Caster","The Saiyan"],"gold_per_floor":[359,379,28,28,28,55,75,75,75,85,117,117,117,134,134,134,134],"floor_reached":16,"playtime":1551,"items_purged":["caster:defend"],"score":110,"play_id":"7368e4cf-4c7d-4cd0-a4af-9c0bd37a58ca","local_time":"20201227134733","is_ascension_mode":false,"campfire_choices":[{"data":"caster:PyroclasticTide","floor":12,"key":"SMITH"},{"data":"caster:LordOfVermillion","floor":15,"key":"SMITH"}],"circlet_count":0,"master_deck":["caster:Meteor","caster:DivertFocus","caster:strike","caster:strike","caster:strike","caster:defend","caster:defend","caster:defend","caster:defend","caster:Incinerate","caster:LordOfVermillion+1","caster:PyroclasticTide+1","caster:JupitelThunder","caster:ShortenedChant","caster:FrigidBeam","caster:Slick+1","caster:ShivasGrace","caster:Incantation","caster:Eruption"],"relics":["caster:MagicBook","ClockworkSouvenir","Question Card","Ginger","Mummified Hand","Bag of Marbles"],"acts_visited":["Exordium"],"potions_floor_usage":[6,11,16],"damage_taken":[{"damage":3,"enemies":"Cultist","floor":1,"turns":4},{"damage":0,"enemies":"2 Louse","floor":2,"turns":2},{"damage":2,"enemies":"Lagavulin","floor":6,"turns":6},{"damage":0,"enemies":"Small Slimes","floor":7,"turns":4},{"damage":4,"enemies":"3 Louse","floor":10,"turns":4},{"damage":23,"enemies":"Gremlin Nob","floor":11,"turns":5},{"damage":7,"enemies":"Blue Slaver","floor":14,"turns":4},{"damage":17,"enemies":"The Guardian","floor":16,"turns":2}],"seed_played":"-3601266307942222327","potions_obtained":[{"floor":1,"key":"Block Potion"},{"floor":2,"key":"DistilledChaos"},{"floor":6,"key":"EssenceOfSteel"},{"floor":10,"key":"BlessingOfTheForge"}],"is_trial":false,"path_per_floor":["M","M","$","?","?","E","M","?","T","M","E","R","?","M","R","B"],"character_chosen":"THE_CASTER","items_purchased":["caster:PyroclasticTide","caster:JupitelThunder","ClockworkSouvenir"],"campfire_rested":0,"item_purchase_floors":[3,3,3],"current_hp_per_floor":[55,55,55,60,60,58,58,58,58,54,31,31,24,17,17,0,0],"gold":134,"neow_bonus":"TWO_FIFTY_GOLD","is_daily":false,"chose_seed":false,"campfire_upgraded":2,"win_rate":0.0,"timestamp":1609098453,"path_taken":["M","M","$","?","?","E","?","?","T","M","E","R","?","M","R","BOSS"],"items_purchased_type":["Card","Card","Relic"],"build_version":"2020-12-22","purchased_purges":1,"victory":false,"max_hp_per_floor":[58,58,58,63,63,63,63,63,63,63,63,63,63,63,63,63,63],"relic_stats":{"counters":[8,31],"Mummified Hand":[3],"Ginger":[6],"Question Card":5,"obtain_stats":[{"Mummified Hand":9,"Bag of Marbles":11,"Ginger":6,"Question Card":5,"caster:MagicBook":0,"ClockworkSouvenir":3},{"Mummified Hand":4,"Bag of Marbles":6,"Ginger":3,"Question Card":2,"caster:MagicBook":0,"ClockworkSouvenir":2},{"Mummified Hand":16,"Bag of Marbles":25,"Ginger":12,"Question Card":6,"caster:MagicBook":0,"ClockworkSouvenir":6}]},"card_choices":[{"not_picked":["caster:Charge","caster:MagicBarrier"],"picked":"caster:Incinerate","floor":1},{"not_picked":["caster:Elementalize","caster:QuickCast"],"picked":"caster:LordOfVermillion","floor":2},{"not_picked":["caster:GaiasBlessing","caster:JupitelThunder","caster:Conflagrate"],"picked":"caster:ShortenedChant","floor":6},{"not_picked":["caster:MagicResonance","caster:Fireball","caster:FireWall"],"picked":"caster:FrigidBeam","floor":7},{"not_picked":["caster:AbsoluteZero","caster:Sandstorm","caster:LAZER"],"picked":"caster:ShivasGrace","floor":10},{"not_picked":["caster:MagicBarrier","caster:Charge","caster:Unearth"],"picked":"caster:Incantation","floor":11},{"not_picked":["caster:Ramuh","caster:Sandstorm","caster:FlashSpeed"],"picked":"caster:Eruption","floor":14}],"player_experience":71502,"relics_obtained":[{"floor":6,"key":"Ginger"},{"floor":9,"key":"Mummified Hand"},{"floor":11,"key":"Bag of Marbles"}],"event_choices":[{"damage_healed":0,"gold_gain":0,"player_choice":"Donut","damage_taken":0,"max_hp_gain":5,"max_hp_loss":0,"event_name":"Big Fish","floor":4,"gold_loss":0},{"damage_healed":0,"gold_gain":0,"player_choice":"Gave Potion","damage_taken":0,"relics_obtained":["Question Card"],"max_hp_gain":0,"max_hp_loss":0,"event_name":"WeMeetAgain","floor":5,"gold_loss":0},{"cards_removed":["caster:strike"],"damage_healed":0,"gold_gain":0,"player_choice":"Card Removal","damage_taken":7,"max_hp_gain":0,"max_hp_loss":0,"event_name":"Golden Wing","floor":13,"gold_loss":0}],"is_beta":false,"boss_relics":[],"items_purged_floors":[3],"is_endless":false,"potions_floor_spawned":[1,2,6,10],"killed_by":"The Guardian","ascension_level":0}}