{"host":"fdyrp9onk4l1wyd9","time":1609103088,"event":{"mods":["AchievementEnabler","BaseMod","Better Note","BetterRewards","Colored Powertips","DeckTracker","Gremlin Skip","Highlight Path","Minty Spire (QoL Compilation)","Quick Restart","Rare Cards Sparkle","Relic Stats","Remove Card Discount Mod","Shop Mod","StSLib","SuperFastMode","Transform Curses","slay the spire mod where everything is the same but ironclad has a cowboy hat"],"gold_per_floor":[113,130,145,165,165,165,181,181,181,181,194,194,204,75,75,171,221,237,237,146,156,171,196,196,490,490,490,528,528,555,555],"floor_reached":30,"playtime":3937,"items_purged":["Strike_R","Strike_R","Bash"],"score":287,"play_id":"37ce90a7-6813-4edc-b30a-436ada9b85f6","local_time":"20201227220448","is_ascension_mode":false,"campfire_choices":[{"data":"Armaments","floor":6,"key":"SMITH"},{"data":"Rage","floor":8,"key":"SMITH"},{"data":"Shrug It Off","floor":10,"key":"SMITH"},{"data":"Flame Barrier","floor":15,"key":"SMITH"},{"floor":24,"key":"REST"},{"data":"HandOfGreed","floor":27,"key":"SMITH"},{"data":"Entrench","floor":29,"key":"SMITH"}],"circlet_count":0,"master_deck":["Strike_R","Strike_R","Strike_R","Defend_R+1","Defend_R","Defend_R","Defend_R","Rage+1","Flame Barrier+1","Cleave","Shrug It Off+1","Armaments+1","Thunderclap","Shrug It Off","Twin Strike","Anger","Metallicize","Reaper","Pummel","Entrench+1","Anger","Anger","Pommel Strike","Body Slam+1","HandOfGreed+1"],"relics":["Burning Blood","MerchantsRug","Calipers","Mercury Hourglass","Self Forming Clay","Juzu Bracelet","Thread and Needle","Tiny House","Vajra","Peace Pipe","Ancient Tea Set","Oddly Smooth Stone","Lee\u0027s Waffle","Bottled Lightning","Dream Catcher"],"acts_visited":["Exordium","TheCity"],"potions_floor_usage":[18],"damage_taken":[{"damage":3,"enemies":"Small Slimes","floor":1,"turns":2},{"damage":0,"enemies":"2 Louse","floor":2,"turns":2},{"damage":2,"enemies":"Jaw Worm","floor":3,"turns":3},{"damage":14,"enemies":"Blue Slaver","floor":4,"turns":4},{"damage":17,"enemies":"Exordium Thugs","floor":7,"turns":5},{"damage":13,"enemies":"3 Louse","floor":11,"turns":3},{"damage":5,"enemies":"Exordium Wildlife","floor":13,"turns":5},{"damage":11,"enemies":"Hexaghost","floor":16,"turns":14},{"damage":6,"enemies":"Shell Parasite","floor":18,"turns":8},{"damage":10,"enemies":"2 Thieves","floor":21,"turns":4},{"damage":5,"enemies":"Snecko","floor":22,"turns":5},{"damage":33,"enemies":"Gremlin Leader","floor":23,"turns":10},{"damage":0,"enemies":"Shelled Parasite and Fungi","floor":28,"turns":4},{"damage":8,"enemies":"Book of Stabbing","floor":30,"turns":6}],"seed_played":"7064139703775977704","potions_obtained":[{"floor":1,"key":"DuplicationPotion"},{"floor":2,"key":"Weak Potion"},{"floor":7,"key":"FairyPotion"},{"floor":16,"key":"AttackPotion"},{"floor":17,"key":"Fire Potion"},{"floor":22,"key":"FearPotion"},{"floor":23,"key":"EssenceOfSteel"}],"is_trial":false,"path_per_floor":["M","M","M","M","?","R","M","R","T","R","M","?","M","$","R","B",null,"M","?","$","M","M","E","R","$","T","R","M","R","E"],"character_chosen":"IRONCLAD","items_purchased":["MerchantsRug","Rage","Flame Barrier","Cleave","Mercury Hourglass","Metallicize","Thread and Needle","Entrench","Anger","Vajra","HandOfGreed","Ancient Tea Set","Oddly Smooth Stone","Lee\u0027s Waffle","FairyPotion"],"campfire_rested":1,"item_purchase_floors":[0,0,0,0,0,14,14,20,20,20,25,25,25,25,25],"current_hp_per_floor":[80,80,80,72,72,72,61,61,61,61,54,54,55,55,55,50,85,85,85,85,85,85,58,83,92,92,92,92,92,90,90],"gold":555,"neow_bonus":"","is_daily":false,"chose_seed":false,"campfire_upgraded":6,"win_rate":0.0,"timestamp":1609103088,"path_taken":["M","M","M","M","?","R","M","R","T","R","M","?","M","$","R","BOSS","M","?","$","M","M","E","R","$","T","R","M","R","E"],"items_purchased_type":["Relic","Card","Card","Card","Relic","Card","Relic","Card","Card","Relic","Card","Relic","Relic","Relic","Potion"],"build_version":"2020-12-22","purchased_purges":3,"victory":false,"max_hp_per_floor":[80,80,80,80,80,80,80,80,80,80,80,80,80,80,80,80,85,85,85,85,85,85,85,85,92,92,92,92,92,92,92],"relic_stats":{"Peace Pipe":0,"Lee\u0027s Waffle":9,"Dream Catcher":0,"counters":[14,75],"Self Forming Clay":[51],"Juzu Bracelet":0,"obtain_stats":[{"MerchantsRug":0,"Lee\u0027s Waffle":25,"Calipers":0,"Tiny House":17,"Self Forming Clay":9,"Vajra":20,"Oddly Smooth Stone":25,"Thread and Needle":14,"Juzu Bracelet":12,"Ancient Tea Set":25,"Burning Blood":0,"Mercury Hourglass":0,"Peace Pipe":23,"Dream Catcher":30,"Bottled Lightning":26},{"MerchantsRug":0,"Lee\u0027s Waffle":12,"Calipers":0,"Tiny House":8,"Self Forming Clay":5,"Vajra":9,"Oddly Smooth Stone":12,"Thread and Needle":7,"Juzu Bracelet":6,"Ancient Tea Set":12,"Burning Blood":0,"Mercury Hourglass":0,"Peace Pipe":12,"Dream Catcher":14,"Bottled Lightning":12},{"MerchantsRug":0,"Lee\u0027s Waffle":65,"Calipers":0,"Tiny House":38,"Self Forming Clay":16,"Vajra":46,"Oddly Smooth Stone":65,"Thread and Needle":24,"Juzu Bracelet":19,"Ancient Tea Set":65,"Burning Blood":0,"Mercury Hourglass":0,"Peace Pipe":65,"Dream Catcher":75,"Bottled Lightning":65}],"Burning Blood":63,"Mercury Hourglass":[255]},"card_choices":[{"not_picked":["Warcry","Disarm"],"picked":"Shrug It Off","floor":1},{"not_picked":["Uppercut","Combust"],"picked":"Armaments","floor":2},{"not_picked":["Burning Pact","True Grit","Clash"],"picked":"SKIP","floor":3},{"not_picked":["Havoc","True Grit"],"picked":"Thunderclap","floor":4},{"not_picked":["Pommel Strike","Clothesline"],"picked":"Shrug It Off","floor":7},{"not_picked":["Offering","Combust"],"picked":"Twin Strike","floor":11},{"not_picked":["Disarm","Infernal Blade"],"picked":"Anger","floor":13},{"not_picked":["Fiend Fire","Bludgeon"],"picked":"Reaper","floor":16},{"not_picked":["Spot Weakness","Headbutt"],"picked":"Pummel","floor":17},{"not_picked":["Flex","Thunderclap","Sword Boomerang+1"],"picked":"SKIP","floor":18},{"not_picked":["Headbutt","Rage"],"picked":"Anger","floor":21},{"not_picked":["Armaments","Twin Strike"],"picked":"Pommel Strike","floor":22},{"not_picked":["Dual Wield+1","Ghostly Armor"],"picked":"Body Slam+1","floor":23},{"not_picked":["True Grit","Clash+1","Feel No Pain"],"picked":"SKIP","floor":28},{"not_picked":["Evolve","Dropkick+1","Clash"],"picked":"SKIP","floor":30}],"player_experience":140671,"relics_obtained":[{"floor":9,"key":"Self Forming Clay"},{"floor":23,"key":"Peace Pipe"},{"floor":26,"key":"Bottled Lightning"},{"floor":30,"key":"Dream Catcher"}],"event_choices":[{"damage_healed":0,"gold_gain":0,"player_choice":"Fled","damage_taken":0,"max_hp_gain":0,"max_hp_loss":0,"event_name":"Scrap Ooze","floor":5,"gold_loss":0},{"damage_healed":0,"gold_gain":0,"player_choice":"Searched \u00272\u0027 times","damage_taken":0,"relics_obtained":["Juzu Bracelet"],"max_hp_gain":0,"max_hp_loss":0,"event_name":"Dead Adventurer","floor":12,"gold_loss":0},{"damage_healed":0,"gold_gain":0,"player_choice":"Ignored","damage_taken":0,"max_hp_gain":0,"max_hp_loss":0,"event_name":"betterNote:BetterNote","floor":19,"gold_loss":0,"cards_obtained":["Shrug It Off"]}],"is_beta":false,"boss_relics":[{"not_picked":["Velvet Choker","Cursed Key"],"picked":"Tiny House"}],"items_purged_floors":[14,14,14],"is_endless":false,"potions_floor_spawned":[1,2,7,16,22,23,28],"killed_by":"Book of Stabbing","ascension_level":0}}