{"host":"cv77zuuuekizn3ic","time":1609099891,"event":{"mods":["AchievementEnabler","BaseMod","Marisa£®ÏF”Í°°ƒß¿Ì…≥£©","Minty Spire (QoL Compilation)","StSLib","Waifu the Spire","everything is the same but u backflip on backflip","slay the spire mod where everything is the same but ironclad has a cowboy hat"],"gold_per_floor":[52,104,104,104,104,104,165,203,203,309,375,350,464,133,133,231,231,246,296,346,360,146,202,252,302,328,422,472,513,553,643,643,736,736,775,825,528,684,734,734,867,903,903,381,399,467,500,325,325,350,350,350,94,159,159],"floor_reached":56,"playtime":2935,"items_purged":["Defend_P","Strike_P","Strike_P","Strike_P+1","Strike_P+1","Judgement+1"],"score":2298,"play_id":"c38a413a-c356-42d0-a359-005286e5c67f","local_time":"20201228041131","is_ascension_mode":true,"campfire_choices":[{"data":"HandOfGreed","floor":6.0,"key":"SMITH"},{"data":"Perseverance","floor":15.0,"key":"SMITH"},{"data":"TalkToTheHand","floor":32.0,"key":"SMITH"},{"data":"Wallop","floor":40.0,"key":"SMITH"},{"floor":49.0,"key":"RECALL"},{"data":"InnerPeace","floor":52.0,"key":"SMITH"}],"circlet_count":0,"master_deck":["AscendersBane","Defend_P+1","Eruption+1","Vigilance+1","HandOfGreed+1","EmptyBody+1","Evaluate+1","Perseverance+1","LessonLearned+1","BowlingBash+1","FearNoEvil+1","Wallop+1","Tantrum+1","Ghostly+1","Ghostly+1","Ghostly+1","MentalFortress+1","TalkToTheHand+1","DevaForm+1","Meditate+1","MentalFortress+1","Madness+1","Fasting2+1","InnerPeace+1"],"relics":["PureWater","Golden Idol","SsserpentHead","Frozen Egg 2","Potion Belt","Pantograph","Coffee Dripper","Anchor","Bag of Marbles","Runic Pyramid","ClockworkSouvenir","Lizard Tail","Question Card","CaptainsWheel","Eternal Feather","Shuriken","Sundial","MealTicket","Centennial Puzzle"],"acts_visited":["Exordium","TheCity","TheBeyond","TheEnding"],"potions_floor_usage":[55,55,55,55],"damage_taken":[{"damage":1.0,"enemies":"Small Slimes","floor":1.0,"turns":4.0},{"damage":2.0,"enemies":"2 Louse","floor":2.0,"turns":3.0},{"damage":20.0,"enemies":"Gremlin Nob","floor":7.0,"turns":3.0},{"damage":0.0,"enemies":"Cultist","floor":8.0,"turns":2.0},{"damage":9.0,"enemies":"3 Sentries","floor":10.0,"turns":9.0},{"damage":2.0,"enemies":"Exordium Wildlife","floor":11.0,"turns":8.0},{"damage":0.0,"enemies":"Gremlin Nob","floor":13.0,"turns":2.0},{"damage":28.0,"enemies":"Hexaghost","floor":16.0,"turns":10.0},{"damage":6.0,"enemies":"Shell Parasite","floor":18.0,"turns":5.0},{"damage":0.0,"enemies":"Spheric Guardian","floor":21.0,"turns":2.0},{"damage":0.0,"enemies":"Gremlin Leader","floor":23.0,"turns":4.0},{"damage":0.0,"enemies":"Snake Plant","floor":27.0,"turns":3.0},{"damage":0.0,"enemies":"Centurion and Healer","floor":29.0,"turns":5.0},{"damage":0.0,"enemies":"Snecko","floor":30.0,"turns":6.0},{"damage":4.0,"enemies":"Slavers","floor":31.0,"turns":7.0},{"damage":20.0,"enemies":"Automaton","floor":33.0,"turns":12.0},{"damage":0.0,"enemies":"3 Shapes","floor":35.0,"turns":5.0},{"damage":0.0,"enemies":"Mind Bloom Boss Battle","floor":38.0,"turns":9.0},{"damage":0.0,"enemies":"2 Orb Walkers","floor":41.0,"turns":4.0},{"damage":0.0,"enemies":"Reptomancer","floor":42.0,"turns":3.0},{"damage":0.0,"enemies":"3 Darklings","floor":45.0,"turns":4.0},{"damage":6.0,"enemies":"Jaw Worm Horde","floor":46.0,"turns":8.0},{"damage":0.0,"enemies":"Giant Head","floor":47.0,"turns":6.0},{"damage":6.0,"enemies":"Awakened One","floor":50.0,"turns":10.0},{"damage":1.0,"enemies":"Shield and Spear","floor":54.0,"turns":9.0},{"damage":23,"enemies":"The Heart","floor":55,"turns":11}],"seed_played":"4806056559448983652","potions_obtained":[{"floor":11.0,"key":"AttackPotion"},{"floor":13.0,"key":"Swift Potion"},{"floor":16.0,"key":"Explosive Potion"},{"floor":18.0,"key":"Fire Potion"},{"floor":23.0,"key":"SteroidPotion"},{"floor":31.0,"key":"StancePotion"},{"floor":35.0,"key":"Block Potion"},{"floor":45.0,"key":"Dexterity Potion"}],"is_trial":false,"path_per_floor":["M","M","?","?","?","R","E","M","T","E","M","?","?","$","R","B",null,"M","?","?","M","$","E","?","?","T","M","?","M","M","E","R","B",null,"M","?","$","?","T","R","?","E","T","$","M","M","E","$","R","B",null,"R","$","E","B",null],"character_chosen":"WATCHER","items_purchased":["FearNoEvil","DuplicationPotion","Wallop","EntropicBrew","ClockworkSouvenir","Sundial","Madness","PowerPotion"],"campfire_rested":0,"item_purchase_floors":[14,14,14,22,37,44,44,53],"current_hp_per_floor":[60,58,38,38,38,38,18,18,18,9,7,7,7,7,7,4,48,42,42,42,42,42,42,31,31,31,31,31,31,31,27,27,11,26,26,26,26,31,31,31,31,31,31,31,31,25,25,31,31,25,30,31,31,30,8],"gold":159,"neow_bonus":"RANDOM_COLORLESS_2","is_daily":false,"chose_seed":false,"campfire_upgraded":5,"win_rate":0.0,"timestamp":1609099891,"path_taken":["M","M","?","?","?","R","E","M","T","E","?","?","?","$","R","BOSS","M","?","?","M","$","E","?","?","T","?","?","M","M","E","R","BOSS","M","?","$","?","?","R","?","E","T","$","M","M","E","$","R","BOSS","R","$","E","BOSS"],"items_purchased_type":["Card","Potion","Card","Potion","Relic","Relic","Card","Potion"],"build_version":"2020-12-22","purchased_purges":6,"victory":true,"max_hp_per_floor":[68,68,68,62,62,62,62,62,62,62,62,62,62,62,62,62,62,62,62,62,62,62,62,31,31,31,31,31,31,31,31,31,31,31,31,31,31,31,31,31,31,31,31,31,31,31,31,31,31,31,31,31,31,31,31],"card_choices":[{"not_picked":["Chrysalis","Sadistic Nature"],"picked":"HandOfGreed","floor":0.0},{"not_picked":["PathToVictory","JustLucky"],"picked":"EmptyBody","floor":1.0},{"not_picked":["Nirvana","FlyingSleeves"],"picked":"Evaluate","floor":2.0},{"not_picked":["PathToVictory","FlyingSleeves"],"picked":"Perseverance","floor":7.0},{"not_picked":["CarveReality","Protect","SashWhip"],"picked":"SKIP","floor":8.0},{"not_picked":["Prostrate","SashWhip"],"picked":"LessonLearned","floor":10.0},{"not_picked":["SashWhip","CarveReality"],"picked":"BowlingBash","floor":11.0},{"not_picked":["Wish","Omniscience"],"picked":"Judgement","floor":16.0},{"not_picked":["PathToVictory","Crescendo","JustLucky"],"picked":"SKIP","floor":18.0},{"not_picked":["BowlingBash+1","Perseverance"],"picked":"Tantrum","floor":21.0},{"not_picked":["Consecrate","Pray","Prostrate"],"picked":"SKIP","floor":23.0},{"not_picked":["CutThroughFate","Consecrate+1"],"picked":"MentalFortress+1","floor":27.0},{"not_picked":["Prostrate+1","Weave","ThirdEye+1"],"picked":"SKIP","floor":29.0},{"not_picked":["SashWhip","FollowUp","Perseverance"],"picked":"SKIP","floor":30.0},{"not_picked":["Conclude","PathToVictory"],"picked":"TalkToTheHand","floor":31.0},{"not_picked":["SpiritShield","Ragnarok"],"picked":"DevaForm+1","floor":33.0},{"not_picked":["Nirvana+1","EmptyBody"],"picked":"Meditate+1","floor":35.0},{"not_picked":["Consecrate+1","BattleHymn+1"],"picked":"MentalFortress+1","floor":38.0},{"not_picked":["ClearTheMind+1","Perseverance","ForeignInfluence","Evaluate+1"],"picked":"SKIP","floor":42.0},{"not_picked":["EmptyBody","Weave","JustLucky"],"picked":"Fasting2+1","floor":45.0},{"not_picked":["TalkToTheHand","EmptyBody","Consecrate+1","PathToVictory"],"picked":"SKIP","floor":46.0},{"not_picked":["Devotion+1","Alpha","ClearTheMind"],"picked":"InnerPeace","floor":47.0},{"not_picked":["Indignation","SashWhip","WheelKick","Crescendo"],"picked":"SKIP","floor":54.0}],"player_experience":660245,"relics_obtained":[{"floor":9.0,"key":"Frozen Egg 2"},{"floor":10.0,"key":"Potion Belt"},{"floor":23.0,"key":"Anchor"},{"floor":31.0,"key":"Bag of Marbles"},{"floor":38.0,"key":"Lizard Tail"},{"floor":39.0,"key":"Question Card"},{"floor":41.0,"key":"CaptainsWheel"},{"floor":42.0,"key":"Eternal Feather"},{"floor":43.0,"key":"Shuriken"},{"floor":47.0,"key":"MealTicket"},{"floor":54.0,"key":"Centennial Puzzle"}],"event_choices":[{"damage_healed":0.0,"max_hp_gain":0.0,"max_hp_loss":0.0,"gold_gain":0.0,"event_name":"Shining Light","player_choice":"Entered Light","floor":3.0,"gold_loss":0.0,"damage_taken":20.0,"cards_upgraded":["Defend_P","Strike_P"]},{"damage_healed":0.0,"max_hp_gain":0.0,"max_hp_loss":6.0,"gold_gain":0.0,"event_name":"Golden Idol","player_choice":"Lose Max HP","floor":4.0,"gold_loss":0.0,"damage_taken":0.0,"relics_obtained":["Golden Idol"]},{"damage_healed":0.0,"max_hp_gain":0.0,"max_hp_loss":0.0,"gold_gain":0.0,"event_name":"FaceTrader","player_choice":"Trade","floor":5.0,"gold_loss":0.0,"damage_taken":0.0,"relics_obtained":["SsserpentHead"]},{"cards_removed":["Defend_P"],"damage_healed":0.0,"max_hp_gain":0.0,"max_hp_loss":0.0,"gold_gain":0.0,"event_name":"The Cleric","player_choice":"Card Removal","floor":12.0,"gold_loss":75.0,"damage_taken":0.0},{"damage_healed":0.0,"max_hp_gain":0.0,"max_hp_loss":0.0,"gold_gain":30.0,"event_name":"Dead Adventurer","player_choice":"Searched \u00273\u0027 times","floor":13.0,"gold_loss":0.0,"damage_taken":0.0,"relics_obtained":["Pantograph"]},{"damage_healed":0.0,"max_hp_gain":0.0,"max_hp_loss":0.0,"gold_gain":0.0,"event_name":"Vampires","player_choice":"Ignored","floor":19.0,"gold_loss":0.0,"damage_taken":0.0},{"cards_removed":["Defend_P"],"damage_healed":0.0,"max_hp_gain":0.0,"max_hp_loss":0.0,"gold_gain":0.0,"event_name":"Back to Basics","player_choice":"Elegance","floor":20.0,"gold_loss":0.0,"damage_taken":0.0},{"damage_healed":0.0,"max_hp_gain":0.0,"max_hp_loss":31.0,"gold_gain":0.0,"event_name":"Ghosts","player_choice":"Became a Ghost","floor":24.0,"gold_loss":0.0,"damage_taken":0.0,"cards_obtained":["Ghostly","Ghostly","Ghostly"]},{"damage_healed":0.0,"max_hp_gain":0.0,"max_hp_loss":0.0,"gold_gain":0.0,"event_name":"Cursed Tome","player_choice":"Ignored","floor":25.0,"gold_loss":0.0,"damage_taken":0.0},{"damage_healed":0.0,"max_hp_gain":0.0,"max_hp_loss":0.0,"gold_gain":0.0,"event_name":"Wheel of Change","player_choice":"Full Heal","floor":28.0,"gold_loss":0.0,"damage_taken":0.0},{"damage_healed":0.0,"max_hp_gain":0.0,"max_hp_loss":0.0,"gold_gain":0.0,"event_name":"Tomb of Lord Red Mask","player_choice":"Ignored","floor":36.0,"gold_loss":0.0,"damage_taken":0.0},{"damage_healed":0.0,"max_hp_gain":0.0,"max_hp_loss":0.0,"gold_gain":0.0,"event_name":"MindBloom","player_choice":"Fight","floor":38.0,"gold_loss":0.0,"damage_taken":0.0},{"damage_healed":0.0,"max_hp_gain":0.0,"max_hp_loss":0.0,"gold_gain":0.0,"event_name":"Mysterious Sphere","player_choice":"Fight","floor":41.0,"gold_loss":0.0,"damage_taken":0.0}],"is_beta":false,"boss_relics":[{"not_picked":["Runic Dome","SlaversCollar"],"picked":"Coffee Dripper"},{"not_picked":["Pandora\u0027s Box","Astrolabe"],"picked":"Runic Pyramid"}],"items_purged_floors":[14,22,37,44,48,53],"is_endless":false,"potions_floor_spawned":[11,13,16,18,23,31,35,45,47],"ascension_level":19}}