{"host":"2nzy6rv16qd8ry46","time":1609083995,"event":{"mods":["AchievementEnabler","BaseMod","Colored Map","Colored Powertips","Googly Eyes","Minty Spire (QoL Compilation)","StSLib","The IronCluck"],"gold_per_floor":[15,15,15,90,90,90,124,124,124,124,147,147,147,162,162,282,282,302,45,45,144,144,144,62,62,62,83,97,16,16,41,41,165,165,181,181,181,181,244,244,265,265,265,265,265,286,350,364,364,364,364],"floor_reached":50,"playtime":2610,"items_purged":[],"score":457,"play_id":"a096c627-29e4-4450-839a-ccdb8bd19012","local_time":"20201227154635","is_ascension_mode":false,"campfire_choices":[{"floor":6,"key":"REST"},{"floor":13,"key":"REST"},{"floor":15,"key":"REST"},{"data":"Machine Learning","floor":23,"key":"SMITH"},{"data":"White Noise","floor":25,"key":"SMITH"},{"floor":30,"key":"REST"},{"floor":32,"key":"REST"},{"data":"White Noise","floor":40,"key":"SMITH"},{"data":"Amplify","floor":42,"key":"SMITH"},{"data":"Dualcast","floor":44,"key":"SMITH"},{"floor":49,"key":"REST"}],"circlet_count":0,"master_deck":["Strike_B","Strike_B","Strike_B+1","Defend_B","Defend_B+1","Defend_B","Zap","Dualcast+1","Amplify+1","Ball Lightning","Leap","White Noise+1","Machine Learning+1","Storm+1","Steam","Tempest","Electrodynamics+1","Loop+1","Aggregate","Writhe","White Noise+1","Storm+1","BootSequence+1","Redo+1","Conserve Battery"],"relics":["Cracked Core","Golden Idol","Juzu Bracelet","Molten Egg 2","Nuclear Battery","Frozen Egg 2","Nloth\u0027s Gift","Gremlin Horn","Philosopher\u0027s Stone","Gambling Chip","CaptainsWheel","Girya","Prayer Wheel"],"acts_visited":["Exordium","TheCity","TheBeyond"],"potions_floor_usage":[7,33,33,33,47,50,50],"damage_taken":[{"damage":0,"enemies":"2 Louse","floor":1,"turns":1},{"damage":35,"enemies":"Gremlin Nob","floor":7,"turns":4},{"damage":0,"enemies":"Small Slimes","floor":11,"turns":2},{"damage":0,"enemies":"Cultist","floor":14,"turns":3},{"damage":37,"enemies":"Hexaghost","floor":16,"turns":11},{"damage":13,"enemies":"Chosen","floor":18,"turns":6},{"damage":14,"enemies":"Spheric Guardian","floor":27,"turns":4},{"damage":13,"enemies":"Shelled Parasite and Fungi","floor":28,"turns":3},{"damage":34,"enemies":"Snake Plant","floor":31,"turns":3},{"damage":25,"enemies":"Collector","floor":33,"turns":8},{"damage":8,"enemies":"3 Shapes","floor":35,"turns":4},{"damage":11,"enemies":"Mind Bloom Boss Battle","floor":39,"turns":7},{"damage":0,"enemies":"3 Darklings","floor":41,"turns":3},{"damage":21,"enemies":"Writhing Mass","floor":46,"turns":3},{"damage":27,"enemies":"2 Orb Walkers","floor":47,"turns":3},{"damage":3,"enemies":"Jaw Worm Horde","floor":48,"turns":2},{"damage":62,"enemies":"Time Eater","floor":50,"turns":4}],"seed_played":"-4607838922091237437","potions_obtained":[{"floor":1,"key":"Regen Potion"},{"floor":16,"key":"Energy Potion"},{"floor":18,"key":"BlessingOfTheForge"},{"floor":28,"key":"SpeedPotion"},{"floor":41,"key":"GamblersBrew"},{"floor":46,"key":"Block Potion"},{"floor":48,"key":"Explosive Potion"}],"is_trial":false,"path_per_floor":["M","?","$","?","?","R","E","?","T","?","M","?","R","M","R","B",null,"M","$","?","?","?","R","$","R","T","M","M","$","R","M","R","B",null,"M","?","?","?","?","R","M","R","T","R","T","M","?","M","R","B"],"character_chosen":"DEFECT","items_purchased":["Frozen Egg 2","Storm+1","Steam","Loop+1"],"campfire_rested":6,"item_purchase_floors":[19,24,24,29],"current_hp_per_floor":[75,75,75,64,64,75,45,20,20,20,20,5,27,27,49,12,75,62,62,62,62,62,62,62,62,62,48,35,35,57,23,45,20,75,67,67,67,75,64,64,64,64,64,64,64,43,16,13,35,0,0],"gold":364,"neow_bonus":"REMOVE_TWO","is_daily":false,"chose_seed":false,"campfire_upgraded":5,"win_rate":0.0,"timestamp":1609083995,"path_taken":["M","?","$","?","?","R","E","?","T","?","M","?","R","M","R","BOSS","M","$","?","?","?","R","?","R","T","M","M","$","R","M","R","BOSS","M","?","?","?","?","R","M","R","T","R","?","M","?","M","R","BOSS"],"items_purchased_type":["Relic","Card","Card","Card"],"build_version":"2020-12-22","purchased_purges":0,"victory":false,"max_hp_per_floor":[75,75,75,75,75,75,75,75,75,75,75,75,75,75,75,75,75,75,75,75,75,75,75,75,75,75,75,75,75,75,75,75,75,75,75,75,75,75,75,75,75,75,75,75,75,75,75,75,75,75,75],"card_choices":[{"not_picked":["Auto Shields","Defragment"],"picked":"Gash","floor":1},{"not_picked":["Coolheaded","Go for the Eyes"],"picked":"Ball Lightning","floor":7},{"not_picked":["Heatsinks","Force Field"],"picked":"Leap","floor":11},{"not_picked":["Auto Shields","Ball Lightning+1"],"picked":"White Noise","floor":14},{"not_picked":["Fission","Reboot"],"picked":"Machine Learning","floor":16},{"not_picked":["Sweeping Beam+1","Stack+1","Compile Driver+1"],"picked":"SKIP","floor":18},{"not_picked":["Steam","Sweeping Beam+1"],"picked":"Tempest","floor":27},{"not_picked":["Static Discharge+1","Beam Cell+1"],"picked":"Electrodynamics+1","floor":28},{"not_picked":["Beam Cell+1","Storm+1","Capacitor+1"],"picked":"SKIP","floor":31},{"not_picked":["FTL+1","Go for the Eyes+1"],"picked":"Aggregate","floor":35},{"not_picked":["BootSequence+1","Cold Snap+1"],"picked":"White Noise","floor":39},{"not_picked":["Multi-Cast","Streamline+1"],"picked":"Storm+1","floor":41},{"not_picked":["Lockon+1","Barrage+1"],"picked":"BootSequence+1","floor":46},{"not_picked":["Go for the Eyes+1","Melter+1"],"picked":"Redo+1","floor":47},{"not_picked":["Defragment+1","Steam"],"picked":"Conserve Battery","floor":48},{"not_picked":["Doom and Gloom+1","Go for the Eyes+1","Lockon+1"],"picked":"SKIP","floor":48}],"player_experience":41937,"relics_obtained":[{"floor":7,"key":"Juzu Bracelet"},{"floor":9,"key":"Molten Egg 2"},{"floor":26,"key":"Gremlin Horn"},{"floor":39,"key":"Gambling Chip"},{"floor":43,"key":"CaptainsWheel"},{"floor":45,"key":"Girya"},{"floor":47,"key":"Prayer Wheel"}],"event_choices":[{"damage_healed":0,"gold_gain":0,"player_choice":"Take Wound","damage_taken":0,"relics_obtained":["Golden Idol"],"max_hp_gain":0,"max_hp_loss":0,"event_name":"Golden Idol","floor":2,"gold_loss":0,"cards_obtained":["Injury"]},{"damage_healed":0,"gold_gain":75,"player_choice":"Gather Gold","damage_taken":11,"max_hp_gain":0,"max_hp_loss":0,"event_name":"World of Goop","floor":4,"gold_loss":0},{"damage_healed":0,"gold_gain":0,"cards_transformed":["Gash"],"player_choice":"Transformed","damage_taken":0,"max_hp_gain":0,"max_hp_loss":0,"event_name":"Transmorgrifier","floor":5,"gold_loss":0,"cards_obtained":["Amplify"]},{"damage_healed":0,"gold_gain":0,"player_choice":"Success","damage_taken":25,"relics_obtained":["Omamori"],"max_hp_gain":0,"max_hp_loss":0,"event_name":"Scrap Ooze","floor":8,"gold_loss":0},{"damage_healed":0,"gold_gain":0,"player_choice":"Ignored","damage_taken":0,"max_hp_gain":0,"max_hp_loss":0,"event_name":"NoteForYourself","floor":10,"gold_loss":0},{"damage_healed":0,"gold_gain":0,"player_choice":"Entered Light","damage_taken":15,"max_hp_gain":0,"max_hp_loss":0,"event_name":"Shining Light","floor":12,"gold_loss":0,"cards_upgraded":["Strike_B","Defend_B"]},{"damage_healed":0,"gold_gain":0,"player_choice":"Traded Relic","damage_taken":0,"relics_obtained":["Nloth\u0027s Gift"],"max_hp_gain":0,"max_hp_loss":0,"event_name":"N\u0027loth","floor":20,"relics_lost":["Omamori"],"gold_loss":0},{"damage_healed":0,"gold_gain":99,"player_choice":"Stole From Cult","damage_taken":0,"max_hp_gain":0,"max_hp_loss":0,"event_name":"Nest","floor":21,"gold_loss":0},{"cards_removed":["Injury"],"damage_healed":0,"gold_gain":0,"player_choice":"Elegance","damage_taken":0,"max_hp_gain":0,"max_hp_loss":0,"event_name":"Back to Basics","floor":22,"gold_loss":0},{"damage_healed":0,"gold_gain":0,"player_choice":"Ignored","damage_taken":0,"max_hp_gain":0,"max_hp_loss":0,"event_name":"Tomb of Lord Red Mask","floor":36,"gold_loss":0},{"damage_healed":0,"gold_gain":0,"player_choice":"Memory 1","damage_taken":0,"max_hp_gain":0,"max_hp_loss":0,"event_name":"SensoryStone","floor":37,"gold_loss":0},{"damage_healed":19,"gold_gain":0,"player_choice":"Writhe","damage_taken":0,"max_hp_gain":0,"max_hp_loss":0,"event_name":"Winding Halls","floor":38,"gold_loss":0,"cards_obtained":["Writhe"]},{"damage_healed":0,"gold_gain":0,"player_choice":"Fight","damage_taken":0,"max_hp_gain":0,"max_hp_loss":0,"event_name":"MindBloom","floor":39,"gold_loss":0},{"damage_healed":0,"gold_gain":0,"player_choice":"Fight","damage_taken":0,"max_hp_gain":0,"max_hp_loss":0,"event_name":"Mysterious Sphere","floor":47,"gold_loss":0}],"is_beta":false,"boss_relics":[{"not_picked":["Inserter","Coffee Dripper"],"picked":"Nuclear Battery"},{"not_picked":["SacredBark","Black Star"],"picked":"Philosopher\u0027s Stone"}],"items_purged_floors":[],"is_endless":false,"potions_floor_spawned":[1,16,18,28,41,46,48],"killed_by":"Time Eater","ascension_level":0}}