{"host":"mnv5ukcvq49ry6ak","time":1609059231,"event":{"mods":["ATMod(°¢èªMod)","Act Like it!","BaseMod","Better Vampires","Minty Spire (QoL Compilation)","MostiFishMod","Relic Stats","Robot Space Explorer","StSLib","¡¾ÒÅÎï¿¨ÅÆ¡¿REMEMod"],"gold_per_floor":[119,119,130,130,144,144,175,175,200,226,226,243,243,278,278,380,380,400,411,411,44,44,44,76,76,76,108,128,143,156,185,185,285,285,296,296,306,306,63,93,93,119,197,197,214,247,263,313,313,313,313,313,113,139,139],"floor_reached":56,"playtime":2993,"items_purged":["Defend_G","Strike_G","Strike_G"],"score":2338,"play_id":"022647a0-530e-4d25-a82d-cd6060912f71","local_time":"20201227165350","is_ascension_mode":true,"campfire_choices":[{"data":"AT_FocusSwordFire","floor":6,"key":"SMITH"},{"data":"Cloak And Dagger","floor":8,"key":"SMITH"},{"data":"AT_ArcaneSupremacy","floor":15,"key":"SMITH"},{"data":"AT_Desolate","floor":23,"key":"SMITH"},{"data":"AT_WindRun","floor":25,"key":"SMITH"},{"data":"AT_EssenceShift","floor":32,"key":"SMITH"},{"floor":49,"key":"RECALL"},{"data":"Envenom","floor":52,"key":"SMITH"}],"circlet_count":0,"master_deck":["AscendersBane","Strike_G","Strike_G","Defend_G+1","Defend_G+1","Defend_G","Defend_G","Survivor","Neutralize","AT_FocusSwordFire+1","Cloak And Dagger+1","AT_Desolate+1","Choke","AT_WindRun+1","AT_ArcaneSupremacy+1","AT_EssenceShift+1","Setup","Distraction+1","Shame","Envenom+1","Accuracy","AT_Desolate+1","Accuracy+1","Madness","Madness","Accuracy+1","AT_KneejerkReflex+1","AT_Desolate+1","AT_Desolate+1"],"relics":["Ring of the Snake","DaveBox","REME_ComplimentaryCards","AT_ATBox","SynthV:C4","SynthV:TestCard","Art of War","Anchor","Ice Cream","AT_GuinsooRageblade","AT_TrinityForce","AT_RabadonDeathcap","Du-Vu Doll","Turnip","Ninja Scroll","Singing Bowl","REME_HandOfSuture","xbg","ImprovedEquipment","REME_CardOfGreed","Bottled Flame","Frozen Egg 2","Bronze Scales","FossilizedHelix","Letter Opener"],"acts_visited":["Exordium","TheCity","TheBeyond","TheEnding"],"potions_floor_usage":[10,16,24],"damage_taken":[{"damage":13.0,"enemies":"Jaw Worm","floor":1.0,"turns":7.0},{"damage":0.0,"enemies":"Small Slimes","floor":3.0,"turns":3.0},{"damage":0.0,"enemies":"2 Louse","floor":5.0,"turns":3.0},{"damage":35,"enemies":"3 Sentries","floor":7,"turns":13},{"damage":4,"enemies":"Lagavulin","floor":10,"turns":5},{"damage":0,"enemies":"Looter","floor":12,"turns":3},{"damage":21,"enemies":"Gremlin Nob","floor":14,"turns":4},{"damage":0,"enemies":"Slime Boss","floor":16,"turns":4},{"damage":0,"enemies":"3 Byrds","floor":18,"turns":5},{"damage":0,"enemies":"Shell Parasite","floor":19,"turns":4},{"damage":10,"enemies":"Slavers","floor":24,"turns":3},{"damage":0,"enemies":"REME_1_Revenger","floor":27,"turns":2},{"damage":0,"enemies":"3 Cultists","floor":28,"turns":3},{"damage":0,"enemies":"Snake Plant","floor":29,"turns":1},{"damage":0,"enemies":"Sentry and Sphere","floor":30,"turns":2},{"damage":6,"enemies":"Book of Stabbing","floor":31,"turns":3},{"damage":0,"enemies":"Automaton","floor":33,"turns":4},{"damage":0,"enemies":"3 Shapes","floor":35,"turns":2},{"damage":0,"enemies":"3 Darklings","floor":37,"turns":2},{"damage":0,"enemies":"Nemesis","floor":40,"turns":1},{"damage":4,"enemies":"Reptomancer","floor":42,"turns":3},{"damage":0,"enemies":"4 Shapes","floor":45,"turns":2},{"damage":0,"enemies":"Giant Head","floor":46,"turns":1},{"damage":0,"enemies":"Jaw Worm Horde","floor":47,"turns":1},{"damage":0,"enemies":"Mind Bloom Boss Battle","floor":48,"turns":1},{"damage":15,"enemies":"Donu and Deca","floor":50,"turns":4},{"damage":0,"enemies":"Shield and Spear","floor":54,"turns":3},{"damage":6,"enemies":"The Heart","floor":55,"turns":4}],"seed_played":"4866485121794754711","potions_obtained":[{"floor":3.0,"key":"PowerPotion"},{"floor":12,"key":"ColorlessPotion"},{"floor":14,"key":"DistilledChaos"},{"floor":18,"key":"Weak Potion"},{"floor":24,"key":"ColorlessPotion"},{"floor":30,"key":"DistilledChaos"},{"floor":35,"key":"CunningPotion"},{"floor":37,"key":"Fire Potion"}],"is_trial":false,"path_per_floor":["M","?","M","?","M","R","E","R","T","E","?","M","?","E","R","B",null,"M","M","?","$","?","R","E","R","T","E","M","M","M","E","R","B",null,"M","?","M","?","$","E","$","E","T","?","M","E","M","?","R","B",null,"R","$","E","B",null],"character_chosen":"THE_SILENT","items_purchased":["AT_RabadonDeathcap","REME_CardOfGreed","AT_Desolate+1"],"campfire_rested":0,"item_purchase_floors":[21,39,53],"current_hp_per_floor":[32,55,55,41,41,41,6,6,6,2,2,2,80,59,59,59,75,75,75,75,75,75,75,65,65,65,67,69,71,73,69,69,74,86,88,88,88,88,88,90,90,86,86,74,76,76,78,78,78,63,89,89,89,89,85],"gold":139,"neow_bonus":"THREE_RARE_CARDS","is_daily":false,"chose_seed":false,"campfire_upgraded":7,"win_rate":0.0,"timestamp":1609059230,"path_taken":["M","?","M","?","M","R","E","R","T","E","?","M","?","E","R","BOSS","M","M","?","$","?","R","E","R","T","E","M","M","M","E","R","BOSS","M","?","?","?","?","E","$","E","T","?","M","E","M","?","R","BOSS","R","$","E","BOSS"],"items_purchased_type":["Relic","Relic","Card"],"build_version":"2020-12-22","purchased_purges":3,"victory":true,"max_hp_per_floor":[70,70,70,70,70,70,70,70,70,70,70,70,80,80,80,80,80,80,80,80,80,80,80,80,80,80,82,84,86,88,90,90,90,90,92,92,92,92,92,94,94,94,94,94,96,96,98,98,98,98,98,98,98,98,100],"relic_stats":{"Singing Bowl":18,"counters":[28,93],"Bronze Scales":[57],"Turnip":[6],"Art of War":[6],"Letter Opener":[35],"obtain_stats":[{"Ice Cream":10,"AT_ATBox":0,"DaveBox":0,"Singing Bowl":27,"SynthV:C4":0,"Ninja Scroll":26,"AT_TrinityForce":17,"AT_GuinsooRageblade":14,"Ring of the Snake":0,"AT_RabadonDeathcap":21,"ImprovedEquipment":36,"Letter Opener":54,"Frozen Egg 2":42,"Du-Vu Doll":22,"Anchor":9,"Bottled Flame":40,"SynthV:TestCard":1,"Bronze Scales":46,"Turnip":24,"REME_HandOfSuture":31,"Art of War":7,"REME_CardOfGreed":39,"xbg":34,"FossilizedHelix":48,"REME_ComplimentaryCards":0},{"Ice Cream":5,"AT_ATBox":0,"DaveBox":0,"Singing Bowl":12,"SynthV:C4":0,"Ninja Scroll":11,"AT_TrinityForce":8,"AT_GuinsooRageblade":7,"Ring of the Snake":0,"AT_RabadonDeathcap":10,"ImprovedEquipment":18,"Letter Opener":27,"Frozen Egg 2":21,"Du-Vu Doll":10,"Anchor":4,"Bottled Flame":20,"SynthV:TestCard":1,"Bronze Scales":23,"Turnip":11,"REME_HandOfSuture":16,"Art of War":4,"REME_CardOfGreed":19,"xbg":17,"FossilizedHelix":25,"REME_ComplimentaryCards":0},{"Ice Cream":31,"AT_ATBox":0,"DaveBox":0,"Singing Bowl":56,"SynthV:C4":0,"Ninja Scroll":54,"AT_TrinityForce":42,"AT_GuinsooRageblade":38,"Ring of the Snake":0,"AT_RabadonDeathcap":51,"ImprovedEquipment":71,"Letter Opener":89,"Frozen Egg 2":77,"Du-Vu Doll":51,"Anchor":26,"Bottled Flame":74,"SynthV:TestCard":7,"Bronze Scales":80,"Turnip":54,"REME_HandOfSuture":65,"Art of War":26,"REME_CardOfGreed":73,"xbg":69,"FossilizedHelix":82,"REME_ComplimentaryCards":0}],"Ring of the Snake":[39]},"card_choices":[{"not_picked":["MostiFishMod:Listen","Burst"],"picked":"MostiFishMod:FullyArmed","floor":0.0},{"not_picked":["Dagger Spray","PiercingWail","Sucker Punch"],"picked":"SKIP","floor":1.0},{"not_picked":["Expertise","Backflip","Underhanded Strike","Sucker Punch"],"picked":"Cloak And Dagger","floor":3.0},{"not_picked":["Tactician","Dash","AT_TinkerSharpsword","Quick Slash"],"picked":"AT_Desolate","floor":5.0},{"not_picked":["Outmaneuver","Deflect","Dagger Throw","Slice","Grand Finale"],"picked":"SKIP","floor":7},{"not_picked":["Bane","Underhanded Strike","PiercingWail","Outmaneuver"],"picked":"Choke","floor":10},{"not_picked":["Deadly Poison","Backflip","Bouncing Flask","Quick Slash"],"picked":"AT_WindRun","floor":12},{"not_picked":["REME_GreenPollution","Crippling Poison","Glass Knife","AT_FocusSwordFire"],"picked":"AT_ArcaneSupremacy","floor":14},{"not_picked":["MostiFishMod:VineMother","Burst","MostiFishMod:Confrontation","Grand Finale"],"picked":"AT_EssenceShift","floor":16},{"not_picked":["REME_ShadowStrike","Dagger Throw","Leg Sweep","PiercingWail+1","Setup"],"picked":"SKIP","floor":18},{"not_picked":["REME_ShadowStrike","Dagger Throw","Leg Sweep","PiercingWail+1"],"picked":"Setup","floor":18},{"not_picked":["Leg Sweep","Crippling Poison","Catalyst","Backflip"],"picked":"Distraction+1","floor":19},{"not_picked":["Slice+1","Dagger Throw","Sucker Punch","Prepared","MostiFishMod:PerfectParry"],"picked":"SKIP","floor":24},{"not_picked":["Poisoned Stab","Backstab","Setup","Finisher","Eviscerate"],"picked":"Singing Bowl","floor":27},{"not_picked":["Deadly Poison","Outmaneuver","Expertise","Blade Dance","Underhanded Strike"],"picked":"Singing Bowl","floor":28},{"not_picked":["Slice","PiercingWail","Flying Knee","Dash","Dagger Throw"],"picked":"Singing Bowl","floor":29},{"not_picked":["Venomology","AT_FocusSwordFire+1","Slice","Dodge and Roll","Sucker Punch"],"picked":"Singing Bowl","floor":30},{"not_picked":["Crippling Poison","Corpse Explosion","Dagger Throw","Venomology","Sucker Punch"],"picked":"Singing Bowl","floor":31},{"not_picked":["MostiFishMod:GrandStart","MostiFishMod:Opportunism","REME_SpectralBlade","Venomology"],"picked":"Envenom","floor":33},{"not_picked":["AT_WomanClash","Flying Knee","MostiFishMod:PerfectParry","AT_WindFlip","All Out Attack"],"picked":"Singing Bowl","floor":35},{"not_picked":["Eviscerate","Deadly Poison","Acrobatics+1","Cloak And Dagger"],"picked":"Accuracy","floor":37},{"not_picked":["MostiFishMod:PoisonShield+1","Dagger Throw","Bane","MostiFishMod:SpreadingSpore","Poisoned Stab+1"],"picked":"Singing Bowl","floor":40},{"not_picked":["Calculated Gamble","MostiFishMod:PoisonShield","Slice","MostiFishMod:InvigoratingSolution"],"picked":"Accuracy+1","floor":42},{"not_picked":["Sucker Punch","Dodge and Roll+1","PiercingWail","Blade Dance","Slice"],"picked":"Singing Bowl","floor":45},{"not_picked":["Bane","Dagger Throw","REME_CopyPotion","Noxious Fumes+1"],"picked":"Accuracy+1","floor":46},{"not_picked":["Dagger Throw+1","Backstab+1","Dodge and Roll+1","REME_ShadowStrike+1","Deflect"],"picked":"Singing Bowl","floor":47},{"not_picked":["Outmaneuver+1","Masterful Stab","Catalyst","Endless Agony"],"picked":"AT_KneejerkReflex+1","floor":48},{"not_picked":["MostiFishMod:Dislodge","Quick Slash+1","Deflect","Dash+1"],"picked":"AT_Desolate+1","floor":54}],"player_experience":440607,"relics_obtained":[{"floor":1.0,"key":"SynthV:TestCard"},{"floor":7,"key":"Art of War"},{"floor":9,"key":"Anchor"},{"floor":10,"key":"Ice Cream"},{"floor":14,"key":"AT_GuinsooRageblade"},{"floor":24,"key":"Turnip"},{"floor":26,"key":"Ninja Scroll"},{"floor":27,"key":"Singing Bowl"},{"floor":31,"key":"REME_HandOfSuture"},{"floor":40,"key":"Bottled Flame"},{"floor":42,"key":"Frozen Egg 2"},{"floor":46,"key":"Bronze Scales"},{"floor":48,"key":"FossilizedHelix"},{"floor":54,"key":"Letter Opener"}],"event_choices":[{"damage_healed":23.0,"max_hp_gain":0.0,"max_hp_loss":0.0,"gold_gain":0.0,"event_name":"Big Fish","player_choice":"Banana","floor":2.0,"gold_loss":0.0,"damage_taken":0.0},{"damage_healed":0.0,"max_hp_gain":0.0,"max_hp_loss":0.0,"gold_gain":0.0,"event_name":"Shining Light","player_choice":"Entered Light","floor":4.0,"gold_loss":0.0,"damage_taken":14.0,"cards_upgraded":["Defend_G","Defend_G"]},{"damage_healed":0,"gold_gain":0,"player_choice":"Fled","damage_taken":0,"max_hp_gain":0,"max_hp_loss":0,"event_name":"Scrap Ooze","floor":11,"gold_loss":0},{"cards_removed":["AT_EssenceShift"],"damage_healed":68,"gold_gain":0,"player_choice":"Offered Rare","damage_taken":0,"max_hp_gain":10,"max_hp_loss":0,"event_name":"Bonfire Elementals","floor":13,"gold_loss":0},{"cards_removed":["Strike_G"],"damage_healed":0,"gold_gain":0,"player_choice":"Elegance","damage_taken":0,"max_hp_gain":0,"max_hp_loss":0,"event_name":"Back to Basics","floor":20,"gold_loss":0},{"damage_healed":0,"gold_gain":0,"player_choice":"Stole Relic","damage_taken":0,"relics_obtained":["Du-Vu Doll"],"max_hp_gain":0,"max_hp_loss":0,"event_name":"Addict","floor":22,"gold_loss":0,"cards_obtained":["Shame"]},{"damage_healed":0,"gold_gain":0,"player_choice":"Gave Potion","damage_taken":0,"relics_obtained":["ImprovedEquipment"],"max_hp_gain":0,"max_hp_loss":0,"event_name":"WeMeetAgain","floor":36,"gold_loss":0},{"damage_healed":0,"gold_gain":0,"player_choice":"Copied","damage_taken":0,"max_hp_gain":0,"max_hp_loss":0,"event_name":"Duplicator","floor":38,"gold_loss":0,"cards_obtained":["AT_Desolate"]},{"damage_healed":0,"gold_gain":0,"player_choice":"Embrace Madness","damage_taken":12,"max_hp_gain":0,"max_hp_loss":0,"event_name":"Winding Halls","floor":44,"gold_loss":0,"cards_obtained":["Madness","Madness"]},{"damage_healed":0,"gold_gain":0,"player_choice":"Fight","damage_taken":0,"max_hp_gain":0,"max_hp_loss":0,"event_name":"MindBloom","floor":48,"gold_loss":0}],"is_beta":false,"boss_relics":[{"not_picked":["AT_MortalBlade","RhineCircuit"],"picked":"AT_TrinityForce"},{"not_picked":["REME_DuelDisc","Snecko Eye"],"picked":"xbg"}],"items_purged_floors":[21,39,53],"is_endless":false,"potions_floor_spawned":[3,12,14,18,24,30,35,37,40,46,47],"ascension_level":12}}