{"host":"x6tlfgqpy55vgxdn","time":1609076187,"event":{"mods":["AchievementEnabler","BaseMod","DeckTracker","Minty Spire (QoL Compilation)","Permanent Neow","StSLib","SuperFastMode"],"gold_per_floor":[119,144,419,3,21,53,64,97,145,171,182,192,192,192,192,192,192],"floor_reached":16,"playtime":379,"items_purged":["Regret"],"score":210,"play_id":"3e919199-d912-4256-909c-dc7f89ff5b7a","local_time":"20201227223627","is_ascension_mode":true,"campfire_choices":[{"data":"Enlightenment","floor":13.0,"key":"SMITH"},{"data":"Turbo","floor":15.0,"key":"SMITH"}],"circlet_count":0,"master_deck":["Strike_B","Strike_B","Strike_B","Defend_B","Defend_B","Defend_B","Defend_B","Zap","Dualcast","Ball Lightning","Enlightenment+1","Meteor Strike","Turbo+1","Fusion","Loop","Creative AI","Echo Form","Capacitor"],"relics":["Black Star","Art of War","Regal Pillow","StoneCalendar","Gremlin Horn","Nunchaku","Vajra","Unceasing Top"],"acts_visited":["Exordium"],"potions_floor_usage":[],"damage_taken":[{"damage":1.0,"enemies":"Cultist","floor":1.0,"turns":4.0},{"damage":0.0,"enemies":"2 Louse","floor":5.0,"turns":3.0},{"damage":10.0,"enemies":"Lagavulin","floor":6.0,"turns":5.0},{"damage":5.0,"enemies":"Jaw Worm","floor":7.0,"turns":5.0},{"damage":20.0,"enemies":"3 Sentries","floor":8.0,"turns":7.0},{"damage":18.0,"enemies":"Gremlin Nob","floor":10.0,"turns":3.0},{"damage":0.0,"enemies":"Exordium Thugs","floor":11.0,"turns":1.0},{"damage":0.0,"enemies":"Exordium Wildlife","floor":12.0,"turns":2.0},{"damage":14,"enemies":"Hexaghost","floor":16,"turns":5}],"seed_played":"1844294799823177030","potions_obtained":[{"floor":5.0,"key":"FearPotion"},{"floor":7.0,"key":"DuplicationPotion"},{"floor":11.0,"key":"Explosive Potion"}],"is_trial":false,"path_per_floor":["M","T","?","$","M","E","M","E","T","E","M","M","R","?","R","B"],"character_chosen":"DEFECT","items_purchased":["Enlightenment","Meteor Strike","Turbo","BlessingOfTheForge"],"campfire_rested":0,"item_purchase_floors":[4,4,4,4],"current_hp_per_floor":[67,67,67,67,67,57,52,32,32,14,14,14,14,14,14,0,0],"gold":192,"neow_bonus":"BOSS_RELIC","is_daily":false,"chose_seed":false,"campfire_upgraded":2,"win_rate":0.0,"timestamp":1609076187,"path_taken":["M","?","?","$","M","E","M","E","T","E","?","M","R","?","R","BOSS"],"items_purchased_type":["Card","Card","Card","Potion"],"build_version":"2020-12-22","purchased_purges":1,"victory":false,"max_hp_per_floor":[75,75,75,75,75,75,75,75,75,75,75,75,75,75,75,75,75],"card_choices":[{"not_picked":["Cold Snap","Hologram"],"picked":"Ball Lightning","floor":1.0},{"not_picked":["Double Energy","Go for the Eyes","Leap"],"picked":"SKIP","floor":5.0},{"not_picked":["Defragment","FTL"],"picked":"Fusion","floor":6.0},{"not_picked":["Barrage","Auto Shields","Gash"],"picked":"SKIP","floor":7.0},{"not_picked":["Beam Cell","Capacitor"],"picked":"Loop","floor":8.0},{"not_picked":["Recycle","Coolheaded"],"picked":"Creative AI","floor":10.0},{"not_picked":["Coolheaded","Chaos","Go for the Eyes"],"picked":"SKIP","floor":11.0},{"not_picked":["Ball Lightning","Barrage"],"picked":"Echo Form","floor":12.0}],"player_experience":209272,"relics_obtained":[{"floor":6.0,"key":"Art of War"},{"floor":6.0,"key":"Regal Pillow"},{"floor":8.0,"key":"StoneCalendar"},{"floor":8.0,"key":"Gremlin Horn"},{"floor":9.0,"key":"Nunchaku"},{"floor":10.0,"key":"Vajra"},{"floor":10.0,"key":"Unceasing Top"}],"event_choices":[{"damage_healed":0.0,"max_hp_gain":0.0,"max_hp_loss":0.0,"gold_gain":275.0,"event_name":"Golden Shrine","player_choice":"Desecrate","floor":3.0,"gold_loss":0.0,"damage_taken":0.0,"cards_obtained":["Regret"]},{"damage_healed":0.0,"max_hp_gain":0.0,"max_hp_loss":0.0,"gold_gain":0.0,"cards_transformed":["Strike_B"],"event_name":"Living Wall","player_choice":"Change","floor":14.0,"gold_loss":0.0,"damage_taken":0.0,"cards_obtained":["Capacitor"]}],"is_beta":false,"boss_relics":[],"items_purged_floors":[4],"is_endless":false,"potions_floor_spawned":[5,7,11],"killed_by":"Hexaghost","ascension_level":9}}