{"host":"uyrebrj0204enqpc","time":1609107117,"event":{"mods":["Act Like it!","Bard","BaseMod","Block Reminder","Challenge The Spire","Colored Map","Colored Powertips","DeckTracker","Downfall","GifTheSpireLib","HexUI Lib","Highlight Path","Hubris","Infinite Spire","Minty Spire (QoL Compilation)","Quick Restart","Random Character Button","Relic Sorter","Relic Stats","Replay The Spire","Shop Mod","StSLib","The Blue Laboratory","The Bug Knight","The Cursed","The Jungle","The Marked","Wandering Minibosses"],"gold_per_floor":[116,129,129,144,161,161,176,207,233,267,267,292,304,356,356,356,356],"floor_reached":16,"playtime":655,"items_purged":[],"score":128,"play_id":"44f0dda7-1885-48bd-ae93-182abf76685a","local_time":"20201227171157","is_ascension_mode":true,"campfire_choices":[{"data":"Searing Blow+1","floor":6.0,"key":"SMITH"},{"data":"Searing Blow+2","floor":11.0,"key":"SMITH"},{"floor":15,"key":"REST"}],"circlet_count":0,"master_deck":["Strike_R","Strike_R","Strike_R","Strike_R","Strike_R","Defend_R","Defend_R","Defend_R","Defend_R","Bash+1","Searing Blow+3"],"relics":["Burning Blood","Thread and Needle","ReplayTheSpireMod:Lightbulb","King of Hearts","Anchor","Omamori"],"acts_visited":["Exordium"],"potions_floor_usage":[],"damage_taken":[{"damage":10.0,"enemies":"Jaw Worm","floor":1.0,"turns":4.0},{"damage":1.0,"enemies":"Cultist","floor":2.0,"turns":3.0},{"damage":14.0,"enemies":"Small Slimes","floor":4.0,"turns":7.0},{"damage":14.0,"enemies":"Blue Slaver","floor":5.0,"turns":3.0},{"damage":7.0,"enemies":"Exordium Thugs","floor":7.0,"turns":4.0},{"damage":15.0,"enemies":"Gremlin Nob","floor":8.0,"turns":4.0},{"damage":1.0,"enemies":"3 Sentries","floor":10.0,"turns":8.0},{"damage":36.0,"enemies":"Lagavulin","floor":12.0,"turns":7.0},{"damage":18,"enemies":"Gremlin Gang","floor":13,"turns":6},{"damage":43,"enemies":"Hexaghost","floor":16,"turns":7}],"seed_played":"-802237499421182762","potions_obtained":[{"floor":2.0,"key":"PowerPotion"},{"floor":5.0,"key":"sneckomod:MuddlingPotion"},{"floor":7.0,"key":"blueLaboratory:SavagePotion"},{"floor":8.0,"key":"EssenceOfSteel"}],"is_trial":false,"path_per_floor":["M","M","?","M","M","R","M","E","T","E","R","E","M","T","R","B"],"character_chosen":"IRONCLAD","items_purchased":[],"campfire_rested":1,"item_purchase_floors":[],"current_hp_per_floor":[76,80,80,72,64,64,63,54,54,59,59,29,17,17,41,0,0],"gold":356,"neow_bonus":"UPGRADE_CARD","is_daily":false,"chose_seed":false,"campfire_upgraded":2,"win_rate":0.0,"timestamp":1609107117,"path_taken":["M","M","?","M","M","R","M","E","T","E","R","E","M","?","R","BOSS"],"items_purchased_type":[],"build_version":"2020-12-22","purchased_purges":0,"victory":false,"max_hp_per_floor":[80,80,80,80,80,80,80,80,80,80,80,80,80,80,80,80,80],"relic_stats":{"counters":[10,53],"obtain_stats":[{"Anchor":12,"Thread and Needle":8,"King of Hearts":10,"Omamori":14,"ReplayTheSpireMod:Lightbulb":9,"Burning Blood":0},{"Anchor":8,"Thread and Needle":6,"King of Hearts":7,"Omamori":9,"ReplayTheSpireMod:Lightbulb":6,"Burning Blood":0},{"Anchor":40,"Thread and Needle":25,"King of Hearts":33,"Omamori":46,"ReplayTheSpireMod:Lightbulb":25,"Burning Blood":0}],"Burning Blood":53},"card_choices":[{"not_picked":["Spot Weakness","Perfected Strike","hubris:ReadiedAction"],"picked":"SKIP","floor":1.0},{"not_picked":["Clash","Thunderclap"],"picked":"Searing Blow","floor":2.0},{"not_picked":["Replay:Undeath\u0027s Touch","Second Wind","Defy Death"],"picked":"SKIP","floor":4.0},{"not_picked":["Clash","Clothesline","Juggernaut"],"picked":"SKIP","floor":5.0},{"not_picked":["Armaments","Massacre","Havoc"],"picked":"SKIP","floor":7.0},{"not_picked":["Havoc","Wild Strike","Life Link"],"picked":"SKIP","floor":8.0},{"not_picked":["Exhume","Cleave","Replay:Undeath\u0027s Touch"],"picked":"SKIP","floor":10.0},{"not_picked":["Warcry","Pommel Strike","Cleave"],"picked":"SKIP","floor":12.0},{"not_picked":["Sword Boomerang","hubris:ReadiedAction","Cleave"],"picked":"SKIP","floor":13}],"player_experience":955018,"relics_obtained":[{"floor":8.0,"key":"Thread and Needle"},{"floor":9.0,"key":"ReplayTheSpireMod:Lightbulb"},{"floor":10.0,"key":"King of Hearts"},{"floor":12.0,"key":"Anchor"},{"floor":14,"key":"Omamori"}],"event_choices":[],"is_beta":false,"boss_relics":[],"items_purged_floors":[],"is_endless":false,"potions_floor_spawned":[2,5,7,8],"killed_by":"Hexaghost","ascension_level":1}}