{"host":"hfvpa4llnnjpeawn","time":1609099131,"event":{"mods":["2.2 Compatiblity","AchievementEnabler","Act Like it!","Aspiration","Bard","BaseMod","Beaked The Cultist","Better Sensory Stone","Better Skull","Better Third Choice","BetterRewards","CapriCore","Conspire","Downfall","Elementarium","Energized Spire","Hubris","Infinite Spire","Jorbs\u0027s Wanderer Trilogy","Minty Spire (QoL Compilation)","Replay The Spire","Shade Mod","Spicy Shops","StSLib","The Bladedancer","The Factory","The Gatherer","The Jungle","Waifu the Spire","Wandering Minibosses"],"gold_per_floor":[139,84,121,155,155,155,182,202,202,219,219,52,87,124,124,212,212,249,149,149,149,168,204,204,248,271,294,307,309,309,347,347,458,458,473,517,30,52,54,54],"floor_reached":39,"playtime":3270,"items_purged":[],"score":1072,"play_id":"5bf7de86-c3a6-4d7f-a62f-396f641e15a9","local_time":"20201227145851","is_ascension_mode":true,"campfire_choices":[{"floor":6,"key":"REST"},{"floor":11,"key":"REST"},{"floor":15,"key":"REST"},{"floor":24,"key":"REST"},{"floor":30,"key":"REST"},{"data":"Bullet Time","floor":32,"key":"SMITH"}],"circlet_count":0,"master_deck":["AscendersBane","Defend_G","Defend_G","Defend_G","Defend_G","Survivor","Neutralize","HandOfGreed","ReplayTheSpireMod:Shiv Toss","Calculated Gamble","Dagger Throw","Cloak And Dagger","Blade Dance","Deadly Poison","conspire:DoublingDagger","Eviscerate","Choke","Choke","Dash","After Image","Bullet Time+1","conspire:SpireCoStock","conspire:SpireCoStock","Infinite Blades","hubris:TrickCloak+1","Elementarium:GildedStrike","Elementarium:GildedStrike","Elementarium:GildedStrike","Elementarium:GildedStrike","Elementarium:GildedStrike","Blade Dance+1","After Image","Sucker Punch+1","Accuracy+1","conspire:PoisonWeapons"],"relics":["Ring of the Snake","aspiration:FetidBarrel","betterThird:SlimedRelic","Pantograph","Regal Pillow","Orrery","infinitespire:Midas Blood","hubris:ScarierMask","hubris:Spice","Iron Hammer","Snake Skull","Elementarium:ElementariumTrophy","SacredBark","hubris:AstralHammer","HandDrill"],"acts_visited":["Exordium","Exordium","TheBeyond"],"potions_floor_usage":[4,7,10,23,25,28,33,38],"damage_taken":[{"damage":0,"enemies":"Small Slimes","floor":1,"turns":2},{"damage":0,"enemies":"2 Louse","floor":3,"turns":4},{"damage":0,"enemies":"Cultist","floor":4,"turns":3},{"damage":8,"enemies":"Gremlin Nob","floor":7,"turns":5},{"damage":24,"enemies":"conspire:2 RoseBushes","floor":8,"turns":5},{"damage":6,"enemies":"Large Slime","floor":10,"turns":6},{"damage":10,"enemies":"Exordium Thugs","floor":13,"turns":4},{"damage":28,"enemies":"conspire:MimicChest","floor":14,"turns":8},{"damage":23,"enemies":"The Guardian","floor":16,"turns":11},{"damage":27,"enemies":"Elementarium:VoidCorruption","floor":18,"turns":5},{"damage":4,"enemies":"Elementarium:MUD_AND_TAR_GOLEMS","floor":22,"turns":2},{"damage":25,"enemies":"Elementarium:FIRE_NOBILITY","floor":23,"turns":6},{"damage":28,"enemies":"Elementarium:WarGolem","floor":25,"turns":8},{"damage":0,"enemies":"Elementarium:VOID_CORRUPTION_AND_ORB_OF_FIRE","floor":28,"turns":2},{"damage":0,"enemies":"Elementarium:RubyGolem","floor":31,"turns":4},{"damage":66,"enemies":"Elementarium:PHOENIXES","floor":33,"turns":9},{"damage":3,"enemies":"Orb Walker","floor":35,"turns":3},{"damage":18,"enemies":"3 Darklings","floor":36,"turns":7},{"damage":34,"enemies":"Maw","floor":38,"turns":5},{"damage":13,"enemies":"4 Shapes","floor":39,"turns":1}],"seed_played":"-5509622791837577718","potions_obtained":[{"floor":1,"key":"hexamod:EctoCoolerPotion"},{"floor":3,"key":"Strength Potion"},{"floor":7,"key":"GhostInAJar"},{"floor":8,"key":"Ancient Potion"},{"floor":18,"key":"SkillPotion"},{"floor":23,"key":"Dexterity Potion"},{"floor":31,"key":"SpeedPotion"},{"floor":35,"key":"BlessingOfTheForge"}],"is_trial":false,"path_per_floor":["M","?","M","M","?","R","E","M","T","M","R","$","M","?","R","B",null,"M","?","?","AVR","M","E","R","E","T","T","M","?","R","M","R","B",null,"M","M","$","M","M"],"character_chosen":"THE_SILENT","items_purchased":["HandOfGreed","aspiration:FetidBarrel","Orrery","Accuracy+1","hubris:AstralHammer","conspire:PoisonWeapons","HandDrill"],"campfire_rested":5,"item_purchase_floors":[0,0,12,37,37,37,37],"current_hp_per_floor":[45,34,34,34,34,53,45,21,21,15,49,49,39,11,45,43,60,33,33,44,52,48,23,60,32,32,32,32,18,55,55,55,8,58,55,37,37,3,0,0],"gold":54,"neow_bonus":"","is_daily":false,"chose_seed":false,"campfire_upgraded":1,"win_rate":0.0,"timestamp":1609099131,"path_taken":["M","?","M","M","?","R","E","?","T","M","R","$","M","?","R","BOSS","M","?","?","AVR","M","E","R","E","T","?","M","?","R","?","R","BOSS","M","M","$","M","?"],"items_purchased_type":["Card","Relic","Relic","Card","Relic","Card","Relic"],"build_version":"2020-12-22","purchased_purges":0,"victory":false,"max_hp_per_floor":[66,66,66,66,66,66,66,66,66,66,66,66,66,66,66,66,66,66,66,66,74,74,74,74,74,74,74,74,74,74,74,74,74,74,74,74,74,74,74,74],"card_choices":[{"not_picked":["Acrobatics","PiercingWail"],"picked":"ReplayTheSpireMod:Shiv Toss","floor":1},{"not_picked":["Slice","Outmaneuver","Reflex"],"picked":"SKIP","floor":3},{"not_picked":["Endless Agony","Underhanded Strike"],"picked":"Calculated Gamble","floor":4},{"not_picked":["Replay:Poison Smokescreen","Sucker Punch"],"picked":"Dagger Throw","floor":7},{"not_picked":["ReplayTheSpireMod:Tripwire","Bane"],"picked":"Cloak And Dagger","floor":8},{"not_picked":["hubris:SlightOfHand","Skewer"],"picked":"Blade Dance","floor":10},{"not_picked":["ReplayTheSpireMod:Exploit Weakness","hubris:SlightOfHand"],"picked":"Deadly Poison","floor":12},{"not_picked":["Dagger Spray","Well Laid Plans"],"picked":"conspire:DoublingDagger","floor":12},{"not_picked":["Burst","Sucker Punch"],"picked":"Eviscerate","floor":12},{"not_picked":["Calculated Gamble","Footwork"],"picked":"Choke","floor":12},{"not_picked":["Deflect","Dagger Throw"],"picked":"Choke","floor":12},{"not_picked":["ReplayTheSpireMod:The Works","Caltrops"],"picked":"Dash","floor":13},{"not_picked":["Dodge and Roll","Endless Agony"],"picked":"After Image","floor":14},{"not_picked":["Doppelganger","Malaise"],"picked":"Bullet Time","floor":16},{"not_picked":["Hidden Blade","Sucker Punch","Dagger Throw"],"picked":"SKIP","floor":18},{"not_picked":["Underhanded Strike","Deadly Poison","hubris:SlightOfHand"],"picked":"SKIP","floor":22},{"not_picked":["Dodge and Roll","Flying Knee","PiercingWail"],"picked":"SKIP","floor":23},{"not_picked":["Hidden Blade","Die Die Die"],"picked":"Infinite Blades","floor":25},{"not_picked":["Flying Knee","Quick Slash"],"picked":"hubris:TrickCloak+1","floor":28},{"not_picked":["Prepared+1","Expertise"],"picked":"Blade Dance+1","floor":31},{"not_picked":["Night Terror","Doppelganger"],"picked":"After Image","floor":33},{"not_picked":["Replay:Poison Smokescreen+1","Underhanded Strike","Dagger Spray+1"],"picked":"SKIP","floor":35},{"not_picked":["Toxin Wave","PiercingWail"],"picked":"Sucker Punch+1","floor":36},{"not_picked":["Sucker Punch+1","Skewer+1","Acrobatics"],"picked":"SKIP","floor":38}],"player_experience":360500,"relics_obtained":[{"floor":7,"key":"Pantograph"},{"floor":9,"key":"Regal Pillow"},{"floor":14,"key":"infinitespire:Midas Blood"},{"floor":23,"key":"Iron Hammer"},{"floor":25,"key":"Snake Skull"}],"event_choices":[{"damage_healed":0,"gold_gain":0,"player_choice":"Slimed","damage_taken":11,"max_hp_gain":0,"max_hp_loss":0,"event_name":"betterThird:BetterGoop","floor":2,"gold_loss":55},{"cards_removed":["Defend_G"],"damage_healed":0,"gold_gain":0,"player_choice":"Purged","damage_taken":0,"max_hp_gain":0,"max_hp_loss":0,"event_name":"Purifier","floor":5,"gold_loss":0},{"damage_healed":0,"gold_gain":0,"player_choice":"Invest 2","damage_taken":0,"max_hp_gain":0,"max_hp_loss":0,"event_name":"conspire:Investor","floor":19,"gold_loss":0},{"damage_healed":11,"gold_gain":0,"player_choice":"Rest","damage_taken":0,"max_hp_gain":0,"max_hp_loss":0,"event_name":"Elementarium:HeartOfTheVoid","floor":20,"gold_loss":0},{"damage_healed":0,"gold_gain":0,"player_choice":"Strike","damage_taken":14,"max_hp_gain":0,"max_hp_loss":0,"event_name":"Elementarium:OnrushingOffering","floor":29,"gold_loss":0,"cards_obtained":["Elementarium:GildedStrike","Elementarium:GildedStrike","Elementarium:GildedStrike","Elementarium:GildedStrike","Elementarium:GildedStrike"]}],"is_beta":false,"boss_relics":[{"not_picked":["hubris:GrandSneckoEye","hubris:CrackedHourglass"],"picked":"hubris:ScarierMask"},{"not_picked":["hubris:Spice","Snecko Scales"],"picked":"SacredBark"}],"items_purged_floors":[],"is_endless":false,"potions_floor_spawned":[1,3,7,8,18,23,31,35],"killed_by":"4 Shapes","ascension_level":17}}