{"host":"7uuqqk35leady37t","time":1609050218,"event":{"mods":["BaseMod","Downfall","Marisa£®ÏF”Í°°ƒß¿Ì…≥£©","Minty Spire (QoL Compilation)","StSLib","The Bug Knight","The Servant 0.9.4","Waifu the Spire","Yuri Mod","[IsaacMod]“‘»ˆº‚À˛"],"gold_per_floor":[99,99,152,602,602,602,678,678,603,617,55,75,75,85,103,103,103],"floor_reached":16,"playtime":1058,"items_purged":[],"score":88,"play_id":"ab7975f5-1488-4bee-a3e6-68168b4d2754","local_time":"20201227142338","is_ascension_mode":false,"campfire_choices":[{"data":"HollowMod:FocusHealStart","floor":1,"key":"SMITH"},{"data":"HollowMod:DoubleDash","floor":9,"key":"SMITH"},{"data":"HollowMod:ShadowDash","floor":13,"key":"SMITH"}],"circlet_count":0,"master_deck":["HollowMod:NailStrikeStart","HollowMod:NailStrikeStart","HollowMod:NailStrikeStart","HollowMod:NailStrikeStart","HollowMod:QuickDashStart","HollowMod:QuickDashStart","HollowMod:QuickDashStart","HollowMod:QuickDashStart","HollowMod:FocusHealStart+1","HollowMod:PogoStrike","DoctorFetus","HollowMod:AbyssShriek","Slimebound:Icky","Slimebound:Icky","Slimebound:Icky","HollowMod:DoubleDash+1","HollowMod:PureNailStrike","HollowMod:MidwifesHunger","HollowMod:ChannelNail","Mayhem","Dark Shackles","HollowMod:ShadowDash+1","HollowMod:PureNailStrike","HollowMod:NewJinnsSoul"],"relics":["HollowMod:VesselMask","HushsDoor","Damocles","downfall:HeartsMalice","MoneyPower","Juzu Bracelet","Happy Flower","FossilizedHelix","HollowMod:LumaflyLanternRelic","downfall:HeartBlessingBlue","Pen Nib","HollowMod:LifeEnderRelic","Anchor","Ancient Tea Set","Darkstone Periapt","HowToJump","Regal Pillow"],"acts_visited":["Exordium"],"potions_floor_usage":[16,16],"damage_taken":[{"damage":0,"enemies":"Cultist","floor":2,"turns":1},{"damage":0,"enemies":"Small Slimes","floor":5,"turns":1},{"damage":0,"enemies":"Jaw Worm","floor":8,"turns":1},{"damage":0,"enemies":"2 Fungi Beasts","floor":10,"turns":2},{"damage":0,"enemies":"downfall:FleeingMerchant","floor":11,"turns":4},{"damage":0,"enemies":"Large Slime","floor":12,"turns":4},{"damage":0,"enemies":"2 Fungi Beasts","floor":14,"turns":3},{"damage":0,"enemies":"Blue Slaver","floor":15,"turns":3},{"damage":39,"enemies":"downfall:Defect","floor":16,"turns":6}],"seed_played":"4656703103677135088","potions_obtained":[{"floor":12,"key":"Energy Potion"},{"floor":14,"key":"Energy Potion"}],"is_trial":false,"path_per_floor":["R","M","T","?","M","T","T","M","R","M","$","M","R","M","M","B"],"character_chosen":"THE_BUGKNIGHT","items_purchased":["Mayhem","Dark Shackles","Anchor","Ancient Tea Set"],"campfire_rested":0,"item_purchase_floors":[11,11,11,11],"current_hp_per_floor":[75,75,75,75,75,75,75,75,85,85,85,85,85,85,85,0,0],"gold":103,"neow_bonus":"THREE_ENEMY_KILL","is_daily":false,"chose_seed":false,"campfire_upgraded":3,"win_rate":0.0,"timestamp":1609050218,"path_taken":["R","?","?","?","M","?","T","M","R","M","$","M","R","M","M","BOSS"],"items_purchased_type":["Card","Card","Relic","Relic"],"build_version":"2020-12-22","purchased_purges":0,"victory":false,"max_hp_per_floor":[75,75,75,75,75,75,75,75,85,85,85,85,85,85,85,85,85],"card_choices":[{"not_picked":[],"picked":"DoctorFetus","floor":0},{"not_picked":["HollowMod:SharpenedShadows","HollowMod:ShadowDash"],"picked":"HollowMod:AbyssShriek","floor":2},{"not_picked":["HollowMod:SoulStrike","HollowMod:HowlingWraiths"],"picked":"HollowMod:DoubleDash","floor":5},{"not_picked":["HollowMod:DescendingDark","HollowMod:Grubsong"],"picked":"HollowMod:PureNailStrike","floor":8},{"not_picked":["HollowMod:DashSlash","HollowMod:DesolateDive"],"picked":"HollowMod:MidwifesHunger","floor":10},{"not_picked":["HollowMod:SoulSplash","HollowMod:SiblingsSouls"],"picked":"HollowMod:ChannelNail","floor":11},{"not_picked":["HollowMod:HowlingWraiths","HollowMod:InfectedCysts"],"picked":"HollowMod:ShadowDash","floor":12},{"not_picked":["HollowMod:SoulStrike","HollowMod:SoulSplash"],"picked":"HollowMod:PureNailStrike","floor":14},{"not_picked":["HollowMod:DoubleDash","HollowMod:InfectedCysts"],"picked":"HollowMod:NewJinnsSoul","floor":15}],"player_experience":12359,"relics_obtained":[{"floor":2,"key":"MoneyPower"},{"floor":3,"key":"Juzu Bracelet"},{"floor":5,"key":"Happy Flower"},{"floor":6,"key":"FossilizedHelix"},{"floor":8,"key":"HollowMod:LumaflyLanternRelic"},{"floor":10,"key":"Pen Nib"},{"floor":11,"key":"HollowMod:LifeEnderRelic"},{"floor":12,"key":"Darkstone Periapt"},{"floor":14,"key":"HowToJump"},{"floor":15,"key":"Regal Pillow"}],"event_choices":[],"is_beta":false,"boss_relics":[],"items_purged_floors":[],"is_endless":false,"potions_floor_spawned":[12,14],"killed_by":"downfall:Defect","ascension_level":0}}