{"host":"i58uscbei3sy5089","time":1609094465,"event":{"mods":["Act Like it!","Arknights The Spire","BaseMod","Challenge The Spire","Colored Powertips","Conspire","Infinite Spire","Koishi","Lobotomy","LobotomyExtend","Minty Spire (QoL Compilation)","MostiFishMod","Prisma Mod","Quick Restart","Reimu£®≤©¿ˆ¡È√Œ£©","Replay The Spire","Shop Mod","StSLib","TestMod","The Construct","The Runesmith","UnlockEverythingMod","[IsaacMod]“‘»ˆº‚À˛","vexMod","°æπ¶ƒ‹Mod°øªÏ„Á÷Æª∑–ﬁ∏¥≤π∂°","ÛÙª÷∏ƒœ"],"gold_per_floor":[117,137,151,151,151,151,168,178,178,178,198,212,99,110,110,205,205,222,51,65,13,66,66,165,165,192,192,192,192,192,225,225,325,325,345,357,357,357],"floor_reached":37,"playtime":1725,"items_purged":["ats:Strike S","ats:Strike C","ats:Defend","ats:Defend","ats:Defend"],"score":504,"play_id":"c20263aa-8763-49c5-bf3c-ae7d075581d2","local_time":"20201228024105","is_ascension_mode":false,"campfire_choices":[{"data":"ats:Emotion Absorption","floor":6,"key":"SMITH"},{"data":"ats:Soul Rend","floor":15,"key":"SMITH"},{"data":"ats:Counter Healing Mode","floor":23,"key":"SMITH"},{"data":"ats:True Silver Slash","floor":25,"key":"SMITH"},{"data":"ats:Rat Pack","floor":28,"key":"SMITH"},{"floor":30,"key":"REST"},{"data":"ats:Calcification","floor":32,"key":"SMITH"}],"circlet_count":0,"master_deck":["ats:Strike G","ats:Armor Crushing Shot","ats:Defend+1","ats:Emotion Absorption+1","ats:Defend Order","ats:Apocalypse","ats:Shell Defense","ats:Shell Defense","ats:Rat Pack+1","ats:Apocalypse","ats:Soul Rend+1","ats:Calcification+1","ats:True Silver Slash+1","ats:Calcification","ats:Red Shift","ats:Shell Defense","ats:Counter Healing Mode+1","ats:Demon Strength+1","ats:True Silver Slash+1","ats:True Silver Slash+1","ats:Healing Strengthening+1"],"relics":["ats:Sanity","testmod-TestBox","HushsDoor","DaveBox","BirthdayGift-Tetrahedron","testmod-GiftOfSatan","SynthV:TestCard","LetterFromLob","MerchantsRug","GreenFoldingFan","BrkXgEgg","Gremlin Food","ats:Originium","Bag of Preparation","DiscerningMonocle","Incubus"],"acts_visited":["Exordium","TheCity","TheBeyond"],"potions_floor_usage":[],"damage_taken":[{"damage":2,"enemies":"Cultist","floor":1,"turns":2},{"damage":4,"enemies":"Small Slimes","floor":2,"turns":2},{"damage":0,"enemies":"Jaw Worm","floor":3,"turns":1},{"damage":6,"enemies":"Exordium Thugs","floor":7,"turns":2},{"damage":10,"enemies":"3 Louse","floor":8,"turns":2},{"damage":2,"enemies":"Blue Slaver","floor":11,"turns":2},{"damage":2,"enemies":"Red Slaver","floor":12,"turns":2},{"damage":13,"enemies":"Gremlin Gang","floor":14,"turns":3},{"damage":8,"enemies":"Slime Boss","floor":16,"turns":5},{"damage":14,"enemies":"conspire:FuzzyDice","floor":18,"turns":4},{"damage":10,"enemies":"3 Byrds","floor":20,"turns":3},{"damage":18,"enemies":"Nightmare","floor":31,"turns":5},{"damage":18,"enemies":"conspire:MysteriousRune","floor":33,"turns":5},{"damage":14,"enemies":"Orb Walker","floor":35,"turns":4},{"damage":8,"enemies":"3 Shapes","floor":36,"turns":1}],"seed_played":"-3055960366627361145","potions_obtained":[{"floor":2,"key":"Explosive Potion"},{"floor":3,"key":"ColorlessPotion"},{"floor":11,"key":"Swift Potion"},{"floor":14,"key":"LifebloodPotion"},{"floor":20,"key":"AttackPotion"},{"floor":33,"key":"BlessingOfTheForge"},{"floor":36,"key":"Strength Potion"}],"is_trial":false,"path_per_floor":["M","M","M","?","?","R","M","M","T","?","M","M","$","M","R","B",null,"M","$","M","$","?","R","?","R","T","AVR","R","?","R","NM","R","B",null,"M","M","?"],"character_chosen":"DOCTOR_CLASS","items_purchased":["MerchantsRug","ats:True Silver Slash","ats:Calcification","BrkXgEgg","ats:Counter Healing Mode","ats:True Silver Slash","Incubus"],"campfire_rested":1,"item_purchase_floors":[13,17,17,19,21,34,34],"current_hp_per_floor":[70,66,75,75,75,75,71,74,74,74,76,78,78,80,80,80,69,69,69,69,69,54,54,54,54,54,54,54,39,59,76,76,83,52,52,52,0,0],"gold":357,"neow_bonus":"THREE_CARDS","is_daily":false,"chose_seed":false,"campfire_upgraded":6,"win_rate":0.0,"timestamp":1609094465,"path_taken":["M","M","?","?","?","R","M","M","T","?","M","M","?","?","R","BOSS","M","$","?","$","?","R","?","R","T","AVR","R","?","R","NM","R","BOSS","M","?","?"],"items_purchased_type":["Relic","Card","Card","Relic","Card","Card","Relic"],"build_version":"2020-12-22","purchased_purges":5,"victory":false,"max_hp_per_floor":[72,72,77,77,77,77,77,82,82,82,82,82,82,82,82,82,69,69,69,69,69,69,69,69,69,69,69,69,69,69,76,76,83,52,52,52,1,1],"card_choices":[{"not_picked":["ats:Powerful Strike","ats:Flame Of Heaven"],"picked":"ats:Defend Order","floor":0},{"not_picked":["ats:Beaten Up","ats:Flame Of Heaven","ats:Cat Scratch"],"picked":"SKIP","floor":1},{"not_picked":["ats:Poison Spread","ats:Thermite Blade","ats:Powerful Strike","ats:Rapid Magazine"],"picked":"Bomb","floor":2},{"not_picked":["ats:Flexible Camouflage","ats:LN2 Cannon","ats:Red Shift","ats:Assault Order"],"picked":"ats:Apocalypse","floor":3},{"not_picked":["ats:Powerful Strike","ats:Composite Medical Shells","ats:Magnetic Hammer","ats:Curse Doll"],"picked":"ats:Shell Defense","floor":7},{"not_picked":["ats:Directed Diagnosis","ats:Powerful Strike","ats:Childhood Dance","ats:Spore Proliferation"],"picked":"ats:Shell Defense","floor":8},{"not_picked":["ats:Poison Spread","ats:Healing Drone","ats:Leaping Hammer","ats:Chain Hook"],"picked":"ats:Rat Pack","floor":11},{"not_picked":["ats:Childhood Dance","ats:Revitalization","ats:Guardian Obelisk","ats:Support Order"],"picked":"ats:Apocalypse","floor":12},{"not_picked":["ats:Leaping Hammer","ats:Counter Healing Mode","ats:Cat Scratch","ats:Ignite"],"picked":"ats:Soul Rend","floor":14},{"not_picked":["ats:Rat Pack","ats:Fractured Body","ats:Echo Reverb","ats:Ambush"],"picked":"ats:Calcification","floor":16},{"not_picked":["ats:Powerful Strike","ats:Revitalization","ats:Hammer On","ats:Curse Doll"],"picked":"ats:Red Shift","floor":18},{"not_picked":["ats:Overload","ats:Consecutive Shot Auto","ats:Poison Spread+1","ats:Guardian Obelisk+1"],"picked":"ats:Shell Defense","floor":20},{"not_picked":["ats:Closed Bolt Burst Fire","ats:Directed Diagnosis","ats:Echo Reverb+1","ats:Steam Pump"],"picked":"ats:Demon Strength+1","floor":31},{"not_picked":["ats:Disruption Kick+1","ats:Nebulous Foxfire+1","ats:Ambush+1","ats:Durian+1"],"picked":"ats:True Silver Slash+1","floor":33},{"not_picked":["ats:Guardian Obelisk","ats:Poison Spread+1","ats:Magnetic Hammer","ats:Powerful Strike"],"picked":"ats:Healing Strengthening+1","floor":35},{"not_picked":["ats:Collapsing Strike+1","ats:Thermite Blade+1","ats:Rapid Magazine","ats:Steam Pump+1","ats:Ignite"],"picked":"SKIP","floor":36}],"player_experience":640332,"relics_obtained":[{"floor":1,"key":"SynthV:TestCard"},{"floor":1,"key":"LetterFromLob"},{"floor":9,"key":"Chameleon Ring"},{"floor":26,"key":"Gremlin Food"},{"floor":31,"key":"ats:Originium"},{"floor":31,"key":"Bag of Preparation"}],"event_choices":[{"cards_removed":["ats:Strike V"],"damage_healed":0,"gold_gain":0,"player_choice":"Purged","damage_taken":0,"max_hp_gain":0,"max_hp_loss":0,"event_name":"Purifier","floor":5,"gold_loss":0},{"damage_healed":0,"gold_gain":99,"player_choice":"Stole From Cult","damage_taken":0,"max_hp_gain":0,"max_hp_loss":0,"event_name":"Nest","floor":24,"gold_loss":0}],"is_beta":false,"boss_relics":[{"not_picked":["Coffee Dripper","ShadowXiaoBlade"],"picked":"GreenFoldingFan"},{"not_picked":[]},{"not_picked":["Replay:Wanted Poster","testmod-DeterminationOfClimber"],"picked":"DiscerningMonocle"},{"not_picked":[]}],"items_purged_floors":[13,17,19,27,34],"is_endless":true,"potions_floor_spawned":[2,3,11,12,14,20,33,36],"ascension_level":0}}