{"host":"fa96ppy4vc5r7pma","time":1609072061,"event":{"mods":["BaseMod","Best Route Mod","Bestiary","Block Reminder","Colored Map","Dota2Spire","Ekko","GungeonMod","Hermit","Highlight Path","Hubris","Minty Spire (QoL Compilation)","Permanent Neow","Quick Restart","Random Character Button","Relic Stats","Replay The Spire","StSLib","The Blue Laboratory","The Servant 0.9.4"],"gold_per_floor":[109,109,123,66,84,119,119,138,138,138,138,138,30,74,74,205,205,221,235,175,175,175,175,214,230,230,124,168,168,211,227,227,357,357,380,401,401,401],"floor_reached":37,"playtime":1937,"items_purged":[],"score":506,"play_id":"179f110b-8e93-4c1d-b5e1-fbfb27fe41fb","local_time":"20201227072741","is_ascension_mode":true,"campfire_choices":[{"floor":10.0,"key":"REST"},{"floor":15.0,"key":"REST"},{"floor":23.0,"key":"REST"},{"floor":29.0,"key":"REST"},{"data":"A Thousand Cuts","floor":32.0,"key":"SMITH"}],"circlet_count":0,"master_deck":["Strike_G","Strike_G","Strike_G","Strike_G","Strike_G","Defend_G","Defend_G","Defend_G","Defend_G","Defend_G","Survivor","Neutralize","Bandage Up","Deadly Poison+1","Infinite Blades+1","Poisoned Stab","Deflect","Deadly Poison","Corpse Explosion","Cloak And Dagger","Bane","Dagger Spray","A Thousand Cuts+1","Deflect+1","Dodge and Roll+1","Languid","Poisoned Stab+1","Backflip+1","Noxious Fumes","Noxious Fumes","CommonCold","Poisoned Stab","Leg Sweep+1","Bullet Time+1","Outmaneuver+1","Burst+1","Slice+1"],"relics":["Ring of the Snake","DemoMod:MonsterBlood","Golden Idol","Replay:Bottled Flurry","Toxic Egg 2","hubris:ScarierMask","ReplayTheSpireMod:Ring of Addiction","hubris:EmptyBottle","SacredBark","hubris:Towel","Durian","hubris:GlazedTorus","ReplayTheSpireMod:CursedCoin","Regal Pillow","DemoMod:Bottle","DemoMod:ClearGuonStone","Ring of Chaos"],"acts_visited":["Exordium","TheCity","TheBeyond"],"potions_floor_usage":[37],"damage_taken":[{"damage":9.0,"enemies":"Small Slimes","floor":1.0,"turns":4.0},{"damage":1.0,"enemies":"Jaw Worm","floor":3.0,"turns":4.0},{"damage":7.0,"enemies":"2 Louse","floor":5.0,"turns":3.0},{"damage":31.0,"enemies":"3 Sentries","floor":6.0,"turns":8.0},{"damage":13.0,"enemies":"Large Slime","floor":8.0,"turns":4.0},{"damage":3.0,"enemies":"3 Louse","floor":11.0,"turns":3.0},{"damage":7.0,"enemies":"Gremlin Nob","floor":14.0,"turns":3.0},{"damage":36.0,"enemies":"Slime Boss","floor":16.0,"turns":11.0},{"damage":6.0,"enemies":"3 Byrds","floor":18.0,"turns":3.0},{"damage":28.0,"enemies":"Shell Parasite","floor":19.0,"turns":6.0},{"damage":21.0,"enemies":"Slavers","floor":24.0,"turns":3.0},{"damage":0.0,"enemies":"Centurion and Healer","floor":25.0,"turns":4.0},{"damage":18.0,"enemies":"Book of Stabbing","floor":28.0,"turns":5.0},{"damage":4.0,"enemies":"Slavers","floor":30.0,"turns":4.0},{"damage":6.0,"enemies":"Snake Plant","floor":31.0,"turns":4.0},{"damage":23.0,"enemies":"Automaton","floor":33.0,"turns":8.0},{"damage":25.0,"enemies":"3 Darklings","floor":35.0,"turns":3.0},{"damage":0.0,"enemies":"3 Shapes","floor":36.0,"turns":5.0},{"damage":56,"enemies":"Transient","floor":37,"turns":5}],"seed_played":"-7181469867798608795","potions_obtained":[{"floor":1.0,"key":"CunningPotion"},{"floor":6.0,"key":"blueLaboratory:SavagePotion"},{"floor":14.0,"key":"DemoMod:LeadSkinPotion"},{"floor":19.0,"key":"FearPotion"},{"floor":21.0,"key":"blueLaboratory:RememoryPotion"},{"floor":21.0,"key":"blueLaboratory:BubblePotion"},{"floor":28.0,"key":"Poison Potion"},{"floor":31.0,"key":"Energy Potion"}],"is_trial":false,"path_per_floor":["M","?","M","$","M","E","?","M","T","R","M","$","$","E","R","B",null,"M","M","?","?","?","R","E","M","T","$","E","R","E","M","R","B",null,"M","M","M"],"character_chosen":"THE_SILENT","items_purchased":["Infinite Blades+1","Cloak And Dagger","Bane","Noxious Fumes","ReplayTheSpireMod:CursedCoin","Regal Pillow","Poisoned Stab"],"campfire_rested":4,"item_purchase_floors":[4,13,13,27,27,27,27],"current_hp_per_floor":[65,65,68,68,65,45,45,36,36,57,58,58,58,55,71,35,71,65,41,41,41,41,62,50,54,54,54,40,76,72,66,66,47,76,51,51,0,0],"gold":401,"neow_bonus":"RANDOM_COLORLESS","is_daily":false,"chose_seed":false,"campfire_upgraded":1,"win_rate":0.0,"timestamp":1609072061,"path_taken":["M","?","M","$","M","E","?","M","T","R","M","?","$","E","R","BOSS","M","M","?","?","?","R","E","M","T","$","E","R","E","M","R","BOSS","M","M","M"],"items_purchased_type":["Card","Card","Card","Card","Relic","Relic","Card"],"build_version":"2020-12-22","purchased_purges":0,"victory":false,"max_hp_per_floor":[70,70,70,70,70,77,71,71,71,71,71,71,71,71,71,71,71,71,71,71,71,71,71,76,76,76,76,76,76,76,76,76,76,76,76,76,76,76],"relic_stats":{"Regal Pillow":14,"counters":[19,90],"Golden Idol":116,"obtain_stats":[{"Regal Pillow":27,"Golden Idol":7,"ReplayTheSpireMod:CursedCoin":27,"ReplayTheSpireMod:Ring of Addiction":21,"SacredBark":21,"DemoMod:GlassGuonStoneRelic":1,"Ring of Chaos":34,"hubris:EmptyBottle":21,"hubris:Towel":22,"DemoMod:MonsterBlood":6,"hubris:ScarierMask":17,"Replay:Bottled Flurry":9,"Durian":24,"Toxic Egg 2":14,"DemoMod:ClearGuonStone":30,"DemoMod:Bottle":28,"Ring of the Snake":0,"hubris:GlazedTorus":26},{"Regal Pillow":12,"Golden Idol":4,"ReplayTheSpireMod:CursedCoin":12,"ReplayTheSpireMod:Ring of Addiction":10,"SacredBark":10,"DemoMod:GlassGuonStoneRelic":1,"Ring of Chaos":16,"hubris:EmptyBottle":10,"hubris:Towel":10,"DemoMod:MonsterBlood":4,"hubris:ScarierMask":8,"Replay:Bottled Flurry":5,"Durian":11,"Toxic Egg 2":7,"DemoMod:ClearGuonStone":14,"DemoMod:Bottle":13,"Ring of the Snake":0,"hubris:GlazedTorus":12},{"Regal Pillow":56,"Golden Idol":19,"ReplayTheSpireMod:CursedCoin":56,"ReplayTheSpireMod:Ring of Addiction":49,"SacredBark":49,"DemoMod:GlassGuonStoneRelic":4,"Ring of Chaos":77,"hubris:EmptyBottle":49,"hubris:Towel":49,"DemoMod:MonsterBlood":19,"hubris:ScarierMask":40,"Replay:Bottled Flurry":23,"Durian":52,"Toxic Egg 2":29,"DemoMod:ClearGuonStone":65,"DemoMod:Bottle":61,"Ring of the Snake":0,"hubris:GlazedTorus":56}],"Ring of the Snake":[39]},"card_choices":[{"not_picked":["Madness","Blind"],"picked":"Bandage Up","floor":0.0},{"not_picked":["Leg Sweep","Dagger Throw"],"picked":"Deadly Poison","floor":1.0},{"not_picked":["Eviscerate","Masterful Stab","hubris:SlightOfHand"],"picked":"SKIP","floor":3.0},{"not_picked":["Well Laid Plans","Riddle With Holes"],"picked":"Poisoned Stab","floor":5.0},{"not_picked":["PiercingWail","Night Terror"],"picked":"Deflect","floor":6.0},{"not_picked":["Dodge and Roll","hubris:SlightOfHand"],"picked":"Deadly Poison","floor":8.0},{"not_picked":["Poisoned Stab","Bane"],"picked":"Corpse Explosion","floor":11.0},{"not_picked":["Blur+1","Flying Knee"],"picked":"Dagger Spray","floor":14.0},{"not_picked":["After Image","Storm of Steel+1"],"picked":"A Thousand Cuts","floor":16.0},{"not_picked":["Dodge and Roll+1","Bane"],"picked":"Deflect+1","floor":18.0},{"not_picked":["Sneak Up+1","Dagger Throw"],"picked":"Dodge and Roll+1","floor":19.0},{"not_picked":["Flechettes","PiercingWail+1"],"picked":"Poisoned Stab+1","floor":24.0},{"not_picked":["Reflex+1","Outmaneuver+1"],"picked":"Backflip+1","floor":25.0},{"not_picked":["Choke","Finisher"],"picked":"Leg Sweep+1","floor":28.0},{"not_picked":["PiercingWail+1","Dagger Throw"],"picked":"Bullet Time+1","floor":30.0},{"not_picked":["Prepared+1","Flying Knee"],"picked":"Outmaneuver+1","floor":31.0},{"not_picked":["ReplayTheSpireMod:From All Sides","Malaise+1"],"picked":"Burst+1","floor":33.0},{"not_picked":["Outmaneuver+1","Sucker Punch+1"],"picked":"Slice+1","floor":35.0},{"not_picked":["Well Laid Plans+1","Outmaneuver+1","Dodge and Roll+1"],"picked":"SKIP","floor":36.0}],"player_experience":95521,"relics_obtained":[{"floor":6.0,"key":"DemoMod:MonsterBlood"},{"floor":9.0,"key":"Replay:Bottled Flurry"},{"floor":14.0,"key":"Toxic Egg 2"},{"floor":21.0,"key":"ReplayTheSpireMod:Ring of Addiction"},{"floor":21.0,"key":"hubris:EmptyBottle"},{"floor":21.0,"key":"SacredBark"},{"floor":24.0,"key":"Durian"},{"floor":26.0,"key":"hubris:GlazedTorus"},{"floor":28.0,"key":"DemoMod:Bottle"},{"floor":30.0,"key":"DemoMod:ClearGuonStone"}],"event_choices":[{"damage_healed":0.0,"max_hp_gain":0.0,"max_hp_loss":0.0,"gold_gain":0.0,"event_name":"Living Wall","player_choice":"Grow","floor":2.0,"gold_loss":0.0,"damage_taken":0.0,"cards_upgraded":["Deadly Poison"]},{"damage_healed":0.0,"max_hp_gain":0.0,"max_hp_loss":6.0,"gold_gain":0.0,"event_name":"Golden Idol","player_choice":"Lose Max HP","floor":7.0,"gold_loss":0.0,"damage_taken":0.0,"relics_obtained":["Golden Idol"]}],"is_beta":false,"boss_relics":[{"not_picked":["Replay:Bronze Core","Snecko Scales"],"picked":"hubris:ScarierMask"},{"not_picked":["Runic Dome","hubris:HollowSoul"],"picked":"Ring of Chaos"}],"items_purged_floors":[],"is_endless":false,"potions_floor_spawned":[1,6,8,14,19,28,31],"killed_by":"Transient","ascension_level":2}}