{"host":"wy23tj84iquxuyyu","time":1609104968,"event":{"mods":["Aspiration","BaseMod","Better Note","Colored Map","Fireblade Mod","Hermit","Marked Mod","Minty Spire (QoL Compilation)","Random Character Button","Rare Cards Sparkle","Relic Stats","Replay The Spire","Retaliation","Spicy Shops","StSLib","The Cursed","The Death Knight","The Necromancer","Trackpad"],"gold_per_floor":[112,112,126,137,137,137,103,103,181,206,223,298,312,326,326,425,425,441,441,108,79,91,91,103,103,174,174,184,204,204,237,237,340,340,359,375,432,432,450,450,467,7,7,7,23,41,41,91,91,91,91],"floor_reached":50,"playtime":6593,"items_purged":[],"score":641,"play_id":"6021b45a-f4fb-4e95-b900-4d05bc7d273a","local_time":"20201227163608","is_ascension_mode":false,"campfire_choices":[{"data":"DeathKnight:RuneTap","floor":6,"key":"SMITH"},{"data":"DeathKnight:Ossuary","floor":8,"key":"SMITH"},{"floor":23,"key":"REST"},{"floor":25,"key":"REST"},{"floor":27,"key":"REST"},{"floor":30,"key":"REST"},{"floor":32,"key":"REST"},{"floor":40,"key":"REST"},{"floor":44,"key":"REST"},{"floor":47,"key":"REST"},{"floor":49,"key":"REST"}],"circlet_count":0,"master_deck":["DeathKnight:Strike_DeathKnight","DeathKnight:Strike_DeathKnight","DeathKnight:Strike_DeathKnight","DeathKnight:Strike_DeathKnight","DeathKnight:Strike_DeathKnight","DeathKnight:Defend_DeathKnight","DeathKnight:Defend_DeathKnight","DeathKnight:Defend_DeathKnight","DeathKnight:Defend_DeathKnight","DeathKnight:RuneTap+1","DeathKnight:RuneStrike","DeathKnight:Ossuary","DeathKnight:Ossuary+1","DeathKnight:AntiMagicShell+1","FireBladeMod:Shove","Blind","DeathKnight:DreadStrike+1","Injury","DeathKnight:Runesurge","DeathKnight:MindFreeze+1","Parasite","DeathKnight:RunicCorruption","DeathKnight:Ossuary","Languid","DeathKnight:Ossuary+1"],"relics":["DeathKnight:BrokenRuneblade","DeathKnight:PreciousRibbon","Divine Protection","Anchor","Cursed Key","Bottled Lightning","trackpad:ByrdBGone","Replay:WaspNest","Runic Pyramid","DeathKnight:TomeOfFrostSpecialization","DeathKnight:SoulFragment","trackpad:GuardianSpirit","HornCleat","trackpad:FieryHotPepper"],"acts_visited":["Exordium","TheCity","TheBeyond"],"potions_floor_usage":[16,21,31,33,39],"damage_taken":[{"damage":1,"enemies":"Jaw Worm","floor":1,"turns":5},{"damage":0,"enemies":"Cultist","floor":3,"turns":3},{"damage":8,"enemies":"2 Louse","floor":4,"turns":2},{"damage":1,"enemies":"Replay:BlueRogue","floor":10,"turns":8},{"damage":2,"enemies":"Large Slime","floor":11,"turns":7},{"damage":0,"enemies":"Red Slaver","floor":13,"turns":6},{"damage":0,"enemies":"Lots of Slimes","floor":14,"turns":7},{"damage":60,"enemies":"Fading Forest","floor":16,"turns":11},{"damage":0,"enemies":"Shell Parasite","floor":18,"turns":9},{"damage":0,"enemies":"2 Thieves","floor":21,"turns":5},{"damage":46,"enemies":"3 Cultists","floor":22,"turns":9},{"damage":28,"enemies":"Sentry and Sphere","floor":24,"turns":11},{"damage":14,"enemies":"Centurion and Healer","floor":28,"turns":7},{"damage":3,"enemies":"Snecko","floor":29,"turns":6},{"damage":28,"enemies":"Slavers","floor":31,"turns":5},{"damage":35,"enemies":"Pondfish","floor":33,"turns":11},{"damage":0,"enemies":"3 Shapes","floor":35,"turns":7},{"damage":2,"enemies":"Orb Walker","floor":36,"turns":6},{"damage":25,"enemies":"Writhing Mass","floor":39,"turns":10},{"damage":46,"enemies":"Transient","floor":41,"turns":5},{"damage":9,"enemies":"Sphere and 2 Shapes","floor":45,"turns":9},{"damage":0,"enemies":"Spire Growth","floor":46,"turns":8},{"damage":0,"enemies":"Mind Bloom Boss Battle","floor":48,"turns":14},{"damage":180,"enemies":"Donu and Deca","floor":50,"turns":13}],"seed_played":"4377220046660073746","potions_obtained":[{"floor":2,"key":"Milkshake"},{"floor":2,"key":"DuplicationPotion"},{"floor":2,"key":"SmokeBomb"},{"floor":3,"key":"SkillPotion"},{"floor":13,"key":"DuplicationPotion"},{"floor":16,"key":"Block Potion"},{"floor":29,"key":"Death Potion"},{"floor":31,"key":"BlessingOfTheForge"},{"floor":36,"key":"Strength Potion"},{"floor":37,"key":"CultistPotion"}],"is_trial":false,"path_per_floor":["M","?","M","M","?","R","$","R","T","E","M","?","M","M","R_BF","B",null,"M","?","$","M","M","R","M","R","T","R","M","M","R","E","R","B",null,"M","M","?","?","M","R","M","$","T","R","M","M","R","?","R","B"],"character_chosen":"DEATH_KNIGHT","items_purchased":["DeathKnight:Ossuary","Blind","Bottled Lightning","DeathKnight:Ossuary","DeathKnight:SoulFragment","trackpad:GuardianSpirit"],"campfire_rested":9,"item_purchase_floors":[7,20,20,42,42,42],"current_hp_per_floor":[74,74,74,66,71,71,71,71,71,70,68,57,57,57,75,15,75,75,75,75,75,29,51,23,45,45,67,53,50,72,44,66,31,75,75,73,73,73,48,70,24,24,24,46,37,37,59,59,75,0,0],"gold":91,"neow_bonus":"RANDOM_COMMON_RELIC","is_daily":false,"chose_seed":false,"campfire_upgraded":2,"win_rate":0.0,"timestamp":1609104968,"path_taken":["M","?","?","M","?","R","?","R","T","E","M","?","M","M","R_BF","BOSS","M","?","$","M","?","R","?","R","T","R","M","M","R","E","R","BOSS","M","M","?","?","M","R","M","$","T","R","M","M","R","?","R","BOSS"],"items_purchased_type":["Card","Card","Relic","Card","Relic","Relic"],"build_version":"2020-12-22","purchased_purges":0,"victory":false,"max_hp_per_floor":[75,75,75,75,75,75,75,75,75,75,75,75,75,75,75,75,75,75,75,75,75,75,75,75,75,75,75,75,75,75,75,75,75,75,75,75,75,75,75,75,75,75,75,75,75,75,75,75,75,75,75],"relic_stats":{"counters":[24,184],"Cursed Key":2,"obtain_stats":[{"trackpad:GuardianSpirit":42,"Divine Protection":9,"DeathKnight:TomeOfFrostSpecialization":37,"trackpad:ByrdBGone":26,"Replay:WaspNest":31,"DeathKnight:PreciousRibbon":0,"Cursed Key":17,"DeathKnight:SoulFragment":42,"Anchor":10,"HornCleat":43,"trackpad:FieryHotPepper":48,"Bottled Lightning":20,"DeathKnight:BrokenRuneblade":0,"Runic Pyramid":34},{"trackpad:GuardianSpirit":20,"Divine Protection":3,"DeathKnight:TomeOfFrostSpecialization":18,"trackpad:ByrdBGone":12,"Replay:WaspNest":15,"DeathKnight:PreciousRibbon":0,"Cursed Key":8,"DeathKnight:SoulFragment":20,"Anchor":4,"HornCleat":20,"trackpad:FieryHotPepper":23,"Bottled Lightning":9,"DeathKnight:BrokenRuneblade":0,"Runic Pyramid":16},{"trackpad:GuardianSpirit":140,"Divine Protection":10,"DeathKnight:TomeOfFrostSpecialization":125,"trackpad:ByrdBGone":83,"Replay:WaspNest":101,"DeathKnight:PreciousRibbon":0,"Cursed Key":49,"DeathKnight:SoulFragment":140,"Anchor":18,"HornCleat":140,"trackpad:FieryHotPepper":171,"Bottled Lightning":58,"DeathKnight:BrokenRuneblade":0,"Runic Pyramid":112}]},"card_choices":[{"not_picked":["DeathKnight:BludPresence","DeathKnight:BoneSpear"],"picked":"DeathKnight:HornOfWinter","floor":1},{"not_picked":["DeathKnight:RaiseAlly","DeathKnight:DeathsAdvance","DeathKnight:UnholyPresence"],"picked":"SKIP","floor":3},{"not_picked":["DeathKnight:FoulBulwark","DeathKnight:HornOfWinter","DeathKnight:BoneSpear"],"picked":"SKIP","floor":4},{"not_picked":["DeathKnight:BloodPact","DeathKnight:BludPresence","DeathKnight:PlagueStrike"],"picked":"SKIP","floor":10},{"not_picked":["DeathKnight:BoneShield","DeathKnight:DeathCoil","DeathKnight:Parry"],"picked":"SKIP","floor":11},{"not_picked":["DeathKnight:MarkOfBlood","DeathKnight:Parry"],"picked":"DeathKnight:AntiMagicShell","floor":13},{"not_picked":["DeathKnight:HornOfWinter","DeathKnight:PathOfFrost","DeathKnight:RaiseAlly"],"picked":"SKIP","floor":14},{"not_picked":["DeathKnight:BloodStrike","DeathKnight:Hemostasis","DeathKnight:BludPresence"],"picked":"SKIP","floor":18},{"not_picked":["DeathKnight:ChainsOfIce","DeathKnight:DeathCoil"],"picked":"DeathKnight:DreadStrike+1","floor":21},{"not_picked":["DeathKnight:BludPresence","DeathKnight:Culling+1","DeathKnight:MutagenicPlague"],"picked":"SKIP","floor":22},{"not_picked":["DeathKnight:DeathCoil","DeathKnight:DeathStrike","DeathKnight:IceboundArmor"],"picked":"SKIP","floor":24},{"not_picked":["DeathKnight:BludPresence","DeathKnight:Parry+1","DeathKnight:DancingRuneblade"],"picked":"SKIP","floor":28},{"not_picked":["DeathKnight:DeathAndDecay","DeathKnight:DarkSuccor","DeathKnight:Marrowrend"],"picked":"SKIP","floor":29},{"not_picked":["DeathKnight:DarkSuccor","DeathKnight:DeathAndDecay+1","DeathKnight:MindFreeze"],"picked":"SKIP","floor":31},{"not_picked":["DeathKnight:ArmyOfTheDead","DeathKnight:UnholyExperiment"],"picked":"DeathKnight:Runesurge","floor":33},{"not_picked":["DeathKnight:Rot","DeathKnight:BludPresence+1","DeathKnight:HowlingBlast+1"],"picked":"SKIP","floor":35},{"not_picked":["DeathKnight:FrosPresence+1","DeathKnight:MutagenicPlague","DeathKnight:DeathGrip"],"picked":"SKIP","floor":36},{"not_picked":["DeathKnight:Obliterate+1","DeathKnight:Contagion+1"],"picked":"DeathKnight:MindFreeze+1","floor":37},{"not_picked":["DeathKnight:DeathAndDecay+1","DeathKnight:Hemostasis+1"],"picked":"DeathKnight:RunicCorruption","floor":39},{"not_picked":["DeathKnight:DeathGrip+1","DeathKnight:IceboundArmor+1","DeathKnight:RaiseAlly+1"],"picked":"SKIP","floor":41},{"not_picked":["DeathKnight:HowlingBlast+1","DeathKnight:FrostStrike+1"],"picked":"DeathKnight:Ossuary+1","floor":45},{"not_picked":["DeathKnight:FesteringStrike","DeathKnight:Defile","DeathKnight:ChainsOfIce+1"],"picked":"SKIP","floor":46}],"player_experience":816325,"relics_obtained":[{"floor":9,"key":"Divine Protection"},{"floor":10,"key":"Anchor"},{"floor":26,"key":"trackpad:ByrdBGone"},{"floor":31,"key":"Replay:WaspNest"},{"floor":37,"key":"DeathKnight:TomeOfFrostSpecialization"},{"floor":43,"key":"HornCleat"},{"floor":48,"key":"trackpad:FieryHotPepper"}],"event_choices":[{"damage_healed":0,"gold_gain":0,"player_choice":"Got Potions","damage_taken":0,"max_hp_gain":0,"max_hp_loss":0,"event_name":"Lab","floor":2,"gold_loss":0},{"cards_removed":["DeathKnight:HornOfWinter"],"damage_healed":5,"gold_gain":0,"player_choice":"Offered Common","damage_taken":0,"max_hp_gain":0,"max_hp_loss":0,"event_name":"Bonfire Elementals","floor":5,"gold_loss":0},{"cards_removed":["DeathKnight:HornOfWinter"],"damage_healed":5,"gold_gain":0,"player_choice":"Offered Special","damage_taken":0,"max_hp_gain":0,"max_hp_loss":0,"event_name":"Bonfire Elementals","floor":5,"gold_loss":0},{"damage_healed":0,"gold_gain":75,"player_choice":"Gather Gold","damage_taken":11,"max_hp_gain":0,"max_hp_loss":0,"event_name":"World of Goop","floor":12,"gold_loss":0},{"cards_removed":["DeathKnight:AntiMagicShell"],"damage_healed":0,"gold_gain":0,"player_choice":"Take \u0026 Give","damage_taken":0,"max_hp_gain":0,"max_hp_loss":0,"event_name":"betterNote:BetterNote","floor":19,"gold_loss":0,"cards_obtained":["FireBladeMod:Shove"]},{"cards_removed":["DeathKnight:Defend_DeathKnight"],"damage_healed":0,"gold_gain":0,"player_choice":"Removed Skill","damage_taken":0,"max_hp_gain":0,"max_hp_loss":0,"event_name":"Falling","floor":38,"gold_loss":0},{"damage_healed":0,"gold_gain":0,"player_choice":"Fight","damage_taken":0,"max_hp_gain":0,"max_hp_loss":0,"event_name":"MindBloom","floor":48,"gold_loss":0}],"is_beta":false,"boss_relics":[{"not_picked":["SlaversCollar","Busted Crown"],"picked":"Cursed Key"},{"not_picked":["Philosopher\u0027s Stone","aspiration:WatcherSkillbook"],"picked":"Runic Pyramid"}],"items_purged_floors":[],"is_endless":false,"potions_floor_spawned":[3,4,13,16,29,31,36],"killed_by":"Donu and Deca","ascension_level":0}}