{"host":"19tvufa8xx4wr4o1","time":1609034137,"event":{"mods":["AchievementEnabler","BaseMod","Better Sensory Stone","Better Third Choice","Highlight Path","Minty Spire (QoL Compilation)","Relic Stats","StSLib"],"gold_per_floor":[116,127,127,138,158,158,158,3,71,98,98,133,133,158,158,253,253,273,234,251,268,126,126,126,126],"floor_reached":24,"playtime":862,"items_purged":[],"score":342,"play_id":"5318fa3b-980e-4f6c-be51-e5deecd5227e","local_time":"20201226195537","is_ascension_mode":true,"campfire_choices":[{"data":"CarveReality","floor":6.0,"key":"SMITH"},{"floor":11.0,"key":"REST"},{"data":"Wallop","floor":13.0,"key":"SMITH"},{"data":"Vault","floor":15,"key":"SMITH"},{"floor":23,"key":"REST"}],"circlet_count":0,"master_deck":["AscendersBane","Strike_P","Strike_P+1","Strike_P+1","Strike_P","Defend_P","Defend_P","Defend_P","Defend_P","Eruption","Vigilance","CarveReality+1","Indignation","Flash of Steel","Wallop+1","Vault+1","SpiritShield","LikeWater+1","TalkToTheHand+1","EmptyFist+1","Tantrum+1"],"relics":["SlaversCollar","Regal Pillow","Letter Opener","Whetstone","Bag of Preparation","Molten Egg 2","Black Star"],"acts_visited":["Exordium","TheCity"],"potions_floor_usage":[18,20,24,24],"damage_taken":[{"damage":3.0,"enemies":"Jaw Worm","floor":1.0,"turns":6.0},{"damage":0.0,"enemies":"Cultist","floor":2.0,"turns":3.0},{"damage":1.0,"enemies":"2 Louse","floor":4.0,"turns":4.0},{"damage":10.0,"enemies":"Exordium Thugs","floor":5.0,"turns":5.0},{"damage":15.0,"enemies":"Lagavulin","floor":10.0,"turns":7.0},{"damage":17.0,"enemies":"Gremlin Nob","floor":12.0,"turns":4.0},{"damage":17,"enemies":"Lagavulin","floor":14,"turns":4},{"damage":7,"enemies":"Hexaghost","floor":16,"turns":9},{"damage":11,"enemies":"Spheric Guardian","floor":18,"turns":5},{"damage":37,"enemies":"3 Byrds","floor":20,"turns":7},{"damage":10,"enemies":"Centurion and Healer","floor":21,"turns":5},{"damage":45,"enemies":"3 Cultists","floor":24,"turns":6}],"seed_played":"8315930856375775535","potions_obtained":[{"floor":2.0,"key":"Block Potion"},{"floor":4.0,"key":"Weak Potion"},{"floor":14,"key":"StancePotion"},{"floor":21,"key":"SkillPotion"}],"is_trial":false,"path_per_floor":["M","M","?","M","M","R","?","$","T","E","R","E","R","E","R","B",null,"M","$","M","M","$","R","M"],"character_chosen":"WATCHER","items_purchased":["Regal Pillow","TalkToTheHand+1","Tantrum+1","StancePotion"],"campfire_rested":2,"item_purchase_floors":[8,19,22,22],"current_hp_per_floor":[62,62,55,54,44,44,44,44,44,29,65,48,48,31,31,24,60,49,49,12,2,2,38,0,0],"gold":126,"neow_bonus":"BOSS_RELIC","is_daily":false,"chose_seed":false,"campfire_upgraded":3,"win_rate":0.0,"timestamp":1609034137,"path_taken":["M","M","?","M","?","R","?","?","T","E","R","E","R","E","R","BOSS","M","?","?","?","$","R","M"],"items_purchased_type":["Relic","Card","Card","Potion"],"build_version":"2020-12-22","purchased_purges":0,"victory":false,"max_hp_per_floor":[72,72,72,72,72,72,72,72,72,72,72,72,72,72,72,72,72,72,72,72,72,72,72,72,72],"relic_stats":{"Regal Pillow":30,"counters":[12,65],"Bag of Preparation":[12],"Black Star":0,"Letter Opener":[12],"Whetstone":["Strike_P","Strike_P"],"obtain_stats":[{"SlaversCollar":0,"Regal Pillow":8,"Molten Egg 2":14,"Bag of Preparation":12,"Black Star":17,"Letter Opener":9,"Whetstone":10,"PureWater":0},{"SlaversCollar":0,"Regal Pillow":4,"Molten Egg 2":7,"Bag of Preparation":6,"Black Star":8,"Letter Opener":4,"Whetstone":5,"PureWater":0},{"SlaversCollar":0,"Regal Pillow":18,"Molten Egg 2":33,"Bag of Preparation":29,"Black Star":42,"Letter Opener":18,"Whetstone":25,"PureWater":0}]},"card_choices":[{"not_picked":["Prostrate","ThirdEye","SashWhip"],"picked":"SKIP","floor":1.0},{"not_picked":["Indignation","WaveOfTheHand"],"picked":"CarveReality","floor":2.0},{"not_picked":["CutThroughFate","CrushJoints"],"picked":"Indignation","floor":4.0},{"not_picked":["ThirdEye","EmptyBody","Sanctity"],"picked":"SKIP","floor":5.0},{"not_picked":["Finesse","Violence"],"picked":"Flash of Steel","floor":7.0},{"not_picked":["WindmillStrike","FearNoEvil"],"picked":"Wallop","floor":10.0},{"not_picked":["CutThroughFate","FlyingSleeves","Evaluate"],"picked":"SKIP","floor":12.0},{"not_picked":["Prostrate","Wireheading"],"picked":"Vault","floor":14},{"not_picked":["ConjureBlade","DeusExMachina"],"picked":"SpiritShield","floor":16},{"not_picked":["Worship+1","FollowUp+1"],"picked":"LikeWater+1","floor":18},{"not_picked":["ReachHeaven+1","Study","Evaluate"],"picked":"SKIP","floor":20},{"not_picked":["BattleHymn","FlurryOfBlows+1"],"picked":"EmptyFist+1","floor":21}],"player_experience":534646,"relics_obtained":[{"floor":9.0,"key":"Letter Opener"},{"floor":10.0,"key":"Whetstone"},{"floor":12.0,"key":"Bag of Preparation"},{"floor":14,"key":"Molten Egg 2"}],"event_choices":[{"damage_healed":0.0,"max_hp_gain":0.0,"max_hp_loss":0.0,"gold_gain":0.0,"event_name":"Wheel of Change","player_choice":"Damaged","floor":3.0,"gold_loss":0.0,"damage_taken":7.0},{"damage_healed":0.0,"max_hp_gain":0.0,"max_hp_loss":0.0,"gold_gain":1.0,"event_name":"betterStone:BetterStone","player_choice":"1","floor":7.0,"gold_loss":0.0,"damage_taken":0.0}],"is_beta":false,"boss_relics":[{"not_picked":["SacredBark","Busted Crown"],"picked":"Black Star"}],"items_purged_floors":[],"is_endless":false,"potions_floor_spawned":[2,4,14,16,21],"killed_by":"3 Cultists","ascension_level":12}}