{"host":"kw4o7b3ro2ktmmbe","time":1609027637,"event":{"mods":["BaseMod","Evolution","Minty Spire (QoL Compilation)","StSLib","The Marked","Treasure Hunter"],"gold_per_floor":[471,546,546,569,268,268,308,308,308,332,353,373,373,387,387,510,510,510],"floor_reached":17,"playtime":1080,"items_purged":[],"score":216,"play_id":"a95d7741-71ec-4419-a941-f7bf238923fe","local_time":"20201227130717","is_ascension_mode":true,"campfire_choices":[{"data":"theMarked:SoldierOfQuellstein","floor":6,"key":"SMITH"},{"data":"theMarked:EternalStudent","floor":13,"key":"SMITH"},{"data":"theMarked:EmpowerWeapon","floor":15,"key":"SMITH"}],"circlet_count":0,"master_deck":["theMarked:Electrocute","theMarked:Electrocute","theMarked:Electrocute","theMarked:Electrocute","theMarked:Electrocute","theMarked:Defend+1","theMarked:Defend+1","theMarked:Defend","theMarked:Defend","theMarked:SoldierOfQuellstein+1","theMarked:EmpowerWeapon+1","TH:Mimic+1","theMarked:EternalStudent+1","TH:ArmorSpikes+1","theMarked:SoldierForm"],"relics":["theMarked:ArtifactOfAir","EVO:Axolotl","NeowsBlessing","Golden Idol","War Paint","Nunchaku","Dead Branch","TH:Anvil","Fusion Hammer"],"acts_visited":["Exordium","TheCity"],"potions_floor_usage":[16,16],"damage_taken":[{"damage":0,"enemies":"Jaw Worm","floor":1,"turns":1},{"damage":0,"enemies":"2 Louse","floor":4,"turns":1},{"damage":0,"enemies":"Lagavulin","floor":7,"turns":2},{"damage":0,"enemies":"Cultist","floor":10,"turns":3},{"damage":0,"enemies":"Gremlin Gang","floor":11,"turns":4},{"damage":0,"enemies":"Large Slime","floor":12,"turns":3},{"damage":3,"enemies":"Red Slaver","floor":14,"turns":2},{"damage":63,"enemies":"Hexaghost","floor":16,"turns":11}],"seed_played":"-8606747946743305131","potions_obtained":[{"floor":7,"key":"theMarked:ChargePotion"},{"floor":10,"key":"Explosive Potion"},{"floor":12,"key":"Explosive Potion"}],"is_trial":false,"path_per_floor":["M","?","?","M","$","R","E","?","T","M","M","M","R","M","R","B",null],"character_chosen":"THE_DEFAULT","items_purchased":["War Paint","Nunchaku"],"campfire_rested":0,"item_purchase_floors":[5,5],"current_hp_per_floor":[70,59,42,42,42,42,42,80,80,80,80,80,80,77,77,14,80,80],"gold":510,"neow_bonus":"THREE_ENEMY_KILL","is_daily":false,"chose_seed":false,"campfire_upgraded":3,"win_rate":0.0,"timestamp":1609027637,"path_taken":["M","?","?","M","$","R","E","?","T","?","?","?","R","M","R","BOSS"],"items_purchased_type":["Relic","Relic"],"build_version":"2020-12-22","purchased_purges":0,"victory":false,"max_hp_per_floor":[70,70,70,70,70,70,70,80,80,80,80,80,80,80,80,80,80,80],"card_choices":[{"not_picked":["theMarked:HeightenedSenses","theMarked:Frustration","theMarked:ResourceFulStrike"],"picked":"SKIP","floor":1},{"not_picked":["theMarked:TwofoldDefense","theMarked:Parkour","theMarked:ElectricStrings"],"picked":"SKIP","floor":4},{"not_picked":["TH:BikiniMail"],"picked":"TH:CopperCoins","floor":7},{"not_picked":["theMarked:Aftermath","theMarked:Static"],"picked":"theMarked:EmpowerWeapon","floor":7},{"not_picked":["TH:EnergyPotion"],"picked":"TH:Mimic","floor":9},{"not_picked":["theMarked:HeightenedSenses","theMarked:CreepingChasm"],"picked":"theMarked:EternalStudent","floor":10},{"not_picked":["theMarked:ContemptForTheProud","theMarked:Electrocute","theMarked:Parkour"],"picked":"SKIP","floor":11},{"not_picked":["theMarked:ContemptForTheProud","theMarked:Improvise","theMarked:BanishingStrike"],"picked":"SKIP","floor":12},{"not_picked":["theMarked:SelfDefenseTraining","theMarked:HeightenedSenses","theMarked:GodGivenPower"],"picked":"SKIP","floor":14},{"not_picked":["TH:ElvenBoots"],"picked":"TH:ArmorSpikes","floor":16},{"not_picked":["theMarked:UnarmedFury","theMarked:TurnInvisible"],"picked":"theMarked:SoldierForm","floor":16}],"player_experience":1793588,"relics_obtained":[{"floor":7,"key":"Dead Branch"},{"floor":9,"key":"TH:Anvil"}],"event_choices":[{"damage_healed":0,"gold_gain":75,"player_choice":"Gather Gold","damage_taken":11,"max_hp_gain":0,"max_hp_loss":0,"event_name":"World of Goop","floor":2,"gold_loss":0},{"damage_healed":0,"gold_gain":0,"player_choice":"Take Damage","damage_taken":17,"relics_obtained":["Golden Idol"],"max_hp_gain":0,"max_hp_loss":0,"event_name":"Golden Idol","floor":3,"gold_loss":0},{"cards_removed":["TH:CopperCoins"],"damage_healed":28,"gold_gain":0,"player_choice":"Offered Rare","damage_taken":0,"max_hp_gain":10,"max_hp_loss":0,"event_name":"Bonfire Elementals","floor":8,"gold_loss":0}],"is_beta":false,"boss_relics":[{"not_picked":["Tiny House","Black Star"],"picked":"Fusion Hammer"}],"items_purged_floors":[],"is_endless":false,"potions_floor_spawned":[7,10,12,14],"ascension_level":1}}