{"host":"jak4ncvfzor9mys0","time":1609038874,"event":{"mods":["2.2 Compatiblity","AchievementEnabler","BaseMod","Better Altar","Better Match","Better Note","Better Sensory Stone","Better Skull","Better Third Choice","BetterRewards","Block Reminder","Colored Map","Colored Powertips","Energized Spire","Gold Saver","Hubris","Infinite Spire","Key Reminder","Minty Spire (QoL Compilation)","Rare Cards Sparkle","Red Circlet Mod","Relic Sorter","Relic Stats","Replay The Spire","Retaliation","StSLib","SuperFastMode","The Blue Laboratory"],"gold_per_floor":[2099,1737,1754,1609,1619,1619,1599,1599,1599,1599,1599,1610,1623,1636,1636,1733,1733,1751,1765,1765,1777,1793,1793,1804,1804,1804,1804,1804],"floor_reached":27,"playtime":747,"items_purged":["Defend_R"],"score":307,"play_id":"4fa9f2d2-583c-4e8a-a59c-631c01e41873","local_time":"20201226191434","is_ascension_mode":false,"campfire_choices":[{"data":"Perfected Strike","floor":6,"key":"SMITH"},{"data":"Perfected Strike","floor":8,"key":"SMITH"},{"data":"Shrug It Off","floor":15,"key":"SMITH"},{"data":"ReplayTheSpireMod:LeadingStrike","floor":23,"key":"SMITH"},{"floor":25,"key":"REST"}],"circlet_count":0,"master_deck":["Strike_R","Strike_R","Strike_R","Strike_R","Strike_R","Defend_R","Defend_R","Defend_R","Bash","Shrug It Off+1","Perfected Strike+1","Perfected Strike+1","Seeing Red","ReplayTheSpireMod:LeadingStrike+1"],"relics":["Black Blood","Replay:Accelerometer","Onion Ring","TungstenRod","Frozen Egg 2","Blood Vial","hubris:PeanutButter","Anchor"],"acts_visited":["Exordium","TheCity"],"potions_floor_usage":[16,21,24,27],"damage_taken":[{"damage":0,"enemies":"Cultist","floor":1,"turns":3},{"damage":2,"enemies":"Small Slimes","floor":3,"turns":2},{"damage":0,"enemies":"Jaw Worm","floor":5,"turns":3},{"damage":0,"enemies":"Blue Slaver","floor":12,"turns":2},{"damage":0,"enemies":"3 Louse","floor":13,"turns":3},{"damage":0,"enemies":"Large Slime","floor":14,"turns":2},{"damage":42,"enemies":"Hexaghost","floor":16,"turns":10},{"damage":8,"enemies":"Spheric Guardian","floor":18,"turns":4},{"damage":10,"enemies":"3 Byrds","floor":19,"turns":6},{"damage":19,"enemies":"Shelled Parasite and Fungi","floor":21,"turns":4},{"damage":43,"enemies":"Cultist and Chosen","floor":22,"turns":8},{"damage":29,"enemies":"Centurion and Healer","floor":24,"turns":6},{"damage":64,"enemies":"Nightmare","floor":27,"turns":5}],"seed_played":"-6445758652946453243","potions_obtained":[{"floor":3,"key":"ElixirPotion"},{"floor":14,"key":"DistilledChaos"},{"floor":16,"key":"blueLaboratory:ArtificerPotion"},{"floor":19,"key":"ColorlessPotion"},{"floor":22,"key":"SkillPotion"}],"is_trial":false,"path_per_floor":["M","$","M","$","M","R","?","R","T","?","?","M","M","M","R","B",null,"M","M","?","M","M","R","M","R","T","NM"],"character_chosen":"IRONCLAD","items_purchased":["Onion Ring","TungstenRod","Perfected Strike","Frozen Egg 2","Blood Vial"],"campfire_rested":1,"item_purchase_floors":[0,0,2,2,4],"current_hp_per_floor":[80,80,80,80,80,80,80,80,80,80,78,80,80,80,80,44,80,80,80,80,73,44,44,29,53,53,0,0],"gold":1804,"neow_bonus":"","is_daily":false,"chose_seed":false,"campfire_upgraded":4,"win_rate":0.0,"timestamp":1609038874,"path_taken":["M","$","M","?","M","R","?","R","T","?","?","M","M","M","R","BOSS","M","M","?","?","?","R","M","R","T","NM"],"items_purchased_type":["Relic","Relic","Card","Relic","Relic"],"build_version":"2020-12-22","purchased_purges":1,"victory":false,"max_hp_per_floor":[80,80,80,80,80,80,80,80,80,80,80,80,80,80,80,80,80,80,80,80,80,80,80,80,80,80,80,80],"relic_stats":{"Blood Vial":8,"counters":[78,416],"Black Blood":378,"obtain_stats":[{"Replay:Accelerometer":9,"Calipers":47,"Gremlin Horn":11,"Old Coin":39,"Sozu":51,"Blood Vial":4,"energizedSpire:TabascoSauce":17,"MealTicket":70,"HandDrill":53,"Replay:Wax Seal":3,"Dead Branch":44,"Oddly Smooth Stone":3,"Eternal Feather":24,"Replay:Kaleidoscope":60,"ReplayTheSpireMod:Spearhead":11,"infinitespire:Broken Mirror":45,"Onion Ring":0,"hubris:PeanutButter":9,"hubris:ToyBattleship":0,"Magic Flower":4,"Black Blood":17,"King of Hearts":37,"Bag of Preparation":14,"Juzu Bracelet":43,"Empty Cage":34,"Ancient Tea Set":56,"Burning Blood":0,"BranchBurnRelic":49,"Replay:Bandana":21,"energizedSpire:CursedPentagram":17,"TheAbacus":10,"infinitespire:Bottled Soul":53,"Pantograph":14,"hubris:ScarierMask":68,"WingedGreaves":58,"InkBottle":26,"energizedSpire:RedRose":44,"hubris:DisguiseKit":26,"Golden Idol":39,"Circlet":0,"Omamori":4,"Ring of Greed":39,"Orichalcum":14,"Odd Mushroom":12,"Frozen Egg 2":26,"Replay:Arrowhead":3,"Anchor":11,"Busted Crown":34,"Turnip":27,"Snack Pack":36,"ReplayTheSpireMod:Lightbulb":9,"hubris:Potato":7,"TungstenRod":0},{"Replay:Accelerometer":5,"Calipers":54,"Gremlin Horn":39,"Old Coin":51,"Sozu":56,"Blood Vial":67,"energizedSpire:TabascoSauce":42,"MealTicket":64,"HandDrill":57,"Replay:Wax Seal":2,"Dead Branch":52,"Oddly Smooth Stone":2,"Eternal Feather":46,"Replay:Kaleidoscope":60,"ReplayTheSpireMod:Spearhead":7,"infinitespire:Broken Mirror":53,"Onion Ring":65,"hubris:PeanutButter":68,"hubris:ToyBattleship":0,"Magic Flower":38,"Black Blood":72,"King of Hearts":51,"Bag of Preparation":41,"Juzu Bracelet":52,"Empty Cage":18,"Ancient Tea Set":59,"Burning Blood":0,"BranchBurnRelic":55,"Replay:Bandana":44,"energizedSpire:CursedPentagram":10,"TheAbacus":24,"infinitespire:Bottled Soul":57,"Pantograph":9,"hubris:ScarierMask":63,"WingedGreaves":60,"InkBottle":46,"energizedSpire:RedRose":52,"hubris:DisguiseKit":13,"Golden Idol":51,"Circlet":0,"Omamori":38,"Ring of Greed":51,"Orichalcum":9,"Odd Mushroom":25,"Frozen Egg 2":33,"Replay:Arrowhead":21,"Anchor":68,"Busted Crown":49,"Turnip":14,"Snack Pack":18,"ReplayTheSpireMod:Lightbulb":39,"hubris:Potato":39,"TungstenRod":65},{"Replay:Accelerometer":23,"Calipers":301,"Gremlin Horn":220,"Old Coin":283,"Sozu":319,"Blood Vial":363,"energizedSpire:TabascoSauce":238,"MealTicket":356,"HandDrill":321,"Replay:Wax Seal":7,"Dead Branch":288,"Oddly Smooth Stone":7,"Eternal Feather":257,"Replay:Kaleidoscope":328,"ReplayTheSpireMod:Spearhead":30,"infinitespire:Broken Mirror":296,"Onion Ring":358,"hubris:PeanutButter":366,"hubris:ToyBattleship":0,"Magic Flower":214,"Black Blood":383,"King of Hearts":283,"Bag of Preparation":227,"Juzu Bracelet":288,"Empty Cage":85,"Ancient Tea Set":325,"Burning Blood":0,"BranchBurnRelic":305,"Replay:Bandana":244,"energizedSpire:CursedPentagram":43,"TheAbacus":119,"infinitespire:Bottled Soul":321,"Pantograph":38,"hubris:ScarierMask":350,"WingedGreaves":328,"InkBottle":257,"energizedSpire:RedRose":288,"hubris:DisguiseKit":54,"Golden Idol":283,"Circlet":0,"Omamori":214,"Ring of Greed":283,"Orichalcum":38,"Odd Mushroom":127,"Frozen Egg 2":192,"Replay:Arrowhead":100,"Anchor":366,"Busted Crown":277,"Turnip":62,"Snack Pack":85,"ReplayTheSpireMod:Lightbulb":220,"hubris:Potato":220,"TungstenRod":358}],"TungstenRod":35},"card_choices":[{"not_picked":["Twin Strike","Anger"],"picked":"Shrug It Off","floor":1},{"not_picked":["Ghostly Armor","Shrug It Off"],"picked":"Perfected Strike","floor":3},{"not_picked":["Abandon","Power Through","Heavy Blade"],"picked":"SKIP","floor":5},{"not_picked":["DDmod:ScaleUpSkill","Replay:Undeath\u0027s Touch","Clash"],"picked":"SKIP","floor":12},{"not_picked":["Run Through","Thunderclap","Body Slam"],"picked":"SKIP","floor":13},{"not_picked":["hubris:CleavingFinish","DDmod:SpikedSkill","Fire Breathing+1"],"picked":"SKIP","floor":14},{"not_picked":["Replay:Undeath\u0027s Touch","Blood for Blood","Sword Boomerang"],"picked":"SKIP","floor":18},{"not_picked":["Heavy Blade","Run Through","Pummel+1"],"picked":"SKIP","floor":19},{"not_picked":["DDmod:EasePowerCard+1","Pummel"],"picked":"Seeing Red","floor":21},{"not_picked":["Disarm","DDmod:PokeAttack+1"],"picked":"ReplayTheSpireMod:LeadingStrike","floor":22},{"not_picked":["Iron Wave+1","Havoc","DDmod:PokeAttack"],"picked":"SKIP","floor":24}],"player_experience":2672558,"relics_obtained":[{"floor":9,"key":"hubris:PeanutButter"},{"floor":26,"key":"Replay:Accelerometer"}],"event_choices":[{"damage_healed":0,"gold_gain":0,"player_choice":"Left","damage_taken":0,"max_hp_gain":0,"max_hp_loss":0,"event_name":"betterThird:BetterGoop","floor":7,"gold_loss":20},{"damage_healed":0,"gold_gain":0,"player_choice":"Leave","damage_taken":0,"max_hp_gain":0,"max_hp_loss":0,"event_name":"The Cleric","floor":10,"gold_loss":0},{"damage_healed":0,"gold_gain":0,"player_choice":"Relic ","damage_taken":3,"max_hp_gain":0,"max_hp_loss":0,"event_name":"betterThird:BetterScrap","floor":11,"gold_loss":0,"cards_obtained":["Choke"]},{"cards_removed":["Strike_R"],"damage_healed":0,"gold_gain":0,"player_choice":"Give","damage_taken":0,"max_hp_gain":0,"max_hp_loss":0,"event_name":"betterNote:BetterNote","floor":20,"gold_loss":0,"cards_obtained":["Defend_R"]}],"is_beta":false,"boss_relics":[{"not_picked":["energizedSpire:RedRose","Snecko Heart"],"picked":"Black Blood"}],"items_purged_floors":[2],"is_endless":false,"potions_floor_spawned":[3,14,16,19,22],"killed_by":"Nightmare","ascension_level":0}}