{"host":"bq4pt811tk9yrmjl","time":1609072349,"event":{"mods":["AchievementEnabler","BaseMod","Colored Map","Colored Powertips","Defuse TimeMaze Blight","Hermit","Minty Spire (QoL Compilation)","StSLib","SuperFastMode","UnlockEverythingMod"],"gold_per_floor":[109,128,128,128,128,128,158,158,239,258,278,298,298,313,313,415,415,398,206,206,206],"floor_reached":20,"playtime":385,"items_purged":[],"score":209,"play_id":"4cc83350-ee57-4beb-9450-89aa1dd2fc66","local_time":"20201227103229","is_ascension_mode":true,"campfire_choices":[{"data":"hermit:Brawl","floor":6,"key":"SMITH"},{"data":"hermit:Determination","floor":8,"key":"SMITH"},{"data":"hermit:Snapshot","floor":15,"key":"SMITH"}],"circlet_count":0,"master_deck":["hermit:Strike_Hermit","hermit:Strike_Hermit","hermit:Strike_Hermit","hermit:Strike_Hermit","hermit:Defend_Hermit","hermit:Defend_Hermit","hermit:Defend_Hermit","hermit:Defend_Hermit","hermit:Snapshot+1","hermit:Covet","hermit:Brawl+1","hermit:Determination+1","hermit:FlashPowder","hermit:Vantage","hermit:Quickdraw","hermit:Snipe","hermit:Roughhouse","CurseOfTheBell","hermit:Shortfuse"],"relics":["hermit:Momento","NeowsBlessing","Sundial","Calling Bell","Happy Flower","Matryoshka","Lizard Tail","Membership Card"],"acts_visited":["Exordium","TheCity"],"potions_floor_usage":[12,16,16,18],"damage_taken":[{"damage":0,"enemies":"Jaw Worm","floor":1,"turns":1},{"damage":0,"enemies":"Small Slimes","floor":2,"turns":2},{"damage":0,"enemies":"3 Sentries","floor":7,"turns":2},{"damage":1,"enemies":"Cultist","floor":10,"turns":4},{"damage":0,"enemies":"Looter","floor":11,"turns":4},{"damage":3,"enemies":"2 Fungi Beasts","floor":12,"turns":4},{"damage":4,"enemies":"Blue Slaver","floor":14,"turns":5},{"damage":4,"enemies":"Slime Boss","floor":16,"turns":8},{"damage":25,"enemies":"2 Thieves","floor":18,"turns":4},{"damage":36,"enemies":"Masked Bandits","floor":20,"turns":5}],"seed_played":"-8216252944189853249","potions_obtained":[{"floor":2,"key":"hermit:Tonic"},{"floor":7,"key":"Strength Potion"},{"floor":11,"key":"ColorlessPotion"},{"floor":14,"key":"Regen Potion"},{"floor":18,"key":"Strength Potion"}],"is_trial":false,"path_per_floor":["M","M","?","$","?","R","E","R","T","M","M","M","?","M","R","B",null,"M","$","?"],"character_chosen":"HERMIT","items_purchased":["Membership Card","hermit:Shortfuse"],"campfire_rested":0,"item_purchase_floors":[19,19],"current_hp_per_floor":[75,75,75,75,75,75,75,75,75,74,74,71,71,67,67,63,75,62,62,26,26],"gold":206,"neow_bonus":"THREE_ENEMY_KILL","is_daily":false,"chose_seed":false,"campfire_upgraded":3,"win_rate":0.0,"timestamp":1609072349,"path_taken":["M","M","?","$","?","R","E","R","T","?","M","M","?","M","R","BOSS","M","$","?"],"items_purchased_type":["Relic","Card"],"build_version":"2020-12-22","purchased_purges":0,"victory":false,"max_hp_per_floor":[75,75,75,75,75,75,75,75,75,75,75,75,75,75,75,75,75,75,75,75,75],"card_choices":[{"not_picked":["hermit:ItchyTrigger","hermit:FlashPowder"],"picked":"hermit:Brawl","floor":1},{"not_picked":["hermit:Coalescence","hermit:BigShot"],"picked":"hermit:Determination","floor":2},{"not_picked":["hermit:ItchyTrigger","hermit:DeadMansHand"],"picked":"hermit:FlashPowder","floor":7},{"not_picked":["hermit:HighCaliber","hermit:DeadMansHand","hermit:Vantage"],"picked":"SKIP","floor":10},{"not_picked":["hermit:HighCaliber","hermit:DeadMansHand"],"picked":"hermit:Vantage","floor":10},{"not_picked":["hermit:Glare","hermit:Manifest","hermit:NoHoldsBarred"],"picked":"SKIP","floor":11},{"not_picked":["hermit:Coalescence","hermit:PistolWhip"],"picked":"hermit:Quickdraw","floor":12},{"not_picked":["hermit:SprayPray","hermit:WideOpen"],"picked":"hermit:Snipe","floor":14},{"not_picked":["hermit:Dissolve","hermit:RoundhouseKick"],"picked":"hermit:Roughhouse","floor":16},{"not_picked":["hermit:Cheat","hermit:Feint","hermit:Headshot"],"picked":"SKIP","floor":18}],"player_experience":124773,"relics_obtained":[{"floor":7,"key":"Sundial"},{"floor":17,"key":"Happy Flower"},{"floor":17,"key":"Matryoshka"},{"floor":17,"key":"Lizard Tail"}],"event_choices":[{"damage_healed":0,"gold_gain":0,"player_choice":"Leave","damage_taken":0,"max_hp_gain":0,"max_hp_loss":0,"event_name":"The Cleric","floor":3,"gold_loss":0},{"damage_healed":0,"gold_gain":0,"player_choice":"Ignored","damage_taken":0,"max_hp_gain":0,"max_hp_loss":0,"event_name":"Purifier","floor":5,"gold_loss":0},{"damage_healed":0,"gold_gain":0,"player_choice":"Ignored","damage_taken":0,"max_hp_gain":0,"max_hp_loss":0,"event_name":"Liars Game","floor":13,"gold_loss":0},{"damage_healed":0,"gold_gain":0,"player_choice":"Fought Bandits","damage_taken":0,"max_hp_gain":0,"max_hp_loss":0,"event_name":"Masked Bandits","floor":20,"gold_loss":0}],"is_beta":false,"boss_relics":[{"not_picked":["Fusion Hammer","Empty Cage"],"picked":"Calling Bell"}],"items_purged_floors":[],"is_endless":false,"potions_floor_spawned":[2,7,11,14,18],"killed_by":"Masked Bandits","ascension_level":1}}