{"host":"f5uumzf5hfexzk8l","time":1609110774,"event":{"mods":["BaseMod","Colored Map","Googly Eyes","Highlight Path","Minty Spire (QoL Compilation)","Permanent Neow","StSLib","SuperFastMode","Unceasing Turn Reminder"],"gold_per_floor":[118,35,35,46,66,101,116,116,116],"floor_reached":8,"playtime":344,"items_purged":[],"score":116,"play_id":"cc17a7c3-603e-481d-bf41-424f50815b17","local_time":"20201227151254","is_ascension_mode":true,"campfire_choices":[],"circlet_count":0,"master_deck":["AscendersBane","Strike_G","Strike_G","Strike_G","Strike_G","Defend_G","Defend_G","Defend_G","Defend_G","Defend_G","Survivor","Neutralize","Doubt","Bullet Time","Noxious Fumes","Footwork","Predator","Deadly Poison","Crippling Poison","PiercingWail"],"relics":["Ring of the Snake","Boot"],"acts_visited":["Exordium"],"potions_floor_usage":[4,6,6,8],"damage_taken":[{"damage":4,"enemies":"Jaw Worm","floor":1,"turns":4},{"damage":0,"enemies":"Cultist","floor":4,"turns":4},{"damage":3,"enemies":"Small Slimes","floor":5,"turns":4},{"damage":26,"enemies":"Gremlin Nob","floor":6,"turns":5},{"damage":6,"enemies":"Looter","floor":7,"turns":5},{"damage":30,"enemies":"3 Sentries","floor":8,"turns":8}],"seed_played":"-4279713331745540919","potions_obtained":[{"floor":1,"key":"EntropicBrew"},{"floor":6,"key":"Swift Potion"}],"is_trial":false,"path_per_floor":["M","$","?","M","M","E","M","E"],"character_chosen":"THE_SILENT","items_purchased":["Footwork"],"campfire_rested":0,"item_purchase_floors":[2],"current_hp_per_floor":[55,55,55,55,52,26,20,0,0],"gold":116,"neow_bonus":"THREE_RARE_CARDS","is_daily":false,"chose_seed":false,"campfire_upgraded":0,"win_rate":0.0,"timestamp":1609110774,"path_taken":["M","$","?","?","M","E","M","E"],"items_purchased_type":["Card"],"build_version":"2020-12-22","purchased_purges":0,"victory":false,"max_hp_per_floor":[66,66,66,66,66,66,66,66,66],"card_choices":[{"not_picked":["Wraith Form v2","Adrenaline"],"picked":"Bullet Time","floor":0},{"not_picked":["Deflect","Masterful Stab"],"picked":"Noxious Fumes","floor":1},{"not_picked":["Cloak And Dagger","Endless Agony"],"picked":"Deadly Poison","floor":4},{"not_picked":["Masterful Stab","Poisoned Stab","Slice"],"picked":"SKIP","floor":5},{"not_picked":["Masterful Stab","Poisoned Stab","Slice"],"picked":"SKIP","floor":5},{"not_picked":["Doppelganger","Skewer"],"picked":"Crippling Poison","floor":6},{"not_picked":["Outmaneuver","Predator"],"picked":"PiercingWail","floor":7}],"player_experience":308714,"relics_obtained":[{"floor":6,"key":"Boot"}],"event_choices":[{"damage_healed":0,"gold_gain":0,"cards_transformed":["Strike_G"],"player_choice":"Transformed","damage_taken":0,"max_hp_gain":0,"max_hp_loss":0,"event_name":"Transmorgrifier","floor":3,"gold_loss":0,"cards_obtained":["Predator"]}],"is_beta":false,"boss_relics":[],"items_purged_floors":[],"is_endless":false,"potions_floor_spawned":[1,6],"killed_by":"3 Sentries","ascension_level":20}}