{"host":"vp2frn5hc2y9r85i","time":1609065995,"event":{"mods":["2.2 Compatiblity","AchievementEnabler","BaseMod","BetterRewards","Colored Map","DeckTracker","Highlight Path","Minty Spire (QoL Compilation)","Random Character Button","Rare Cards Sparkle","StSLib","The Sage","Transform Curses"],"gold_per_floor":[109,119,119,136,148,148,204,216,216,18,18,29,29,5,5,104,104,123,123,141,171,190,209,209,227,227,46,46,62,80,95,95,200,200,219,441,491,501,520,520,536,536,536,536,546,557,575,575,575,575,575],"floor_reached":50,"playtime":2865,"items_purged":[],"score":592,"play_id":"6ffbd3e8-54fa-46c2-81c5-8f0b103e83bc","local_time":"20201227114635","is_ascension_mode":false,"campfire_choices":[{"data":"Noxious Fumes","floor":6,"key":"SMITH"},{"data":"Blade Dance","floor":13,"key":"SMITH"},{"data":"Crippling Poison","floor":15,"key":"SMITH"},{"floor":24,"key":"REST"},{"data":"Deflect","floor":28,"key":"SMITH"},{"data":"Accuracy","floor":32,"key":"SMITH"},{"data":"Envenom","floor":40,"key":"SMITH"},{"data":"Backflip","floor":42,"key":"SMITH"},{"floor":49,"key":"REST"}],"circlet_count":0,"master_deck":["Strike_G","Strike_G","Strike_G","Strike_G","Strike_G","Defend_G","Defend_G","Defend_G","Defend_G","Survivor","Neutralize","Noxious Fumes+1","Bouncing Flask","Acrobatics","Accuracy+1","Blade Dance+1","Leg Sweep","Flying Knee","Backflip+1","Crippling Poison+1","Poisoned Stab","After Image","Prepared","Deflect+1","A Thousand Cuts","Thinking Ahead","PiercingWail","Envenom+1","Backflip+1","Deflect+1","Parasite","Terror+1","Backflip+1"],"relics":["Ring of the Snake","Ninja Scroll","Potion Belt","MealTicket","Happy Flower","WristBlade","MutagenicStrength","Red Mask","Matryoshka","Philosopher\u0027s Stone","StoneCalendar","Toy Ornithopter","Molten Egg 2"],"acts_visited":["Exordium","TheCity","TheBeyond"],"potions_floor_usage":[16,33,33,33,45,45,45,47,47,47],"damage_taken":[{"damage":0,"enemies":"Cultist","floor":1,"turns":3},{"damage":6,"enemies":"Jaw Worm","floor":2,"turns":4},{"damage":0,"enemies":"2 Louse","floor":4,"turns":2},{"damage":6,"enemies":"2 Fungi Beasts","floor":5,"turns":3},{"damage":12,"enemies":"Lagavulin Event","floor":7,"turns":5},{"damage":15,"enemies":"Large Slime","floor":8,"turns":6},{"damage":3,"enemies":"Exordium Thugs","floor":12,"turns":5},{"damage":5,"enemies":"Hexaghost","floor":16,"turns":7},{"damage":0,"enemies":"Spheric Guardian","floor":18,"turns":1},{"damage":0,"enemies":"3 Byrds","floor":20,"turns":4},{"damage":0,"enemies":"Masked Bandits","floor":21,"turns":4},{"damage":18,"enemies":"Snake Plant","floor":22,"turns":4},{"damage":0,"enemies":"Shelled Parasite and Fungi","floor":23,"turns":5},{"damage":5,"enemies":"Sentry and Sphere","floor":25,"turns":5},{"damage":11,"enemies":"Snecko","floor":29,"turns":4},{"damage":6,"enemies":"Shelled Parasite and Fungi","floor":30,"turns":5},{"damage":0,"enemies":"Centurion and Healer","floor":31,"turns":3},{"damage":33,"enemies":"Collector","floor":33,"turns":7},{"damage":0,"enemies":"3 Darklings","floor":35,"turns":5},{"damage":13,"enemies":"Mind Bloom Boss Battle","floor":37,"turns":6},{"damage":3,"enemies":"Orb Walker","floor":38,"turns":3},{"damage":1,"enemies":"Maw","floor":39,"turns":7},{"damage":10,"enemies":"Jaw Worm Horde","floor":41,"turns":4},{"damage":28,"enemies":"Writhing Mass","floor":45,"turns":5},{"damage":3,"enemies":"4 Shapes","floor":46,"turns":4},{"damage":11,"enemies":"Transient","floor":47,"turns":5},{"damage":53,"enemies":"Awakened One","floor":50,"turns":8}],"seed_played":"6334092098733062392","potions_obtained":[{"floor":1,"key":"DistilledChaos"},{"floor":5,"key":"SkillPotion"},{"floor":7,"key":"Explosive Potion"},{"floor":18,"key":"GhostInAJar"},{"floor":20,"key":"FearPotion"},{"floor":22,"key":"Swift Potion"},{"floor":33,"key":"SteroidPotion"},{"floor":35,"key":"FearPotion"},{"floor":39,"key":"BlessingOfTheForge"},{"floor":41,"key":"Block Potion"},{"floor":46,"key":"DistilledChaos"}],"is_trial":false,"path_per_floor":["M","M","?","M","M","R","?","M","T","$","?","M","R","$","R","B",null,"M","?","M","?","M","M","R","M","T","$","R","M","M","M","R","B",null,"M","?","?","M","M","R","M","R","T","?","M","M","M","?","R","B"],"character_chosen":"THE_SILENT","items_purchased":["Ninja Scroll","Noxious Fumes","Bouncing Flask","Happy Flower","Backflip","Poisoned Stab","Thinking Ahead"],"campfire_rested":2,"item_purchase_floors":[0,0,0,10,10,14,27],"current_hp_per_floor":[70,64,64,64,58,58,46,31,31,46,46,43,43,58,58,53,70,70,70,70,70,52,52,70,65,65,70,70,59,53,53,53,20,70,70,70,57,54,53,53,43,43,43,43,30,27,31,31,52,0,0],"gold":575,"neow_bonus":"","is_daily":false,"chose_seed":false,"campfire_upgraded":7,"win_rate":0.0,"timestamp":1609065995,"path_taken":["M","M","?","M","?","R","?","M","T","$","?","M","R","$","R","BOSS","M","?","M","?","M","M","R","M","T","$","R","M","?","M","R","BOSS","M","?","?","M","M","R","M","R","T","?","M","?","M","?","R","BOSS"],"items_purchased_type":["Relic","Card","Card","Relic","Card","Card","Card"],"build_version":"2020-12-22","purchased_purges":0,"victory":false,"max_hp_per_floor":[70,70,70,70,70,70,70,70,70,70,70,70,70,70,70,70,70,70,70,70,70,70,70,70,70,70,70,70,70,70,70,70,70,70,70,70,70,70,70,70,70,70,70,70,70,70,70,70,70,70,70],"card_choices":[{"not_picked":["Underhanded Strike","Finisher"],"picked":"Acrobatics","floor":1},{"not_picked":["Sucker Punch","Backstab"],"picked":"Accuracy","floor":2},{"not_picked":["Deflect","Bouncing Flask"],"picked":"Blade Dance","floor":4},{"not_picked":["Dagger Throw","Acrobatics","Underhanded Strike"],"picked":"SKIP","floor":5},{"not_picked":["Heel Hook","Backflip"],"picked":"Leg Sweep","floor":7},{"not_picked":["Flechettes","Heel Hook"],"picked":"Flying Knee","floor":8},{"not_picked":["Wraith Form v2","Blade Dance"],"picked":"Crippling Poison","floor":12},{"not_picked":["Tools of the Trade","Burst"],"picked":"After Image","floor":16},{"not_picked":["Sucker Punch+1","Backstab"],"picked":"Prepared","floor":18},{"not_picked":["Slice","Reflex","Acrobatics"],"picked":"SKIP","floor":20},{"not_picked":["Poisoned Stab+1","Finisher","Outmaneuver"],"picked":"SKIP","floor":22},{"not_picked":["Bane","Sucker Punch+1"],"picked":"Deflect","floor":23},{"not_picked":["Leg Sweep","Eviscerate"],"picked":"A Thousand Cuts","floor":25},{"not_picked":["Acrobatics","Dagger Spray+1","Flechettes"],"picked":"SKIP","floor":29},{"not_picked":["Acrobatics","Flechettes+1"],"picked":"PiercingWail","floor":30},{"not_picked":["Poisoned Stab+1","Slice+1","Backflip"],"picked":"SKIP","floor":31},{"not_picked":["Burst","Unload"],"picked":"Envenom","floor":33},{"not_picked":["Noxious Fumes","Backflip","Calculated Gamble+1"],"picked":"SKIP","floor":35},{"not_picked":["Well Laid Plans","Bane+1"],"picked":"Backflip+1","floor":38},{"not_picked":["Predator","Poisoned Stab"],"picked":"Deflect+1","floor":39},{"not_picked":["Crippling Poison+1","Expertise","Finisher"],"picked":"SKIP","floor":41},{"not_picked":["Poisoned Stab+1","Skewer+1"],"picked":"Terror+1","floor":45},{"not_picked":["Outmaneuver","Predator+1","Deadly Poison"],"picked":"SKIP","floor":46},{"not_picked":["Acrobatics+1","Crippling Poison+1"],"picked":"Backflip+1","floor":47}],"player_experience":43221,"relics_obtained":[{"floor":7,"key":"Potion Belt"},{"floor":9,"key":"MealTicket"},{"floor":21,"key":"Red Mask"},{"floor":26,"key":"Matryoshka"},{"floor":37,"key":"StoneCalendar"},{"floor":43,"key":"Toy Ornithopter"},{"floor":43,"key":"Molten Egg 2"}],"event_choices":[{"cards_removed":["Defend_G"],"damage_healed":0,"gold_gain":0,"player_choice":"Offered Basic","damage_taken":0,"max_hp_gain":0,"max_hp_loss":0,"event_name":"Bonfire Elementals","floor":3,"gold_loss":0},{"damage_healed":0,"gold_gain":0,"player_choice":"Searched \u00272\u0027 times","damage_taken":0,"max_hp_gain":0,"max_hp_loss":0,"event_name":"Dead Adventurer","floor":7,"gold_loss":0},{"damage_healed":0,"gold_gain":0,"player_choice":"Ignored","damage_taken":0,"max_hp_gain":0,"max_hp_loss":0,"event_name":"Liars Game","floor":11,"gold_loss":0},{"damage_healed":0,"gold_gain":0,"player_choice":"Inject Mutagens","damage_taken":0,"relics_obtained":["MutagenicStrength"],"max_hp_gain":0,"max_hp_loss":0,"event_name":"Drug Dealer","floor":19,"gold_loss":0},{"damage_healed":0,"gold_gain":0,"player_choice":"Fought Bandits","damage_taken":0,"max_hp_gain":0,"max_hp_loss":0,"event_name":"Masked Bandits","floor":21,"gold_loss":0},{"damage_healed":0,"gold_gain":222,"player_choice":"Wore Mask","damage_taken":0,"max_hp_gain":0,"max_hp_loss":0,"event_name":"Tomb of Lord Red Mask","floor":36,"gold_loss":0},{"damage_healed":0,"gold_gain":0,"player_choice":"Fight","damage_taken":0,"max_hp_gain":0,"max_hp_loss":0,"event_name":"MindBloom","floor":37,"gold_loss":0},{"damage_healed":0,"gold_gain":0,"player_choice":"Ignored","damage_taken":0,"max_hp_gain":0,"max_hp_loss":0,"event_name":"Transmorgrifier","floor":44,"gold_loss":0},{"damage_healed":0,"gold_gain":0,"player_choice":"0 cards matched","damage_taken":0,"max_hp_gain":0,"max_hp_loss":0,"event_name":"Match and Keep!","floor":48,"gold_loss":0,"cards_obtained":[]}],"is_beta":false,"boss_relics":[{"not_picked":["Tiny House","Cursed Key"],"picked":"WristBlade"},{"not_picked":["Snecko Eye","Astrolabe"],"picked":"Philosopher\u0027s Stone"}],"items_purged_floors":[],"is_endless":false,"potions_floor_spawned":[1,5,7,18,20,22,31,33,35,39,41,46],"killed_by":"Awakened One","ascension_level":0}}