{"host":"hfxp6ue4pvwo3fit","time":1609047932,"event":{"mods":["AchievementEnabler","BaseMod","Colored Map","Colored Powertips","Highlight Path","Minty Spire (QoL Compilation)","StSLib","SuperFastMode"],"gold_per_floor":[99,99,99,99,99,99,99,99,99,59,59,59,3,3,3,3,3,3,3,3,3,3,3],"floor_reached":22,"playtime":925,"items_purged":[],"score":392,"play_id":"5d855ad5-f005-47bc-ac5e-aa665b70751f","local_time":"20201226234532","is_ascension_mode":true,"campfire_choices":[{"data":"Zap","floor":6,"key":"SMITH"},{"data":"Ball Lightning","floor":8,"key":"SMITH"},{"floor":11,"key":"REST"},{"data":"Steam","floor":15,"key":"SMITH"}],"circlet_count":0,"master_deck":["AscendersBane","Strike_B","Strike_B","Strike_B","Strike_B","Defend_B","Defend_B","Defend_B","Defend_B","Zap+1","Dualcast","Ball Lightning+1","Coolheaded+1","Chill","Compile Driver","Tempest","Steam+1","Meteor Strike","Ball Lightning","Skim"],"relics":["Ectoplasm","Blue Candle","Cables","Oddly Smooth Stone","Pantograph","Inserter"],"acts_visited":["Exordium","TheCity"],"potions_floor_usage":[7,16,22],"damage_taken":[{"damage":3,"enemies":"2 Louse","floor":1,"turns":4},{"damage":1,"enemies":"Cultist","floor":2,"turns":3},{"damage":2,"enemies":"Jaw Worm","floor":4,"turns":4},{"damage":27,"enemies":"Gremlin Nob","floor":7,"turns":4},{"damage":3,"enemies":"Exordium Thugs","floor":10,"turns":3},{"damage":3,"enemies":"3 Sentries","floor":12,"turns":6},{"damage":0,"enemies":"Exordium Wildlife","floor":14,"turns":2},{"damage":47,"enemies":"Hexaghost","floor":16,"turns":12},{"damage":10,"enemies":"Spheric Guardian","floor":18,"turns":4},{"damage":24,"enemies":"Shell Parasite","floor":19,"turns":5},{"damage":17,"enemies":"3 Cultists","floor":21,"turns":6},{"damage":47,"enemies":"Chosen and Byrds","floor":22,"turns":5}],"seed_played":"7354981709317265018","potions_obtained":[{"floor":2,"key":"AttackPotion"},{"floor":10,"key":"ColorlessPotion"},{"floor":18,"key":"Swift Potion"},{"floor":21,"key":"FairyPotion"}],"is_trial":false,"path_per_floor":["M","M","?","M","?","R","E","R","T","M","R","E","?","M","R","B",null,"M","M","?","M","M"],"character_chosen":"DEFECT","items_purchased":[],"campfire_rested":1,"item_purchase_floors":[],"current_hp_per_floor":[61,60,49,47,47,47,20,20,20,17,38,35,35,35,35,13,57,47,23,23,6,0,0],"gold":3,"neow_bonus":"BOSS_RELIC","is_daily":false,"chose_seed":false,"campfire_upgraded":3,"win_rate":0.0,"timestamp":1609047932,"path_taken":["M","M","?","M","?","R","E","R","T","?","R","E","?","?","R","BOSS","M","M","?","M","M"],"items_purchased_type":[],"build_version":"2020-12-22","purchased_purges":0,"victory":false,"max_hp_per_floor":[71,71,71,71,71,71,71,71,71,71,71,71,71,71,71,71,71,71,71,71,71,71,71],"card_choices":[{"not_picked":["Redo","Stack"],"picked":"Ball Lightning","floor":1},{"not_picked":["Stack","Darkness"],"picked":"Coolheaded","floor":2},{"not_picked":["Redo","Gash"],"picked":"Chill","floor":4},{"not_picked":["Hyperbeam","Undo"],"picked":"Compile Driver","floor":7},{"not_picked":["Lockon","Blizzard"],"picked":"Tempest","floor":10},{"not_picked":["Stack","Consume"],"picked":"Steam","floor":12},{"not_picked":["Steam Power","Reprogram","Gash"],"picked":"SKIP","floor":14},{"not_picked":["Biased Cognition","Fission"],"picked":"Meteor Strike","floor":16},{"not_picked":["Hologram","Hello World"],"picked":"Ball Lightning","floor":18},{"not_picked":["Gash","Ball Lightning"],"picked":"Skim","floor":19},{"not_picked":["Ball Lightning","Sweeping Beam","Heatsinks"],"picked":"SKIP","floor":21}],"player_experience":438030,"relics_obtained":[{"floor":7,"key":"Blue Candle"},{"floor":9,"key":"Cables"},{"floor":12,"key":"Oddly Smooth Stone"}],"event_choices":[{"damage_healed":0,"gold_gain":75,"player_choice":"Gather Gold","damage_taken":11,"max_hp_gain":0,"max_hp_loss":0,"event_name":"World of Goop","floor":3,"gold_loss":0},{"damage_healed":0,"gold_gain":0,"player_choice":"Forge","damage_taken":0,"max_hp_gain":0,"max_hp_loss":0,"event_name":"Accursed Blacksmith","floor":5,"gold_loss":0,"cards_upgraded":["Coolheaded"]},{"damage_healed":0,"gold_gain":0,"player_choice":"Paid Gold","damage_taken":0,"relics_obtained":["Pantograph"],"max_hp_gain":0,"max_hp_loss":0,"event_name":"WeMeetAgain","floor":13,"gold_loss":56}],"is_beta":false,"boss_relics":[{"not_picked":["Runic Dome","Cursed Key"],"picked":"Inserter"}],"items_purged_floors":[],"is_endless":false,"potions_floor_spawned":[2,10,18,21],"killed_by":"Chosen and Byrds","ascension_level":20}}