{"host":"b0l902yh1rk3g5bq","time":1609080639,"event":{"mods":["AchievementEnabler","Act Like it!","Aspiration","BaseMod","Better Match","Better Sensory Stone","Better Skull","Better Third Choice","BetterRewards","Challenge The Spire","Colored Map","Colored Powertips","Conspire","Downfall","Energized Spire","GifTheSpireLib","Halation","Hubris","Infinite Spire","Minty Spire (QoL Compilation)","Quick Restart","Rare Cards Sparkle","Replay The Spire","StSLib","Stuff the Spire","Trackpad","Virulent Crown","Wandering Minibosses","egg","everything is the same but u backflip on backflip","vexMod"],"gold_per_floor":[115,47,62,28,28,59,59,59,59],"floor_reached":8,"playtime":247,"items_purged":[],"score":57,"play_id":"fb6f9fe4-b9eb-41cc-a582-eab15b9a2596","local_time":"20201227155039","daily_mods":["Draft","Heirloom","Flight","DeadlyEvents","Elite Swarm"],"is_ascension_mode":true,"campfire_choices":[{"floor":7,"key":"REST"}],"circlet_count":0,"master_deck":["Blade Dance","Choke","Flying Knee","StuffTheSpire:ClusterCrunch","Cloak And Dagger","PiercingWail","Toxin Wave","conspire:DoublingDagger","Leg Sweep","Poisoned Stab","Terror","Crippling Poison","Distraction","Cloak And Dagger","Dagger Spray","Caltrops","Poisoned Stab","Fluid Movement"],"relics":["Ring of the Snake","Ring of Chaos","Tough Bandages","Replay:Multitool"],"acts_visited":["Exordium"],"potions_floor_usage":[],"damage_taken":[{"damage":0,"enemies":"Cultist","floor":1,"turns":2},{"damage":8,"enemies":"Jaw Worm","floor":3,"turns":3},{"damage":30,"enemies":"Gremlin Nob","floor":6,"turns":4},{"damage":0,"enemies":"3 Sentries","floor":8,"turns":1}],"seed_played":"-1462395727693090767","potions_obtained":[{"floor":1,"key":"Venom Potion"}],"is_trial":true,"path_per_floor":["M","$","M","$","?","E","R","E"],"character_chosen":"THE_SILENT","items_purchased":["Caltrops","Fluid Movement"],"campfire_rested":1,"item_purchase_floors":[2,4],"current_hp_per_floor":[70,70,62,62,55,25,46,46,46],"gold":59,"neow_bonus":"","is_daily":false,"chose_seed":false,"campfire_upgraded":0,"win_rate":0.0,"timestamp":1609080639,"path_taken":["M","$","?","$","?","E","R","E"],"items_purchased_type":["Card","Card"],"build_version":"2020-12-22","purchased_purges":0,"victory":false,"max_hp_per_floor":[70,70,70,70,70,70,70,70,70],"card_choices":[{"not_picked":["Bane","Tactician"],"picked":"Blade Dance","floor":0},{"not_picked":["Acrobatics","Dagger Throw"],"picked":"Choke","floor":0},{"not_picked":["Slice","ReplayTheSpireMod:Exploit Weakness"],"picked":"Flying Knee","floor":0},{"not_picked":["StuffTheSpire:Incantation","hubris:SlightOfHand"],"picked":"StuffTheSpire:ClusterCrunch","floor":0},{"not_picked":["StuffTheSpire:ClusterCrunch","Prepared"],"picked":"Cloak And Dagger","floor":0},{"not_picked":["Dagger Throw","ReplayTheSpireMod:The Works"],"picked":"PiercingWail","floor":0},{"not_picked":["Hidden Blade","Heel Hook"],"picked":"Toxin Wave","floor":0},{"not_picked":["Sucker Punch","StuffTheSpire:Shiver"],"picked":"conspire:DoublingDagger","floor":0},{"not_picked":["Deadly Poison","StuffTheSpire:ClusterCrunch"],"picked":"Leg Sweep","floor":0},{"not_picked":["Bane","Prepared"],"picked":"Poisoned Stab","floor":0},{"not_picked":["ReplayTheSpireMod:Tripwire","Deadly Poison"],"picked":"Terror","floor":0},{"not_picked":["StuffTheSpire:BumpUp","Eviscerate"],"picked":"Crippling Poison","floor":0},{"not_picked":["StuffTheSpire:ClusterCrunch","Terror"],"picked":"Distraction","floor":0},{"not_picked":["Underhanded Strike","Prepared"],"picked":"Cloak And Dagger","floor":0},{"not_picked":["StuffTheSpire:Injection","Poisoned Stab"],"picked":"Dagger Spray","floor":0},{"not_picked":["hubris:SlightOfHand","Masterful Stab","Flechettes"],"picked":"SKIP","floor":1},{"not_picked":["Blade Dance","PiercingWail"],"picked":"Poisoned Stab","floor":3},{"not_picked":["aspiration:Lunge","Doppelganger","Atom Bomb"],"picked":"SKIP","floor":6}],"player_experience":596572,"relics_obtained":[{"floor":6,"key":"Replay:Multitool"}],"event_choices":[{"damage_healed":0,"gold_gain":0,"player_choice":"Damaged","damage_taken":7,"max_hp_gain":0,"max_hp_loss":0,"event_name":"Wheel of Change","floor":5,"gold_loss":0}],"is_beta":false,"boss_relics":[],"items_purged_floors":[],"is_endless":false,"potions_floor_spawned":[1],"killed_by":"3 Sentries","ascension_level":1}}