{"host":"vumwfieg2b2mnrfl","time":1609040001,"event":{"mods":["AchievementEnabler","BaseMod","Minty Spire (QoL Compilation)","Rare Cards Sparkle","Relic Stats"],"gold_per_floor":[111,111,111,261,261,296,296,37,64,107,32,56,89,112,112,208,208,221,221,221,121,145,145,145],"floor_reached":23,"playtime":631,"items_purged":["Doubt","Shame"],"score":446,"play_id":"3d78cb92-5570-43cb-873c-43267e8934c1","local_time":"20201226213321","is_ascension_mode":true,"campfire_choices":[{"floor":15,"key":"REST"}],"circlet_count":0,"master_deck":["AscendersBane","Strike_R","Strike_R","Strike_R","Strike_R","Defend_R","Defend_R","Defend_R","Defend_R","Bash","Spot Weakness","Warcry","Armaments","Anger","Clothesline","Bludgeon","Impervious","Rampage","Twin Strike"],"relics":["Burning Blood","NeowsBlessing","Boot","Ginger","Golden Idol","Kunai","Potion Belt","Frozen Egg 2","Centennial Puzzle","Philosopher\u0027s Stone","PreservedInsect"],"acts_visited":["Exordium","TheCity"],"potions_floor_usage":[16,22],"damage_taken":[{"damage":0,"enemies":"Cultist","floor":1,"turns":1},{"damage":0,"enemies":"3 Sentries","floor":6,"turns":2},{"damage":0,"enemies":"Gremlin Nob","floor":10,"turns":1},{"damage":3,"enemies":"Jaw Worm","floor":12,"turns":5},{"damage":37,"enemies":"Lagavulin","floor":13,"turns":8},{"damage":0,"enemies":"Small Slimes","floor":14,"turns":3},{"damage":51,"enemies":"The Guardian","floor":16,"turns":11},{"damage":1,"enemies":"Spheric Guardian","floor":18,"turns":4},{"damage":26,"enemies":"3 Byrds","floor":22,"turns":6},{"damage":54,"enemies":"Book of Stabbing","floor":23,"turns":5}],"seed_played":"-496219640566818706","potions_obtained":[{"floor":1,"key":"ElixirPotion"},{"floor":12,"key":"Dexterity Potion"},{"floor":13,"key":"ColorlessPotion"},{"floor":14,"key":"Regen Potion"}],"is_trial":false,"path_per_floor":["M","?","?","?","?","E","?","$","T","E","$","M","E","M","R","B",null,"M","?","?","$","M","E"],"character_chosen":"IRONCLAD","items_purchased":["Kunai"],"campfire_rested":1,"item_purchase_floors":[8],"current_hp_per_floor":[74,56,56,56,61,67,39,39,39,45,45,48,17,23,47,17,64,69,69,69,69,49,0,0],"gold":145,"neow_bonus":"THREE_ENEMY_KILL","is_daily":false,"chose_seed":false,"campfire_upgraded":0,"win_rate":0.0,"timestamp":1609040001,"path_taken":["M","?","?","?","?","E","?","$","T","E","?","?","E","M","R","BOSS","M","?","?","$","M","E"],"items_purchased_type":["Relic"],"build_version":"2020-12-22","purchased_purges":2,"victory":false,"max_hp_per_floor":[75,75,75,75,80,80,80,80,80,80,80,80,80,80,80,80,80,80,80,80,80,80,80,80],"relic_stats":{"Centennial Puzzle":[12],"counters":[10,46],"Golden Idol":53,"PreservedInsect":43,"Ginger":[0],"Kunai":[9],"Boot":[16],"obtain_stats":[{"Potion Belt":9,"Centennial Puzzle":13,"NeowsBlessing":0,"Golden Idol":7,"Philosopher\u0027s Stone":17,"PreservedInsect":19,"Ginger":6,"Kunai":8,"Frozen Egg 2":10,"Boot":2,"Burning Blood":0},{"Potion Belt":2,"Centennial Puzzle":5,"NeowsBlessing":0,"Golden Idol":2,"Philosopher\u0027s Stone":7,"PreservedInsect":8,"Ginger":2,"Kunai":2,"Frozen Egg 2":3,"Boot":1,"Burning Blood":0},{"Potion Belt":3,"Centennial Puzzle":17,"NeowsBlessing":0,"Golden Idol":3,"Philosopher\u0027s Stone":31,"PreservedInsect":35,"Ginger":3,"Kunai":3,"Frozen Egg 2":4,"Boot":1,"Burning Blood":0}],"Burning Blood":54},"card_choices":[{"not_picked":["Disarm","Uppercut"],"picked":"Spot Weakness","floor":1},{"not_picked":["Fiend Fire","Clash","Feel No Pain"],"picked":"SKIP","floor":6},{"not_picked":["Bloodletting","Offering"],"picked":"Armaments","floor":10},{"not_picked":["Iron Wave","Flex"],"picked":"Anger","floor":12},{"not_picked":["Thunderclap","Seeing Red"],"picked":"Clothesline","floor":13},{"not_picked":["Burning Pact","Thunderclap"],"picked":"Bludgeon","floor":14},{"not_picked":["Exhume","Brutality+1"],"picked":"Impervious","floor":16},{"not_picked":["Perfected Strike","Flex"],"picked":"Rampage","floor":18},{"not_picked":["Dark Embrace+1","Body Slam"],"picked":"Twin Strike","floor":22}],"player_experience":317131,"relics_obtained":[{"floor":6,"key":"Ginger"},{"floor":9,"key":"Potion Belt"},{"floor":10,"key":"Frozen Egg 2"},{"floor":13,"key":"Centennial Puzzle"}],"event_choices":[{"damage_healed":0,"gold_gain":0,"player_choice":"Success","damage_taken":18,"relics_obtained":["Boot"],"max_hp_gain":0,"max_hp_loss":0,"event_name":"Scrap Ooze","floor":2,"gold_loss":0},{"damage_healed":0,"gold_gain":0,"cards_transformed":["Strike_R"],"player_choice":"Change","damage_taken":0,"max_hp_gain":0,"max_hp_loss":0,"event_name":"Living Wall","floor":3,"gold_loss":0,"cards_obtained":["Warcry"]},{"damage_healed":0,"gold_gain":150,"player_choice":"AGREE","damage_taken":0,"max_hp_gain":0,"max_hp_loss":0,"event_name":"Liars Game","floor":4,"gold_loss":0,"cards_obtained":["Doubt"]},{"damage_healed":0,"gold_gain":0,"player_choice":"Donut","damage_taken":0,"max_hp_gain":5,"max_hp_loss":0,"event_name":"Big Fish","floor":5,"gold_loss":0},{"damage_healed":0,"gold_gain":0,"player_choice":"Take Damage","damage_taken":28,"relics_obtained":["Golden Idol"],"max_hp_gain":0,"max_hp_loss":0,"event_name":"Golden Idol","floor":7,"gold_loss":0},{"damage_healed":0,"gold_gain":0,"player_choice":"Stole Relic","damage_taken":0,"relics_obtained":["PreservedInsect"],"max_hp_gain":0,"max_hp_loss":0,"event_name":"Addict","floor":19,"gold_loss":0,"cards_obtained":["Shame"]},{"damage_healed":0,"gold_gain":0,"player_choice":"Ignored","damage_taken":0,"max_hp_gain":0,"max_hp_loss":0,"event_name":"The Mausoleum","floor":20,"gold_loss":0}],"is_beta":false,"boss_relics":[{"not_picked":["Pandora\u0027s Box","Black Blood"],"picked":"Philosopher\u0027s Stone"}],"items_purged_floors":[11,21],"is_endless":false,"potions_floor_spawned":[1,12,13,14],"killed_by":"Book of Stabbing","ascension_level":15}}