{"host":"17xjy7b7ubl548g2","time":1609055413,"event":{"mods":["2.2 Compatiblity","Act Like it!","Aspiration","Astrologer","Bard","BaseMod","Bestiary","Challenge The Spire","ChefMod","Colored Map","Conspire","Elementarium","Energized Spire","GifTheSpireLib","Halation","Hallownest","Hermit","Hubris","Infinite Spire","Jedi Mod","Jorbs\u0027s Wanderer Trilogy","Marisa（霧雨　魔理沙）","Marked Mod","Minty Spire (QoL Compilation)","Pale of the Ancients","Permanent Neow","Puzzle Mod","Replay The Spire","Robot Space Explorer","Spicy Shops","StSLib","Stuff the Spire","The Blue Laboratory","The Bug Knight","The Construct","The Disciple","The Hayseed","The Hierophant","The Runesmith","The Sage"],"gold_per_floor":[113,113,57,57,70,70,100,25,25,25,25,54,54,68,68,142,142,152,164,182,200,218,218,257,282,282,282,315,315,60,73,73,150,150,164,164,54,54,10,36,36,52,52,52,68,80,115,129,129,129,129,129,10,38,38],"floor_reached":56,"playtime":4439,"items_purged":["Strike_B","Strike_B"],"score":2192,"play_id":"9bbdfb94-0515-4e8c-abbd-77d3a880af4e","local_time":"20201227025013","is_ascension_mode":true,"campfire_choices":[{"data":"Zap","floor":6,"key":"SMITH"},{"data":"ReplayTheSpireMod:Dual Polarity","floor":10,"key":"SMITH"},{"data":"infinitespire:Oblivion","floor":13,"key":"SMITH"},{"data":"Dualcast","floor":15,"key":"SMITH"},{"data":"Hologram","floor":23,"key":"SMITH"},{"data":"jedi:hex","floor":29,"key":"SMITH"},{"data":"jedi:BurstLightning","floor":32,"key":"SMITH"},{"data":"infinitespire:Oblivion","floor":41,"key":"SMITH"},{"floor":44,"key":"RECALL"},{"data":"Capacitor","floor":49,"key":"SMITH"},{"data":"Reinforced Body","floor":52,"key":"SMITH"}],"circlet_count":0,"master_deck":["AscendersBane","Defend_B","Defend_B","Defend_B","Defend_B","Zap+1","Dualcast+1","Conserve Battery","infinitespire:Oblivion+1","Doom and Gloom+1","FTL","ReplayTheSpireMod:Dual Polarity+1","jedi:BurstLightning+1","jedi:studyfrost+1","Biased Cognition+1","Capacitor+1","Hologram+1","Echo Form+1","Ball Lightning","Conserve Battery","jedi:hex+1","Sunder+1","hubris:PowerSurge+1","Leap","jedi:gatheringstorm+1","Chill","infinitespire:Oblivion+1","hubris:Ukulele+1","Reinforced Body+1","Steam","Biased Cognition+1","Ball Lightning+1","Steam+1","Lockon"],"relics":["Cracked Core","Golden Egg","HornCleat","Hallownest:DreamNailRelic","Letter Opener","hubris:RunicObelisk","Omamori","conspire:IceCreamScoop","halation:VictoryRuler","Quantum Egg","Lee\u0027s Waffle","Velvet Choker","Hallownest:SoulVesselRelic","hubris:Icosahedron","jedi:crownofsimplicity","Potion Belt","aspiration:Lifesprig"],"acts_visited":["Exordium","Hallownest:Greenpath","Hallownest:CityofTears","TheEnding"],"potions_floor_usage":[7,7,16,19,22,25,33,40,45,55,55,55],"damage_taken":[{"damage":3,"enemies":"Hallownest:2_MossCreeps","floor":1,"turns":5},{"damage":3,"enemies":"Hallownest:2_Baldur","floor":5,"turns":2},{"damage":0,"enemies":"Hallownest:eliteCrystalGuardian","floor":7,"turns":4},{"damage":3,"enemies":"Hallownest:eliteVengeflyKing","floor":12,"turns":3},{"damage":0,"enemies":"2_ Uuma","floor":14,"turns":2},{"damage":6,"enemies":"Hallownest:BossBrokenVessel","floor":16,"turns":7},{"damage":0,"enemies":"Hallownest:Guard_and_Sentry","floor":18,"turns":3},{"damage":12,"enemies":"Hallownest:3_Youths","floor":19,"turns":4},{"damage":0,"enemies":"Hallownest:monsterShrumalOgre","floor":20,"turns":4},{"damage":12,"enemies":"Hallownest:3_Mistakes","floor":21,"turns":5},{"damage":1,"enemies":"Hallownest:2_Husk_Sentries","floor":22,"turns":4},{"damage":6,"enemies":"Hallownest:Glutton_and_Coward","floor":24,"turns":3},{"damage":0,"enemies":"Hallownest:Nosk","floor":25,"turns":4},{"damage":5,"enemies":"Hallownest:eliteSoulWarrior","floor":28,"turns":4},{"damage":0,"enemies":"Hallownest:3_Mistakes","floor":31,"turns":4},{"damage":0,"enemies":"Hallownest:BossSoulMaster","floor":33,"turns":5},{"damage":12,"enemies":"Hallownest:2_Littles","floor":35,"turns":5},{"damage":0,"enemies":"Hallownest:eliteHiveKnight","floor":40,"turns":4},{"damage":0,"enemies":"Hallownest:3_Siblings","floor":42,"turns":4},{"damage":0,"enemies":"Hallownest:Slobbering_and_Violent","floor":45,"turns":3},{"damage":0,"enemies":"Hallownest:Shield_Sturdy","floor":46,"turns":4},{"damage":3,"enemies":"Hallownest:eliteCollector","floor":47,"turns":4},{"damage":0,"enemies":"Hallownest:2_Great","floor":48,"turns":2},{"damage":20,"enemies":"Hallownest:BossHollowKnight","floor":50,"turns":8},{"damage":0,"enemies":"Shield and Spear","floor":54,"turns":3},{"damage":59,"enemies":"The Heart","floor":55,"turns":9}],"seed_played":"-8062842825982824434","potions_obtained":[{"floor":1,"key":"blueLaboratory:RecallPotion"},{"floor":5,"key":"jedi:StrikingPotion"},{"floor":12,"key":"LiquidMemories"},{"floor":14,"key":"FearPotion"},{"floor":16,"key":"jedi:coolantleak"},{"floor":19,"key":"Death Potion"},{"floor":21,"key":"Block Potion"},{"floor":22,"key":"Dexterity Potion"},{"floor":24,"key":"PowerPotion"},{"floor":31,"key":"blueLaboratory:CoolantVial"},{"floor":33,"key":"blueLaboratory:HorrorPotion"},{"floor":40,"key":"Energy Potion"},{"floor":47,"key":"SkillPotion"},{"floor":48,"key":"blueLaboratory:PolymorphPotion"}],"is_trial":false,"path_per_floor":["M","?","$","?","M","R","E","$","T","R","?","E","R","M","R","B",null,"M","M","M","M","M","R","M","E","T","T","E","R","$","M","R","B",null,"M","AVR","?","?","$","E","R","M","T","R","M","M","E","M","R","B",null,"R","$","E","B",null],"character_chosen":"DEFECT","items_purchased":["Doom and Gloom+1","Lee\u0027s Waffle","hubris:PowerSurge","hubris:Ukulele","Steam+1"],"campfire_rested":0,"item_purchase_floors":[3,30,30,39,53],"current_hp_per_floor":[68,49,49,49,46,46,46,46,46,46,46,43,43,43,43,37,62,62,50,50,38,37,37,31,31,31,31,26,26,77,77,77,77,77,65,65,65,65,65,65,65,65,65,65,65,65,62,62,62,42,68,68,68,68,9],"gold":38,"neow_bonus":"TEN_PERCENT_HP_BONUS","is_daily":false,"chose_seed":false,"campfire_upgraded":10,"win_rate":0.0,"timestamp":1609055413,"path_taken":["M","?","$","?","?","R","E","?","T","R","?","E","R","M","R","BOSS","M","?","?","?","M","R","M","E","T","?","E","R","$","M","R","BOSS","M","AVR","?","?","?","E","R","M","T","R","M","M","E","?","R","BOSS","R","$","E","BOSS"],"items_purchased_type":["Card","Relic","Card","Card","Card"],"build_version":"2020-12-22","purchased_purges":2,"victory":true,"max_hp_per_floor":[78,78,78,70,70,70,70,70,70,70,70,70,70,70,70,70,70,70,70,70,70,70,70,70,70,70,70,70,70,77,77,77,77,77,77,77,77,77,77,77,77,77,77,77,77,77,77,77,77,77,77,77,77,77,77],"card_choices":[{"not_picked":["jedi:BurstLightning","Gash"],"picked":"Conserve Battery","floor":1},{"not_picked":["infinitespire:NeuralNetwork","hubris:Rewind"],"picked":"infinitespire:Oblivion","floor":2},{"not_picked":["Stack","Loop"],"picked":"FTL","floor":5},{"not_picked":["Barrage","StuffTheSpire:Plugnplay"],"picked":"ReplayTheSpireMod:Dual Polarity","floor":7},{"not_picked":["Fusion","FTL"],"picked":"jedi:BurstLightning","floor":12},{"not_picked":["BasicCrystalCard","Hello World"],"picked":"jedi:studyfrost","floor":14},{"not_picked":["Reboot","hubris:DoWhile"],"picked":"Biased Cognition","floor":16},{"not_picked":["Rebound","ReplaySolidLightProjector"],"picked":"Capacitor","floor":18},{"not_picked":["Redo","StuffTheSpire:Plugnplay","Beam Cell"],"picked":"SKIP","floor":19},{"not_picked":["Redo","StuffTheSpire:Plugnplay","Beam Cell"],"picked":"SKIP","floor":19},{"not_picked":["Coolheaded","jedi:sharpshooter"],"picked":"Hologram","floor":20},{"not_picked":["ReplayTheSpireMod:System Scan","jedi:blockon"],"picked":"Echo Form","floor":21},{"not_picked":["Barrage","Cold Snap"],"picked":"Ball Lightning","floor":22},{"not_picked":["StuffTheSpire:Plugnplay","Chill"],"picked":"Conserve Battery","floor":24},{"not_picked":["Time Bomb","Coolheaded"],"picked":"jedi:hex","floor":25},{"not_picked":["jedi:reiji","Panic Button"],"picked":"Sunder+1","floor":28},{"not_picked":["Double Energy","Steam Power"],"picked":"Leap","floor":31},{"not_picked":["jedi:bruteforce","Seek"],"picked":"jedi:gatheringstorm","floor":33},{"not_picked":["Rebound","Panic Button"],"picked":"Chill","floor":35},{"not_picked":["StuffTheSpire:ShieldGenerator","ReplaySort+1"],"picked":"Reinforced Body","floor":40},{"not_picked":["Recycle","Scrape"],"picked":"Steam","floor":42},{"not_picked":["Go for the Eyes","Auto Shields+1"],"picked":"Biased Cognition","floor":45},{"not_picked":["Leap","Beam Cell"],"picked":"Ball Lightning+1","floor":46},{"not_picked":["Stack","Gash+1","StuffTheSpire:Rend"],"picked":"SKIP","floor":47},{"not_picked":["Chaos","StuffTheSpire:LoadUp","Stack"],"picked":"SKIP","floor":48},{"not_picked":["jedi:blockon","Go for the Eyes"],"picked":"Lockon","floor":54}],"player_experience":1642127,"relics_obtained":[{"floor":7,"key":"Golden Egg"},{"floor":9,"key":"HornCleat"},{"floor":12,"key":"Letter Opener"},{"floor":25,"key":"Omamori"},{"floor":26,"key":"conspire:IceCreamScoop"},{"floor":27,"key":"halation:VictoryRuler"},{"floor":28,"key":"Quantum Egg"},{"floor":40,"key":"jedi:crownofsimplicity"},{"floor":47,"key":"Potion Belt"},{"floor":54,"key":"aspiration:Lifesprig"}],"event_choices":[],"is_beta":false,"boss_relics":[{"not_picked":["sagemod:Falmels_Amulet","Philosopher\u0027s Stone"],"picked":"hubris:RunicObelisk"},{"not_picked":["StuffTheSpire:ModemDavis","aspiration:MobileForge"],"picked":"Velvet Choker"}],"items_purged_floors":[8,36],"is_endless":false,"potions_floor_spawned":[1,5,12,14,16,19,21,22,24,31,33,40,47,48],"ascension_level":17}}