{"host":"46hhpd9tbruz5rpt","time":1609085850,"event":{"mods":["BaseMod","Marisa£®ÏF”Í°°ƒß¿Ì…≥£©","Minty Spire (QoL Compilation)","Quick Restart","Replay The Spire","StSLib","The Cursed","The Servant 0.9.4"],"gold_per_floor":[119,119,20,30,30,63,76,76,76,76,92,151,168,199,199,300,300,315,315,215,155,70,70,70,95,95,95,95,194,212,87,87,182,182,194,244,244,255,105,132,157,157,157,233,253,279,314,340,340,356],"floor_reached":51,"playtime":1797,"items_purged":["Strike_MRS","Strike_MRS","Strike_MRS","UpSweep"],"score":893,"play_id":"5ab85f9c-76f1-4c7d-baac-8475de9caa4c","local_time":"20201228001730","is_ascension_mode":true,"campfire_choices":[{"data":"GrandCross","floor":8.0,"key":"SMITH"},{"data":"PowerUp","floor":10.0,"key":"SMITH"},{"data":"ShootingEcho","floor":15.0,"key":"SMITH"},{"data":"ManaRampage","floor":23.0,"key":"SMITH"},{"data":"MilkyWay","floor":28.0,"key":"SMITH"},{"data":"6A","floor":32.0,"key":"SMITH"},{"data":"PulseMagic","floor":42.0,"key":"SMITH"},{"data":"Parasite","floor":49.0,"key":"PURGE"}],"circlet_count":0,"master_deck":["MasterSpark","PowerUp+1","GrandCross+1","PulseMagic+1","ShootingEcho+1","ManaRampage+1","6A+1","MilkyWay+1","MilkyWay+1","EarthLightRay","PowerUp+1","6A+1","GrandCross+1"],"relics":["MiniHakkero","NeowsBlessing","Pear","Turnip","Gremlin Horn","Boot","ChewingGum","Replay:Bottled Snecko","Toy Ornithopter","Juzu Bracelet","Replay:Grab Bag","Philosopher\u0027s Stone","SlaversCollar","Pandora\u0027s Box","SacredBark","Incense Burner","CeramicFish","Replay:Accelerometer","Pen Nib","Replay:Bandana"],"acts_visited":["Exordium","TheCity","TheBeyond"],"potions_floor_usage":[50],"damage_taken":[{"damage":0.0,"enemies":"2 Louse","floor":1.0,"turns":1.0},{"damage":0.0,"enemies":"Cultist","floor":4.0,"turns":1.0},{"damage":0.0,"enemies":"3 Sentries","floor":6.0,"turns":1.0},{"damage":2.0,"enemies":"Jaw Worm","floor":7.0,"turns":3.0},{"damage":6.0,"enemies":"Blue Slaver","floor":11.0,"turns":3.0},{"damage":15.0,"enemies":"3 Sentries","floor":12.0,"turns":5.0},{"damage":7.0,"enemies":"Exordium Wildlife","floor":13.0,"turns":3.0},{"damage":6.0,"enemies":"Replay:BlueRogue","floor":14.0,"turns":3.0},{"damage":36.0,"enemies":"The Guardian","floor":16.0,"turns":7.0},{"damage":14.0,"enemies":"Shell Parasite","floor":18.0,"turns":2.0},{"damage":0.0,"enemies":"2 Thieves","floor":24.0,"turns":1.0},{"damage":0.0,"enemies":"Gremlin Leader","floor":25.0,"turns":1.0},{"damage":20.0,"enemies":"Centurion and Healer","floor":30.0,"turns":5.0},{"damage":35.0,"enemies":"Collector","floor":33.0,"turns":6.0},{"damage":10.0,"enemies":"Orb Walker","floor":35.0,"turns":3.0},{"damage":0.0,"enemies":"Mind Bloom Boss Battle","floor":36.0,"turns":2.0},{"damage":0.0,"enemies":"3 Shapes","floor":38.0,"turns":1.0},{"damage":32.0,"enemies":"R_Hoarder","floor":40.0,"turns":6.0},{"damage":0.0,"enemies":"Jaw Worm Horde","floor":41.0,"turns":3.0},{"damage":0.0,"enemies":"Spire Growth","floor":45.0,"turns":2.0},{"damage":0.0,"enemies":"Writhing Mass","floor":46.0,"turns":2.0},{"damage":10.0,"enemies":"Giant Head","floor":47.0,"turns":7.0},{"damage":8.0,"enemies":"Sphere and 2 Shapes","floor":48.0,"turns":2.0},{"damage":58,"enemies":"Donu and Deca","floor":50,"turns":7}],"seed_played":"-4559573799593387418","potions_obtained":[{"floor":6.0,"key":"SkillPotion"},{"floor":7.0,"key":"SmokeBomb"},{"floor":13.0,"key":"Strength Potion"},{"floor":16.0,"key":"SteroidPotion"},{"floor":25.0,"key":"CultistPotion"},{"floor":40.0,"key":"LifebloodPotion"},{"floor":44.0,"key":"BlessingOfTheForge"},{"floor":47.0,"key":"SpeedPotion"},{"floor":48.0,"key":"Dexterity Potion"}],"is_trial":false,"path_per_floor":["M","?","$","M","?","E","M","R","T","R","M","?","M","E","R","B",null,"M","?","$","?","?","R","M","E","T","?","R","?","M","$","R","B",null,"M","?","?","M","$","E","M","R","T","?","M","M","E","M","R","B",null],"character_chosen":"MARISA","items_purchased":["PowerUp"],"campfire_rested":0,"item_purchase_floors":[3],"current_hp_per_floor":[75,75,75,75,75,85,83,83,83,83,77,62,55,49,49,13,85,71,71,71,71,71,71,71,71,71,71,71,71,51,51,51,26,85,75,75,75,80,80,52,56,56,56,56,56,60,59,55,55,6],"gold":356,"neow_bonus":"THREE_ENEMY_KILL","is_daily":false,"chose_seed":false,"campfire_upgraded":7,"win_rate":0.0,"timestamp":1609085850,"path_taken":["M","?","$","?","?","E","M","R","T","R","M","?","M","E","R","BOSS","M","?","$","?","?","R","M","E","T","?","R","?","M","$","R","BOSS","M","?","?","M","$","E","M","R","T","?","M","M","E","M","R","BOSS"],"items_purchased_type":["Card"],"build_version":"2020-12-22","purchased_purges":4,"victory":true,"max_hp_per_floor":[75,75,75,75,75,85,85,85,85,85,85,85,85,85,85,85,85,85,85,85,85,85,85,85,85,85,85,85,85,85,85,85,85,85,85,85,85,85,85,85,85,85,85,85,85,85,85,85,82,82],"card_choices":[{"not_picked":["IllusionStar","GalacticHalo","MysteriousBeam"],"picked":"SKIP","floor":1.0},{"not_picked":["WitchOfGreed","PowerUp","UnstableBomb"],"picked":"SKIP","floor":4.0},{"not_picked":["NonDirectionalLaser","DC","RefractionSpark"],"picked":"SKIP","floor":6.0},{"not_picked":["Acceleration","WitchLeyline"],"picked":"GrandCross","floor":7.0},{"not_picked":["DoubleSpark","GalacticHalo","OortCloud"],"picked":"SKIP","floor":11.0},{"not_picked":["FinalSpark","NonDirectionalLaser"],"picked":"PulseMagic","floor":13.0},{"not_picked":["DC","SporeBomb"],"picked":"ShootingEcho","floor":14.0},{"not_picked":["SuperNova","StarDustReverie"],"picked":"ManaRampage","floor":16.0},{"not_picked":["GravityBeat","StarlightTyphoon"],"picked":"6A","floor":18.0},{"not_picked":["PulseMagic","ShootTheMoon","UnstableBomb"],"picked":"SKIP","floor":25.0},{"not_picked":["OrrerysSun","DragonMeteor","Orbital"],"picked":"SKIP","floor":30.0},{"not_picked":["IllusionStar","PowerUp+1","DC+1"],"picked":"SKIP","floor":35.0},{"not_picked":["MachineGunSpark","SporeBomb+1"],"picked":"EarthLightRay","floor":38.0},{"not_picked":["GasGiant+1","DC+1","UnstableBomb+1"],"picked":"SKIP","floor":40.0},{"not_picked":["WitchLeyline+1","PropBag"],"picked":"PowerUp+1","floor":41.0},{"not_picked":["WitchLeyline","LuminesStrike"],"picked":"6A+1","floor":44.0},{"not_picked":["MysteriousBeam","AlicesGift+1","OpenUniverse+1"],"picked":"SKIP","floor":45.0},{"not_picked":["MachineGunSpark+1","MillisecondPulsars","NonDirectionalLaser"],"picked":"SKIP","floor":46.0},{"not_picked":["LuminesStrike","WitchOfGreed"],"picked":"GrandCross+1","floor":47.0},{"not_picked":["GravityBeat","Orbital","LuminesStrike+1"],"picked":"SKIP","floor":48.0}],"player_experience":89310,"relics_obtained":[{"floor":6.0,"key":"Pear"},{"floor":9.0,"key":"Turnip"},{"floor":12.0,"key":"Gremlin Horn"},{"floor":14.0,"key":"Boot"},{"floor":25.0,"key":"Toy Ornithopter"},{"floor":26.0,"key":"Juzu Bracelet"},{"floor":36.0,"key":"Incense Burner"},{"floor":40.0,"key":"CeramicFish"},{"floor":43.0,"key":"Replay:Accelerometer"},{"floor":44.0,"key":"Pen Nib"},{"floor":47.0,"key":"Replay:Bandana"}],"event_choices":[{"cards_removed":["Strike_MRS"],"damage_healed":0.0,"max_hp_gain":0.0,"max_hp_loss":0.0,"gold_gain":0.0,"event_name":"Bonfire Elementals","player_choice":"Offered Basic","floor":2.0,"gold_loss":0.0,"damage_taken":0.0},{"damage_healed":0.0,"max_hp_gain":0.0,"max_hp_loss":0.0,"gold_gain":0.0,"event_name":"Dead Adventurer","player_choice":"Searched \u00272\u0027 times","floor":12.0,"gold_loss":0.0,"damage_taken":0.0},{"damage_healed":0.0,"max_hp_gain":0.0,"max_hp_loss":0.0,"gold_gain":0.0,"event_name":"The Library","player_choice":"Read","floor":19.0,"gold_loss":0.0,"damage_taken":0.0,"cards_obtained":["MilkyWay"]},{"damage_healed":0.0,"max_hp_gain":0.0,"max_hp_loss":0.0,"gold_gain":0.0,"event_name":"Addict","player_choice":"Obtained Relic","floor":22.0,"gold_loss":85.0,"damage_taken":0.0,"relics_obtained":["Replay:Bottled Snecko"]},{"damage_healed":0.0,"max_hp_gain":0.0,"max_hp_loss":0.0,"gold_gain":0.0,"event_name":"Ghosts","player_choice":"Ignored","floor":27.0,"gold_loss":0.0,"damage_taken":0.0},{"damage_healed":0.0,"max_hp_gain":0.0,"max_hp_loss":0.0,"gold_gain":99.0,"event_name":"Nest","player_choice":"Stole From Cult","floor":29.0,"gold_loss":0.0,"damage_taken":0.0},{"damage_healed":0.0,"max_hp_gain":0.0,"max_hp_loss":0.0,"gold_gain":0.0,"event_name":"MindBloom","player_choice":"Fight","floor":36.0,"gold_loss":0.0,"damage_taken":0.0},{"damage_healed":0.0,"max_hp_gain":0.0,"max_hp_loss":0.0,"gold_gain":0.0,"event_name":"Duplicator","player_choice":"Copied","floor":37.0,"gold_loss":0.0,"damage_taken":0.0,"cards_obtained":["MilkyWay"]}],"is_beta":false,"boss_relics":[{"not_picked":["Replay:Wanted Poster","Abe\u0027s Treasure"],"picked":"ChewingGum"},{"not_picked":["Tiny House","Coffee Dripper"],"picked":"Replay:Grab Bag"},{"not_picked":["Sozu","Runic Dome"],"picked":"Philosopher\u0027s Stone"},{"not_picked":["Velvet Choker","Cursed Key"],"picked":"SlaversCollar"},{"not_picked":["ExperimentalFamiliar","Black Star"],"picked":"Pandora\u0027s Box"},{"not_picked":["Calling Bell","Astrolabe"],"picked":"SacredBark"}],"items_purged_floors":[3,20,31,39],"is_endless":false,"potions_floor_spawned":[6,7,13,16,24,25,40,47,48],"ascension_level":3}}