{"host":"94qggqh0xz0sp6ai","time":1609043519,"event":{"mods":["Abigail Mod","Act Like it!","BaseMod","CapriCore","Downfall","Friendly Minions","Gensokyo","Hermit","Jorbs\u0027s Wanderer Trilogy","Koishi","Marisa（霧雨　魔理沙）","Minty Spire (QoL Compilation)","Permanent Neow","Reimu（博??梦）","StSLib","The Alterego","The Construct","The Cursed","The Hierophant","The Immortal","The Senshi","The Servant 0.9.4","TheBandit","Waifu the Spire"],"gold_per_floor":[110,70,70,89,14,48,48,48,48],"floor_reached":8,"playtime":258,"items_purged":[],"score":81,"play_id":"6a252064-5de8-4408-a9f1-9b38c986ce45","local_time":"20201226223159","is_ascension_mode":true,"campfire_choices":[{"data":"AbbyMod:VoidHeretic","floor":7,"key":"SMITH"}],"circlet_count":0,"master_deck":["AscendersBane","AbbyMod:Ab_Strike","AbbyMod:Ab_Strike","AbbyMod:Ab_Strike","AbbyMod:Ab_Strike","AbbyMod:Ab_Defend","AbbyMod:Ab_Defend","AbbyMod:Ab_Defend","AbbyMod:FleetingSanity","AbbyMod:ForeheadBeam","AbbyMod:SuperMuscular","AbbyMod:FamiliarShield","AbbyMod:Hitomi+1","AbbyMod:PapaProtection","AbbyMod:VoidHeretic+1"],"relics":["AbbyMod:Salem_Diary","StoneCalendar"],"acts_visited":["Exordium"],"potions_floor_usage":[],"damage_taken":[{"damage":4,"enemies":"Jaw Worm","floor":1,"turns":6},{"damage":13,"enemies":"Cultist","floor":4,"turns":5},{"damage":26,"enemies":"Lagavulin","floor":6,"turns":4},{"damage":13,"enemies":"Gremlin Nob","floor":8,"turns":3}],"seed_played":"-5050973534951831601","potions_obtained":[],"is_trial":false,"path_per_floor":["M","$","?","M","$","E","R","E"],"character_chosen":"Ab_Foreigner","items_purchased":["AbbyMod:Hitomi","AbbyMod:VoidHeretic"],"campfire_rested":0,"item_purchase_floors":[2,5],"current_hp_per_floor":[50,50,50,37,37,11,11,0,0],"gold":48,"neow_bonus":"THREE_CARDS","is_daily":false,"chose_seed":false,"campfire_upgraded":1,"win_rate":0.0,"timestamp":1609043519,"path_taken":["M","$","?","M","$","E","R","E"],"items_purchased_type":["Card","Card"],"build_version":"2020-12-22","purchased_purges":0,"victory":false,"max_hp_per_floor":[60,60,60,60,60,60,60,60,60],"card_choices":[{"not_picked":["AbbyMod:ExposedCore","AbbyMod:Dabigail"],"picked":"AbbyMod:SuperMuscular","floor":0},{"not_picked":["AbbyMod:Ab_SwirlOfMadness","AbbyMod:PowerGamer"],"picked":"AbbyMod:FamiliarShield","floor":1},{"not_picked":["AbbyMod:AceInTheHole","AbbyMod:MeltBrain"],"picked":"AbbyMod:PapaProtection","floor":4},{"not_picked":["AbbyMod:ConsumeFlesh","AbbyMod:AceInTheHole","AbbyMod:RecklessSlam"],"picked":"SKIP","floor":6}],"player_experience":1399954,"relics_obtained":[{"floor":6,"key":"StoneCalendar"}],"event_choices":[{"damage_healed":0,"gold_gain":0,"player_choice":"Upgraded","damage_taken":0,"max_hp_gain":0,"max_hp_loss":0,"event_name":"Upgrade Shrine","floor":3,"gold_loss":0,"cards_upgraded":["AbbyMod:Hitomi"]}],"is_beta":false,"boss_relics":[],"items_purged_floors":[],"is_endless":false,"potions_floor_spawned":[],"killed_by":"Gremlin Nob","ascension_level":10}}