{"host":"QQ","time":1609059530,"event":{"mods":["ATMod(°¢èªMod)","Act Like it!","BaseMod","Minty Spire (QoL Compilation)","Quick Restart","StSLib"],"gold_per_floor":[113,113,38,113,13,40,54,71,153,153,203,203,216,248,248,347,347,367,221,240,240,254,289,289,214,214,230,263,263,263,296,296,398,398,412,425,439,458,508,533,533,533,560,576,603,648,673,673,673,673],"floor_reached":51,"playtime":1868,"items_purged":["Strike_G","Strike_G"],"score":1241,"play_id":"571aa91b-6638-4bd5-9ad4-dd831ecb35d9","local_time":"20201227165850","is_ascension_mode":true,"campfire_choices":[{"data":"AT_Desolate","floor":10.0,"key":"SMITH"},{"data":"Tactician","floor":12.0,"key":"SMITH"},{"data":"AT_FamilyPortrait","floor":15.0,"key":"SMITH"},{"data":"AT_KneejerkReflex","floor":24.0,"key":"SMITH"},{"data":"Adrenaline","floor":32.0,"key":"SMITH"},{"floor":41.0,"key":"REST"},{"floor":49,"key":"REST"}],"circlet_count":0,"master_deck":["Strike_G","Defend_G","Defend_G+1","Defend_G+1","Survivor+1","Neutralize","AT_FamilyPortrait+1","Acrobatics+1","Dagger Spray","AT_Desolate+1","Tactician+1","Venomology+1","Die Die Die","After Image+1","Tools of the Trade+1","Malaise+1","Footwork","AT_FamilyPortrait+1","AT_Desolate+1","Necronomicurse","Acrobatics+1","AT_KneejerkReflex+1","Blade Dance+1","Adrenaline+1","Envenom","Adrenaline","Calculated Gamble+1","Reflex","Terror+1","Acrobatics+1","Predator","Choke"],"relics":["Ring of the Snake","AT_ATBox","NeowsBlessing","Pen Nib","Question Card","AT_DeathDance","Bronze Scales","Astrolabe","DollysMirror","Necronomicon","AT_ImmortalShieldbow","War Paint","AT_SeraphEmbrace","Dream Catcher","Fusion Hammer","Tingsha","FossilizedHelix","AT_SunfireAegis","AT_GuinsooRageblade","Ice Cream","Ancient Tea Set"],"acts_visited":["Exordium","TheCity","TheBeyond"],"potions_floor_usage":[50,50],"damage_taken":[{"damage":0.0,"enemies":"Small Slimes","floor":1.0,"turns":1.0},{"damage":0.0,"enemies":"Lagavulin","floor":6.0,"turns":1.0},{"damage":0.0,"enemies":"Jaw Worm","floor":7.0,"turns":1.0},{"damage":3.0,"enemies":"Cultist","floor":8.0,"turns":4.0},{"damage":9.0,"enemies":"3 Sentries","floor":11.0,"turns":8.0},{"damage":1.0,"enemies":"Looter","floor":13.0,"turns":2.0},{"damage":6.0,"enemies":"Gremlin Nob","floor":14.0,"turns":3.0},{"damage":0.0,"enemies":"Hexaghost","floor":16.0,"turns":6.0},{"damage":2.0,"enemies":"Shell Parasite","floor":18.0,"turns":3.0},{"damage":3.0,"enemies":"Chosen","floor":20.0,"turns":5.0},{"damage":12.0,"enemies":"Centurion and Healer","floor":22.0,"turns":7.0},{"damage":28.0,"enemies":"Slavers","floor":23.0,"turns":5.0},{"damage":9.0,"enemies":"Shelled Parasite and Fungi","floor":27.0,"turns":3.0},{"damage":12.0,"enemies":"Book of Stabbing","floor":28.0,"turns":4.0},{"damage":28.0,"enemies":"Slavers","floor":31.0,"turns":5.0},{"damage":0.0,"enemies":"Automaton","floor":33.0,"turns":6.0},{"damage":0.0,"enemies":"Orb Walker","floor":35.0,"turns":3.0},{"damage":27.0,"enemies":"3 Shapes","floor":36.0,"turns":4.0},{"damage":4.0,"enemies":"Spire Growth","floor":37.0,"turns":5.0},{"damage":0.0,"enemies":"3 Darklings","floor":38.0,"turns":3.0},{"damage":0.0,"enemies":"Mind Bloom Boss Battle","floor":39.0,"turns":2.0},{"damage":0.0,"enemies":"Giant Head","floor":40.0,"turns":5.0},{"damage":0.0,"enemies":"Maw","floor":44.0,"turns":3.0},{"damage":8.0,"enemies":"Nemesis","floor":45.0,"turns":3.0},{"damage":8.0,"enemies":"2 Orb Walkers","floor":46.0,"turns":3.0},{"damage":0.0,"enemies":"Giant Head","floor":47.0,"turns":3.0},{"damage":0,"enemies":"Donu and Deca","floor":50,"turns":3}],"seed_played":"320084543626200315","potions_obtained":[{"floor":1.0,"key":"BlessingOfTheForge"},{"floor":7.0,"key":"Dexterity Potion"},{"floor":13.0,"key":"Ancient Potion"},{"floor":22.0,"key":"GhostInAJar"},{"floor":35.0,"key":"Swift Potion"},{"floor":40.0,"key":"Poison Potion"},{"floor":42.0,"key":"CultistPotion"}],"is_trial":false,"path_per_floor":["M","?","$","?","$","E","M","M","T","R","E","R","M","E","R","B",null,"M","$","M","?","M","E","R","?","T","M","E","?","?","E","R","B",null,"M","M","M","M","?","E","R","?","T","M","E","?","E","?","R","B",null],"character_chosen":"THE_SILENT","items_purchased":["DollysMirror"],"campfire_rested":2,"item_purchase_floors":[19],"current_hp_per_floor":[70,56,56,45,45,45,45,42,42,42,33,33,32,26,26,26,70,68,68,65,49,52,31,31,31,31,22,49,49,49,21,21,21,70,70,43,39,39,39,46,67,67,67,67,59,51,51,51,70,70],"gold":673,"neow_bonus":"THREE_ENEMY_KILL","is_daily":false,"chose_seed":false,"campfire_upgraded":5,"win_rate":0.0,"timestamp":1609059530,"path_taken":["M","?","$","?","?","E","M","M","T","R","E","R","M","E","R","BOSS","M","$","M","?","M","E","R","?","T","M","E","?","?","E","R","BOSS","M","?","M","M","?","E","R","?","T","?","E","?","E","?","R","BOSS"],"items_purchased_type":["Relic"],"build_version":"2020-12-18","purchased_purges":2,"victory":true,"max_hp_per_floor":[70,70,70,70,70,70,70,70,70,70,70,70,70,70,70,70,70,70,70,70,70,70,70,70,70,70,70,70,70,70,70,70,70,70,70,70,70,70,70,70,70,70,70,70,70,70,70,70,70,70],"card_choices":[{"not_picked":["All Out Attack","Underhanded Strike"],"picked":"Acrobatics","floor":1.0},{"not_picked":["PiercingWail","Predator","Wraith Form v2"],"picked":"SKIP","floor":6.0},{"not_picked":["Flying Knee","Prepared"],"picked":"Dagger Spray","floor":7.0},{"not_picked":["Infinite Blades","Dagger Throw"],"picked":"AT_Desolate","floor":8.0},{"not_picked":["Underhanded Strike","Leg Sweep","Flechettes"],"picked":"Tactician","floor":11.0},{"not_picked":["Skewer","Acrobatics","Finisher","Flying Knee"],"picked":"SKIP","floor":13.0},{"not_picked":["AT_WindFlip","Well Laid Plans","Riddle With Holes"],"picked":"Venomology","floor":14.0},{"not_picked":["Night Terror","AT_MyraUnstableElement","Glass Knife"],"picked":"Die Die Die","floor":16.0},{"not_picked":["Backflip+1","Tactician","AT_TwilightShroud+1"],"picked":"Footwork","floor":18.0},{"not_picked":["Underhanded Strike","Noxious Fumes","Deadly Poison"],"picked":"AT_Desolate+1","floor":20.0},{"not_picked":["Outmaneuver","AT_WindFlip","AT_WindRun+1"],"picked":"Acrobatics+1","floor":22.0},{"not_picked":["Deadly Poison","Poisoned Stab+1","Outmaneuver+1"],"picked":"AT_KneejerkReflex","floor":23.0},{"not_picked":["Prepared","Leg Sweep","AT_WomanClash+1"],"picked":"Blade Dance+1","floor":27.0},{"not_picked":["Caltrops+1","AT_TwilightShroud","Blade Dance","Slice+1"],"picked":"SKIP","floor":28.0},{"not_picked":["Caltrops+1","AT_TwilightShroud","Blade Dance","Slice+1"],"picked":"SKIP","floor":28.0},{"not_picked":["Acrobatics","Bouncing Flask","Dagger Spray"],"picked":"Adrenaline","floor":31.0},{"not_picked":["Phantasmal Killer","Doppelganger","Night Terror"],"picked":"Envenom","floor":33.0},{"not_picked":["Deflect+1","Slice+1","Deadly Poison","Blade Dance+1"],"picked":"SKIP","floor":35.0},{"not_picked":["Acrobatics+1","Quick Slash+1","AT_WindFlip"],"picked":"Adrenaline","floor":36.0},{"not_picked":["AT_WindFlip","Outmaneuver","Dagger Throw+1"],"picked":"Calculated Gamble+1","floor":37.0},{"not_picked":["Infinite Blades+1","AT_WindRun","Deadly Poison","PiercingWail"],"picked":"SKIP","floor":38.0},{"not_picked":["Acrobatics+1","Dagger Spray+1","Sucker Punch"],"picked":"Reflex","floor":39.0},{"not_picked":["AT_WomanClash+1","A Thousand Cuts","AT_TinkerSharpsword+1"],"picked":"Terror+1","floor":40.0},{"not_picked":["Bouncing Flask","Acrobatics","Masterful Stab","All Out Attack"],"picked":"SKIP","floor":44.0},{"not_picked":["Night Terror","Quick Slash+1","Unload","Deadly Poison"],"picked":"SKIP","floor":45.0},{"not_picked":["Deadly Poison+1","Quick Slash+1","Infinite Blades+1"],"picked":"Acrobatics+1","floor":46.0},{"not_picked":["Flying Knee+1","Escape Plan+1","Outmaneuver+1"],"picked":"Predator","floor":47.0},{"not_picked":["Dagger Spray","Deflect","Infinite Blades"],"picked":"Choke","floor":49}],"player_experience":151788,"relics_obtained":[{"floor":6.0,"key":"Pen Nib"},{"floor":9.0,"key":"Question Card"},{"floor":11.0,"key":"AT_DeathDance"},{"floor":14.0,"key":"Bronze Scales"},{"floor":21.0,"key":"Necronomicon"},{"floor":23.0,"key":"AT_ImmortalShieldbow"},{"floor":26.0,"key":"War Paint"},{"floor":28.0,"key":"AT_ArchangelStaff"},{"floor":31.0,"key":"Dream Catcher"},{"floor":39.0,"key":"Tingsha"},{"floor":40.0,"key":"FossilizedHelix"},{"floor":43.0,"key":"AT_SunfireAegis"},{"floor":45.0,"key":"AT_GuinsooRageblade"},{"floor":46.0,"key":"Ice Cream"},{"floor":47.0,"key":"Ancient Tea Set"}],"event_choices":[{"damage_healed":0.0,"max_hp_gain":0.0,"max_hp_loss":0.0,"gold_gain":0.0,"event_name":"Shining Light","player_choice":"Entered Light","floor":2.0,"gold_loss":0.0,"damage_taken":14.0,"cards_upgraded":["Acrobatics","Defend_G"]},{"damage_healed":0.0,"max_hp_gain":0.0,"max_hp_loss":0.0,"gold_gain":75.0,"event_name":"World of Goop","player_choice":"Gather Gold","floor":4.0,"gold_loss":0.0,"damage_taken":11.0},{"damage_healed":0.0,"max_hp_gain":0.0,"max_hp_loss":0.0,"gold_gain":0.0,"event_name":"Cursed Tome","player_choice":"Obtained Book","floor":21.0,"gold_loss":0.0,"damage_taken":16.0},{"cards_removed":["Strike_G"],"damage_healed":0.0,"max_hp_gain":0.0,"max_hp_loss":0.0,"gold_gain":0.0,"event_name":"Beggar","player_choice":"Gave Gold","floor":25.0,"gold_loss":75.0,"damage_taken":0.0},{"damage_healed":0.0,"max_hp_gain":0.0,"max_hp_loss":0.0,"gold_gain":0.0,"event_name":"Ghosts","player_choice":"Ignored","floor":29.0,"gold_loss":0.0,"damage_taken":0.0},{"damage_healed":0.0,"max_hp_gain":0.0,"max_hp_loss":0.0,"gold_gain":0.0,"event_name":"The Woman in Blue","player_choice":"Bought 0 Potions","floor":30.0,"gold_loss":0.0,"damage_taken":0.0},{"damage_healed":0.0,"max_hp_gain":0.0,"max_hp_loss":0.0,"gold_gain":0.0,"event_name":"MindBloom","player_choice":"Fight","floor":39.0,"gold_loss":0.0,"damage_taken":0.0},{"damage_healed":0.0,"max_hp_gain":0.0,"max_hp_loss":0.0,"gold_gain":0.0,"event_name":"Lab","player_choice":"Got Potions","floor":42.0,"gold_loss":0.0,"damage_taken":0.0},{"damage_healed":0.0,"max_hp_gain":0.0,"max_hp_loss":0.0,"gold_gain":0.0,"event_name":"Mysterious Sphere","player_choice":"Fight","floor":46.0,"gold_loss":0.0,"damage_taken":0.0},{"damage_healed":0,"gold_gain":0,"player_choice":"Memory 1","damage_taken":0,"max_hp_gain":0,"max_hp_loss":0,"event_name":"SensoryStone","floor":48,"gold_loss":0}],"is_beta":true,"boss_relics":[{"not_picked":["Ectoplasm","SacredBark"],"picked":"Astrolabe"},{"not_picked":["Sozu","Empty Cage"],"picked":"Fusion Hammer"}],"items_purged_floors":[3,5],"is_endless":false,"potions_floor_spawned":[1,7,13,16,20,22,27,35,40,44,45],"ascension_level":3}}