{"host":"hdafziggwnbzqpcb","time":1609107728,"event":{"mods":["BaseMod","Better Vampires","Colored Map","Colored Powertips","Curses Come First","Duelist Mod","GifTheSpireLib","Hero for Fun","Minty Spire (QoL Compilation)","Quick Restart","Rare Cards Sparkle","Relic Stats","Spicy Shops","StSLib","The Bug Knight","The Cursed","The Marked","The Senshi","The Wild Card","TheHero"],"gold_per_floor":[109,34,34,34,34,34,45,45,119,119,140,180,194,41,41,170,170,195,95,118,141,159,195,195,195,220,220,234,333,333,372,372,492,492,516,516,531,531,406,406,406,739,739,328,328,128,178,178,178,178,178,178,35,69,69],"floor_reached":56,"playtime":2794,"items_purged":["theWildCard:BasicDefend","theWildCard:BasicStrike","theWildCard:BasicStrike","Parasite","theDuelist:CurseAging","theWildCard:BasicStrike"],"score":1227,"play_id":"0a8700a8-a574-43b7-b404-d454b3637282","local_time":"20201227142208","is_ascension_mode":false,"campfire_choices":[{"data":"theWildCard:StingingStrike","floor":6.0,"key":"SMITH"},{"data":"theWildCard:Arsene","floor":10.0,"key":"SMITH"},{"floor":15.0,"key":"REST"},{"floor":24.0,"key":"RECALL"},{"floor":27.0,"key":"REST"},{"data":"theWildCard:SeveringSlash","floor":30.0,"key":"SMITH"},{"data":"theWildCard:CallToAdventure","floor":32.0,"key":"SMITH"},{"data":"theWildCard:SeveringSlash","floor":40.0,"key":"SMITH"},{"data":"Finesse","floor":45,"key":"SMITH"},{"data":"theWildCard:SeveringSlash","floor":49,"key":"SMITH"},{"data":"theWildCard:StingingStrike","floor":52,"key":"SMITH"}],"circlet_count":0,"master_deck":["theWildCard:BasicDefend","theWildCard:BasicDefend","theWildCard:BasicDefend","theWildCard:CallToAdventure+1","theWildCard:Arsene+1","theWildCard:Caesar","theWildCard:StingingStrike+1","theWildCard:SeveringSlash+1","theWildCard:SeveringSlash+1","theWildCard:Alice","theWildCard:SeveringSlash+1","theWildCard:StingingStrike+1","theWildCard:BladeOfGenerations+1","theWildCard:TheArcanaUnleashed+1","Finesse+1","theDuelist:GravekeeperCurse"],"relics":["theWildCard:VelvetContract","Mercury Hourglass","HollowMod:PaleOreRelic","Busted Crown","Bottled Flame","MutagenicStrength","Oddly Smooth Stone","theWildCard:MemoriesOfPhantasm","Cursed Key","Pantograph","Mango","PreservedInsect","Lantern","Blue Candle"],"acts_visited":["Exordium","TheCity","TheBeyond","TheEnding"],"potions_floor_usage":[50,55],"damage_taken":[{"damage":2.0,"enemies":"Jaw Worm","floor":1.0,"turns":4.0},{"damage":0.0,"enemies":"Small Slimes","floor":7.0,"turns":2.0},{"damage":0.0,"enemies":"2 Louse","floor":11.0,"turns":2.0},{"damage":21.0,"enemies":"3 Sentries","floor":12.0,"turns":4.0},{"damage":0.0,"enemies":"Blue Slaver","floor":13.0,"turns":2.0},{"damage":25.0,"enemies":"Hexaghost","floor":16.0,"turns":8.0},{"damage":2.0,"enemies":"2 Thieves","floor":18.0,"turns":3.0},{"damage":0.0,"enemies":"Shell Parasite","floor":20.0,"turns":3.0},{"damage":3.0,"enemies":"Snake Plant","floor":21.0,"turns":4.0},{"damage":4.0,"enemies":"Centurion and Healer","floor":22.0,"turns":4.0},{"damage":15.0,"enemies":"Book of Stabbing","floor":23.0,"turns":5.0},{"damage":0.0,"enemies":"Snecko","floor":28.0,"turns":2.0},{"damage":0.0,"enemies":"Gremlin Leader","floor":31.0,"turns":4.0},{"damage":26.0,"enemies":"Collector","floor":33.0,"turns":7.0},{"damage":0.0,"enemies":"Orb Walker","floor":35.0,"turns":2.0},{"damage":0.0,"enemies":"3 Shapes","floor":37.0,"turns":1.0},{"damage":0,"enemies":"Mind Bloom Boss Battle","floor":47,"turns":3},{"damage":18,"enemies":"Donu and Deca","floor":50,"turns":6},{"damage":0,"enemies":"Shield and Spear","floor":54,"turns":4},{"damage":70,"enemies":"The Heart","floor":55,"turns":10}],"seed_played":"-6547995685606063336","potions_obtained":[{"floor":11.0,"key":"AttackPotion"},{"floor":13.0,"key":"GamblersBrew"},{"floor":18.0,"key":"Strength Potion"},{"floor":22.0,"key":"SmokeBomb"},{"floor":28.0,"key":"FairyPotion"},{"floor":35.0,"key":"Explosive Potion"},{"floor":47,"key":"EntropicBrew"},{"floor":54,"key":"Regen Potion"}],"is_trial":false,"path_per_floor":["M","$","?","?","?","R","M","?","T","R","M","E","M","$","R","B",null,"M","$","M","M","M","E","R","?","T","R","M","?","R","E","R","B",null,"M","?","M","?","$","R","T","?","T","$","R","$","?","T","R","B",null,"R","$","E","B",null],"character_chosen":"THE_WILD_CARD","items_purchased":["theWildCard:SeveringSlash","Finesse","Lantern"],"campfire_rested":2,"item_purchase_floors":[14,44,53],"current_hp_per_floor":[58,58,58,58,63,63,63,47,47,47,47,26,26,26,45,20,65,63,63,63,60,56,41,41,41,41,60,60,60,60,60,60,34,65,65,65,65,65,65,65,65,65,65,62,62,62,76,76,76,58,76,76,76,76,21],"gold":69,"neow_bonus":"ONE_RANDOM_RARE_CARD","is_daily":false,"chose_seed":false,"campfire_upgraded":8,"win_rate":0.0,"timestamp":1609107728,"path_taken":["M","$","?","?","?","R","M","?","T","R","M","E","M","?","R","BOSS","M","$","M","M","M","E","R","?","T","R","M","?","R","E","R","BOSS","M","?","?","?","$","R","?","?","T","$","R","$","?","?","R","BOSS","R","$","E","BOSS"],"items_purchased_type":["Card","Card","Relic"],"build_version":"2020-12-22","purchased_purges":6,"victory":true,"max_hp_per_floor":[60,60,60,60,65,65,65,65,65,65,65,65,65,65,65,65,65,65,65,65,65,65,65,65,65,65,65,65,65,65,65,65,65,65,65,65,65,65,65,65,65,65,65,62,62,62,76,76,76,76,76,76,76,76,76],"relic_stats":{"Busted Crown":26,"counters":[20,80],"Pantograph":0,"Blue Candle":[1],"PreservedInsect":68,"Cursed Key":3,"obtain_stats":[{"Lantern":53,"Golden Idol":8,"Blue Candle":54,"Oddly Smooth Stone":26,"Mango":47,"PreservedInsect":48,"Cursed Key":34,"Mercury Hourglass":9,"theWildCard:VelvetContract":0,"Bottled Flame":23,"theWildCard:MemoriesOfPhantasm":31,"Busted Crown":17,"MutagenicStrength":25,"Pantograph":43,"HollowMod:PaleOreRelic":12},{"Lantern":18,"Golden Idol":2,"Blue Candle":19,"Oddly Smooth Stone":11,"Mango":17,"PreservedInsect":17,"Cursed Key":14,"Mercury Hourglass":2,"theWildCard:VelvetContract":0,"Bottled Flame":11,"theWildCard:MemoriesOfPhantasm":13,"Busted Crown":6,"MutagenicStrength":11,"Pantograph":16,"HollowMod:PaleOreRelic":4},{"Lantern":66,"Golden Idol":6,"Blue Candle":70,"Oddly Smooth Stone":41,"Mango":60,"PreservedInsect":60,"Cursed Key":54,"Mercury Hourglass":6,"theWildCard:VelvetContract":0,"Bottled Flame":41,"theWildCard:MemoriesOfPhantasm":47,"Busted Crown":22,"MutagenicStrength":41,"Pantograph":57,"HollowMod:PaleOreRelic":12}],"Mercury Hourglass":[265]},"card_choices":[{"not_picked":["theWildCard:SacrificialStroke","theWildCard:ArcaneArts"],"picked":"theWildCard:StingingStrike","floor":1.0},{"not_picked":["theWildCard:ArcaneArts","theWildCard:SacrificialStroke"],"picked":"theWildCard:SeveringSlash","floor":7.0},{"not_picked":["theWildCard:SacrificialStroke","theWildCard:Amaterasu"],"picked":"theWildCard:SeveringSlash","floor":11.0},{"not_picked":["theWildCard:StalwartBlade","theWildCard:ManOfManyFaces"],"picked":"theWildCard:Alice","floor":12.0},{"not_picked":["theWildCard:MagicalMight","theWildCard:ArchaicAssault","theWildCard:Unburden"],"picked":"SKIP","floor":13.0},{"not_picked":[],"picked":"theWildCard:StingingStrike","floor":18.0},{"not_picked":[],"picked":"theWildCard:BladeOfGenerations+1","floor":20.0},{"not_picked":["theWildCard:Scathach"],"picked":"SKIP","floor":21.0},{"not_picked":["theWildCard:TheGreatSeal"],"picked":"SKIP","floor":22.0},{"not_picked":["theWildCard:MagicalMight"],"picked":"SKIP","floor":23.0},{"not_picked":["theWildCard:Patience"],"picked":"SKIP","floor":28.0},{"not_picked":["theWildCard:StingingStrike"],"picked":"SKIP","floor":31.0},{"not_picked":[],"picked":"theWildCard:TheArcanaUnleashed","floor":33.0},{"not_picked":["theWildCard:Proficiency"],"picked":"SKIP","floor":35.0},{"not_picked":["theWildCard:StalwartBlade"],"picked":"SKIP","floor":37.0},{"not_picked":["theWildCard:Polydeuces+1"],"picked":"SKIP","floor":54}],"player_experience":651595,"relics_obtained":[{"floor":9.0,"key":"Mercury Hourglass"},{"floor":12.0,"key":"HollowMod:PaleOreRelic"},{"floor":23.0,"key":"Bottled Flame"},{"floor":26.0,"key":"Oddly Smooth Stone"},{"floor":31.0,"key":"theWildCard:MemoriesOfPhantasm"},{"floor":43.0,"key":"Pantograph"},{"floor":47,"key":"Mango"},{"floor":48,"key":"PreservedInsect"},{"floor":54,"key":"Blue Candle"}],"event_choices":[{"cards_removed":["theWildCard:BasicStrike"],"damage_healed":0.0,"max_hp_gain":0.0,"max_hp_loss":0.0,"gold_gain":0.0,"event_name":"Living Wall","player_choice":"Forget","floor":3.0,"gold_loss":0.0,"damage_taken":0.0},{"damage_healed":0.0,"max_hp_gain":0.0,"max_hp_loss":0.0,"gold_gain":0.0,"event_name":"Liars Game","player_choice":"Ignored","floor":4.0,"gold_loss":0.0,"damage_taken":0.0},{"damage_healed":0.0,"max_hp_gain":5.0,"max_hp_loss":0.0,"gold_gain":0.0,"event_name":"Big Fish","player_choice":"Donut","floor":5.0,"gold_loss":0.0,"damage_taken":0.0},{"damage_healed":0.0,"max_hp_gain":0.0,"max_hp_loss":0.0,"gold_gain":0.0,"event_name":"Golden Idol","player_choice":"Take Damage","floor":8.0,"gold_loss":0.0,"damage_taken":16.0,"relics_obtained":["Golden Idol"]},{"damage_healed":0.0,"max_hp_gain":0.0,"max_hp_loss":0.0,"gold_gain":0.0,"event_name":"Drug Dealer","player_choice":"Inject Mutagens","floor":25.0,"gold_loss":0.0,"damage_taken":0.0,"relics_obtained":["MutagenicStrength"]},{"damage_healed":0.0,"max_hp_gain":0.0,"max_hp_loss":0.0,"gold_gain":99.0,"event_name":"Nest","player_choice":"Stole From Cult","floor":29.0,"gold_loss":0.0,"damage_taken":0.0},{"damage_healed":0.0,"max_hp_gain":0.0,"max_hp_loss":0.0,"gold_gain":0.0,"event_name":"Upgrade Shrine","player_choice":"Upgraded","floor":36.0,"gold_loss":0.0,"damage_taken":0.0,"cards_upgraded":["theWildCard:TheArcanaUnleashed"]},{"damage_healed":0.0,"max_hp_gain":0.0,"max_hp_loss":0.0,"gold_gain":0.0,"event_name":"SensoryStone","player_choice":"Memory 1","floor":38.0,"gold_loss":0.0,"damage_taken":0.0},{"damage_healed":0.0,"max_hp_gain":0.0,"max_hp_loss":0.0,"gold_gain":333.0,"event_name":"The Moai Head","player_choice":"Gave Idol","floor":42.0,"relics_lost":["Golden Idol"],"gold_loss":0.0,"damage_taken":0.0},{"damage_healed":0,"gold_gain":0,"player_choice":"Fight","damage_taken":0,"max_hp_gain":0,"max_hp_loss":0,"event_name":"MindBloom","floor":47,"gold_loss":0}],"is_beta":false,"boss_relics":[{"not_picked":["Fusion Hammer","Runic Pyramid"],"picked":"Busted Crown"},{"not_picked":["Sozu","Snecko Eye"],"picked":"Cursed Key"}],"items_purged_floors":[2,19,39,44,44,46],"is_endless":false,"potions_floor_spawned":[11,13,18,22,28,35,47,54],"ascension_level":0}}