{"host":"3c27c697js19kaoo","time":1609053498,"event":{"mods":["ATMod(阿瑾Mod)","Aspiration","BaseMod","CapriCore","Dota2Spire","Hermit","Minty Spire (QoL Compilation)","Quick Restart","Remilia（蕾米莉亚）","Replay The Spire","Robot Space Explorer","RumiaBox-露米娅的神秘盒子","Spicy Shops","StSLib","The Alterego","The Cursed","The Runesmith","The Servant 0.9.4","vexMod","【功能Mod】混沌之环修复补丁","【遗物卡牌】REMEMod"],"gold_per_floor":[216,216,391,412,412,455,455,471,471,525,525,525,525,585,585,713,713,738,738,48,48,348,348,376,376,376,416,150,283,347,449,449,654,654,742,742,742,879,91,91,145,22,22,22,22,22,122,71,71,196],"floor_reached":51,"playtime":1937,"items_purged":["Greed_TH","Voices"],"score":990,"play_id":"137d23c6-da60-4740-b9c5-98ca60c57cac","local_time":"20201227151818","is_ascension_mode":false,"campfire_choices":[{"floor":7,"key":"REST"},{"floor":12,"key":"REST"},{"floor":15,"key":"REST"},{"data":"Amplify","floor":23,"key":"SMITH"},{"floor":25,"key":"REST"},{"floor":32,"key":"DIG"},{"floor":40,"key":"RECALL"},{"data":"Seek","floor":44,"key":"SMITH"}],"circlet_count":0,"master_deck":["Strike_B","Strike_B","Strike_B","Strike_B","Defend_B","Defend_B","Defend_B+1","Zap","Dualcast+1","AT_RealColorLess+1","Advance","Beam Cell","Ball Lightning","Melter","AT_DarkMatter","Hello World+1","Amplify+1","Chill+1","FTL","Redo+1","REME_Flogging+1","Self Repair+1","Seek+1","Go for the Eyes","BootSequence","REME_FirmDetermination+1","Good Instincts","Gash"],"relics":["Cracked Core","REME_ComplimentaryCards","AT_ATBox","Bloody Idol","Frozen Egg 2","Mummified Hand","AT_ChloranthyRing","Regal Pillow","Dota2Spire:RefresherOrb","War Paint","AT_ImmortalShieldbow","ClockworkSouvenir","Dota2Spire:BladeMail","AT_MibuBalloonWealth","Iron Hammer","ReplayTheSpireMod:CursedCoin","Pen Nib","Red Mask","AT_EbonyIvory","Replay:Drink Me","Ring of Chaos","Ring of Fury","Gremlin Horn","OrangePellets","Strawberry","HandDrill","Replay:WaspNest","Dota2Spire:ShivaGuard","Incense Burner"],"acts_visited":["Exordium","TheCity","TheBeyond"],"potions_floor_usage":[6,10,14,16,24,29],"damage_taken":[{"damage":8,"enemies":"Small Slimes","floor":1,"turns":4},{"damage":14,"enemies":"Jaw Worm","floor":4,"turns":4},{"damage":44,"enemies":"Lagavulin","floor":6,"turns":7},{"damage":6,"enemies":"Cultist","floor":8,"turns":3},{"damage":5,"enemies":"Looter","floor":10,"turns":3},{"damage":5,"enemies":"Exordium Thugs","floor":11,"turns":2},{"damage":22,"enemies":"3 Sentries","floor":14,"turns":6},{"damage":23,"enemies":"Slime Boss","floor":16,"turns":4},{"damage":20,"enemies":"2 Thieves","floor":18,"turns":3},{"damage":27,"enemies":"Book of Stabbing","floor":24,"turns":5},{"damage":13,"enemies":"Shell Parasite","floor":27,"turns":4},{"damage":27,"enemies":"Slavers","floor":29,"turns":5},{"damage":8,"enemies":"Cultist and Chosen","floor":30,"turns":3},{"damage":38,"enemies":"Masked Bandits","floor":31,"turns":4},{"damage":5,"enemies":"Pondfish","floor":33,"turns":5},{"damage":0,"enemies":"3 Shapes","floor":35,"turns":2},{"damage":0,"enemies":"3 Darklings","floor":38,"turns":3},{"damage":22,"enemies":"Nemesis","floor":41,"turns":4},{"damage":0,"enemies":"2 Orb Walkers","floor":47,"turns":3},{"damage":0,"enemies":"Awakened One","floor":50,"turns":8}],"seed_played":"4817667519644865998","potions_obtained":[{"floor":1,"key":"Dexterity Potion"},{"floor":8,"key":"REME_GoldPotion"},{"floor":10,"key":"FocusPotion"},{"floor":14,"key":"Block Potion"},{"floor":18,"key":"DistilledChaos"},{"floor":24,"key":"REME_GoldPotion"},{"floor":33,"key":"LifebloodPotion"},{"floor":41,"key":"Block Potion"},{"floor":46,"key":"LiquidMemories"}],"is_trial":false,"path_per_floor":["M","?","?","M","?","E","R","M","T","M","M","R","?","E","R","B",null,"M","?","$","?","?","R","E","R","T","M","$","E","M","?","R","B",null,"M","?","?","M","$","R","E","$","T","R","?","?","?","$","R","B",null],"character_chosen":"DEFECT","items_purchased":["War Paint","AT_ImmortalShieldbow","ClockworkSouvenir","Dota2Spire:BladeMail","REME_Flogging+1","Self Repair+1","ReplayTheSpireMod:CursedCoin","Gremlin Horn","OrangePellets","Strawberry","HandDrill","REME_FirmDetermination+1","Gash"],"campfire_rested":4,"item_purchase_floors":[20,20,20,20,28,28,28,39,39,39,39,42,48],"current_hp_per_floor":[67,67,67,53,53,9,29,23,23,18,13,33,40,18,53,30,69,49,49,49,49,54,54,32,67,67,64,54,62,69,56,56,69,52,52,52,52,52,59,59,57,57,57,57,57,57,59,59,59,59],"gold":196,"neow_bonus":"HUNDRED_GOLD","is_daily":false,"chose_seed":false,"campfire_upgraded":2,"win_rate":0.0,"timestamp":1609053498,"path_taken":["M","?","?","M","?","E","R","M","T","M","M","R","?","E","R","BOSS","M","?","$","?","?","R","E","R","T","?","$","E","M","?","R","BOSS","M","?","?","M","$","R","E","$","T","R","?","?","?","?","R","BOSS"],"items_purchased_type":["Relic","Relic","Relic","Relic","Card","Card","Relic","Relic","Relic","Relic","Relic","Card","Card"],"build_version":"2020-12-22","purchased_purges":2,"victory":true,"max_hp_per_floor":[75,69,69,69,69,69,69,69,69,69,69,69,69,69,69,69,69,69,69,69,69,69,69,69,69,69,69,69,69,69,69,69,69,52,52,52,52,52,59,59,59,59,59,59,59,59,59,59,59,59],"card_choices":[{"not_picked":["AT_StudyProgram","Blizzard"],"picked":"Beam Cell","floor":1},{"not_picked":["Streamline","Force Field"],"picked":"Ball Lightning","floor":4},{"not_picked":["Chaos","Conserve Battery"],"picked":"Melter","floor":6},{"not_picked":["Stack","Double Energy"],"picked":"AT_DarkMatter","floor":8},{"not_picked":["Blizzard","Coolheaded","ReplayRNGCard"],"picked":"SKIP","floor":10},{"not_picked":["aspiration:Polymerization","Genetic Algorithm"],"picked":"Hello World+1","floor":14},{"not_picked":["Biased Cognition+1","Mirror Shield"],"picked":"Amplify","floor":16},{"not_picked":["Rebound","Barrage"],"picked":"Chill+1","floor":18},{"not_picked":["Redo","ReplaySort"],"picked":"FTL","floor":24},{"not_picked":["BasicCrystalCard","Leap"],"picked":"Redo","floor":27},{"not_picked":["Tempest","ReplaySort","Coolheaded"],"picked":"SKIP","floor":29},{"not_picked":["Stack","Steam+1","Streamline"],"picked":"SKIP","floor":30},{"not_picked":["Core Surge","All For One"],"picked":"Seek","floor":33},{"not_picked":["AT_HeatAcrobatics","AT_ThreeBodyProblem+1"],"picked":"Go for the Eyes","floor":35},{"not_picked":["AT_HeatAcrobatics+1","Go for the Eyes+1"],"picked":"BootSequence","floor":38},{"not_picked":["Mirror Shield","REME_SelfUpgrade+1","AT_HeatAcrobatics+1"],"picked":"SKIP","floor":41},{"not_picked":["Replay:Parry","Replay:BasicMightCard+1"],"picked":"Good Instincts","floor":45}],"player_experience":187381,"relics_obtained":[{"floor":6,"key":"Mummified Hand"},{"floor":9,"key":"AT_ChloranthyRing"},{"floor":14,"key":"Regal Pillow"},{"floor":24,"key":"AT_MibuBalloonWealth"},{"floor":26,"key":"Iron Hammer"},{"floor":29,"key":"Pen Nib"},{"floor":31,"key":"Red Mask"},{"floor":32,"key":"AT_EbonyIvory"},{"floor":36,"key":"Ring of Chaos"},{"floor":36,"key":"Ring of Fury"},{"floor":41,"key":"Replay:WaspNest"},{"floor":43,"key":"Dota2Spire:ShivaGuard"},{"floor":47,"key":"Incense Burner"}],"event_choices":[{"damage_healed":0,"gold_gain":0,"player_choice":"Lose Max HP","damage_taken":0,"relics_obtained":["Golden Idol"],"max_hp_gain":0,"max_hp_loss":6,"event_name":"Golden Idol","floor":2,"gold_loss":0},{"damage_healed":0,"gold_gain":175,"player_choice":"AGREE","damage_taken":0,"max_hp_gain":0,"max_hp_loss":0,"event_name":"Liars Game","floor":3,"gold_loss":0,"cards_obtained":["Doubt"]},{"damage_healed":0,"gold_gain":0,"player_choice":"Forge","damage_taken":0,"max_hp_gain":0,"max_hp_loss":0,"event_name":"Accursed Blacksmith","floor":19,"gold_loss":0,"cards_upgraded":["AT_RealColorLess"]},{"damage_healed":0,"gold_gain":0,"player_choice":"Gave Idol","damage_taken":0,"relics_obtained":["Bloody Idol"],"max_hp_gain":0,"max_hp_loss":0,"event_name":"Forgotten Altar","floor":21,"relics_lost":["Golden Idol"],"gold_loss":0},{"damage_healed":0,"gold_gain":0,"player_choice":"Fought Bandits","damage_taken":0,"max_hp_gain":0,"max_hp_loss":0,"event_name":"Masked Bandits","floor":31,"gold_loss":0},{"cards_removed":["Defend_B"],"damage_healed":0,"gold_gain":0,"player_choice":"Removed Skill","damage_taken":0,"max_hp_gain":0,"max_hp_loss":0,"event_name":"Falling","floor":37,"gold_loss":0},{"damage_healed":0,"gold_gain":0,"player_choice":"Memory 1","damage_taken":0,"max_hp_gain":0,"max_hp_loss":0,"event_name":"SensoryStone","floor":45,"gold_loss":0},{"damage_healed":0,"gold_gain":0,"player_choice":"Fight","damage_taken":0,"max_hp_gain":0,"max_hp_loss":0,"event_name":"Mysterious Sphere","floor":47,"gold_loss":0},{"damage_healed":0,"gold_gain":0,"player_choice":"Upgraded","damage_taken":0,"max_hp_gain":0,"max_hp_loss":0,"event_name":"Upgrade Shrine","floor":49,"gold_loss":0,"cards_upgraded":["Redo"]}],"is_beta":false,"boss_relics":[{"not_picked":["Velvet Choker","Astrolabe"],"picked":"Dota2Spire:RefresherOrb"},{"not_picked":["Runic Pyramid","Fusion Hammer"],"picked":"Replay:Drink Me"}],"items_purged_floors":[28,39],"is_endless":false,"potions_floor_spawned":[1,8,10,14,18,24,33,41,47],"ascension_level":0}}