{"host":"yd9r7zy2pq4z3cad","time":1609059142,"event":{"mods":["AchievementEnabler","Act Like it!","Astrologer","BaseMod","Beaked The Cultist","Better Third Choice","BetterRewards","Colored Map","Colored Powertips","Conspire","Curses Come First","Displayed Cursed Tome","Downfall","Elementarium","GifTheSpireLib","Halation","Hallownest","Hermit","Highlight Path","Hubris","Infinite Spire","Jorbs\u0027s Wanderer Trilogy","Menagerie","Minty Spire (QoL Compilation)","Pale of the Ancients","Permanent Neow","Rare Cards Sparkle","Relic Sorter","Relic Stats","Replay The Spire","Shade Mod","StSLib","Stuff the Spire","The Alterego","The Blackbeard","The Bladedancer","The Bug Knight","The Cursed","The Dragon Tamer","The Exalted","The Factory","The Forsaken","The Gatherer","The Hierophant","The Jungle","The Mystic","The Necromancer","The Problem Sleuth","The Runesmith","The Servant 0.9.4","The Spell Scribe","vexMod"],"gold_per_floor":[119,119,132,57,68,68,101,118,118,118,136,36,36,49,49,49,49],"floor_reached":16,"playtime":788,"items_purged":["Strike_R","Strike_R"],"score":152,"play_id":"7f4dd53f-5ac7-49bd-8148-b953477422c1","local_time":"20201227135222","is_ascension_mode":false,"campfire_choices":[{"data":"hubris:ReadiedAction","floor":6,"key":"SMITH"},{"floor":10,"key":"REST"},{"data":"Strike_R","floor":15,"key":"PURGE"}],"circlet_count":0,"master_deck":["Strike_R","Strike_R","Defend_R","Defend_R","Defend_R","Defend_R","Bash","hubris:ReadiedAction+1","Thunderclap","Cleave","Battle Trance","Dropkick","Burning Pact"],"relics":["Burning Blood","NeowsBlessing","Hallownest:DreamNailRelic","infinitespire:Eraser","Question Card"],"acts_visited":["Hallownest:Greenpath"],"potions_floor_usage":[7,14],"damage_taken":[{"damage":0,"enemies":"Hallownest:monsterHuskWarrior","floor":1,"turns":1},{"damage":0,"enemies":"Hallownest:monsterHuskGuard","floor":3,"turns":1},{"damage":0,"enemies":"Hallownest:2_Baldur","floor":5,"turns":2},{"damage":23,"enemies":"Hallownest:eliteMossKnight","floor":7,"turns":9},{"damage":1,"enemies":"Hallownest:monsterMossCharger","floor":8,"turns":3},{"damage":5,"enemies":"Hallownest:Guard_and_Warrior","floor":11,"turns":5},{"damage":0,"enemies":"Hallownest:Wandering_and_Horned","floor":14,"turns":3}],"seed_played":"5910864855216478547","potions_obtained":[{"floor":5,"key":"BlessingOfTheForge"},{"floor":11,"key":"ColorlessPotion"}],"is_trial":false,"path_per_floor":["M","?","M","$","M","R","E","M","T","R","M","$","?","M","R_BF","B"],"character_chosen":"IRONCLAD","items_purchased":[],"campfire_rested":1,"item_purchase_floors":[],"current_hp_per_floor":[80,80,80,80,80,80,63,68,68,80,80,80,80,80,80,0,0],"gold":49,"neow_bonus":"THREE_ENEMY_KILL","is_daily":false,"chose_seed":false,"campfire_upgraded":1,"win_rate":0.0,"timestamp":1609059142,"path_taken":["M","?","M","?","?","R","E","M","T","R","M","$","?","M","R_BF","BOSS"],"items_purchased_type":[],"build_version":"2020-12-22","purchased_purges":2,"victory":false,"max_hp_per_floor":[80,80,80,80,80,80,80,80,80,80,80,80,80,80,80,80,80],"relic_stats":{"counters":[22,106],"Question Card":2,"obtain_stats":[{"Sozu":17,"NeowsBlessing":0,"Shuriken":10,"Gambling Chip":9,"Hallownest:DreamNailRelic":2,"infinitespire:Eraser":7,"Ancient Tea Set":28,"Question Card":9,"Burning Blood":0,"hubris:OldNail":14},{"Sozu":6,"NeowsBlessing":14,"Shuriken":5,"Gambling Chip":4,"Hallownest:DreamNailRelic":15,"infinitespire:Eraser":18,"Ancient Tea Set":10,"Question Card":19,"Burning Blood":0,"hubris:OldNail":5},{"Sozu":28,"NeowsBlessing":66,"Shuriken":20,"Gambling Chip":14,"Hallownest:DreamNailRelic":67,"infinitespire:Eraser":79,"Ancient Tea Set":45,"Question Card":82,"Burning Blood":0,"hubris:OldNail":20}],"Burning Blood":71},"card_choices":[{"not_picked":["Fire Breathing","Heavy Blade"],"picked":"hubris:ReadiedAction","floor":1},{"not_picked":["Warcry","Anger"],"picked":"Thunderclap","floor":3},{"not_picked":["Shrug It Off","StuffTheSpire:Resist"],"picked":"Cleave","floor":5},{"not_picked":["Defy Death","Power Through","Perfected Strike"],"picked":"SKIP","floor":7},{"not_picked":["StuffTheSpire:RagingBull","ReplayTheSpireMod:Strike From Hell"],"picked":"Battle Trance","floor":8},{"not_picked":["Dual Wield","Thunderclap","ReplayTheSpireMod:Strike From Hell"],"picked":"Dropkick","floor":11},{"not_picked":["Infernal Blade","Intimidate","Fiend Fire"],"picked":"Burning Pact","floor":14}],"player_experience":181508,"relics_obtained":[{"floor":7,"key":"infinitespire:Eraser"},{"floor":9,"key":"Question Card"}],"event_choices":[],"is_beta":false,"boss_relics":[],"items_purged_floors":[4,12],"is_endless":false,"potions_floor_spawned":[5,11],"killed_by":"Hallownest:BossHornet","ascension_level":0}}