{"host":"5g4swet0bj9kkdb5","time":1609044607,"event":{"mods":["Aspiration","BaseMod","Better Altar","Better Note","BetterRewards","Colored Map","Colored Powertips","DeckTracker","Highlight Path","Hubris","Infinite Spire","Minty Spire (QoL Compilation)","Quick Restart","Random Character Button","Rare Cards Sparkle","Relic Sorter","Replay The Spire","StSLib","SuperFastMode","Synergy Search","The Cursed","The Disciple","The IronCluck","The Jungle","The Runesmith","The Servant 0.9.4","Waifu the Spire"],"gold_per_floor":[116,116,116,116,130,141,174,174,174,2,19,19,35,53,53,156,156,176,195,195,195,215,240,240,240,240,254,270,22,22,41,41,146,146,159,170,170,189,189,189,189,220,220,220,233,8,28,40,40,40,40],"floor_reached":50,"playtime":6459,"items_purged":["Pain"],"score":571,"play_id":"8540b6ec-5f5e-4e9e-b8eb-8bf4e0556386","local_time":"20201226235007","is_ascension_mode":false,"campfire_choices":[{"floor":8,"key":"REST"},{"floor":15,"key":"REST"},{"floor":24,"key":"REST"},{"floor":40,"key":"REST"},{"floor":49,"key":"REST"}],"circlet_count":0,"master_deck":["Runesmith:Strike_RS","Runesmith:Strike_RS","Runesmith:Defend_RS","Runesmith:Defend_RS","Runesmith:CraftFirestone","Runesmith:Fortify","Runesmith:DoubleUp","Runesmith:HeatedChisel","Runesmith:GenerateForcefield","Runesmith:Discharge","Runesmith:PoweredAnvil+1","Runesmith:FissionHammer","Runesmith:Grindstone","Runesmith:CraftMagma","Runesmith:Superposition","Runesmith:ArcReactor+1","Runesmith:Attraction+1","Runesmith:Supernova+1","Runesmith:HammerTime+1","Runesmith:CraftMagma+1","Runesmith:NegativeSpace+1","Runesmith:LithiumIon+1","Runesmith:CraftProtectio","Runesmith:ChaoticBlast+1","Runesmith:LithiumIon+1","Runesmith:LithiumIon+1","Runesmith:ChiselStab","Runesmith:HeatExchange","Runesmith:CraftIncendium+1","Runesmith:CreatorForm+1","Runesmith:EnergizedChisel","Runesmith:UnstableHammer+1","Runesmith:Firestorm+1","Runesmith:HammerThrow+1","Runesmith:BackupBattery+2","Runesmith:Firestorm+1","ReplayUltimateDefense+1","Runesmith:Reinforce+1","Runesmith:CraftSpiculum+1"],"relics":["Runesmith:BrokenRuby","hubris:Reverence","ReplayTheSpireMod:Ring of Addiction","Ring of Misfortune","Toy Ornithopter","SacredBark","Frozen Egg 2","Bag of Preparation","Sundial","WarpedTongs","Astrolabe","hubris:BottledRain","Toxic Egg 2","Lee\u0027s Waffle","hubris:GrandSneckoEye","Darkstone Periapt","aspiration:FrozenJewel"],"acts_visited":["Exordium","Exordium","TheBeyond"],"potions_floor_usage":[7,14,16,23,31,33,35,42,47,48,50,50],"damage_taken":[{"damage":0,"enemies":"Jaw Worm","floor":1,"turns":4},{"damage":3,"enemies":"Small Slimes","floor":5,"turns":6},{"damage":7,"enemies":"2 Louse","floor":6,"turns":3},{"damage":22,"enemies":"Gremlin Nob","floor":7,"turns":4},{"damage":20,"enemies":"Exordium Thugs","floor":11,"turns":5},{"damage":11,"enemies":"Looter","floor":13,"turns":4},{"damage":2,"enemies":"Gremlin Gang","floor":14,"turns":6},{"damage":3,"enemies":"Fading Forest","floor":16,"turns":11},{"damage":0,"enemies":"theJungle:GiantWrat","floor":18,"turns":6},{"damage":22,"enemies":"theJungle:Flameango_and_Byrd","floor":19,"turns":4},{"damage":0,"enemies":"theJungle:Snecko_Cultist_And_Trap","floor":22,"turns":5},{"damage":19,"enemies":"theJungle:Cassacara","floor":23,"turns":5},{"damage":6,"enemies":"theJungle:Lyon","floor":27,"turns":4},{"damage":11,"enemies":"theJungle:SlimyTreeVines","floor":28,"turns":5},{"damage":8,"enemies":"theJungle:Snecko_Cultist_And_Trap","floor":31,"turns":4},{"damage":19,"enemies":"theJungle:FunGuy","floor":33,"turns":9},{"damage":28,"enemies":"3 Darklings","floor":35,"turns":6},{"damage":0,"enemies":"Orb Walker","floor":36,"turns":3},{"damage":7,"enemies":"Spire Growth","floor":38,"turns":5},{"damage":16,"enemies":"Nemesis","floor":42,"turns":7},{"damage":37,"enemies":"Jaw Worm Horde","floor":45,"turns":4},{"damage":0,"enemies":"Transient","floor":47,"turns":5},{"damage":11,"enemies":"4 Shapes","floor":48,"turns":4},{"damage":45,"enemies":"infinitespire:MassOfShapes","floor":50,"turns":4}],"seed_played":"2560189237135974306","potions_obtained":[{"floor":2,"key":"Venom Potion"},{"floor":2,"key":"Strength Potion"},{"floor":2,"key":"Swift Potion"},{"floor":7,"key":"Milkshake"},{"floor":11,"key":"Fire Potion"},{"floor":14,"key":"Reflective Coating"},{"floor":16,"key":"LiquidBronze"},{"floor":23,"key":"Block Potion"},{"floor":28,"key":"Explosive Potion"},{"floor":33,"key":"Fire Potion"},{"floor":42,"key":"Strength Potion"},{"floor":45,"key":"Block Potion"},{"floor":47,"key":"SpeedPotion"},{"floor":48,"key":"Ancient Potion"}],"is_trial":false,"path_per_floor":["M","?","?","?","M","M","E","R","T","$","M","?","M","M","R","B",null,"M","M","?","?","M","E","R","AVR","T","M","M","$","$","M","R_BF","B",null,"M","M","?","M","?","R","?","E","T","?","M","$","M","M","R_BF","B"],"character_chosen":"RUNESMITH_CLASS","items_purchased":["Runesmith:PoweredAnvil+1","Runesmith:FissionHammer","Runesmith:LithiumIon+1","Runesmith:ChiselStab","Lee\u0027s Waffle","ReplayUltimateDefense+1","Block Potion"],"campfire_rested":5,"item_purchase_floors":[10,10,29,29,29,46,46],"current_hp_per_floor":[77,77,74,67,64,57,40,62,62,62,42,42,31,34,55,57,71,71,49,49,49,49,35,55,55,55,49,44,72,70,67,67,53,70,47,47,47,40,40,60,67,50,50,50,13,13,18,12,31,0,0],"gold":40,"neow_bonus":"TEN_PERCENT_HP_BONUS","is_daily":false,"chose_seed":false,"campfire_upgraded":0,"win_rate":0.0,"timestamp":1609044607,"path_taken":["M","?","?","?","M","M","E","R","T","$","?","?","?","?","R","BOSS","M","M","?","?","?","E","R","AVR","T","M","M","?","$","M","R_BF","BOSS","M","M","?","M","?","R","?","E","T","?","M","?","M","M","R_BF","BOSS"],"items_purchased_type":["Card","Card","Card","Card","Relic","Card","Potion"],"build_version":"2020-12-22","purchased_purges":1,"victory":false,"max_hp_per_floor":[77,77,77,77,77,75,75,75,75,75,73,73,73,71,71,71,71,71,71,69,69,69,67,67,67,67,65,65,72,70,70,70,70,70,70,70,70,70,68,68,68,66,66,66,66,64,64,64,64,64,64],"card_choices":[{"not_picked":["Runesmith:Overpower","Runesmith:HeatExchange"],"picked":"Runesmith:DoubleUp","floor":1},{"not_picked":["Runesmith:MakeshiftArmor","Runesmith:Overpower"],"picked":"Runesmith:HeatedChisel","floor":5},{"not_picked":["Runesmith:Grindstone","Runesmith:HammerThrow"],"picked":"Runesmith:GenerateForcefield","floor":6},{"not_picked":["Runesmith:DoubleUp","Runesmith:StaticCage"],"picked":"Runesmith:Discharge","floor":7},{"not_picked":["Runesmith:ShiftingStrike","Runesmith:FieryHammer"],"picked":"Runesmith:Grindstone","floor":11},{"not_picked":["Runesmith:EarthShield","Runesmith:LithiumIon+1"],"picked":"Runesmith:CraftMagma","floor":13},{"not_picked":["Runesmith:EarthShield","Runesmith:UnstableHammer"],"picked":"Runesmith:Superposition","floor":14},{"not_picked":["Runesmith:CraftMedicinae","Runesmith:ReplicatingBarrier+1"],"picked":"Runesmith:ArcReactor+1","floor":16},{"not_picked":["Runesmith:ShiftingStrike","Runesmith:BackupBattery"],"picked":"Runesmith:CraftMagma+1","floor":18},{"not_picked":["Runesmith:ChargedHammer","Runesmith:CraftMagma"],"picked":"Runesmith:NegativeSpace+1","floor":19},{"not_picked":["Runesmith:Retool+1","aspiration:UnbridledHammer"],"picked":"Runesmith:LithiumIon+1","floor":22},{"not_picked":["Runesmith:Attraction+1","Runesmith:Grindstone+1"],"picked":"Runesmith:CraftProtectio","floor":23},{"not_picked":["Runesmith:EarthShield+1","Runesmith:ChiselStab"],"picked":"Runesmith:ChaoticBlast+1","floor":27},{"not_picked":["Runesmith:PoweredAnvil+1","Runesmith:LithiumIon+1"],"picked":"Runesmith:LightningRod+1","floor":28},{"not_picked":["Runesmith:ChiselStab","Runesmith:Repurpose+1"],"picked":"Runesmith:HeatExchange","floor":31},{"not_picked":["Runesmith:ReplicatingBarrier+1","Runesmith:CraftPrismatica+1"],"picked":"Runesmith:CreatorForm+1","floor":33},{"not_picked":["Runesmith:ShiftingStrike","Runesmith:CraftProtectio+1"],"picked":"Runesmith:EnergizedChisel","floor":35},{"not_picked":["Runesmith:ChargedHammer","Runesmith:ShiftingStrike"],"picked":"Runesmith:UnstableHammer+1","floor":36},{"not_picked":["Runesmith:StaticCage+1","Runesmith:CraftProtectio+1"],"picked":"Runesmith:HammerThrow+1","floor":38},{"not_picked":["Runesmith:CraftMagma+1","Runesmith:WhiteBalance+1"],"picked":"Runesmith:BackupBattery+2","floor":42},{"not_picked":["Runesmith:ShiftingStrike","Runesmith:RuneHurl"],"picked":"Runesmith:Firestorm+1","floor":45},{"not_picked":["Runesmith:EnergizedChisel+1","Runesmith:FrozenChisel+1"],"picked":"Runesmith:Reinforce+1","floor":47},{"not_picked":["Runesmith:MakeshiftArmor+1","Runesmith:Firestorm+1"],"picked":"Runesmith:CraftSpiculum+1","floor":48}],"player_experience":115417,"relics_obtained":[{"floor":2,"key":"ReplayTheSpireMod:Ring of Addiction"},{"floor":2,"key":"Ring of Misfortune"},{"floor":2,"key":"Toy Ornithopter"},{"floor":2,"key":"SacredBark"},{"floor":7,"key":"Bag of Preparation"},{"floor":9,"key":"Sundial"},{"floor":23,"key":"hubris:BottledRain"},{"floor":26,"key":"hubris:Reverence"},{"floor":42,"key":"Darkstone Periapt"},{"floor":43,"key":"aspiration:FrozenJewel"}],"event_choices":[{"damage_healed":0,"gold_gain":0,"player_choice":"Success","damage_taken":3,"relics_obtained":["Frozen Egg 2"],"max_hp_gain":0,"max_hp_loss":0,"event_name":"Scrap Ooze","floor":3,"gold_loss":0},{"cards_removed":["Amnesia"],"damage_healed":0,"gold_gain":0,"player_choice":"Card Removal","damage_taken":7,"max_hp_gain":0,"max_hp_loss":0,"event_name":"Golden Wing","floor":4,"gold_loss":0},{"damage_healed":0,"gold_gain":0,"player_choice":"Rummage","damage_taken":0,"relics_obtained":["WarpedTongs"],"max_hp_gain":0,"max_hp_loss":0,"event_name":"Accursed Blacksmith","floor":12,"gold_loss":0,"cards_obtained":["Pain"]},{"damage_healed":0,"gold_gain":0,"player_choice":"Bought 0 Potions","damage_taken":0,"max_hp_gain":0,"max_hp_loss":0,"event_name":"The Woman in Blue","floor":20,"gold_loss":0},{"damage_healed":0,"gold_gain":0,"player_choice":"Ignored","damage_taken":0,"max_hp_gain":0,"max_hp_loss":0,"event_name":"betterNote:BetterNote","floor":21,"gold_loss":0,"cards_obtained":["Defend_G"]},{"cards_removed":["Runesmith:LightningRod"],"damage_healed":0,"gold_gain":0,"player_choice":"Removed Skill","damage_taken":0,"max_hp_gain":0,"max_hp_loss":0,"event_name":"Falling","floor":39,"gold_loss":0},{"damage_healed":0,"gold_gain":0,"player_choice":"Ignored","damage_taken":0,"max_hp_gain":0,"max_hp_loss":0,"event_name":"Mysterious Sphere","floor":44,"gold_loss":0}],"is_beta":false,"boss_relics":[{"not_picked":["hubris:RunicObelisk","Ectoplasm"],"picked":"Astrolabe"},{"not_picked":["Replay:Wanted Poster","Cursed Key"],"picked":"hubris:GrandSneckoEye"}],"items_purged_floors":[25],"is_endless":false,"potions_floor_spawned":[7,11,14,16,19,23,28,33,42,45,47,48],"killed_by":"infinitespire:MassOfShapes","ascension_level":0}}