{"host":"s0ikvqhe10eopvjn","time":1609082707,"event":{"mods":["BaseMod","Block Reminder","Colored Map","Colored Powertips","DeckTracker","Hermit","Highlight Path","Minty Spire (QoL Compilation)","Permanent Neow","StSLib","The Blue Laboratory","The Cursed"],"gold_per_floor":[116,116,116,127,145,145,179,179,179,189,205,205,224,237,237,333,333,352,362,387,402,419,419,447,462,462,478,478,492,118,137,137,239,239,253,307,307,307,21,21,34,34,34,47,47,81,81,101,101,101],"floor_reached":51,"playtime":3437,"items_purged":["Defend_B","Strike_B"],"score":703,"play_id":"21505dd2-8b4e-4295-a515-2a6090d98e62","local_time":"20201227152507","is_ascension_mode":false,"campfire_choices":[{"data":"Dualcast","floor":6,"key":"SMITH"},{"floor":12,"key":"REST"},{"data":"Fission","floor":15,"key":"SMITH"},{"floor":23,"key":"REST"},{"data":"Consume","floor":32,"key":"SMITH"},{"data":"Barrage","floor":40,"key":"SMITH"},{"data":"Darkness","floor":42,"key":"SMITH"},{"data":"Redo","floor":45,"key":"SMITH"},{"data":"Zap","floor":47,"key":"SMITH"},{"data":"Coolheaded","floor":49,"key":"SMITH"}],"circlet_count":0,"master_deck":["Strike_B","Strike_B","Defend_B+1","Zap+1","Dualcast+1","Darkness+1","Conserve Battery","Iron Wave","Barrage+1","Coolheaded+1","Consume+1","Ball Lightning+1","FTL+1","Fission+1","Sweeping Beam+1","Biased Cognition+1","Beam Cell+1","Cold Snap+1","Sunder+1","Chill","Go for the Eyes+1","Hologram","Conserve Battery","Necronomicurse","Defragment+1","Defragment+1","Electrodynamics+1","Skim+1","Bandage Up","Defragment+1","Redo+1"],"relics":["Cracked Core","Molten Egg 2","Frozen Egg 2","Letter Opener","SacredBark","Red Mask","InkBottle","Gambling Chip","Necronomicon","Lee\u0027s Waffle","Inserter","Incense Burner","Strawberry","Gremlin Horn","Mummified Hand"],"acts_visited":["Exordium","TheCity","TheBeyond"],"potions_floor_usage":[13,16,16,22,27,50],"damage_taken":[{"damage":3,"enemies":"2 Louse","floor":1,"turns":4},{"damage":0,"enemies":"Small Slimes","floor":4,"turns":4},{"damage":0,"enemies":"Cultist","floor":5,"turns":3},{"damage":6,"enemies":"3 Sentries","floor":7,"turns":8},{"damage":3,"enemies":"Blue Slaver","floor":10,"turns":4},{"damage":4,"enemies":"3 Louse","floor":11,"turns":3},{"damage":0,"enemies":"Looter","floor":13,"turns":3},{"damage":0,"enemies":"Large Slime","floor":14,"turns":4},{"damage":11,"enemies":"Hexaghost","floor":16,"turns":9},{"damage":5,"enemies":"Shell Parasite","floor":18,"turns":2},{"damage":8,"enemies":"2 Thieves","floor":19,"turns":3},{"damage":21,"enemies":"Masked Bandits","floor":20,"turns":5},{"damage":8,"enemies":"Snecko","floor":21,"turns":5},{"damage":16,"enemies":"3 Cultists","floor":22,"turns":4},{"damage":17,"enemies":"Gremlin Leader","floor":24,"turns":5},{"damage":5,"enemies":"Snake Plant","floor":25,"turns":2},{"damage":0,"enemies":"Sentry and Sphere","floor":27,"turns":3},{"damage":0,"enemies":"Centurion and Healer","floor":29,"turns":5},{"damage":1,"enemies":"Snake Plant","floor":31,"turns":5},{"damage":46,"enemies":"Automaton","floor":33,"turns":9},{"damage":0,"enemies":"Orb Walker","floor":35,"turns":3},{"damage":0,"enemies":"2 Orb Walkers","floor":36,"turns":2},{"damage":6,"enemies":"3 Darklings","floor":41,"turns":4},{"damage":0,"enemies":"Sphere and 2 Shapes","floor":44,"turns":3},{"damage":0,"enemies":"Giant Head","floor":46,"turns":6},{"damage":8,"enemies":"4 Shapes","floor":48,"turns":2},{"damage":31,"enemies":"Time Eater","floor":50,"turns":6}],"seed_played":"5109781068316591869","potions_obtained":[{"floor":4,"key":"blueLaboratory:AbyssPotion"},{"floor":10,"key":"blueLaboratory:StoneskinPotion"},{"floor":13,"key":"Block Potion"},{"floor":14,"key":"Swift Potion"},{"floor":19,"key":"blueLaboratory:BubblePotion"},{"floor":22,"key":"blueLaboratory:CorrosionFlask"},{"floor":25,"key":"blueLaboratory:Moonshine"},{"floor":29,"key":"ColorlessPotion"},{"floor":31,"key":"blueLaboratory:FruitPreserves"},{"floor":41,"key":"Fire Potion"}],"is_trial":false,"path_per_floor":["M","?","?","M","M","R","E","?","T","M","M","R","M","M","R","B",null,"M","M","?","M","M","R","E","M","T","M","?","M","$","M","R","B",null,"M","?","?","?","$","R","M","R","T","M","R","E","R","M","R","B",null],"character_chosen":"DEFECT","items_purchased":["Lee\u0027s Waffle","Defragment+1","blueLaboratory:TeslaPotion","Defragment+1","Strawberry"],"campfire_rested":2,"item_purchase_floors":[30,30,30,39,39],"current_hp_per_floor":[72,57,57,57,57,57,51,44,44,41,37,59,59,59,59,48,75,70,62,41,33,17,39,22,17,17,17,1,1,82,81,81,35,82,82,82,82,82,89,89,83,83,83,83,83,87,87,79,79,52],"gold":101,"neow_bonus":"TRANSFORM_CARD","is_daily":false,"chose_seed":false,"campfire_upgraded":8,"win_rate":0.0,"timestamp":1609082707,"path_taken":["M","?","?","M","?","R","E","?","T","M","M","R","M","M","R","BOSS","M","M","?","M","M","R","E","M","T","M","?","M","$","M","R","BOSS","M","?","?","?","$","R","M","R","T","M","R","E","R","M","R","BOSS"],"items_purchased_type":["Relic","Card","Potion","Card","Relic"],"build_version":"2020-12-22","purchased_purges":2,"victory":true,"max_hp_per_floor":[75,75,75,75,75,75,75,75,75,75,75,75,75,75,75,75,75,75,75,75,75,75,75,75,75,75,75,75,75,82,82,82,82,82,82,82,82,82,89,89,89,89,89,89,89,89,89,89,89,89],"card_choices":[{"not_picked":["Undo","Rebound"],"picked":"Conserve Battery","floor":1},{"not_picked":["Beam Cell","Turbo"],"picked":"Barrage","floor":4},{"not_picked":["Core Surge","Leap"],"picked":"Coolheaded","floor":5},{"not_picked":["Heatsinks","Steam"],"picked":"Consume","floor":7},{"not_picked":["Barrage+1","Rebound+1"],"picked":"Ball Lightning+1","floor":10},{"not_picked":["Barrage+1","Doom and Gloom+1"],"picked":"FTL+1","floor":11},{"not_picked":["Chaos","Go for the Eyes+1"],"picked":"Fission","floor":13},{"not_picked":["Ball Lightning+1","Leap"],"picked":"Sweeping Beam+1","floor":14},{"not_picked":["Meteor Strike+1","Amplify"],"picked":"Biased Cognition+1","floor":16},{"not_picked":["Steam Power+1","Gash+1"],"picked":"Beam Cell+1","floor":18},{"not_picked":["Steam","Barrage+1"],"picked":"Cold Snap+1","floor":19},{"not_picked":["Consume","Compile Driver+1"],"picked":"Sunder+1","floor":20},{"not_picked":["Doom and Gloom+1","Compile Driver+1","Steam"],"picked":"SKIP","floor":21},{"not_picked":["Cold Snap+1","Genetic Algorithm+1"],"picked":"Chill","floor":22},{"not_picked":["Ball Lightning+1","Compile Driver+1"],"picked":"Go for the Eyes+1","floor":24},{"not_picked":["Barrage+1","Steam+1"],"picked":"Hologram","floor":25},{"not_picked":["Reprogram+1","Turbo"],"picked":"Conserve Battery","floor":27},{"not_picked":["Cold Snap+1","Streamline+1"],"picked":"Defragment+1","floor":29},{"not_picked":["Multi-Cast","Streamline+1","Static Discharge+1"],"picked":"SKIP","floor":31},{"not_picked":["Amplify","Hyperbeam+1"],"picked":"Electrodynamics+1","floor":33},{"not_picked":["Turbo","Loop+1","Genetic Algorithm+1"],"picked":"SKIP","floor":35},{"not_picked":["Auto Shields+1","Heatsinks+1"],"picked":"Skim+1","floor":36},{"not_picked":["Discovery","The Bomb"],"picked":"Bandage Up","floor":37},{"not_picked":["Gash+1","Sunder+1","Beam Cell+1"],"picked":"SKIP","floor":41},{"not_picked":["Ball Lightning+1","Blizzard+1"],"picked":"Redo","floor":44},{"not_picked":["Compile Driver+1","Leap","Steam Power"],"picked":"SKIP","floor":46},{"not_picked":["Reboot","Beam Cell+1","Barrage+1"],"picked":"SKIP","floor":48}],"player_experience":32856,"relics_obtained":[{"floor":7,"key":"Molten Egg 2"},{"floor":9,"key":"Letter Opener"},{"floor":20,"key":"Red Mask"},{"floor":24,"key":"InkBottle"},{"floor":26,"key":"Gambling Chip"},{"floor":28,"key":"Necronomicon"},{"floor":36,"key":"Incense Burner"},{"floor":43,"key":"Gremlin Horn"},{"floor":46,"key":"Mummified Hand"}],"event_choices":[{"damage_healed":0,"gold_gain":0,"player_choice":"Entered Light","damage_taken":15,"max_hp_gain":0,"max_hp_loss":0,"event_name":"Shining Light","floor":2,"gold_loss":0,"cards_upgraded":["Defend_B","Defend_B"]},{"cards_removed":["Defend_B"],"damage_healed":0,"gold_gain":0,"player_choice":"Took Card","damage_taken":0,"max_hp_gain":0,"max_hp_loss":0,"event_name":"NoteForYourself","floor":3,"gold_loss":0,"cards_obtained":["Iron Wave"]},{"damage_healed":0,"gold_gain":0,"player_choice":"Success","damage_taken":7,"relics_obtained":["Frozen Egg 2"],"max_hp_gain":0,"max_hp_loss":0,"event_name":"Scrap Ooze","floor":8,"gold_loss":0},{"damage_healed":0,"gold_gain":0,"player_choice":"Fought Bandits","damage_taken":0,"max_hp_gain":0,"max_hp_loss":0,"event_name":"Masked Bandits","floor":20,"gold_loss":0},{"damage_healed":0,"gold_gain":0,"player_choice":"Obtained Book","damage_taken":16,"max_hp_gain":0,"max_hp_loss":0,"event_name":"Cursed Tome","floor":28,"gold_loss":0},{"damage_healed":0,"gold_gain":0,"player_choice":"Fight","damage_taken":0,"max_hp_gain":0,"max_hp_loss":0,"event_name":"Mysterious Sphere","floor":36,"gold_loss":0},{"damage_healed":0,"gold_gain":0,"player_choice":"Memory 1","damage_taken":0,"max_hp_gain":0,"max_hp_loss":0,"event_name":"SensoryStone","floor":37,"gold_loss":0},{"cards_removed":["Defend_B"],"damage_healed":0,"gold_gain":0,"player_choice":"Removed Skill","damage_taken":0,"max_hp_gain":0,"max_hp_loss":0,"event_name":"Falling","floor":38,"gold_loss":0}],"is_beta":false,"boss_relics":[{"not_picked":["Runic Pyramid","Cursed Key"],"picked":"SacredBark"},{"not_picked":["FrozenCore","Empty Cage"],"picked":"Inserter"}],"items_purged_floors":[30,39],"is_endless":false,"potions_floor_spawned":[4,10,13,14,19,22,25,29,31,33,41,44,46,48],"ascension_level":0}}