{"host":"e5u7qs1emxzejr12","time":1609085267,"event":{"mods":["2.2 Compatiblity","ATMod(∞¢Ë™Mod)","Act Like it!","BaseMod","Card Forge","Custom Start","Highlight Path","Luminous","Minty Spire (QoL Compilation)","Prisma Mod","Quick Restart","Reimu£®≤©¿ˆ¡È√Œ£©","Replay The Spire","Shop Mod","StSLib","SuperFastMode","Uncapped","UnlockEverythingMod","Yakumo Yukari mod","vexMod","°æ“≈ŒÔø®≈∆°øREMEMod"],"gold_per_floor":[147,147,147,197,197,593,674,728,728,821,914,914,965,1007,1007,1238,1238,1319,1319,1319,827,827,929,1028,1109,1109,1226,1319,531,373,505,505,724,724,769,769,769,769,769,865,958,1063,1063,1168,1168,1243,1243,1378,1378,1408,1408,1408,1408,1087,1222,1247],"floor_reached":57,"playtime":2692,"items_purged":[],"score":3064,"play_id":"a4dfb4b5-d52b-451f-89a7-3c886ffc5a83","local_time":"20201228000747","daily_mods":["Heirloom","Flight","Midas"],"is_ascension_mode":true,"campfire_choices":[{"floor":15.0,"key":"DIG"},{"floor":32,"key":"DIG"},{"floor":45,"key":"RECALL"},{"floor":53,"key":"REST"}],"circlet_count":0,"master_deck":["PrismaMod:IllyaUncommonDefend+1","AT_RightCognition+1","PrismaMod:IllyaCommandSeal+1","PrismaMod:IllyaUncommonAOEAttack+1","PrismaMod:IllyaInstallRuler","PrismaMod:IllyaCarnivalPrismaAstolfo+1","PrismaMod:IllyaSaphire+1","PrismaMod:IllyaGrail+1","PrismaMod:IllyaGrail+1","PrismaMod:IllyaBride+1","PrismaMod:IllyaGrail+1","PrismaMod:IllyaSaphire+1","PrismaMod:IllyaUberAttackChannel+1","REME_Flogging+1","Pot Of Greed+1","Pot Of Greed+1","Master of Strategy+1","Madness+1"],"relics":["PrismaMod:PrismaRuby","Hammer of Thor","Seething Fire","Anvil of the Gods","AT_ATBox","REME_ComplimentaryCards","Ginger","AT_EbonyIvory","AT_SilvercatRing","Replay:Baseball","WarpedTongs","Old Coin","Mango","Replay:Towering Pillar of Hats","Omamori","REME_PuzzleBoxRelic","Pantograph","vexMod:TanglingVine","AT_BladeRuinedKing","AT_TimeSand","PreservedInsect","AT_BellDemon","Blood Vial","Bag of Marbles","Strawberry","War Paint","TungstenRod","Divine Protection","Letter Opener","Orrery","Grinning Jar","Bottled Lightning","Juzu Bracelet","Unceasing Top","SlaversCollar","Akabeko","Anchor","Replay:Wax Seal","Sundial","Question Card","Orichalcum","vexMod:CardConverter","Ornamental Fan","REME_HourglassOfDeath","AT_RedNoBalance","AT_SpeedBoots","Prayer Wheel","StrikeDummy","Replay:Multitool","Boot","Incense Burner","AT_MibuBalloonWealth","Pet Ghost"],"acts_visited":["Exordium","TheCity","TheBeyond","TheEnding"],"potions_floor_usage":[56],"damage_taken":[{"damage":2.0,"enemies":"Jaw Worm","floor":1.0,"turns":4.0},{"damage":18.0,"enemies":"3 Sentries","floor":6.0,"turns":11.0},{"damage":13.0,"enemies":"Gremlin Nob","floor":7.0,"turns":4.0},{"damage":0.0,"enemies":"2 Louse","floor":8.0,"turns":3.0},{"damage":0.0,"enemies":"Replay:BlueRogue","floor":10.0,"turns":4.0},{"damage":3.0,"enemies":"3 Sentries","floor":11.0,"turns":10.0},{"damage":0.0,"enemies":"Cultist","floor":13.0,"turns":3.0},{"damage":16.0,"enemies":"Large Slime","floor":14.0,"turns":3.0},{"damage":4.0,"enemies":"The Guardian","floor":16.0,"turns":7.0},{"damage":0.0,"enemies":"3 Byrds","floor":18.0,"turns":3.0},{"damage":1.0,"enemies":"Replay:Snechameleon","floor":23.0,"turns":4.0},{"damage":4.0,"enemies":"Book of Stabbing","floor":24.0,"turns":4.0},{"damage":0.0,"enemies":"REME_1_Revenger","floor":25.0,"turns":3.0},{"damage":19.0,"enemies":"Replay:Snechameleon","floor":27.0,"turns":3.0},{"damage":5.0,"enemies":"Slavers","floor":28.0,"turns":2.0},{"damage":0,"enemies":"Collector","floor":33,"turns":4},{"damage":0,"enemies":"Orb Walker","floor":35,"turns":2},{"damage":0,"enemies":"Orb Walker","floor":37,"turns":2},{"damage":1,"enemies":"R_Hoarder","floor":40,"turns":3},{"damage":0,"enemies":"Reptomancer","floor":41,"turns":1},{"damage":0,"enemies":"R_Hoarder","floor":42,"turns":3},{"damage":0,"enemies":"Reptomancer","floor":44,"turns":1},{"damage":0,"enemies":"Mind Bloom Boss Battle","floor":46,"turns":1},{"damage":0,"enemies":"2 Orb Walkers","floor":48,"turns":1},{"damage":0,"enemies":"Replay:Hell Engine","floor":50,"turns":1},{"damage":17,"enemies":"Time Eater","floor":51,"turns":3},{"damage":0,"enemies":"Shield and Spear","floor":55,"turns":1},{"damage":9,"enemies":"The Heart","floor":56,"turns":4}],"seed_played":"5501084886786650912","potions_obtained":[{"floor":7.0,"key":"LiquidBronze"},{"floor":11.0,"key":"ZuzhouPotion:ReiMu"},{"floor":19.0,"key":"Ancient Potion"}],"is_trial":true,"path_per_floor":["M","?","?","T","?","E","E","M","T","E","E","?","M","M","R","B",null,"M","?","?","$","?","E","E","E","T","E","E","$","$","?","R","B",null,"M","?","?","?","T","E","E","E","T","E","R","?","?","?","R","B","B",null,"R","$","E","B",null],"character_chosen":"ILLYA","items_purchased":["AT_BladeRuinedKing","AT_TimeSand","PrismaMod:IllyaBride","Letter Opener","PrismaMod:IllyaGrail","PrismaMod:IllyaBride","Orrery","REME_Flogging","Grinning Jar","Incense Burner"],"campfire_rested":1,"item_purchase_floors":[21,21,21,29,29,29,29,29,30,54],"current_hp_per_floor":[62,57,57,57,57,39,45,50,50,50,52,52,59,43,43,64,80,85,85,85,85,85,85,81,85,85,73,70,70,70,70,70,95,95,95,82,95,95,95,94,95,95,95,95,95,77,76,66,66,98,94,101,103,103,103,99],"gold":1247,"neow_bonus":"","is_daily":false,"chose_seed":false,"campfire_upgraded":0,"win_rate":0.0,"timestamp":1609085267,"path_taken":["M","?","?","?","?","E","E","?","T","E","E","?","?","M","R","BOSS","M","?","?","$","?","E","E","E","T","E","E","$","$","?","R","BOSS","M","?","?","?","?","E","E","E","T","E","R","?","?","?","R","BOSS","BOSS","R","$","E","BOSS"],"items_purchased_type":["Relic","Relic","Card","Relic","Card","Card","Relic","Card","Relic","Relic"],"build_version":"2020-12-22","purchased_purges":0,"victory":true,"max_hp_per_floor":[71,71,71,71,71,71,85,85,85,85,85,85,85,85,85,85,85,85,85,85,85,85,85,85,85,85,92,92,92,92,92,92,95,95,95,95,95,95,95,95,95,95,95,95,95,95,103,103,103,103,103,103,103,103,103,103],"card_choices":[{"not_picked":["PrismaMod:IllyaRapidFire","PrismaMod:IllyaPoisoningPhantasm","PrismaMod:IllyaHassanGift"],"picked":"SKIP","floor":1.0},{"not_picked":["PrismaMod:IllyaBlindPoisonToss","PrismaMod:IllyaStunPoison"],"picked":"PrismaMod:IllyaCommandSeal","floor":6.0},{"not_picked":["PrismaMod:IllyaPartialInstallAssassin","PrismaMod:IllyaEvokeAll","PrismaMod:IllyaUncommonAttack"],"picked":"SKIP","floor":7.0},{"not_picked":["PrismaMod:IllyaEvokeAll","PrismaMod:IllyaDetonatingBlow"],"picked":"PrismaMod:IllyaUncommonAOEAttack","floor":8.0},{"not_picked":["PrismaMod:IllyaUberPoisonBlock","PrismaMod:IllyaPoisonTippedWeapons"],"picked":"PrismaMod:IllyaGrailKun","floor":10.0},{"not_picked":["PrismaMod:IllyaCheapAttack","PrismaMod:IllyaMinorZwei"],"picked":"PrismaMod:IllyaInstallRuler","floor":11.0},{"not_picked":["PrismaMod:IllyaUncommonAttack","PrismaMod:IllyaBride"],"picked":"PrismaMod:IllyaCheapChannelPoison","floor":13.0},{"not_picked":["PrismaMod:IllyaUncommonEvoke","PrismaMod:IllyaUberPoisonBlock"],"picked":"PrismaMod:IllyaUncommonDefend","floor":14.0},{"not_picked":["PrismaMod:IllyaUberAttackChannel","PrismaMod:IllyaInstallMoonCancer"],"picked":"PrismaMod:IllyaCarnivalPrismaAstolfo","floor":16.0},{"not_picked":["PrismaMod:IllyaTestament","PrismaMod:IllyaCheapAttack","PrismaMod:IllyaUpgradeOrbs"],"picked":"SKIP","floor":18.0},{"not_picked":["PrismaMod:IllyaFeed","PrismaMod:IllyaRussianRoulette"],"picked":"PrismaMod:IllyaMinorReinForce","floor":23.0},{"not_picked":["PrismaMod:IllyaRussianRoulette","PrismaMod:IllyaFeed","PrismaMod:IllyaGrailKun"],"picked":"SKIP","floor":24.0},{"not_picked":["PrismaMod:IllyaAssassinRevenge","PrismaMod:IllyaPartialInstallAssassin"],"picked":"PrismaMod:IllyaSaphire","floor":25.0},{"not_picked":["PrismaMod:IllyaMaid","PrismaMod:IllyaRapidFire"],"picked":"PrismaMod:IllyaCarnivalOrbs","floor":27.0},{"not_picked":["PrismaMod:IllyaFriendMaker","PrismaMod:IllyaStunPoison"],"picked":"PrismaMod:IllyaGrail","floor":28},{"not_picked":["PrismaMod:IllyaPoisoningPhantasm+1","PrismaMod:IllyaMaid"],"picked":"PrismaMod:IllyaGrail","floor":29},{"not_picked":["PrismaMod:IllyaUpgradeOrbs","PrismaMod:IllyaInstallAssassin"],"picked":"PrismaMod:IllyaSaphire","floor":29},{"not_picked":["PrismaMod:IllyaGun","PrismaMod:IllyaEvokeAll"],"picked":"PrismaMod:IllyaUberAttackChannel","floor":29},{"not_picked":["PrismaMod:IllyaInstallRuler","PrismaMod:IllyaInstallSaber"],"picked":"PrismaMod:IllyaUberAttackChannel","floor":33},{"not_picked":["PrismaMod:IllyaFeed","PrismaMod:IllyaPoisonTippedWeapons","PrismaMod:IllyaCheapChannelDefend"],"picked":"SKIP","floor":35},{"not_picked":["PrismaMod:IllyaUncommonEvoke+1","PrismaMod:IllyaBoysLove","PrismaMod:IllyaPoisoningPhantasm"],"picked":"SKIP","floor":40},{"not_picked":["PrismaMod:IllyaReinForce","PrismaMod:IllyaGrailKun","PrismaMod:IllyaCheapChannelDefend"],"picked":"SKIP","floor":41},{"not_picked":["PrismaMod:IllyaBride+1","PrismaMod:IllyaFeed+1","PrismaMod:IllyaAssassinRevenge+1","PrismaMod:IllyaCheapChannelPoison"],"picked":"SKIP","floor":42},{"not_picked":["PrismaMod:IllyaRussianRoulette","PrismaMod:IllyaDevil","PrismaMod:IllyaUpgradeOrbs","PrismaMod:IllyaPoisonBomb"],"picked":"SKIP","floor":44},{"not_picked":["Sadistic Nature","Impatience","vexMod:EmailVexCard"],"picked":"Master of Strategy","floor":47},{"not_picked":["Enlightenment","Swift Strike","Bandage Up"],"picked":"Secret Technique","floor":47},{"not_picked":["REME_HeartOfCthun","Discovery","REME_TwoStrings"],"picked":"Madness","floor":47},{"not_picked":["PrismaMod:IllyaAOECommonAttack","PrismaMod:IllyaPoisonTippedWeapons+1","PrismaMod:IllyaAlice","PrismaMod:IllyaFeed+1"],"picked":"SKIP","floor":55}],"player_experience":34720,"relics_obtained":[{"floor":4.0,"key":"Replay:Baseball"},{"floor":6.0,"key":"Old Coin"},{"floor":7.0,"key":"Mango"},{"floor":9.0,"key":"Replay:Towering Pillar of Hats"},{"floor":10.0,"key":"Omamori"},{"floor":11.0,"key":"REME_PuzzleBoxRelic"},{"floor":15.0,"key":"Pantograph"},{"floor":23.0,"key":"PreservedInsect"},{"floor":24.0,"key":"AT_BellDemon"},{"floor":25.0,"key":"Blood Vial"},{"floor":25.0,"key":"Bag of Marbles"},{"floor":27.0,"key":"Strawberry"},{"floor":27.0,"key":"War Paint"},{"floor":28,"key":"TungstenRod"},{"floor":28,"key":"Divine Protection"},{"floor":31,"key":"Bottled Lightning"},{"floor":32,"key":"Juzu Bracelet"},{"floor":33,"key":"Unceasing Top"},{"floor":35,"key":"Akabeko"},{"floor":39,"key":"Anchor"},{"floor":40,"key":"Replay:Wax Seal"},{"floor":40,"key":"Sundial"},{"floor":41,"key":"Question Card"},{"floor":41,"key":"Orichalcum"},{"floor":42,"key":"vexMod:CardConverter"},{"floor":42,"key":"Ornamental Fan"},{"floor":43,"key":"REME_HourglassOfDeath"},{"floor":44,"key":"AT_SilverBalance"},{"floor":44,"key":"AT_SpeedBoots"},{"floor":46,"key":"Prayer Wheel"},{"floor":46,"key":"StrikeDummy"},{"floor":48,"key":"Replay:Multitool"},{"floor":48,"key":"Boot"},{"floor":55,"key":"AT_MibuBalloonWealth"},{"floor":55,"key":"Pet Ghost"}],"event_choices":[{"damage_healed":0.0,"max_hp_gain":0.0,"max_hp_loss":0.0,"gold_gain":0.0,"event_name":"Scrap Ooze","player_choice":"Success","floor":2.0,"gold_loss":0.0,"damage_taken":5.0,"relics_obtained":["AT_EbonyIvory"]},{"damage_healed":0.0,"max_hp_gain":0.0,"max_hp_loss":0.0,"gold_gain":0.0,"event_name":"Big Fish","player_choice":"Box","floor":3.0,"gold_loss":0.0,"damage_taken":0.0,"relics_obtained":["AT_SilvercatRing"],"cards_obtained":["Regret"]},{"damage_healed":0.0,"max_hp_gain":0.0,"max_hp_loss":0.0,"gold_gain":0.0,"event_name":"Accursed Blacksmith","player_choice":"Rummage","floor":5.0,"gold_loss":0.0,"damage_taken":0.0,"relics_obtained":["WarpedTongs"],"cards_obtained":["Pain"]},{"damage_healed":0.0,"max_hp_gain":0.0,"max_hp_loss":0.0,"gold_gain":0.0,"event_name":"Upgrade Shrine","player_choice":"Ignored","floor":12.0,"gold_loss":0.0,"damage_taken":0.0},{"damage_healed":0.0,"max_hp_gain":0.0,"max_hp_loss":0.0,"gold_gain":0.0,"event_name":"The Library","player_choice":"Read","floor":20.0,"gold_loss":0.0,"damage_taken":0.0,"cards_obtained":["PrismaMod:IllyaUberChannel"]},{"damage_healed":0.0,"max_hp_gain":0.0,"max_hp_loss":0.0,"gold_gain":0.0,"event_name":"Cursed Tome","player_choice":"Ignored","floor":22.0,"gold_loss":0.0,"damage_taken":0.0},{"damage_healed":0,"gold_gain":0,"player_choice":"Damaged","damage_taken":14,"max_hp_gain":0,"max_hp_loss":0,"event_name":"Wheel of Change","floor":36,"gold_loss":0},{"damage_healed":0,"gold_gain":0,"player_choice":"Ignored","damage_taken":0,"max_hp_gain":0,"max_hp_loss":0,"event_name":"Tomb of Lord Red Mask","floor":38,"gold_loss":0},{"damage_healed":0,"gold_gain":0,"player_choice":"Fight","damage_taken":0,"max_hp_gain":0,"max_hp_loss":0,"event_name":"MindBloom","floor":46,"gold_loss":0},{"damage_healed":0,"gold_gain":0,"player_choice":"Memory 3","damage_taken":10,"max_hp_gain":0,"max_hp_loss":0,"event_name":"SensoryStone","floor":47,"gold_loss":0},{"damage_healed":0,"gold_gain":0,"player_choice":"Fight","damage_taken":0,"max_hp_gain":0,"max_hp_loss":0,"event_name":"Mysterious Sphere","floor":48,"gold_loss":0},{"damage_healed":0,"gold_gain":0,"player_choice":"Ignored","damage_taken":0,"max_hp_gain":0,"max_hp_loss":0,"event_name":"The Moai Head","floor":49,"gold_loss":0}],"is_beta":false,"boss_relics":[{"not_picked":["ReplayTheSpireMod:DimensionalGlitch","vexMod:DeviousBotling"],"picked":"vexMod:TanglingVine"},{"not_picked":["REME_DemonsWealth","SacredBark"],"picked":"SlaversCollar"}],"items_purged_floors":[],"is_endless":false,"potions_floor_spawned":[7,11,13,14,16,24,25,27,33,40,41,46],"ascension_level":20}}