{"host":"28bpuzdckreop5i0","time":1609112674,"event":{"mods":["Act Like it!","Aspiration","BaseMod","Beaked The Cultist","Best Route Mod","BetterRewards","Challenge The Spire","Conspire","Defuse TimeMaze Blight","Downfall","Energized Spire","GifTheSpireLib","Googly Eyes","Hubris","Infinite Spire","Lobotomy","Mimic Mod","Minty Spire (QoL Compilation)","Relic Stats","Shop Mod","Spicy Shops","StSLib","Stuff the Spire","The Awakened One except there are too many feathers","The Construct","The Cursed","The Disciple","The Hierophant","The IronCluck","The Jungle","Thieving Mod","Transform Curses","Wandering Minibosses","slay the spire mod where everything is the same but ironclad has a cowboy hat"],"gold_per_floor":[118,131,131,147,147,147,178,189,225,225,240,240,253,273,273,371,371,383,400,39,57,67,67,99,114,193,193,293,303,303,313,313,412,412,422,441,455,259,259,259,259,259,285,285,285],"floor_reached":44,"playtime":2413,"items_purged":["construct:HeavyBolt+1","construct:Defend_Gold"],"score":434,"play_id":"6a0fdaa4-73e3-44a6-b893-5ab1a82900ee","local_time":"20201227174434","is_ascension_mode":false,"campfire_choices":[{"data":"construct:HeavyBolt","floor":6,"key":"SMITH"},{"floor":10,"key":"REST"},{"data":"construct:SiegeForm","floor":12,"key":"SMITH"},{"data":"construct:ShiftStrike","floor":15,"key":"SMITH"},{"floor":23,"key":"REST"},{"floor":30,"key":"REST"},{"floor":32,"key":"REST"},{"data":"infinitespire:Execution","floor":40,"key":"SMITH"}],"circlet_count":0,"master_deck":["construct:Strike_Gold","construct:Strike_Gold","construct:Strike_Gold","construct:Strike_Gold","construct:Strike_Gold","construct:Defend_Gold","construct:Defend_Gold","construct:Defend_Gold","construct:Defend_Gold","construct:AttackMode+1","construct:DefenseMode","construct:Accumulate","construct:BatteryAcid","construct:ShiftStrike+1","construct:Analyze","construct:FlakBarrage","construct:Boost","construct:MemoryTap","construct:Antimatter","infinitespire:Execution+1","hubris:DuctTapeCard","construct:Chainstrike"],"relics":["Guardian:ModeShifter","aspiration:Nostalgia","Cracked Core","infinitespire:Cubic Diamond","StrikeDummy","aspiration:EmptySkull","infinitespire:Cupcake","wanderingMiniBosses:CarrionFlame","aspiration:AnachronicSnailShell","Smiling Mask","Shuriken","hubris:Backtick","hubris:DuctTape","aspiration:HiddenCompartment","Blood Vial"],"acts_visited":["Exordium","Exordium","TheBeyond"],"potions_floor_usage":[16,19,24,25,31,33],"damage_taken":[{"damage":0,"enemies":"Cultist","floor":1,"turns":3},{"damage":0,"enemies":"Small Slimes","floor":2,"turns":3},{"damage":0,"enemies":"2 Louse","floor":4,"turns":3},{"damage":14,"enemies":"Gremlin Nob","floor":7,"turns":3},{"damage":18,"enemies":"Exordium Thugs","floor":8,"turns":4},{"damage":13,"enemies":"2 Fungi Beasts","floor":9,"turns":5},{"damage":7,"enemies":"2 Fungi Beasts","floor":11,"turns":3},{"damage":5,"enemies":"Looter","floor":13,"turns":3},{"damage":9,"enemies":"Large Slime","floor":14,"turns":3},{"damage":29,"enemies":"Hexaghost","floor":16,"turns":6},{"damage":12,"enemies":"theJungle:MUSHROOMGANG","floor":18,"turns":3},{"damage":34,"enemies":"theJungle:GiantWrat","floor":19,"turns":5},{"damage":7,"enemies":"theJungle:SlimyTreeVines","floor":21,"turns":3},{"damage":5,"enemies":"theJungle:2_Flameangoes","floor":22,"turns":3},{"damage":6,"enemies":"theJungle:Cassacara","floor":24,"turns":4},{"damage":8,"enemies":"theJungle:Snecko_Cultist_And_Trap","floor":25,"turns":3},{"damage":7,"enemies":"theJungle:SlimyTreeVines","floor":29,"turns":3},{"damage":13,"enemies":"theJungle:JungleHuntersEncounter","floor":31,"turns":3},{"damage":19,"enemies":"theJungle:FunGuy","floor":33,"turns":6},{"damage":11,"enemies":"3 Shapes","floor":35,"turns":3},{"damage":10,"enemies":"3 Darklings","floor":36,"turns":3},{"damage":8,"enemies":"4 Shapes","floor":37,"turns":2},{"damage":11,"enemies":"Spire Growth","floor":44,"turns":4}],"seed_played":"7766830837910908258","potions_obtained":[{"floor":7,"key":"SteroidPotion"},{"floor":8,"key":"LiquidBronze"},{"floor":13,"key":"CultistPotion"},{"floor":18,"key":"Ancient Potion"},{"floor":22,"key":"Block Potion"},{"floor":24,"key":"sneckomod:MuddlingPotion"},{"floor":33,"key":"Block Potion"},{"floor":35,"key":"Energy Potion"},{"floor":36,"key":"PowerPotion"}],"is_trial":false,"path_per_floor":["M","M","?","M","?","R","E","M","MIM","R","M","R","M","M","R","B",null,"M","M","$","M","M","R","E","M","T","?","?","M","R","M","R","B",null,"M","M","M","$","?","R","?","?","T","M"],"character_chosen":"THE_CONSTRUCT_MOD","items_purchased":["aspiration:AnachronicSnailShell","aspiration:HiddenCompartment"],"campfire_rested":4,"item_purchase_floors":[20,38],"current_hp_per_floor":[85,85,85,85,85,85,71,53,40,65,58,58,53,44,44,15,85,73,39,39,35,30,55,49,41,41,19,14,10,35,22,47,28,85,74,64,56,56,56,56,59,88,88,77,77],"gold":285,"neow_bonus":"NOSTALGIA","is_daily":false,"chose_seed":false,"campfire_upgraded":4,"win_rate":0.0,"timestamp":1609112674,"path_taken":["M","?","?","M","?","R","E","M","MIM","R","M","R","M","M","R","BOSS","M","M","$","M","M","R","E","M","T","?","?","M","R","M","R","BOSS","M","M","M","$","?","R","?","?","T","M"],"items_purchased_type":["Relic","Relic"],"build_version":"2020-12-22","purchased_purges":2,"victory":false,"max_hp_per_floor":[85,85,85,85,85,85,85,85,85,85,85,85,85,85,85,85,85,85,85,85,85,85,85,85,85,85,85,85,85,85,85,85,85,85,85,85,85,85,85,85,88,88,88,88,88],"relic_stats":{"Blood Vial":0,"counters":[23,81],"Shuriken":[8],"Smiling Mask":50,"obtain_stats":[{"hubris:DuctTape":34,"aspiration:Nostalgia":0,"Guardian:ModeShifter":5,"infinitespire:Cubic Diamond":5,"Smiling Mask":24,"aspiration:HiddenCompartment":38,"Blood Vial":43,"aspiration:EmptySkull":9,"hubris:Backtick":34,"wanderingMiniBosses:CarrionFlame":19,"Shuriken":26,"construct:Cogwheel":0,"aspiration:AnachronicSnailShell":20,"Cracked Core":0,"StrikeDummy":7,"infinitespire:Cupcake":17},{"hubris:DuctTape":19,"aspiration:Nostalgia":0,"Guardian:ModeShifter":3,"infinitespire:Cubic Diamond":3,"Smiling Mask":15,"aspiration:HiddenCompartment":22,"Blood Vial":22,"aspiration:EmptySkull":6,"hubris:Backtick":19,"wanderingMiniBosses:CarrionFlame":12,"Shuriken":16,"construct:Cogwheel":0,"aspiration:AnachronicSnailShell":12,"Cracked Core":0,"StrikeDummy":4,"infinitespire:Cupcake":10},{"hubris:DuctTape":69,"aspiration:Nostalgia":0,"Guardian:ModeShifter":9,"infinitespire:Cubic Diamond":9,"Smiling Mask":54,"aspiration:HiddenCompartment":77,"Blood Vial":77,"aspiration:EmptySkull":21,"hubris:Backtick":69,"wanderingMiniBosses:CarrionFlame":44,"Shuriken":57,"construct:Cogwheel":0,"aspiration:AnachronicSnailShell":44,"Cracked Core":0,"StrikeDummy":12,"infinitespire:Cupcake":36}]},"card_choices":[{"not_picked":["construct:Hazardproof","construct:ScrapCannon","construct:VentSteam"],"picked":"SKIP","floor":1},{"not_picked":["construct:Electrocute","construct:Anticipate"],"picked":"construct:HeavyBolt","floor":2},{"not_picked":["construct:ScrapCannon","construct:Forcefield"],"picked":"construct:Accumulate","floor":4},{"not_picked":["construct:FierceBash","construct:Boost"],"picked":"construct:SiegeForm","floor":7},{"not_picked":["construct:ScopeCore","construct:HeavyBolt"],"picked":"construct:BatteryAcid","floor":8},{"not_picked":["construct:HeavyBolt","construct:Forcefield"],"picked":"construct:ShiftStrike","floor":9},{"not_picked":["construct:SyphonStrike","construct:Disrupt"],"picked":"construct:Analyze","floor":11},{"not_picked":["construct:SyphonStrike","construct:Backfire"],"picked":"construct:FlakBarrage","floor":13},{"not_picked":["construct:Chainstrike","construct:FlakBarrage"],"picked":"construct:Boost","floor":14},{"not_picked":["construct:ShiftingStance","construct:Bunker"],"picked":"construct:MemoryTap","floor":16},{"not_picked":["construct:FierceBash","construct:VentSteam+1"],"picked":"construct:Antimatter","floor":18},{"not_picked":["construct:Reinforce","construct:Boost+1"],"picked":"construct:OmegaCannon+1","floor":19},{"not_picked":["construct:Accumulate","construct:HeavyBolt","construct:SyphonStrike"],"picked":"SKIP","floor":21},{"not_picked":["construct:SweepLaser+1","construct:HyperBeam","construct:HeavyBolt"],"picked":"SKIP","floor":22},{"not_picked":["construct:Overcharge","construct:SuppressiveFire+1","construct:ElectricArmor"],"picked":"SKIP","floor":24},{"not_picked":["construct:ShiftGuard","construct:Reinforce+1","construct:Autoturret"],"picked":"SKIP","floor":25},{"not_picked":["infinitespire:Menacing","infinitespire:SealOfDarkness+"],"picked":"infinitespire:Execution","floor":27},{"not_picked":["construct:Missile","construct:Autoturret","construct:LaserCore"],"picked":"SKIP","floor":29},{"not_picked":["construct:HeavyBolt","construct:Tumble","construct:OneWayMirror+1"],"picked":"SKIP","floor":31},{"not_picked":["construct:ScrapCannon+1","construct:Enhance"],"picked":"construct:Chainstrike","floor":35},{"not_picked":["construct:HeavyBolt","construct:Missile","construct:VentSteam"],"picked":"SKIP","floor":36},{"not_picked":["construct:Reinforce+1","construct:Accumulate+1","construct:Electrocute+1"],"picked":"SKIP","floor":37}],"player_experience":897568,"relics_obtained":[{"floor":7,"key":"StrikeDummy"},{"floor":9,"key":"aspiration:EmptySkull"},{"floor":19,"key":"wanderingMiniBosses:CarrionFlame"},{"floor":24,"key":"Smiling Mask"},{"floor":26,"key":"Shuriken"},{"floor":43,"key":"Blood Vial"}],"event_choices":[{"damage_healed":0,"gold_gain":0,"player_choice":"Grow","damage_taken":0,"max_hp_gain":0,"max_hp_loss":0,"event_name":"Living Wall","floor":3,"gold_loss":0,"cards_upgraded":["construct:AttackMode"]},{"damage_healed":0,"gold_gain":0,"player_choice":"Leave","damage_taken":0,"max_hp_gain":0,"max_hp_loss":0,"event_name":"conspire:Investor","floor":39,"gold_loss":0},{"damage_healed":29,"gold_gain":0,"player_choice":"Full Heal","damage_taken":0,"max_hp_gain":0,"max_hp_loss":0,"event_name":"Wheel of Change","floor":42,"gold_loss":0}],"is_beta":false,"boss_relics":[{"not_picked":["Sozu","SacredBark"],"picked":"infinitespire:Cupcake"},{"not_picked":["Calling Bell","conspire:RunicOctahedron"],"picked":"hubris:Backtick"}],"items_purged_floors":[20,38],"is_endless":false,"potions_floor_spawned":[7,8,13,14,18,22,24,33,35,36],"killed_by":"Spire Growth","ascension_level":0}}