{"host":"6pgtslebjnyv5xmi","time":1609055552,"event":{"mods":["AchievementEnabler","BaseMod","Colored Map","Minty Spire (QoL Compilation)","Rare Cards Sparkle","StSLib","SuperFastMode","everything is the same but u backflip on backflip"],"gold_per_floor":[360,9,28,28,46,77,77,111,111,111,125,55,67,85,85,188,188,202,202,117,117,42,42,71,103,174,174,174,174],"floor_reached":28,"playtime":1265,"items_purged":["Strike_R"],"score":426,"play_id":"614c0beb-1da4-40a9-b726-7f5bf79a908d","local_time":"20201227165232","is_ascension_mode":true,"campfire_choices":[{"data":"Trip","floor":7,"key":"SMITH"},{"floor":15,"key":"DIG"},{"data":"Second Wind","floor":23,"key":"SMITH"}],"circlet_count":0,"master_deck":["Strike_R","Strike_R","Strike_R","Defend_R","Defend_R","Defend_R","Defend_R","Bash","Trip+1","Impervious","Second Wind+1","Dropkick+1","Rampage+1","Reaper+1","Inflame","Inflame"],"relics":["Burning Blood","Molten Egg 2","PreservedInsect","Shovel","InkBottle","Nunchaku","Red Skull","Runic Pyramid","StrikeDummy","Boot","Red Mask","Bottled Lightning"],"acts_visited":["Exordium","TheCity"],"potions_floor_usage":[8,16,24,25,25,28],"damage_taken":[{"damage":7,"enemies":"2 Louse","floor":1,"turns":2},{"damage":7,"enemies":"Jaw Worm","floor":3,"turns":4},{"damage":1,"enemies":"Cultist","floor":5,"turns":4},{"damage":59,"enemies":"Lagavulin","floor":6,"turns":8},{"damage":22,"enemies":"Gremlin Nob","floor":8,"turns":4},{"damage":2,"enemies":"Looter","floor":11,"turns":5},{"damage":3,"enemies":"3 Louse","floor":13,"turns":3},{"damage":2,"enemies":"2 Fungi Beasts","floor":14,"turns":4},{"damage":0,"enemies":"Slime Boss","floor":16,"turns":5},{"damage":20,"enemies":"Shell Parasite","floor":18,"turns":6},{"damage":81,"enemies":"Slavers","floor":24,"turns":7},{"damage":29,"enemies":"Masked Bandits","floor":25,"turns":4},{"damage":22,"enemies":"Spheric Guardian","floor":28,"turns":3}],"seed_played":"5997496693481162766","potions_obtained":[{"floor":1,"key":"FairyPotion"},{"floor":5,"key":"BlessingOfTheForge"},{"floor":13,"key":"EntropicBrew"},{"floor":14,"key":"SteroidPotion"},{"floor":24,"key":"DuplicationPotion"},{"floor":25,"key":"GamblersBrew"}],"is_trial":false,"path_per_floor":["M","$","M","?","M","E","R","E","T","T","M","$","M","M","R","B",null,"M","?","?","?","$","R","E","?","T","?","M"],"character_chosen":"IRONCLAD","items_purchased":["Molten Egg 2","Trip","Dropkick+1"],"campfire_rested":0,"item_purchase_floors":[2,2,12],"current_hp_per_floor":[71,71,70,75,77,24,24,8,8,8,12,12,15,19,19,25,64,50,50,50,50,50,50,20,15,15,15,0,0],"gold":174,"neow_bonus":"TWO_FIFTY_GOLD","is_daily":false,"chose_seed":false,"campfire_upgraded":2,"win_rate":0.0,"timestamp":1609055552,"path_taken":["M","$","M","?","M","E","R","E","T","?","?","$","M","M","R","BOSS","M","?","?","?","$","R","E","?","T","?","?"],"items_purchased_type":["Relic","Card","Card"],"build_version":"2020-12-22","purchased_purges":1,"victory":false,"max_hp_per_floor":[72,72,72,77,77,77,77,77,77,77,77,77,77,77,77,77,77,77,77,77,77,77,77,77,77,77,77,77,77],"card_choices":[{"not_picked":["Havoc","Clothesline"],"picked":"Entrench","floor":1},{"not_picked":["Armaments","Headbutt+1","Clothesline+1"],"picked":"SKIP","floor":3},{"not_picked":["Havoc","Perfected Strike+1","Power Through"],"picked":"SKIP","floor":5},{"not_picked":["Battle Trance","Fire Breathing","Heavy Blade+1"],"picked":"SKIP","floor":6},{"not_picked":["Heavy Blade+1","Spot Weakness"],"picked":"Impervious","floor":8},{"not_picked":["Uppercut+1","Dark Embrace"],"picked":"Second Wind","floor":11},{"not_picked":["Shrug It Off","Twin Strike+1"],"picked":"Rampage+1","floor":13},{"not_picked":["True Grit","Body Slam+1","Flame Barrier"],"picked":"SKIP","floor":14},{"not_picked":["Demon Form","Offering"],"picked":"Reaper+1","floor":16},{"not_picked":["Flex","Flame Barrier","Sword Boomerang+1"],"picked":"SKIP","floor":18},{"not_picked":["Havoc","Entrench","Ghostly Armor"],"picked":"SKIP","floor":24}],"player_experience":502876,"relics_obtained":[{"floor":6,"key":"PreservedInsect"},{"floor":8,"key":"Shovel"},{"floor":9,"key":"InkBottle"},{"floor":10,"key":"Nunchaku"},{"floor":15,"key":"Red Skull"},{"floor":24,"key":"Boot"},{"floor":25,"key":"Red Mask"},{"floor":26,"key":"Bottled Lightning"}],"event_choices":[{"damage_healed":0,"gold_gain":0,"player_choice":"Donut","damage_taken":0,"max_hp_gain":5,"max_hp_loss":0,"event_name":"Big Fish","floor":4,"gold_loss":0},{"damage_healed":0,"gold_gain":0,"cards_transformed":["Entrench","Strike_R"],"player_choice":"Became Test Subject","damage_taken":0,"max_hp_gain":0,"max_hp_loss":0,"event_name":"Drug Dealer","floor":19,"gold_loss":0,"cards_obtained":["Inflame","Inflame"]},{"damage_healed":0,"gold_gain":0,"player_choice":"Obtained Relic","damage_taken":0,"relics_obtained":["StrikeDummy"],"max_hp_gain":0,"max_hp_loss":0,"event_name":"Addict","floor":20,"gold_loss":85},{"damage_healed":0,"gold_gain":0,"player_choice":"Ignored","damage_taken":0,"max_hp_gain":0,"max_hp_loss":0,"event_name":"Ghosts","floor":21,"gold_loss":0},{"damage_healed":0,"gold_gain":0,"player_choice":"Fought Bandits","damage_taken":0,"max_hp_gain":0,"max_hp_loss":0,"event_name":"Masked Bandits","floor":25,"gold_loss":0},{"damage_healed":0,"gold_gain":0,"player_choice":"Ignored","damage_taken":0,"max_hp_gain":0,"max_hp_loss":0,"event_name":"Cursed Tome","floor":27,"gold_loss":0}],"is_beta":false,"boss_relics":[{"not_picked":["SacredBark","Ectoplasm"],"picked":"Runic Pyramid"}],"items_purged_floors":[22],"is_endless":false,"potions_floor_spawned":[1,5,13,14,24,25],"killed_by":"Spheric Guardian","ascension_level":9}}