{"host":"rewczy2ihmzhwqlt","time":1609089316,"event":{"mods":["Act Like it!","BaseMod","Gensokyo","Minty Spire (QoL Compilation)","Permanent Neow","Quick Restart","Rare Cards Sparkle","StSLib"],"gold_per_floor":[110,122,153,166,183,183,217,77,77,94,129,129,129,129,129,234,234,244,264,514,237,255,255,283,296,377,377,677,692,692,717,717,717,717],"floor_reached":33,"playtime":1669,"items_purged":[],"score":617,"play_id":"3f62641f-2247-44f4-ad00-404496fd9a15","local_time":"20201228011516","is_ascension_mode":true,"campfire_choices":[{"data":"Eruption","floor":6.0,"key":"SMITH"},{"data":"CrushJoints","floor":12.0,"key":"SMITH"},{"data":"Vigilance","floor":15.0,"key":"SMITH"},{"floor":23.0,"key":"REST"},{"data":"Meditate","floor":32.0,"key":"SMITH"}],"circlet_count":0,"master_deck":["Strike_P+1","Strike_P","Strike_P","Defend_P","Defend_P","Defend_P+1","Eruption+1","Vigilance+1","ReachHeaven+1","FlurryOfBlows+1","CrushJoints+1","LessonLearned+1","CurseOfTheBell","Meditate+1","Tantrum+1","Gensokyo:LockedMedkit","Halt+1"],"relics":["PureWater","Vajra","Regal Pillow","Incense Burner","StrikeDummy","HornCleat","Calling Bell","Smiling Mask","CaptainsWheel","Letter Opener","Melange","Blood Vial","Bottled Lightning","Question Card","Gensokyo:RedStar","Old Coin","Thread and Needle"],"acts_visited":["Exordium","Gensokyo:Gensokyo"],"potions_floor_usage":[33],"damage_taken":[{"damage":4.0,"enemies":"Gensokyo:2_Kodama","floor":1.0,"turns":5.0},{"damage":0.0,"enemies":"Gensokyo:3_Fairies","floor":2.0,"turns":3.0},{"damage":2.0,"enemies":"Gensokyo:Mamizou","floor":3.0,"turns":6.0},{"damage":0.0,"enemies":"Gensokyo:Gryphon","floor":4.0,"turns":2.0},{"damage":0.0,"enemies":"Gensokyo:VengefulSpirit","floor":5.0,"turns":2.0},{"damage":0.0,"enemies":"Gensokyo:Mamizou","floor":7.0,"turns":4.0},{"damage":3.0,"enemies":"Gensokyo:2_Rabbits","floor":10.0,"turns":3.0},{"damage":0.0,"enemies":"Gensokyo:Cirno","floor":11.0,"turns":4.0},{"damage":0.0,"enemies":"Gensokyo:Yukari","floor":16.0,"turns":6.0},{"damage":0.0,"enemies":"Gensokyo:Chomper","floor":18.0,"turns":2.0},{"damage":17.0,"enemies":"Gensokyo:3_Dogs","floor":19.0,"turns":5.0},{"damage":18.0,"enemies":"Gensokyo:Swordslinger","floor":22.0,"turns":3.0},{"damage":2.0,"enemies":"Gensokyo:Tenshi","floor":24.0,"turns":3.0},{"damage":9.0,"enemies":"Gensokyo:Slime_Group","floor":25.0,"turns":3.0},{"damage":0.0,"enemies":"Gensokyo:3_Gloops","floor":29.0,"turns":4.0},{"damage":6.0,"enemies":"Gensokyo:Reisen","floor":31.0,"turns":4.0},{"damage":93,"enemies":"Gensokyo:Eternal_Rivals","floor":33,"turns":7}],"seed_played":"6831132818027014084","potions_obtained":[{"floor":1.0,"key":"SpeedPotion"},{"floor":3.0,"key":"BlessingOfTheForge"},{"floor":16.0,"key":"Fire Potion"},{"floor":18.0,"key":"LiquidBronze"},{"floor":24.0,"key":"Strength Potion"},{"floor":31.0,"key":"EssenceOfSteel"}],"is_trial":false,"path_per_floor":["M","M","?","M","M","R","E","?","T","M","E","R","?","?","R","B",null,"M","M","?","COS","M","R","E","M","T","?","?","M","?","E","R","B"],"character_chosen":"WATCHER","items_purchased":[],"campfire_rested":1,"item_purchase_floors":[],"current_hp_per_floor":[43,43,41,41,41,41,41,41,41,38,38,38,38,31,31,31,62,62,45,45,45,27,62,60,53,53,53,53,55,55,51,51,0,0],"gold":717,"neow_bonus":"REMOVE_TWO","is_daily":false,"chose_seed":false,"campfire_upgraded":4,"win_rate":0.0,"timestamp":1609089316,"path_taken":["M","M","?","M","M","R","E","?","T","M","E","R","?","?","R","BOSS","M","M","?","COS","M","R","E","M","T","?","?","?","?","E","R","BOSS"],"items_purchased_type":[],"build_version":"2020-12-22","purchased_purges":0,"victory":false,"max_hp_per_floor":[72,72,72,72,72,72,72,72,72,72,72,72,72,72,72,72,72,72,72,68,68,68,68,68,68,68,68,63,63,63,63,63,32,32],"card_choices":[{"not_picked":["CarveReality","Swivel"],"picked":"ReachHeaven","floor":1.0},{"not_picked":["BowlingBash","PathToVictory","DeceiveReality"],"picked":"SKIP","floor":2.0},{"not_picked":["Prostrate","JustLucky","Protect"],"picked":"SKIP","floor":3.0},{"not_picked":["EmptyFist","Crescendo","Weave"],"picked":"SKIP","floor":4.0},{"not_picked":["FollowUp","BowlingBash","Establishment"],"picked":"SKIP","floor":5.0},{"not_picked":["DeceiveReality","Sanctity"],"picked":"FlurryOfBlows","floor":7.0},{"not_picked":["Protect","FlurryOfBlows","SignatureMove"],"picked":"SKIP","floor":10.0},{"not_picked":["CarveReality","ThirdEye"],"picked":"CrushJoints","floor":11.0},{"not_picked":["Wish","Devotion"],"picked":"LessonLearned","floor":16.0},{"not_picked":["Vengeance","EmptyFist+1"],"picked":"Meditate","floor":18.0},{"not_picked":["FollowUp+1","FlurryOfBlows+1"],"picked":"Tantrum","floor":19.0},{"not_picked":["FlyingSleeves","Conclude+1","PathToVictory+1"],"picked":"SKIP","floor":22.0},{"not_picked":["Alpha","CrushJoints","JustLucky"],"picked":"SKIP","floor":24.0},{"not_picked":["Alpha","CrushJoints","JustLucky"],"picked":"SKIP","floor":24.0},{"not_picked":["EmptyBody","Worship+1","JustLucky"],"picked":"SKIP","floor":25.0},{"not_picked":["Protect","Brilliance","FollowUp+1"],"picked":"Halt+1","floor":29.0},{"not_picked":["Pray","Establishment","FlyingSleeves","BowlingBash"],"picked":"SKIP","floor":31.0}],"player_experience":578123,"relics_obtained":[{"floor":3.0,"key":"Vajra"},{"floor":7.0,"key":"Regal Pillow"},{"floor":9.0,"key":"StrikeDummy"},{"floor":11.0,"key":"HornCleat"},{"floor":17.0,"key":"Smiling Mask"},{"floor":17.0,"key":"CaptainsWheel"},{"floor":17.0,"key":"Letter Opener"},{"floor":24.0,"key":"Bottled Lightning"},{"floor":26.0,"key":"Question Card"},{"floor":31.0,"key":"Thread and Needle"}],"event_choices":[],"is_beta":false,"boss_relics":[{"not_picked":["Empty Cage","Busted Crown"],"picked":"Calling Bell"}],"items_purged_floors":[],"is_endless":false,"potions_floor_spawned":[1,3,16,18,24,31],"killed_by":"Gensokyo:Eternal_Rivals","ascension_level":9}}