{"host":"gl7gfqdgzaxu5sie","time":1609069359,"event":{"mods":["AchievementEnabler","BaseMod","Colored Map","DeckTracker","Minty Spire (QoL Compilation)"],"gold_per_floor":[113,124,124,147,165,165,200,234,234,269,269,269,219,232,232,360,360,378,653,637,372,395,395,395,395],"floor_reached":24,"playtime":1441,"items_purged":[],"score":309,"play_id":"7ac40b40-26cd-4623-b65e-2626c2898107","local_time":"20201227204239","is_ascension_mode":true,"campfire_choices":[{"data":"Infernal Blade","floor":6,"key":"SMITH"},{"data":"Barricade","floor":12,"key":"SMITH"},{"data":"Uppercut","floor":15,"key":"SMITH"},{"data":"Entrench","floor":23,"key":"SMITH"}],"circlet_count":0,"master_deck":["AscendersBane","Strike_R+1","Strike_R","Strike_R+1","Strike_R","Defend_R","Defend_R","Defend_R","Defend_R","Bash","Metallicize","Seeing Red","Infernal Blade+1","Reckless Charge","Uppercut+1","Flex","Barricade+1","Wild Strike","Impervious","Intimidate+1","Dual Wield","Entrench+1","Fire Breathing","Ghostly Armor"],"relics":["Burning Blood","Vajra","Golden Idol","Omamori","Odd Mushroom","Whetstone","Bottled Flame","Cursed Key","Centennial Puzzle"],"acts_visited":["Exordium","TheCity"],"potions_floor_usage":[8,10,22,22],"damage_taken":[{"damage":9,"enemies":"Small Slimes","floor":1,"turns":4},{"damage":11,"enemies":"2 Louse","floor":2,"turns":3},{"damage":0,"enemies":"Cultist","floor":4,"turns":3},{"damage":13,"enemies":"3 Louse","floor":5,"turns":4},{"damage":32,"enemies":"3 Sentries","floor":7,"turns":6},{"damage":0,"enemies":"The Mushroom Lair","floor":8,"turns":2},{"damage":23,"enemies":"Gremlin Nob","floor":10,"turns":5},{"damage":5,"enemies":"Lots of Slimes","floor":14,"turns":5},{"damage":64,"enemies":"The Guardian","floor":16,"turns":13},{"damage":25,"enemies":"3 Byrds","floor":18,"turns":8},{"damage":25,"enemies":"2 Thieves","floor":20,"turns":4},{"damage":24,"enemies":"Centurion and Healer","floor":22,"turns":9},{"damage":21,"enemies":"Gremlin Leader","floor":24,"turns":3}],"seed_played":"-3387385437241077599","potions_obtained":[{"floor":4,"key":"FairyPotion"},{"floor":5,"key":"SpeedPotion"},{"floor":7,"key":"Fire Potion"},{"floor":14,"key":"BloodPotion"},{"floor":18,"key":"EssenceOfSteel"}],"is_trial":false,"path_per_floor":["M","M","?","M","M","R","E","?","T","E","?","R","?","M","R","B",null,"M","?","M","$","M","R","E"],"character_chosen":"IRONCLAD","items_purchased":["Entrench","Fire Breathing","Centennial Puzzle"],"campfire_rested":0,"item_purchase_floors":[21,21,21],"current_hp_per_floor":[69,64,64,70,63,63,37,43,43,26,50,50,50,51,51,19,60,41,41,22,22,18,18,0,0],"gold":395,"neow_bonus":"RANDOM_COMMON_RELIC","is_daily":false,"chose_seed":false,"campfire_upgraded":4,"win_rate":0.0,"timestamp":1609069359,"path_taken":["M","M","?","M","M","R","E","?","T","E","?","R","?","M","R","BOSS","M","?","?","$","M","R","E"],"items_purchased_type":["Card","Card","Relic"],"build_version":"2020-12-22","purchased_purges":0,"victory":false,"max_hp_per_floor":[80,80,74,74,74,74,74,74,74,74,74,74,74,74,74,74,74,74,74,74,74,74,74,74,74],"card_choices":[{"not_picked":["True Grit","Heavy Blade"],"picked":"Metallicize","floor":1},{"not_picked":["Anger","True Grit"],"picked":"Seeing Red","floor":2},{"not_picked":["Sentinel","Disarm"],"picked":"Infernal Blade","floor":4},{"not_picked":["Havoc","Twin Strike"],"picked":"Reckless Charge","floor":5},{"not_picked":["Body Slam","Carnage"],"picked":"Uppercut","floor":7},{"not_picked":["Anger","Clash"],"picked":"Flex","floor":8},{"not_picked":["Entrench","Pommel Strike"],"picked":"Barricade","floor":10},{"not_picked":["True Grit","Headbutt"],"picked":"Wild Strike","floor":14},{"not_picked":["Offering","Double Tap"],"picked":"Impervious","floor":16},{"not_picked":["Pommel Strike","True Grit"],"picked":"Intimidate+1","floor":18},{"not_picked":["Disarm","Heavy Blade"],"picked":"Dual Wield","floor":20},{"not_picked":["Hemokinesis+1","Flex"],"picked":"Ghostly Armor","floor":22}],"player_experience":554295,"relics_obtained":[{"floor":7,"key":"Omamori"},{"floor":8,"key":"Odd Mushroom"},{"floor":9,"key":"Whetstone"},{"floor":10,"key":"Bottled Flame"}],"event_choices":[{"damage_healed":0,"gold_gain":0,"player_choice":"Lose Max HP","damage_taken":0,"relics_obtained":["Golden Idol"],"max_hp_gain":0,"max_hp_loss":6,"event_name":"Golden Idol","floor":3,"gold_loss":0},{"damage_healed":0,"gold_gain":0,"player_choice":"Fought Mushrooms","damage_taken":0,"max_hp_gain":0,"max_hp_loss":0,"event_name":"Mushrooms","floor":8,"gold_loss":0},{"damage_healed":24,"gold_gain":0,"player_choice":"Banana","damage_taken":0,"max_hp_gain":0,"max_hp_loss":0,"event_name":"Big Fish","floor":11,"gold_loss":0},{"cards_removed":["Strike_R"],"damage_healed":0,"gold_gain":0,"player_choice":"Card Removal","damage_taken":0,"max_hp_gain":0,"max_hp_loss":0,"event_name":"The Cleric","floor":13,"gold_loss":50},{"damage_healed":0,"gold_gain":275,"player_choice":"Desecrate","damage_taken":0,"max_hp_gain":0,"max_hp_loss":0,"event_name":"Golden Shrine","floor":19,"gold_loss":0,"cards_obtained":["Regret"]}],"is_beta":false,"boss_relics":[{"not_picked":["Snecko Eye","Calling Bell"],"picked":"Cursed Key"}],"items_purged_floors":[],"is_endless":false,"potions_floor_spawned":[4,5,7,14,18],"killed_by":"Gremlin Leader","ascension_level":10}}