{"host":"ymmeoa1x24ihslbm","time":1609063439,"event":{"mods":["AchievementEnabler","BaseMod","Colored Map","Colored Powertips","Defuse TimeMaze Blight","Highlight Path","Minty Spire (QoL Compilation)","Permanent Neow","Quick Restart","StSLib","Unceasing Turn Reminder"],"gold_per_floor":[118,131,149,149,164,190,205,223,223,223,246,246,246,256,256,256,256],"floor_reached":16,"playtime":698,"items_purged":[],"score":169,"play_id":"19f37207-b625-47e4-8a66-cf2a8d816581","local_time":"20201227110359","is_ascension_mode":true,"campfire_choices":[{"data":"Eruption","floor":10.0,"key":"SMITH"},{"data":"Vigilance","floor":12.0,"key":"SMITH"},{"data":"WheelKick","floor":15.0,"key":"SMITH"}],"circlet_count":0,"master_deck":["Strike_P","Strike_P","Strike_P","Strike_P","Defend_P","Defend_P","Defend_P","Defend_P","Eruption+1","Vigilance+1","WheelKick+1","ForeignInfluence","FollowUp"],"relics":["PureWater","Prayer Wheel","Dream Catcher","GoldenEye","Anchor"],"acts_visited":["Exordium"],"potions_floor_usage":[],"damage_taken":[{"damage":2.0,"enemies":"Jaw Worm","floor":1.0,"turns":3.0},{"damage":0.0,"enemies":"Cultist","floor":2.0,"turns":2.0},{"damage":1.0,"enemies":"Small Slimes","floor":3.0,"turns":3.0},{"damage":0.0,"enemies":"2 Fungi Beasts","floor":5.0,"turns":3.0},{"damage":24.0,"enemies":"Lagavulin","floor":6.0,"turns":5.0},{"damage":0.0,"enemies":"Lots of Slimes","floor":7.0,"turns":1.0},{"damage":5.0,"enemies":"Blue Slaver","floor":8.0,"turns":2.0},{"damage":3.0,"enemies":"Large Slime","floor":14.0,"turns":3.0}],"seed_played":"4174847543040113450","potions_obtained":[{"floor":1.0,"key":"Energy Potion"},{"floor":2.0,"key":"SkillPotion"},{"floor":5.0,"key":"Explosive Potion"},{"floor":7.0,"key":"Fruit Juice"}],"is_trial":false,"path_per_floor":["M","M","M","?","M","E","M","M","T","R","T","R","?","M","R","B"],"character_chosen":"WATCHER","items_purchased":[],"campfire_rested":0,"item_purchase_floors":[],"current_hp_per_floor":[70,70,69,69,69,45,50,45,45,45,45,45,38,35,35,0,0],"gold":256,"neow_bonus":"THREE_CARDS","is_daily":false,"chose_seed":false,"campfire_upgraded":3,"win_rate":0.0,"timestamp":1609063439,"path_taken":["M","M","M","?","?","E","M","M","T","R","?","R","?","M","R","BOSS"],"items_purchased_type":[],"build_version":"2020-12-22","purchased_purges":0,"victory":false,"max_hp_per_floor":[72,72,72,72,72,72,77,77,77,77,77,77,77,77,77,77,77],"card_choices":[{"not_picked":["SashWhip","Evaluate"],"picked":"WheelKick","floor":0.0},{"not_picked":["InnerPeace","SignatureMove"],"picked":"ForeignInfluence","floor":1.0},{"not_picked":["WheelKick","Perseverance","Evaluate"],"picked":"SKIP","floor":2.0},{"not_picked":["Prostrate","CrushJoints","Protect"],"picked":"SKIP","floor":3.0},{"not_picked":["ThirdEye","Evaluate","CrushJoints"],"picked":"SKIP","floor":5.0},{"not_picked":["Prostrate","Blasphemy","Consecrate"],"picked":"SKIP","floor":5.0},{"not_picked":["Evaluate","Brilliance"],"picked":"FollowUp","floor":6.0},{"not_picked":["Wireheading","FlyingSleeves","SashWhip"],"picked":"SKIP","floor":7.0},{"not_picked":["CarveReality","Indignation","Halt"],"picked":"SKIP","floor":7.0},{"not_picked":["ThirdEye","CutThroughFate","Indignation"],"picked":"SKIP","floor":8.0},{"not_picked":["SashWhip","ForeignInfluence","Nirvana"],"picked":"SKIP","floor":8.0},{"not_picked":["BowlingBash","Consecrate","Collect"],"picked":"SKIP","floor":14.0},{"not_picked":["Halt","ConjureBlade","PathToVictory"],"picked":"SKIP","floor":14.0}],"player_experience":681874,"relics_obtained":[{"floor":6.0,"key":"Dream Catcher"},{"floor":9.0,"key":"GoldenEye"},{"floor":11.0,"key":"Anchor"}],"event_choices":[{"damage_healed":0.0,"max_hp_gain":0.0,"max_hp_loss":0.0,"gold_gain":0.0,"event_name":"WeMeetAgain","player_choice":"Gave Potion","floor":4.0,"gold_loss":0.0,"damage_taken":0.0,"relics_obtained":["Prayer Wheel"]},{"damage_healed":0.0,"max_hp_gain":0.0,"max_hp_loss":0.0,"gold_gain":0.0,"event_name":"Wheel of Change","player_choice":"Damaged","floor":13.0,"gold_loss":0.0,"damage_taken":7.0}],"is_beta":false,"boss_relics":[],"items_purged_floors":[],"is_endless":false,"potions_floor_spawned":[1,2,5,7],"killed_by":"The Guardian","ascension_level":2}}