{"host":"cmxkjr0hek4mqvmn","time":1609113329,"event":{"mods":["BaseMod","Beaked The Cultist","Better Match","Better Skull","Better Third Choice","BetterRewards","Clawfect","Colored Map","Displayed Cursed Tome","Duelist Mod","GifTheSpireLib","Hermit","Hubris","JesterMod","Mimic Mod","Minty Spire (QoL Compilation)","Quick Restart","Robot Space Explorer","StSLib","The Bladedancer","The Blue Laboratory","The Cursed","Thieving Mod","Waifu the Spire"],"gold_per_floor":[118,43,43,58,74,100,100,125,125,125,27,37,62,82,82,187,187,203,203,222,222,240,240,253,253,283,283,283,298,30,30,30,30,30],"floor_reached":33,"playtime":2150,"items_purged":[],"score":315,"play_id":"25d09717-22ef-41d1-9af5-ac37298a5bea","local_time":"20201227185529","is_ascension_mode":false,"campfire_choices":[{"data":"hermit:Covet","floor":7.0,"key":"SMITH"},{"data":"hermit:Adapt","floor":10.0,"key":"SMITH"},{"floor":15.0,"key":"REST"},{"floor":23,"key":"REST"},{"floor":25,"key":"REST"},{"floor":27,"key":"REST"},{"data":"hermit:Roughhouse","floor":32,"key":"SMITH"}],"circlet_count":0,"master_deck":["hermit:Strike_Hermit","hermit:Strike_Hermit+1","hermit:Strike_Hermit","hermit:Strike_Hermit","hermit:Defend_Hermit","hermit:Defend_Hermit","hermit:Defend_Hermit","hermit:Defend_Hermit","hermit:Snapshot+1","hermit:Covet+1","hermit:Ricochet","hermit:BlackWind+1","hermit:FatalDesire+1","hermit:EternalForm+1","Regret","hermit:WideOpen","hermit:PistolWhip","hermit:Adapt+1","hermit:WideOpen","TheCursedMod:Hemoplague","hermit:GoldenBullet","TheCursedMod:Wield","hermit:Roughhouse+1","TheCursedMod:FleshFromBone","hermit:LowProfile+1","hermit:Shortfuse","TheCursedMod:Obscuration","Shame","TheCursedMod:CursedShiv","hermit:Magnum","hermit:Misfire","Decay"],"relics":["hermit:Momento","NeowsBlessing","Singing Bowl","hubris:64BitClover","Incense Burner","hubris:DisguiseKit","Whetstone","hubris:Icosahedron","Sundial","White Beast Statue","Akabeko"],"acts_visited":["Exordium","TheCity"],"potions_floor_usage":[33,33],"damage_taken":[{"damage":0.0,"enemies":"2 Louse","floor":1.0,"turns":1.0},{"damage":0.0,"enemies":"Cultist","floor":4.0,"turns":1.0},{"damage":0.0,"enemies":"Jaw Worm","floor":5.0,"turns":1.0},{"damage":21.0,"enemies":"Lagavulin","floor":6.0,"turns":5.0},{"damage":15.0,"enemies":"Gremlin Nob","floor":8.0,"turns":4.0},{"damage":7.0,"enemies":"Exordium Wildlife","floor":12.0,"turns":3.0},{"damage":17.0,"enemies":"3 Sentries","floor":13.0,"turns":5.0},{"damage":11.0,"enemies":"Exordium Thugs","floor":14.0,"turns":2.0},{"damage":0.0,"enemies":"Slime Boss","floor":16.0,"turns":4.0},{"damage":2.0,"enemies":"Shell Parasite","floor":18.0,"turns":5.0},{"damage":41.0,"enemies":"2 Thieves","floor":20.0,"turns":4.0},{"damage":22,"enemies":"3 Cultists","floor":22,"turns":6},{"damage":15,"enemies":"Snecko","floor":24,"turns":3},{"damage":1,"enemies":"Sentry and Sphere","floor":26,"turns":5},{"damage":13,"enemies":"Sentry and Sphere","floor":29,"turns":6},{"damage":60,"enemies":"Collector","floor":33,"turns":7}],"seed_played":"1899519867175876163","potions_obtained":[{"floor":1.0,"key":"blueLaboratory:EmptyBottle"},{"floor":8.0,"key":"Strength Potion"},{"floor":12.0,"key":"blueLaboratory:HorrorPotion"},{"floor":18.0,"key":"DistilledChaos"},{"floor":29,"key":"blueLaboratory:BottleOfRum"}],"is_trial":false,"path_per_floor":["M","?","?","M","M","E","R","E","T","R","$","M","E","M","R","B",null,"M","?","M","?","M","R","M","R","MIM","R","?","M","$","?","R","B"],"character_chosen":"HERMIT","items_purchased":["Block Potion","hermit:WideOpen","hermit:Magnum","hermit:Misfire","Strength Potion"],"campfire_rested":4,"item_purchase_floors":[11,11,30,30,30],"current_hp_per_floor":[75,75,75,75,75,56,56,41,41,41,41,34,17,6,29,29,77,75,75,34,34,12,35,22,45,44,67,67,54,54,54,54,0,0],"gold":30,"neow_bonus":"THREE_ENEMY_KILL","is_daily":false,"chose_seed":false,"campfire_upgraded":3,"win_rate":0.0,"timestamp":1609113329,"path_taken":["M","?","?","M","M","E","R","E","T","R","?","M","E","?","R","BOSS","M","?","M","?","M","R","M","R","MIM","R","?","M","$","?","R","BOSS"],"items_purchased_type":["Potion","Card","Card","Card","Potion"],"build_version":"2020-12-22","purchased_purges":0,"victory":false,"max_hp_per_floor":[75,75,75,75,75,77,77,77,77,77,77,77,77,77,77,77,77,77,77,77,77,77,77,79,79,79,79,79,79,79,79,79,79,79],"card_choices":[{"not_picked":["hermit:Malice","hermit:Coalescence"],"picked":"hermit:Ricochet","floor":1.0},{"not_picked":["hermit:HeroicBravado+1","hermit:FinalCanter+1"],"picked":"hermit:BlackWind+1","floor":2.0},{"not_picked":["hermit:Gambit+1","hermit:HighNoon+1"],"picked":"hermit:FatalDesire+1","floor":2.0},{"not_picked":["hermit:Magnum+1","hermit:FinalCanter+1"],"picked":"hermit:EternalForm+1","floor":2.0},{"not_picked":["hermit:LowProfile","hermit:HoleUp"],"picked":"hermit:WideOpen","floor":4.0},{"not_picked":["hermit:FullyLoaded","hermit:Glare"],"picked":"hermit:PistolWhip","floor":5.0},{"not_picked":["hermit:HoleUp","hermit:BigShot","hermit:Vantage"],"picked":"Singing Bowl","floor":6.0},{"not_picked":["hermit:Vantage","hermit:Horror"],"picked":"hermit:Adapt","floor":8.0},{"not_picked":["hermit:Snipe","hermit:Midnight","hermit:Vantage"],"picked":"TheCursedMod:Hemoplague","floor":12.0},{"not_picked":["hermit:Misfire","hermit:Vantage","TheCursedMod:CursedBlade"],"picked":"hermit:GoldenBullet","floor":13.0},{"not_picked":["hermit:Brawl","hermit:GhostlyPresence","hermit:HighCaliber"],"picked":"TheCursedMod:Wield","floor":14.0},{"not_picked":["hermit:Gambit","hermit:Adapt","TheCursedMod:ForbiddenAlchemy"],"picked":"hermit:Roughhouse","floor":16.0},{"not_picked":["hermit:EyeOfTheStorm+1","hermit:Ricochet","hermit:Horror"],"picked":"TheCursedMod:FleshFromBone","floor":18.0},{"not_picked":["hermit:ItchyTrigger+1","hermit:WideOpen","TheCursedMod:BlessingInDisguise"],"picked":"hermit:LowProfile+1","floor":20.0},{"not_picked":["hermit:HighCaliber","hermit:BigShot+1","TheCursedMod:CursedSpellbook"],"picked":"hermit:Shortfuse","floor":22},{"not_picked":["hermit:Coalescence","hermit:WideOpen","hermit:Headshot","TheCursedMod:EmpowerCircles"],"picked":"Singing Bowl","floor":24},{"not_picked":["hermit:Showdown","hermit:Scavenge","hermit:Deadeye"],"picked":"TheCursedMod:Obscuration","floor":26},{"not_picked":["hermit:Ricochet","hermit:Grudge","hermit:Manifest"],"picked":"TheCursedMod:CursedShiv","floor":29}],"player_experience":538394,"relics_obtained":[{"floor":6.0,"key":"hubris:64BitClover"},{"floor":8.0,"key":"Incense Burner"},{"floor":9.0,"key":"hubris:DisguiseKit"},{"floor":13.0,"key":"Whetstone"},{"floor":24,"key":"Sundial"},{"floor":26,"key":"White Beast Statue"}],"event_choices":[{"damage_healed":0.0,"max_hp_gain":0.0,"max_hp_loss":0.0,"gold_gain":0.0,"event_name":"betterMatch:BetterMatch","player_choice":"3","floor":2.0,"gold_loss":0.0,"damage_taken":0.0,"cards_obtained":["betterMatch:RareCard"]},{"damage_healed":0.0,"max_hp_gain":0.0,"max_hp_loss":0.0,"gold_gain":0.0,"event_name":"Big Fish","player_choice":"Box","floor":3.0,"gold_loss":0.0,"damage_taken":0.0,"relics_obtained":["Singing Bowl"],"cards_obtained":["Regret"]},{"damage_healed":0.0,"max_hp_gain":0.0,"max_hp_loss":0.0,"gold_gain":0.0,"event_name":"Ghosts","player_choice":"Ignored","floor":19.0,"gold_loss":0.0,"damage_taken":0.0},{"damage_healed":0,"gold_gain":0,"player_choice":"Stole Relic","damage_taken":0,"relics_obtained":["Akabeko"],"max_hp_gain":0,"max_hp_loss":0,"event_name":"Addict","floor":28,"gold_loss":0,"cards_obtained":["Shame"]},{"damage_healed":0,"gold_gain":0,"player_choice":"Smashed Altar","damage_taken":0,"max_hp_gain":0,"max_hp_loss":0,"event_name":"Forgotten Altar","floor":31,"gold_loss":0,"cards_obtained":["Decay"]}],"is_beta":false,"boss_relics":[{"not_picked":["Runic Pyramid","Pandora\u0027s Box","Snecko Eye"]}],"items_purged_floors":[],"is_endless":false,"potions_floor_spawned":[1,8,12,18,29],"killed_by":"Collector","ascension_level":0}}