{"host":"m77rrhbqzv44va4v","time":1609091705,"event":{"mods":["AchievementEnabler","BaseMod","Colored Map","DeckTracker","Keyboard Shortcuts","Minty Spire (QoL Compilation)","StSLib","SuperFastMode","everything is the same but u backflip on backflip"],"gold_per_floor":[110,110,110,126,26,61,61,136,160,173,194,194,19,35,35,112,112,127,138,173,183,198,198,198],"floor_reached":23,"playtime":556,"items_purged":["Strike_R"],"score":356,"play_id":"42e11cc2-cb8f-4c63-a71a-ed5d6188b389","local_time":"20201228025505","is_ascension_mode":true,"campfire_choices":[{"data":"Searing Blow","floor":7.0,"key":"SMITH"},{"data":"Searing Blow+1","floor":12.0,"key":"SMITH"},{"data":"Searing Blow+2","floor":15.0,"key":"SMITH"}],"circlet_count":0,"master_deck":["AscendersBane","Strike_R","Strike_R","Strike_R+1","Strike_R","Defend_R","Defend_R","Defend_R+1","Defend_R","Bash","Sword Boomerang","Evolve","Shrug It Off","Searing Blow+3","Fire Breathing","Armaments","Shrug It Off","Corruption","Disarm","Flame Barrier","Shockwave","Shrug It Off+1"],"relics":["Burning Blood","NeowsBlessing","Pocketwatch","Orichalcum","Odd Mushroom","Pen Nib","Cursed Key","Red Mask"],"acts_visited":["Exordium","TheCity"],"potions_floor_usage":[23],"damage_taken":[{"damage":0.0,"enemies":"2 Louse","floor":1.0,"turns":1.0},{"damage":0.0,"enemies":"Jaw Worm","floor":4.0,"turns":1.0},{"damage":0.0,"enemies":"Lagavulin","floor":6.0,"turns":1.0},{"damage":4.0,"enemies":"Small Slimes","floor":10.0,"turns":4.0},{"damage":30.0,"enemies":"The Mushroom Lair","floor":11.0,"turns":6.0},{"damage":6.0,"enemies":"Looter","floor":14.0,"turns":3.0},{"damage":33.0,"enemies":"Hexaghost","floor":16.0,"turns":10.0},{"damage":18.0,"enemies":"Spheric Guardian","floor":18.0,"turns":5.0},{"damage":4.0,"enemies":"Chosen","floor":19.0,"turns":4.0},{"damage":29.0,"enemies":"Masked Bandits","floor":20.0,"turns":5.0},{"damage":26.0,"enemies":"3 Cultists","floor":21.0,"turns":6.0},{"damage":8.0,"enemies":"Centurion and Healer","floor":22.0,"turns":6.0},{"damage":45,"enemies":"Gremlin Leader","floor":23,"turns":6}],"seed_played":"6585893190347141553","potions_obtained":[{"floor":1.0,"key":"Block Potion"},{"floor":6.0,"key":"ColorlessPotion"},{"floor":10.0,"key":"FairyPotion"},{"floor":18.0,"key":"Explosive Potion"},{"floor":20.0,"key":"SkillPotion"}],"is_trial":false,"path_per_floor":["M","?","?","M","$","E","R","?","T","M","?","R","$","M","R","B",null,"M","M","?","M","M","E"],"character_chosen":"IRONCLAD","items_purchased":["Shrug It Off","Pen Nib","Armaments"],"campfire_rested":0,"item_purchase_floors":[5,13,13],"current_hp_per_floor":[78,83,66,72,72,78,78,67,67,69,45,45,45,45,45,18,68,56,58,35,15,13,0,0],"gold":198,"neow_bonus":"THREE_ENEMY_KILL","is_daily":false,"chose_seed":false,"campfire_upgraded":3,"win_rate":0.0,"timestamp":1609091705,"path_taken":["M","?","?","M","$","E","R","?","T","?","?","R","?","M","R","BOSS","M","M","?","M","M","E"],"items_purchased_type":["Card","Relic","Card"],"build_version":"2020-12-22","purchased_purges":1,"victory":false,"max_hp_per_floor":[80,85,85,85,85,85,85,85,85,85,85,85,85,85,85,85,85,85,85,85,85,85,85,85],"card_choices":[{"not_picked":["Heavy Blade","Headbutt"],"picked":"Sword Boomerang","floor":1.0},{"not_picked":["Heavy Blade","Ghostly Armor"],"picked":"Evolve","floor":4.0},{"not_picked":["Sword Boomerang","Dark Embrace"],"picked":"Searing Blow","floor":6.0},{"not_picked":["Exhume","Anger","Body Slam"],"picked":"SKIP","floor":10.0},{"not_picked":["Seeing Red","Perfected Strike"],"picked":"Fire Breathing","floor":11.0},{"not_picked":["Wild Strike","Cleave"],"picked":"Shrug It Off","floor":14.0},{"not_picked":["Barricade","Fiend Fire"],"picked":"Corruption","floor":16.0},{"not_picked":["Evolve","Armaments"],"picked":"Disarm","floor":18.0},{"not_picked":["Heavy Blade","Twin Strike","Anger"],"picked":"SKIP","floor":19.0},{"not_picked":["Perfected Strike","Headbutt+1"],"picked":"Flame Barrier","floor":20.0},{"not_picked":["Havoc","Sword Boomerang"],"picked":"Shockwave","floor":21.0},{"not_picked":["Whirlwind","Perfected Strike"],"picked":"Shrug It Off+1","floor":22.0}],"player_experience":811617,"relics_obtained":[{"floor":6.0,"key":"Pocketwatch"},{"floor":9.0,"key":"Orichalcum"},{"floor":11.0,"key":"Odd Mushroom"},{"floor":20.0,"key":"Red Mask"}],"event_choices":[{"damage_healed":0.0,"max_hp_gain":5.0,"max_hp_loss":0.0,"gold_gain":0.0,"event_name":"Big Fish","player_choice":"Donut","floor":2.0,"gold_loss":0.0,"damage_taken":0.0},{"damage_healed":0.0,"max_hp_gain":0.0,"max_hp_loss":0.0,"gold_gain":0.0,"event_name":"Shining Light","player_choice":"Entered Light","floor":3.0,"gold_loss":0.0,"damage_taken":17.0,"cards_upgraded":["Strike_R","Defend_R"]},{"damage_healed":0.0,"max_hp_gain":0.0,"max_hp_loss":0.0,"gold_gain":75.0,"event_name":"World of Goop","player_choice":"Gather Gold","floor":8.0,"gold_loss":0.0,"damage_taken":11.0},{"damage_healed":0.0,"max_hp_gain":0.0,"max_hp_loss":0.0,"gold_gain":0.0,"event_name":"Mushrooms","player_choice":"Fought Mushrooms","floor":11.0,"gold_loss":0.0,"damage_taken":0.0},{"damage_healed":0.0,"max_hp_gain":0.0,"max_hp_loss":0.0,"gold_gain":0.0,"event_name":"Masked Bandits","player_choice":"Fought Bandits","floor":20.0,"gold_loss":0.0,"damage_taken":0.0}],"is_beta":false,"boss_relics":[{"not_picked":["Black Blood","Snecko Eye"],"picked":"Cursed Key"}],"items_purged_floors":[5],"is_endless":false,"potions_floor_spawned":[1,6,10,18,20,21],"killed_by":"Gremlin Leader","ascension_level":13}}