{"host":"dcj2yvrgcvh5dl2s","time":1609054680,"event":{"mods":["BaseMod","Better Note","Block Reminder","Colored Powertips","DeckTracker","Minty Spire (QoL Compilation)","Quick Restart","Rare Cards Sparkle","Relic Stats","StSLib"],"gold_per_floor":[117,130,130,51,63,96,112,112,135,162,180,210,222,261,273,358,370,392,404,416,428,440,480,492,531,588,600,639,651,651],"floor_reached":29,"playtime":1756,"items_purged":[],"score":578,"play_id":"7fa2bf0e-0149-4c0b-90b8-8767344760ac","local_time":"20201227173800","is_ascension_mode":true,"campfire_choices":[{"floor":8,"key":"REST"},{"data":"Disarm","floor":15,"key":"SMITH"},{"floor":24,"key":"REST"},{"floor":27,"key":"REST"}],"circlet_count":0,"master_deck":["AscendersBane","Strike_R","Strike_R","Strike_R","Strike_R","Defend_R","Defend_R","Defend_R","Defend_R","Bash","Metallicize","Sword Boomerang","Inflame","Shrug It Off","Cleave","Disarm+1","Sword Boomerang","Immolate","RitualDagger","Writhe","Writhe","Disarm","Normality"],"relics":["Burning Blood","Blood Vial","Toy Ornithopter","Boot","MawBank","Akabeko","Cursed Key","Pen Nib","Prayer Wheel","Lantern","Singing Bowl","Dream Catcher","PreservedInsect"],"acts_visited":["Exordium","TheCity"],"potions_floor_usage":[6,12,12,16,23,29],"damage_taken":[{"damage":8,"enemies":"2 Louse","floor":1,"turns":3},{"damage":7,"enemies":"Cultist","floor":2,"turns":4},{"damage":4,"enemies":"Small Slimes","floor":5,"turns":4},{"damage":37,"enemies":"Gremlin Nob","floor":6,"turns":5},{"damage":23,"enemies":"Exordium Thugs","floor":7,"turns":5},{"damage":34,"enemies":"3 Sentries","floor":10,"turns":6},{"damage":6,"enemies":"Exordium Wildlife","floor":11,"turns":4},{"damage":19,"enemies":"Gremlin Nob","floor":12,"turns":4},{"damage":39,"enemies":"3 Sentries","floor":14,"turns":7},{"damage":32,"enemies":"Slime Boss","floor":16,"turns":8},{"damage":19,"enemies":"Spheric Guardian","floor":18,"turns":4},{"damage":38,"enemies":"Slavers","floor":23,"turns":4},{"damage":45,"enemies":"Book of Stabbing","floor":25,"turns":8},{"damage":55,"enemies":"Slavers","floor":28,"turns":6},{"damage":21,"enemies":"3 Byrds","floor":29,"turns":2}],"seed_played":"1389690554394224481","potions_obtained":[{"floor":1,"key":"Explosive Potion"},{"floor":2,"key":"FearPotion"},{"floor":10,"key":"Explosive Potion"},{"floor":12,"key":"FairyPotion"},{"floor":14,"key":"DuplicationPotion"},{"floor":18,"key":"ColorlessPotion"},{"floor":28,"key":"ColorlessPotion"}],"is_trial":false,"path_per_floor":["M","M","?","$","M","E","M","R","T","E","M","E","?","E","R","B",null,"M","?","?","?","T","E","R","E","T","R","E","M"],"character_chosen":"IRONCLAD","items_purchased":["Inflame"],"campfire_rested":3,"item_purchase_floors":[4],"current_hp_per_floor":[62,61,61,61,63,32,17,43,43,17,19,18,89,56,56,37,76,65,39,33,33,33,8,36,29,29,59,14,0,0],"gold":651,"neow_bonus":"TWENTY_PERCENT_HP_BONUS","is_daily":false,"chose_seed":false,"campfire_upgraded":1,"win_rate":0.0,"timestamp":1609054680,"path_taken":["M","M","?","$","M","E","M","R","T","E","?","E","?","E","R","BOSS","M","?","?","?","?","E","R","E","T","R","E","M"],"items_purchased_type":["Card"],"build_version":"2020-12-22","purchased_purges":0,"victory":false,"max_hp_per_floor":[89,89,89,89,89,89,89,89,89,89,89,89,89,89,89,89,89,89,94,94,94,94,94,94,96,96,98,100,100,100],"relic_stats":{"Singing Bowl":6,"counters":[15,74],"Pen Nib":[3],"PreservedInsect":0,"Boot":[37],"MawBank":204,"Cursed Key":2,"Burning Blood":84,"Blood Vial":20,"Dream Catcher":1,"Prayer Wheel":0,"obtain_stats":[{"Lantern":23,"Singing Bowl":25,"Pen Nib":21,"PreservedInsect":28,"Boot":10,"MawBank":12,"Cursed Key":17,"Burning Blood":0,"Akabeko":14,"Blood Vial":6,"Dream Catcher":26,"Prayer Wheel":22,"Toy Ornithopter":9},{"Lantern":12,"Singing Bowl":13,"Pen Nib":11,"PreservedInsect":14,"Boot":6,"MawBank":8,"Cursed Key":10,"Burning Blood":0,"Akabeko":9,"Blood Vial":4,"Dream Catcher":13,"Prayer Wheel":11,"Toy Ornithopter":5},{"Lantern":58,"Singing Bowl":66,"Pen Nib":54,"PreservedInsect":72,"Boot":27,"MawBank":35,"Cursed Key":50,"Burning Blood":0,"Akabeko":42,"Blood Vial":16,"Dream Catcher":66,"Prayer Wheel":54,"Toy Ornithopter":21}],"Toy Ornithopter":25},"card_choices":[{"not_picked":["Headbutt","Reckless Charge"],"picked":"Metallicize","floor":1},{"not_picked":["Havoc","Twin Strike"],"picked":"Sword Boomerang","floor":2},{"not_picked":["Anger","Armaments"],"picked":"Shrug It Off","floor":5},{"not_picked":["Sentinel","Dark Embrace"],"picked":"Cleave","floor":6},{"not_picked":["Clothesline","Power Through","Bloodletting"],"picked":"SKIP","floor":7},{"not_picked":["Combust","Headbutt"],"picked":"Disarm","floor":10},{"not_picked":["Cleave","Headbutt"],"picked":"Sword Boomerang","floor":11},{"not_picked":["Impervious","Bloodletting"],"picked":"Intimidate","floor":12},{"not_picked":["Blood for Blood","Warcry","Clash"],"picked":"SKIP","floor":14},{"not_picked":["Bludgeon","Double Tap"],"picked":"Immolate","floor":16},{"not_picked":["Dark Embrace","Armaments","Reckless Charge"],"picked":"SKIP","floor":18},{"not_picked":["Uppercut","Perfected Strike"],"picked":"Disarm","floor":23},{"not_picked":["Warcry","Fire Breathing","Dual Wield"],"picked":"Singing Bowl","floor":25},{"not_picked":["Evolve","Hemokinesis","Headbutt+1"],"picked":"Singing Bowl","floor":27},{"not_picked":["Dropkick","Clothesline","Headbutt"],"picked":"Singing Bowl","floor":28}],"player_experience":2059033,"relics_obtained":[{"floor":6,"key":"Blood Vial"},{"floor":9,"key":"Toy Ornithopter"},{"floor":10,"key":"Boot"},{"floor":12,"key":"MawBank"},{"floor":14,"key":"Akabeko"},{"floor":22,"key":"Prayer Wheel"},{"floor":23,"key":"Lantern"},{"floor":25,"key":"Singing Bowl"},{"floor":26,"key":"Dream Catcher"},{"floor":28,"key":"PreservedInsect"}],"event_choices":[{"cards_removed":["Strike_R"],"damage_healed":0,"gold_gain":0,"player_choice":"Purged","damage_taken":0,"max_hp_gain":0,"max_hp_loss":0,"event_name":"Purifier","floor":3,"gold_loss":0},{"cards_removed":["Intimidate"],"damage_healed":71,"gold_gain":0,"player_choice":"Offered Uncommon","damage_taken":0,"max_hp_gain":0,"max_hp_loss":0,"event_name":"Bonfire Elementals","floor":13,"gold_loss":0},{"damage_healed":0,"gold_gain":0,"player_choice":"Shed Blood","damage_taken":31,"max_hp_gain":5,"max_hp_loss":0,"event_name":"Forgotten Altar","floor":19,"gold_loss":0},{"damage_healed":0,"gold_gain":0,"player_choice":"Joined the Cult","damage_taken":6,"max_hp_gain":0,"max_hp_loss":0,"event_name":"Nest","floor":20,"gold_loss":0,"cards_obtained":["RitualDagger"]},{"damage_healed":0,"gold_gain":0,"player_choice":"Opened","damage_taken":0,"relics_obtained":["Pen Nib"],"max_hp_gain":0,"max_hp_loss":0,"event_name":"The Mausoleum","floor":21,"gold_loss":0,"cards_obtained":["Writhe"]}],"is_beta":false,"boss_relics":[{"not_picked":["Empty Cage","Mark of Pain"],"picked":"Cursed Key"}],"items_purged_floors":[],"is_endless":false,"potions_floor_spawned":[1,2,10,12,14,18,28],"killed_by":"3 Byrds","ascension_level":16}}