{"host":"wjjo3y19ggvj12sc","time":1609041691,"event":{"mods":["AchievementEnabler","Ascension Unlocker","Bard","BaseMod","Beaked The Cultist","BetterRewards","Conspire","Downfall","Duelist Mod","GifTheSpireLib","Googly Eyes","Gremlin Mod","Hermit","Hubris","Infinite Spire","Jorbs\u0027s Wanderer Trilogy","Mad Scientist","Marisa????????","Minty Spire (QoL Compilation)","Random Character Button","Random Character Mod","Relic Sorter","Relic Stats","Remilia??????","Replay The Spire","Spicy Shops","StSLib","Td1madao Mod","The Bladedancer","The Bug Knight","The Construct","The Cursed","The Disciple","The Gatherer","The Hierophant","The Mystic","The Necromancer","The Poker Player","The Runesmith","The Servant 0.9.4"],"gold_per_floor":[119,132,74,87,97,97,127,202,228,228,248,124,124,134,134,134,134],"floor_reached":16,"playtime":583,"items_purged":[],"score":102,"play_id":"9ffffa97-266a-4682-8939-6a1f1e301c70","local_time":"20201226230131","daily_mods":["Vintage"],"is_ascension_mode":false,"campfire_choices":[{"data":"Neutralize","floor":6,"key":"SMITH"},{"floor":15,"key":"REST"}],"circlet_count":0,"master_deck":["Strike_G","Strike_G","Strike_G","Strike_G","Defend_G","Defend_G","Defend_G","Defend_G","Defend_G","Survivor","Neutralize+1","Outmaneuver","Endless Agony","Cloak And Dagger","Caltrops"],"relics":["m_ScarletBlood","Boot","Replay:Ringing Soul","infinitespire:Beetle Shell","Darkstone Periapt","Chameleon Ring","Anchor","infinitespire:Cubic Diamond","Replay:Rubber Ducky","Bottled Lightning"],"acts_visited":["Exordium"],"potions_floor_usage":[],"damage_taken":[{"damage":0,"enemies":"2 Louse","floor":1,"turns":4},{"damage":0,"enemies":"Jaw Worm","floor":2,"turns":4},{"damage":0,"enemies":"Small Slimes","floor":4,"turns":4},{"damage":0,"enemies":"Looter","floor":5,"turns":5},{"damage":27,"enemies":"Lagavulin","floor":7,"turns":11},{"damage":7,"enemies":"Red Slaver","floor":11,"turns":5},{"damage":6,"enemies":"3 Louse","floor":14,"turns":4},{"damage":6,"enemies":"The Guardian","floor":16,"turns":6}],"seed_played":"5937075490535650324","potions_obtained":[{"floor":4,"key":"Dexterity Potion"},{"floor":7,"key":"Poison Potion"}],"is_trial":true,"path_per_floor":["M","M","$","M","M","R","E","?","T","?","M","$","?","M","R","B"],"character_chosen":"THE_SILENT","items_purchased":["Outmaneuver","Cloak And Dagger","Caltrops"],"campfire_rested":1,"item_purchase_floors":[3,12,12],"current_hp_per_floor":[70,70,73,73,73,73,49,38,38,38,31,34,34,28,51,45,45],"gold":134,"neow_bonus":"","is_daily":false,"chose_seed":false,"campfire_upgraded":1,"win_rate":0.0,"timestamp":1609041691,"path_taken":["M","M","$","M","M","R","E","?","T","?","M","?","?","M","R","BOSS"],"items_purchased_type":["Card","Card","Card"],"build_version":"2020-12-22","purchased_purges":0,"victory":false,"max_hp_per_floor":[70,70,73,73,73,73,76,76,76,76,76,79,79,79,79,79,79],"relic_stats":{"Darkstone Periapt":0,"counters":[8,43],"Boot":[62],"obtain_stats":[{"Darkstone Periapt":5,"Replay:Ringing Soul":2,"Anchor":9,"m_ScarletBlood":10,"Chameleon Ring":7,"infinitespire:Beetle Shell":4,"infinitespire:Cubic Diamond":10,"Bottled Lightning":14,"Boot":1,"Ring of the Snake":0,"Replay:Rubber Ducky":11},{"Darkstone Periapt":4,"Replay:Ringing Soul":2,"Anchor":5,"m_ScarletBlood":5,"Chameleon Ring":5,"infinitespire:Beetle Shell":3,"infinitespire:Cubic Diamond":5,"Bottled Lightning":7,"Boot":1,"Ring of the Snake":0,"Replay:Rubber Ducky":6},{"Darkstone Periapt":17,"Replay:Ringing Soul":8,"Anchor":28,"m_ScarletBlood":28,"Chameleon Ring":28,"infinitespire:Beetle Shell":12,"infinitespire:Cubic Diamond":28,"Bottled Lightning":37,"Boot":4,"Ring of the Snake":0,"Replay:Rubber Ducky":33}]},"card_choices":[{"not_picked":["Outmaneuver","ReplayTheSpireMod:The Works"],"picked":"Endless Agony","floor":7}],"player_experience":382272,"relics_obtained":[{"floor":1,"key":"Boot"},{"floor":2,"key":"Replay:Ringing Soul"},{"floor":4,"key":"infinitespire:Beetle Shell"},{"floor":5,"key":"Darkstone Periapt"},{"floor":7,"key":"Chameleon Ring"},{"floor":9,"key":"Anchor"},{"floor":11,"key":"Replay:Rubber Ducky"},{"floor":14,"key":"Bottled Lightning"}],"event_choices":[{"damage_healed":0,"gold_gain":75,"player_choice":"Gather Gold","damage_taken":11,"max_hp_gain":0,"max_hp_loss":0,"event_name":"World of Goop","floor":8,"gold_loss":0},{"cards_removed":["Strike_G"],"damage_healed":0,"gold_gain":0,"player_choice":"Offered Basic","damage_taken":0,"max_hp_gain":0,"max_hp_loss":0,"event_name":"Bonfire Elementals","floor":13,"gold_loss":0}],"is_beta":false,"boss_relics":[],"items_purged_floors":[],"is_endless":false,"potions_floor_spawned":[4,7],"killed_by":"The Guardian","ascension_level":0}}