{"host":"30jsp143e4v19aze","time":1609086653,"event":{"mods":["BaseMod","Colored Map","Colored Powertips","Curses Come First","DeckTracker","Highlight Path","Minty Spire (QoL Compilation)","Quick Restart","Relic Stats","StSLib","everything is the same but u backflip on backflip","slay the spire mod where everything is the same but ironclad has a cowboy hat"],"gold_per_floor":[112,112,126,18,18,46,66,92,92,125,145,20,20,53,53,127,127,138,53,253,6,6,6,6,6,6],"floor_reached":25,"playtime":859,"items_purged":[],"score":536,"play_id":"8e45d48d-996b-4675-aaba-e1ca04ffcbe0","local_time":"20201227173053","is_ascension_mode":true,"campfire_choices":[{"data":"Defragment","floor":15,"key":"SMITH"},{"data":"Rainbow","floor":23,"key":"SMITH"}],"circlet_count":0,"master_deck":["AscendersBane","Strike_B","Defend_B","Defend_B","Defend_B","Defend_B","Zap","Dualcast","Cold Snap","Sweeping Beam","Defragment+1","Chill","Compile Driver","Sweeping Beam","Coolheaded","Capacitor+1","Hologram","Barrage","Seek","Rainbow+1"],"relics":["Cracked Core","NeowsBlessing","Letter Opener","Frozen Egg 2","Bag of Preparation","InkBottle","The Courier","Runic Capacitor","Bottled Lightning","Empty Cage","Juzu Bracelet","Membership Card","Happy Flower"],"acts_visited":["Exordium","TheCity"],"potions_floor_usage":[14,14,16],"damage_taken":[{"damage":0,"enemies":"Cultist","floor":1,"turns":1},{"damage":0,"enemies":"2 Louse","floor":3,"turns":1},{"damage":0,"enemies":"3 Sentries","floor":6,"turns":2},{"damage":4,"enemies":"Jaw Worm","floor":7,"turns":3},{"damage":36,"enemies":"Gremlin Nob","floor":8,"turns":5},{"damage":10,"enemies":"Lagavulin","floor":10,"turns":8},{"damage":11,"enemies":"Exordium Wildlife","floor":11,"turns":3},{"damage":0,"enemies":"3 Sentries","floor":14,"turns":4},{"damage":0,"enemies":"Hexaghost","floor":16,"turns":8},{"damage":2,"enemies":"3 Byrds","floor":18,"turns":5},{"damage":34,"enemies":"Book of Stabbing","floor":25,"turns":4}],"seed_played":"5745459164362699294","potions_obtained":[{"floor":1,"key":"PowerPotion"},{"floor":11,"key":"SkillPotion"},{"floor":14,"key":"LiquidBronze"}],"is_trial":false,"path_per_floor":["M","?","M","$","?","E","M","E","T","E","M","$","?","E","R","B",null,"M","?","?","$","?","R","?","E"],"character_chosen":"DEFECT","items_purchased":["Defragment","Chill","Runic Capacitor","Membership Card","Rainbow","Happy Flower"],"campfire_rested":0,"item_purchase_floors":[4,4,12,21,21,21],"current_hp_per_floor":[68,68,68,68,68,68,64,28,28,18,7,7,7,7,7,7,58,56,56,56,56,42,42,34,0,0],"gold":6,"neow_bonus":"THREE_ENEMY_KILL","is_daily":false,"chose_seed":false,"campfire_upgraded":2,"win_rate":0.0,"timestamp":1609086653,"path_taken":["M","?","?","$","?","E","M","E","T","E","M","?","?","E","R","BOSS","M","?","?","$","?","R","?","E"],"items_purchased_type":["Card","Card","Relic","Relic","Card","Relic"],"build_version":"2020-12-22","purchased_purges":0,"victory":false,"max_hp_per_floor":[75,75,75,75,75,75,75,75,75,75,75,75,75,75,75,75,75,75,75,75,75,80,80,80,80,80],"relic_stats":{"Happy Flower":[1],"counters":[11,44],"Bag of Preparation":[12],"Juzu Bracelet":1,"Letter Opener":[20],"obtain_stats":[{"NeowsBlessing":0,"Happy Flower":21,"The Courier":10,"Bag of Preparation":8,"Runic Capacitor":12,"Juzu Bracelet":19,"Letter Opener":2,"Frozen Egg 2":6,"Empty Cage":17,"Bottled Lightning":14,"Membership Card":21,"Cracked Core":0,"InkBottle":9},{"NeowsBlessing":0,"Happy Flower":10,"The Courier":6,"Bag of Preparation":5,"Runic Capacitor":7,"Juzu Bracelet":10,"Letter Opener":1,"Frozen Egg 2":3,"Empty Cage":9,"Bottled Lightning":8,"Membership Card":10,"Cracked Core":0,"InkBottle":5},{"NeowsBlessing":0,"Happy Flower":40,"The Courier":20,"Bag of Preparation":12,"Runic Capacitor":23,"Juzu Bracelet":40,"Letter Opener":1,"Frozen Egg 2":4,"Empty Cage":35,"Bottled Lightning":27,"Membership Card":40,"Cracked Core":0,"InkBottle":12}],"InkBottle":[9]},"card_choices":[{"not_picked":["Skim","Tempest"],"picked":"Cold Snap","floor":1},{"not_picked":["Coolheaded","Loop"],"picked":"Sweeping Beam","floor":3},{"not_picked":["Compile Driver","Steam","Stack"],"picked":"SKIP","floor":6},{"not_picked":["Steam","Stack"],"picked":"Compile Driver","floor":6},{"not_picked":["Turbo","Tempest"],"picked":"Sweeping Beam","floor":7},{"not_picked":["Rebound","Storm+1"],"picked":"Coolheaded","floor":8},{"not_picked":["Aggregate","Rebound"],"picked":"Capacitor+1","floor":10},{"not_picked":["Storm+1","Redo"],"picked":"Hologram","floor":11},{"not_picked":["All For One","Coolheaded"],"picked":"Barrage","floor":14},{"not_picked":["Multi-Cast","Reboot"],"picked":"Seek","floor":16},{"not_picked":["Reprogram+1","Redo","Hello World+1"],"picked":"SKIP","floor":18}],"player_experience":3266950,"relics_obtained":[{"floor":2,"key":"Letter Opener"},{"floor":6,"key":"Frozen Egg 2"},{"floor":8,"key":"Bag of Preparation"},{"floor":9,"key":"InkBottle"},{"floor":10,"key":"The Courier"},{"floor":14,"key":"Bottled Lightning"}],"event_choices":[{"damage_healed":0,"gold_gain":0,"player_choice":"Relic","damage_taken":0,"max_hp_gain":0,"max_hp_loss":0,"event_name":"Wheel of Change","floor":2,"gold_loss":0},{"cards_removed":["Strike_B"],"damage_healed":0,"gold_gain":0,"player_choice":"Purged","damage_taken":0,"max_hp_gain":0,"max_hp_loss":0,"event_name":"Purifier","floor":5,"gold_loss":0},{"damage_healed":0,"gold_gain":0,"player_choice":"Fled","damage_taken":0,"max_hp_gain":0,"max_hp_loss":0,"event_name":"Scrap Ooze","floor":13,"gold_loss":0},{"damage_healed":0,"gold_gain":0,"player_choice":"Obtained Relic","damage_taken":0,"relics_obtained":["Juzu Bracelet"],"max_hp_gain":0,"max_hp_loss":0,"event_name":"Addict","floor":19,"gold_loss":85},{"damage_healed":0,"gold_gain":250,"player_choice":"Bet on Owner","damage_taken":0,"max_hp_gain":0,"max_hp_loss":0,"event_name":"The Joust","floor":20,"gold_loss":50},{"damage_healed":0,"gold_gain":0,"player_choice":"Shed Blood","damage_taken":19,"max_hp_gain":5,"max_hp_loss":0,"event_name":"Forgotten Altar","floor":22,"gold_loss":0},{"damage_healed":0,"gold_gain":0,"player_choice":"Damaged","damage_taken":8,"max_hp_gain":0,"max_hp_loss":0,"event_name":"Wheel of Change","floor":24,"gold_loss":0}],"is_beta":false,"boss_relics":[{"not_picked":["Busted Crown","Tiny House"],"picked":"Empty Cage"}],"items_purged_floors":[],"is_endless":false,"potions_floor_spawned":[1,11,14],"killed_by":"Book of Stabbing","ascension_level":13}}