{"host":"z9x5nldzhmx4jdfi","time":1609042191,"event":{"mods":["2.2 Compatiblity","BaseMod","Better Altar","Better Match","Better Note","Better Sensory Stone","Better Third Choice","BetterRewards","Block Reminder","Card Filter","Colored Powertips","Infinite Spire","Jorbs\u0027s Wanderer Trilogy","Minty Spire (QoL Compilation)","Relic Filter","StSLib","Td1madao Mod","The Animator","The Servant 0.9.4","Wandering Minibosses"],"gold_per_floor":[121,152,152,102,121,146,146,177,202,231,248,248,248,278,290,401,401,416,416,416,445,445,480,395,395,395,395,415,444,466,512,512,615,615,634,634,653,653,674,674,706,706,760,982,993,993,993,446,446,450,450,450,586,656,747,823,823,60,147,239,89,89,188,265,265,265,384,384,384,384],"floor_reached":69,"playtime":7948,"items_purged":["animator:Strike","animator:Strike"],"score":1330,"play_id":"816be940-bcbe-4a69-b3d2-c0a13f2efeac","local_time":"20201226220951","is_ascension_mode":true,"campfire_choices":[{"data":"animator:YuiTsuruno","floor":7,"key":"SMITH"},{"data":"animator:NagisaMomoe","floor":12,"key":"SMITH"},{"floor":15,"key":"REST"},{"data":"animator:SwordMaiden","floor":25,"key":"SMITH"},{"data":"animator:NagisaMomoe","floor":32,"key":"SMITH"},{"data":"animator:YachiyoNanami","floor":40,"key":"SMITH"},{"data":"animator:GoblinSlayer","floor":42,"key":"SMITH"},{"floor":49,"key":"RECALL"},{"data":"animator:Millim+1","floor":52,"key":"SMITH"},{"floor":62,"key":"REST"},{"floor":66,"key":"REST"},{"floor":68,"key":"REST"}],"circlet_count":0,"master_deck":["animator:IrohaTamaki+1","animator:YuiTsuruno+1","animator:YachiyoNanami+1","animator:KyokoSakura+1","animator:IrohaTamaki+1","animator:NagisaMomoe+1","animator:OrikoMikuni+1","animator:GoblinSlayer+1","animator:FielNirvalen+1","animator:SwordMaiden+1","animator:GuildGirl+1","animator:NagisaMomoe+1","animator:FeridBathory+1","animator:YuiTsuruno+1","animator:HigakiRinne+1","animator:SayakaMiki+1","animator:Millim+16","animator:MamiTomoe+1","animator:Kyubey+1","animator:SayakaMiki+1"],"relics":["animator:TheWolleyCore","animator:LivingPicture","animator:TheMissingPiece","animator:AncientMedallion"],"acts_visited":["Exordium","TheCity","TheBeyond","TheEnding","EYB:TheUnnamedReign"],"potions_floor_usage":[8,59,59,60,69,69,69],"damage_taken":[{"damage":2,"enemies":"Cultist","floor":1,"turns":5},{"damage":3,"enemies":"2 Louse","floor":5,"turns":2},{"damage":10,"enemies":"Gremlin Nob","floor":6,"turns":5},{"damage":4,"enemies":"3 Sentries","floor":8,"turns":7},{"damage":0,"enemies":"Gremlin Nob","floor":10,"turns":3},{"damage":0,"enemies":"Small Slimes","floor":11,"turns":2},{"damage":15,"enemies":"Lagavulin","floor":14,"turns":4},{"damage":0,"enemies":"Hexaghost","floor":16,"turns":7},{"damage":0,"enemies":"Chosen","floor":18,"turns":4},{"damage":8,"enemies":"Masked Bandits","floor":21,"turns":4},{"damage":3,"enemies":"Book of Stabbing","floor":23,"turns":4},{"damage":0,"enemies":"Spheric Guardian","floor":28,"turns":3},{"damage":2,"enemies":"Snake Plant","floor":29,"turns":3},{"damage":0,"enemies":"Cultist and Chosen","floor":30,"turns":4},{"damage":4,"enemies":"animator:HornedBat","floor":31,"turns":5},{"damage":0,"enemies":"Automaton","floor":33,"turns":6},{"damage":2,"enemies":"3 Darklings","floor":35,"turns":4},{"damage":7,"enemies":"3 Shapes","floor":37,"turns":4},{"damage":0,"enemies":"Spire Growth","floor":39,"turns":6},{"damage":1,"enemies":"Giant Head","floor":41,"turns":7},{"damage":0,"enemies":"4 Shapes","floor":45,"turns":2},{"damage":22,"enemies":"infinitespire:MassOfShapes","floor":50,"turns":8},{"damage":0,"enemies":"animator:UNNAMED_HAT","floor":54,"turns":10},{"damage":4,"enemies":"animator:UNNAMED_CULTIST_1","floor":55,"turns":7},{"damage":2,"enemies":"animator:TRIPLE_LAGAVULIN","floor":59,"turns":6},{"damage":69,"enemies":"animator:UNNAMED_CULTIST_2","floor":60,"turns":8},{"damage":56,"enemies":"animator:ULTIMATE_WISP","floor":63,"turns":7},{"damage":17,"enemies":"animator:ULTIMATE_CUBE","floor":67,"turns":8},{"damage":111,"enemies":"animator:TheUnnamed","floor":69,"turns":11}],"seed_played":"-5921211476034311782","potions_obtained":[{"floor":6,"key":"SkillPotion"},{"floor":10,"key":"Explosive Potion"},{"floor":16,"key":"Dexterity Potion"},{"floor":21,"key":"Dexterity Potion"},{"floor":28,"key":"Ancient Potion"},{"floor":54,"key":"animator:FalseLifePotion"},{"floor":55,"key":"animator:FalseLifePotion"},{"floor":59,"key":"animator:FalseLifePotion"},{"floor":60,"key":"animator:FalseLifePotion"},{"floor":63,"key":"animator:FalseLifePotion"},{"floor":67,"key":"animator:FalseLifePotion"}],"is_trial":false,"path_per_floor":["M","?","?","$","M","E","R","E","T","E","M","R","?","E","R","B",null,"M","?","?","?","?","E","?","R","T","?","M","M","M","E","R","B",null,"M","?","M","?","M","R","E","R","T","?","M","?","?","$","R","B",null,"R","??","M","M","T","?","$","M","M","?","R","E","T","?","R","E","R","B"],"character_chosen":"THE_ANIMATOR","items_purchased":["animator:YachiyoNanami","OrangePellets","Matryoshka","animator:IrohaTamaki","Incense Burner","White Beast Statue","animator:AncientMedallion","animator:AncientMedallion","animator:AncientMedallion"],"campfire_rested":4,"item_purchase_floors":[0,0,0,4,48,48,58,58,58],"current_hp_per_floor":[39,39,39,39,36,26,26,23,23,23,23,23,16,1,21,21,67,67,67,67,59,59,57,57,63,63,63,63,61,61,57,66,68,68,66,66,61,52,55,64,65,69,69,69,69,69,69,69,69,47,47,47,86,86,82,82,86,86,84,17,19,45,5,5,5,31,38,64,0,0],"gold":384,"neow_bonus":"","is_daily":false,"chose_seed":false,"campfire_upgraded":7,"win_rate":0.0,"timestamp":1609042191,"path_taken":["M","?","?","$","?","E","R","E","T","E","M","R","?","E","R","BOSS","M","?","?","?","?","E","?","R","T","?","M","M","M","E","R","BOSS","M","?","M","?","M","R","E","R","T","?","M","?","?","$","R","BOSS","R","??","M","M","T","?","$","M","M","?","R","E","T","?","R","E","R","BOSS"],"items_purchased_type":["Card","Relic","Relic","Card","Relic","Relic","Relic","Relic","Relic"],"build_version":"2020-12-22","purchased_purges":2,"victory":false,"max_hp_per_floor":[66,66,66,66,66,66,66,67,67,67,67,67,67,67,67,67,67,67,67,67,67,67,68,68,68,68,68,68,68,68,68,68,68,68,68,68,68,68,69,69,69,69,69,69,69,69,69,69,69,69,69,69,86,86,86,86,86,86,86,86,88,88,88,88,88,88,88,88,88,88],"card_choices":[{"not_picked":["animator:Melzalgald","animator:Hakurou"],"picked":"animator:KyokoSakura","floor":1},{"not_picked":["animator:Priestess","animator:DolaRiku","animator:Millim"],"picked":"SKIP","floor":5},{"not_picked":["animator:Tatsumaki","animator:DwarfShaman","animator:Shinoa"],"picked":"SKIP","floor":6},{"not_picked":["animator:OrikoMikuni","animator:YuiTsuruno"],"picked":"animator:NagisaMomoe","floor":8},{"not_picked":["animator:Souei","animator:Genos"],"picked":"animator:YuiTsuruno","floor":10},{"not_picked":["animator:Tatsumaki","animator:Melzalgald","animator:Gillette"],"picked":"SKIP","floor":11},{"not_picked":["animator:Tet","animator:DolaRiku","animator:Guy"],"picked":"SKIP","floor":14},{"not_picked":["animator:SilverFang","animator:ChaikaBohdan"],"picked":"animator:OrikoMikuni","floor":15},{"not_picked":["animator:Rimuru","animator:Shizu"],"picked":"animator:GoblinSlayer","floor":16},{"not_picked":["animator:OrikoMikuni","animator:Shigure+1"],"picked":"animator:SwordMaiden","floor":23},{"not_picked":["animator:Yuuichirou","animator:Shinoa","animator:DolaSchwi"],"picked":"SKIP","floor":28},{"not_picked":["animator:Yuuichirou+1","animator:Benimaru"],"picked":"animator:GuildGirl","floor":29},{"not_picked":["animator:YachiyoNanami","animator:OrikoMikuni"],"picked":"animator:NagisaMomoe","floor":30},{"not_picked":["animator:GazelDwargon+1","animator:Witch","animator:Hakurou+1"],"picked":"SKIP","floor":31},{"not_picked":["animator:Rimuru","animator:ChaikaTrabant"],"picked":"animator:FeridBathory","floor":33},{"not_picked":["animator:AcuraAkari","animator:Shinoa","animator:IrohaTamaki"],"picked":"SKIP","floor":35},{"not_picked":["animator:DolaCouronne","animator:Shinoa+1","animator:Spearman"],"picked":"SKIP","floor":37},{"not_picked":["animator:YuiTsuruno","animator:YachiyoNanami"],"picked":"animator:SayakaMiki","floor":39},{"not_picked":["animator:DolaCouronne+1","animator:HiiragiShinya+1","animator:Gillette"],"picked":"SKIP","floor":41},{"not_picked":["animator:OrikoMikuni+1","animator:AcuraTooru"],"picked":"animator:Millim","floor":45},{"not_picked":["animator:Shigure+1","animator:OrikoMikuni+1","animator:SayakaMiki"],"picked":"SKIP","floor":54},{"not_picked":["animator:YachiyoNanami","animator:OrikoMikuni"],"picked":"animator:MamiTomoe","floor":55},{"not_picked":["animator:Witch","animator:FielNirvalen","animator:Shizu"],"picked":"SKIP","floor":59},{"not_picked":["animator:DolaSchwi","animator:Viivi","animator:Guy"],"picked":"SKIP","floor":60},{"not_picked":["animator:FeridBathory+1","animator:Sora+1"],"picked":"animator:Kyubey+1","floor":61},{"not_picked":["animator:Gillette","animator:DwarfShaman","animator:SwordMaiden"],"picked":"SKIP","floor":63},{"not_picked":["animator:KyokoSakura","animator:NagisaMomoe"],"picked":"animator:SayakaMiki","floor":67}],"player_experience":1475220,"relics_obtained":[{"floor":6,"key":"animator:BattleDrones"},{"floor":8,"key":"infinitespire:CheckeredPen"},{"floor":9,"key":"Omamori"},{"floor":9,"key":"Juzu Bracelet"},{"floor":10,"key":"Dream Catcher"},{"floor":14,"key":"animator:ShionDessert"},{"floor":21,"key":"Red Mask"},{"floor":23,"key":"StoneCalendar"},{"floor":26,"key":"Oddly Smooth Stone"},{"floor":26,"key":"CloakClasp"},{"floor":31,"key":"Blood Vial"},{"floor":39,"key":"wanderingMiniBosses:CarrionFlame"},{"floor":41,"key":"Bag of Marbles"},{"floor":53,"key":"animator:TheWolleyCore"},{"floor":56,"key":"animator:AncientMedallion"},{"floor":63,"key":"animator:AncientMedallion"},{"floor":64,"key":"animator:AncientMedallion"},{"floor":67,"key":"animator:AncientMedallion"}],"event_choices":[{"damage_healed":0,"gold_gain":0,"player_choice":"Upgraded","damage_taken":0,"max_hp_gain":0,"max_hp_loss":0,"event_name":"Upgrade Shrine","floor":3,"gold_loss":0,"cards_upgraded":["animator:KyokoSakura"]},{"cards_removed":["animator:Strike"],"damage_healed":0,"gold_gain":0,"player_choice":"Card Removal","damage_taken":7,"max_hp_gain":0,"max_hp_loss":0,"event_name":"Golden Wing","floor":13,"gold_loss":0},{"damage_healed":0,"gold_gain":0,"player_choice":"Ignored","damage_taken":0,"max_hp_gain":0,"max_hp_loss":0,"event_name":"betterNote:BetterNote","floor":19,"gold_loss":0,"cards_obtained":["animator:Kazuma"]},{"damage_healed":0,"gold_gain":0,"player_choice":"Ignored","damage_taken":0,"max_hp_gain":0,"max_hp_loss":0,"event_name":"Vampires","floor":20,"gold_loss":0},{"damage_healed":0,"gold_gain":0,"player_choice":"Fought Bandits","damage_taken":0,"max_hp_gain":0,"max_hp_loss":0,"event_name":"Masked Bandits","floor":21,"gold_loss":0},{"damage_healed":0,"gold_gain":0,"cards_transformed":["animator:KotoriKanbe"],"player_choice":"Transformed","damage_taken":0,"max_hp_gain":0,"max_hp_loss":0,"event_name":"Transmorgrifier","floor":22,"gold_loss":0,"cards_obtained":["animator:TanyaDegurechaff"]},{"damage_healed":0,"gold_gain":0,"player_choice":"Obtained Relic","damage_taken":0,"relics_obtained":["Eternal Feather"],"max_hp_gain":0,"max_hp_loss":0,"event_name":"Addict","floor":24,"gold_loss":85},{"cards_removed":["animator:Viivi"],"damage_healed":0,"gold_gain":0,"player_choice":"Purged","damage_taken":0,"max_hp_gain":0,"max_hp_loss":0,"event_name":"Purifier","floor":27,"gold_loss":0},{"damage_healed":0,"gold_gain":0,"player_choice":"Copied","damage_taken":0,"max_hp_gain":0,"max_hp_loss":0,"event_name":"Duplicator","floor":36,"gold_loss":0,"cards_obtained":["animator:YuiTsuruno"]},{"damage_healed":0,"gold_gain":0,"player_choice":"Embrace Madness","damage_taken":9,"max_hp_gain":0,"max_hp_loss":0,"event_name":"Winding Halls","floor":38,"gold_loss":0,"cards_obtained":["animator:HigakiRinne"]},{"damage_healed":0,"gold_gain":222,"player_choice":"Wore Mask","damage_taken":0,"max_hp_gain":0,"max_hp_loss":0,"event_name":"Tomb of Lord Red Mask","floor":44,"gold_loss":0},{"damage_healed":0,"gold_gain":0,"player_choice":"Upgrade","damage_taken":0,"relics_obtained":["Mark of the Bloom"],"max_hp_gain":0,"max_hp_loss":0,"event_name":"MindBloom","floor":46,"gold_loss":0,"cards_upgraded":["animator:IrohaTamaki","animator:IrohaTamaki","animator:YuiTsuruno","animator:OrikoMikuni","animator:GuildGirl","animator:FeridBathory","animator:HigakiRinne","animator:SayakaMiki","animator:Millim"]},{"cards_removed":["animator:YuiTsuruno"],"damage_healed":0,"gold_gain":0,"player_choice":"Removed Attack","damage_taken":0,"max_hp_gain":0,"max_hp_loss":0,"event_name":"Falling","floor":47,"gold_loss":0}],"is_beta":false,"boss_relics":[{"not_picked":["animator:HolyGrailRelic","Ectoplasm"],"picked":"Astrolabe"},{"not_picked":["animator:CursedBlade","Cursed Key"],"picked":"Empty Cage"}],"items_purged_floors":[0,0],"is_endless":false,"potions_floor_spawned":[6,10,16,21,28,30,41,60,63,67],"killed_by":"animator:TheUnnamed","ascension_level":1}}