{"host":"1ltt377nc7aury4n","time":1609093634,"event":{"mods":["AchievementEnabler","BaseMod","Best Route Mod","Colored Powertips","Minty Spire (QoL Compilation)","StSLib"],"gold_per_floor":[12,12,28,28,28,60,60,94,121,121,221,239,9,42,42,144,144,163,173,186,196,196,228,47,61,61,92,109,109,143,243,243,344,344,361,62,74,74,87,122,122,122,149,168,196,213,213,246,246,246],"floor_reached":51,"playtime":4519,"items_purged":["Strike_R","Strike_R"],"score":1050,"play_id":"5f8234dc-8d1a-4015-a641-e3d7f6dfc0d6","local_time":"20201227132714","is_ascension_mode":true,"campfire_choices":[{"floor":7,"key":"REST"},{"data":"Armaments","floor":10,"key":"SMITH"},{"floor":15,"key":"REST"},{"data":"Seeing Red","floor":29,"key":"SMITH"},{"data":"Body Slam","floor":32,"key":"SMITH"},{"data":"Entrench","floor":41,"key":"SMITH"},{"data":"Infernal Blade","floor":47,"key":"SMITH"},{"data":"Offering","floor":49,"key":"SMITH"}],"circlet_count":0,"master_deck":["Strike_R+1","Defend_R","Defend_R","Defend_R","Defend_R+1","Bash","Inflame","Seeing Red+1","Clothesline","Body Slam","Armaments+1","Body Slam+1","Disarm","Impervious","True Grit","Shrug It Off","Seeing Red+1","Infernal Blade+1","Infernal Blade+1","Offering+1","Impervious","Body Slam","Entrench+1","Flame Barrier"],"relics":["Burning Blood","Magic Flower","Dream Catcher","Boot","Centennial Puzzle","Happy Flower","Charon\u0027s Ashes","Busted Crown","Juzu Bracelet","Eternal Feather","Nunchaku","Anchor","SlaversCollar","Vajra","Calipers","Ancient Tea Set","Self Forming Clay","Red Skull"],"acts_visited":["Exordium","TheCity","TheBeyond"],"potions_floor_usage":[6,6,14,20,23,23,27,27,27,33,48,50,50],"damage_taken":[{"damage":7,"enemies":"2 Louse","floor":1,"turns":3},{"damage":1,"enemies":"Cultist","floor":3,"turns":4},{"damage":25,"enemies":"Lagavulin","floor":6,"turns":7},{"damage":28,"enemies":"Gremlin Nob","floor":8,"turns":4},{"damage":0,"enemies":"Small Slimes","floor":12,"turns":3},{"damage":22,"enemies":"3 Sentries","floor":14,"turns":9},{"damage":19,"enemies":"Slime Boss","floor":16,"turns":10},{"damage":2,"enemies":"Shell Parasite","floor":18,"turns":3},{"damage":20,"enemies":"3 Byrds","floor":19,"turns":5},{"damage":12,"enemies":"Shelled Parasite and Fungi","floor":20,"turns":4},{"damage":1,"enemies":"Cultist and Chosen","floor":21,"turns":5},{"damage":4,"enemies":"Gremlin Leader","floor":23,"turns":5},{"damage":6,"enemies":"Sentry and Sphere","floor":25,"turns":4},{"damage":7,"enemies":"Slavers","floor":27,"turns":5},{"damage":11,"enemies":"Snecko","floor":28,"turns":3},{"damage":16,"enemies":"Book of Stabbing","floor":30,"turns":3},{"damage":43,"enemies":"Automaton","floor":33,"turns":10},{"damage":0,"enemies":"3 Shapes","floor":35,"turns":3},{"damage":6,"enemies":"Orb Walker","floor":37,"turns":2},{"damage":0,"enemies":"Jaw Worm Horde","floor":39,"turns":3},{"damage":6,"enemies":"Nemesis","floor":40,"turns":2},{"damage":6,"enemies":"Spire Growth","floor":44,"turns":1},{"damage":6,"enemies":"Giant Head","floor":45,"turns":5},{"damage":6,"enemies":"Maw","floor":46,"turns":6},{"damage":6,"enemies":"Nemesis","floor":48,"turns":3},{"damage":10,"enemies":"Donu and Deca","floor":50,"turns":6}],"seed_played":"-8997260739897559564","potions_obtained":[{"floor":1,"key":"BlessingOfTheForge"},{"floor":3,"key":"Strength Potion"},{"floor":12,"key":"SkillPotion"},{"floor":16,"key":"SkillPotion"},{"floor":19,"key":"AttackPotion"},{"floor":20,"key":"LiquidMemories"},{"floor":23,"key":"BlessingOfTheForge"},{"floor":25,"key":"EntropicBrew"},{"floor":39,"key":"Ancient Potion"},{"floor":40,"key":"Fire Potion"},{"floor":45,"key":"SteroidPotion"},{"floor":48,"key":"Block Potion"}],"is_trial":false,"path_per_floor":["M","?","M","$","?","E","R","E","T","R","?","M","$","E","R","B",null,"M","M","M","M","$","E","$","M","T","E","M","R","E","?","R","B",null,"M","$","M","$","M","E","R","?","T","M","E","M","R","E","R","B",null],"character_chosen":"IRONCLAD","items_purchased":["Happy Flower","Infernal Blade","Vajra","Impervious"],"campfire_rested":2,"item_purchase_floors":[13,24,36,36],"current_hp_per_floor":[80,80,80,80,64,48,72,53,53,53,53,62,62,49,73,63,80,80,69,66,74,74,79,79,80,80,80,78,80,73,73,80,46,80,80,80,80,80,80,80,80,80,80,80,80,80,80,80,80,79],"gold":246,"neow_bonus":"ONE_RARE_RELIC","is_daily":false,"chose_seed":false,"campfire_upgraded":6,"win_rate":0.0,"timestamp":1609093634,"path_taken":["M","?","?","$","?","E","R","E","T","R","?","M","$","E","R","BOSS","M","M","M","M","$","E","$","M","T","E","M","R","E","?","R","BOSS","M","$","M","?","M","E","R","?","T","M","E","M","R","E","R","BOSS"],"items_purchased_type":["Relic","Card","Relic","Card"],"build_version":"2020-12-22","purchased_purges":2,"victory":true,"max_hp_per_floor":[80,80,80,80,80,80,80,80,80,80,80,80,80,80,80,80,80,80,80,80,80,80,80,80,80,80,80,80,80,80,80,80,80,80,80,80,80,80,80,80,80,80,80,80,80,80,80,80,80,80],"card_choices":[{"not_picked":["Second Wind","Clothesline"],"picked":"Inflame","floor":1},{"not_picked":["Dual Wield","Havoc"],"picked":"Seeing Red","floor":3},{"not_picked":["Metallicize","Dropkick"],"picked":"Clothesline","floor":6},{"not_picked":["Pommel Strike","Fiend Fire"],"picked":"Body Slam","floor":7},{"not_picked":["Sever Soul","Rampage"],"picked":"Armaments","floor":8},{"not_picked":["Heavy Blade","Sword Boomerang","Dropkick"],"picked":"SKIP","floor":12},{"not_picked":["Rupture","Heavy Blade"],"picked":"Body Slam","floor":14},{"not_picked":["Anger","Double Tap"],"picked":"Disarm","floor":15},{"not_picked":["Bludgeon","Demon Form"],"picked":"Impervious","floor":16},{"not_picked":[],"picked":"True Grit","floor":18},{"not_picked":[],"picked":"Shrug It Off","floor":19},{"not_picked":["Bloodletting"],"picked":"SKIP","floor":20},{"not_picked":[],"picked":"Seeing Red+1","floor":21},{"not_picked":["Iron Wave"],"picked":"SKIP","floor":23},{"not_picked":["Feel No Pain"],"picked":"SKIP","floor":25},{"not_picked":[],"picked":"Infernal Blade+1","floor":27},{"not_picked":["Iron Wave+1"],"picked":"SKIP","floor":28},{"not_picked":["Bludgeon"],"picked":"SKIP","floor":30},{"not_picked":[],"picked":"Offering","floor":33},{"not_picked":["Flex"],"picked":"SKIP","floor":35},{"not_picked":[],"picked":"Body Slam","floor":37},{"not_picked":[],"picked":"Entrench","floor":39},{"not_picked":["Havoc"],"picked":"SKIP","floor":40},{"not_picked":["Twin Strike"],"picked":"SKIP","floor":44},{"not_picked":["Pummel+1"],"picked":"SKIP","floor":45},{"not_picked":["Cleave"],"picked":"SKIP","floor":46},{"not_picked":["Brutality"],"picked":"SKIP","floor":48}],"player_experience":244989,"relics_obtained":[{"floor":6,"key":"Dream Catcher"},{"floor":8,"key":"Boot"},{"floor":9,"key":"Centennial Puzzle"},{"floor":14,"key":"Charon\u0027s Ashes"},{"floor":23,"key":"Juzu Bracelet"},{"floor":26,"key":"Eternal Feather"},{"floor":27,"key":"Nunchaku"},{"floor":30,"key":"Anchor"},{"floor":40,"key":"Calipers"},{"floor":43,"key":"Ancient Tea Set"},{"floor":45,"key":"Self Forming Clay"},{"floor":48,"key":"Red Skull"}],"event_choices":[{"cards_removed":["Strike_R"],"damage_healed":0,"gold_gain":0,"player_choice":"Offered Basic","damage_taken":0,"max_hp_gain":0,"max_hp_loss":0,"event_name":"Bonfire Elementals","floor":2,"gold_loss":0},{"damage_healed":0,"gold_gain":0,"player_choice":"Entered Light","damage_taken":16,"max_hp_gain":0,"max_hp_loss":0,"event_name":"Shining Light","floor":5,"gold_loss":0,"cards_upgraded":["Strike_R","Defend_R"]},{"damage_healed":0,"gold_gain":100,"player_choice":"Pray","damage_taken":0,"max_hp_gain":0,"max_hp_loss":0,"event_name":"Golden Shrine","floor":11,"gold_loss":0},{"damage_healed":0,"gold_gain":100,"player_choice":"Pray","damage_taken":0,"max_hp_gain":0,"max_hp_loss":0,"event_name":"Golden Shrine","floor":31,"gold_loss":0},{"damage_healed":0,"gold_gain":0,"cards_transformed":["Strike_R"],"player_choice":"Transformed","damage_taken":0,"max_hp_gain":0,"max_hp_loss":0,"event_name":"Transmorgrifier","floor":42,"gold_loss":0,"cards_obtained":["Flame Barrier"]}],"is_beta":false,"boss_relics":[{"not_picked":["Philosopher\u0027s Stone","Velvet Choker"],"picked":"Busted Crown"},{"not_picked":["Astrolabe","Runic Pyramid"],"picked":"SlaversCollar"}],"items_purged_floors":[13,24],"is_endless":false,"potions_floor_spawned":[1,3,12,16,19,20,23,25,39,40,45,48],"ascension_level":3}}