{"host":"rmsq46plbpwfbxcc","time":1609041501,"event":{"mods":["AchievementEnabler","BaseMod","Colored Map","DeckTracker","Minty Spire (QoL Compilation)","Permanent Neow","SuperFastMode"],"gold_per_floor":[114,127,127,143,159,159,190,201,226,241,241,206,232,242,242,318,318,335,335,335],"floor_reached":19,"playtime":647,"items_purged":[],"score":381,"play_id":"7e553fa4-1080-47dd-b198-0e55774973c3","local_time":"20201227125821","is_ascension_mode":true,"campfire_choices":[{"data":"Neutralize","floor":6,"key":"SMITH"},{"data":"Cloak And Dagger","floor":11,"key":"SMITH"},{"data":"Footwork","floor":15,"key":"SMITH"}],"circlet_count":0,"master_deck":["AscendersBane","Strike_G","Strike_G","Strike_G","Strike_G","Strike_G","Defend_G","Defend_G","Defend_G","Defend_G","Defend_G","Survivor","Neutralize+1","Dagger Throw","Footwork+1","Accuracy","PiercingWail","Cloak And Dagger+1","Glass Knife"],"relics":["Coffee Dripper","The Specimen","Omamori","Bronze Scales","HoveringKite"],"acts_visited":["Exordium","TheCity"],"potions_floor_usage":[7,13,18,19],"damage_taken":[{"damage":7,"enemies":"Small Slimes","floor":1,"turns":5},{"damage":0,"enemies":"Jaw Worm","floor":2,"turns":5},{"damage":1,"enemies":"Cultist","floor":4,"turns":5},{"damage":3,"enemies":"Blue Slaver","floor":5,"turns":6},{"damage":17,"enemies":"3 Sentries","floor":7,"turns":12},{"damage":8,"enemies":"Looter","floor":8,"turns":4},{"damage":11,"enemies":"Lots of Slimes","floor":10,"turns":6},{"damage":0,"enemies":"Lagavulin","floor":13,"turns":8},{"damage":0,"enemies":"Exordium Wildlife","floor":14,"turns":2},{"damage":25,"enemies":"The Guardian","floor":16,"turns":14},{"damage":10,"enemies":"Shell Parasite","floor":18,"turns":5},{"damage":46,"enemies":"Masked Bandits","floor":19,"turns":5}],"seed_played":"-1814317273641491446","potions_obtained":[{"floor":4,"key":"Poison Potion"},{"floor":5,"key":"FearPotion"},{"floor":10,"key":"SteroidPotion"},{"floor":14,"key":"SneckoOil"},{"floor":16,"key":"Block Potion"}],"is_trial":false,"path_per_floor":["M","M","?","M","M","R","E","M","T","M","R","?","E","M","R","B",null,"M","?"],"character_chosen":"THE_SILENT","items_purchased":[],"campfire_rested":0,"item_purchase_floors":[],"current_hp_per_floor":[52,52,57,56,53,53,36,28,28,17,17,34,34,34,34,9,56,46,0,0],"gold":335,"neow_bonus":"BOSS_RELIC","is_daily":false,"chose_seed":false,"campfire_upgraded":3,"win_rate":0.0,"timestamp":1609041501,"path_taken":["M","M","?","M","M","R","E","M","T","M","R","?","E","M","R","BOSS","M","?"],"items_purchased_type":[],"build_version":"2020-12-22","purchased_purges":0,"victory":false,"max_hp_per_floor":[66,66,71,71,71,71,71,71,71,71,71,71,71,71,71,71,71,71,71,71],"card_choices":[{"not_picked":["Sucker Punch","Caltrops"],"picked":"Dagger Throw","floor":1},{"not_picked":["Backstab","Underhanded Strike"],"picked":"Footwork","floor":2},{"not_picked":["Slice","Flying Knee","Predator"],"picked":"SKIP","floor":4},{"not_picked":["Quick Slash","Deadly Poison"],"picked":"Accuracy","floor":5},{"not_picked":["Bane","Deadly Poison"],"picked":"PiercingWail","floor":7},{"not_picked":["Prepared","Masterful Stab","Sucker Punch"],"picked":"SKIP","floor":8},{"not_picked":["Backflip","Predator"],"picked":"Cloak And Dagger","floor":10},{"not_picked":["Bane","Setup","Night Terror"],"picked":"SKIP","floor":13},{"not_picked":["Concentrate","Flying Knee","Deflect"],"picked":"SKIP","floor":14},{"not_picked":["Malaise","Tools of the Trade"],"picked":"Glass Knife","floor":16},{"not_picked":["Dagger Spray","Sucker Punch","Accuracy"],"picked":"SKIP","floor":18}],"player_experience":1390929,"relics_obtained":[{"floor":7,"key":"The Specimen"},{"floor":9,"key":"Omamori"},{"floor":13,"key":"Bronze Scales"}],"event_choices":[{"damage_healed":0,"gold_gain":0,"player_choice":"Donut","damage_taken":0,"max_hp_gain":5,"max_hp_loss":0,"event_name":"Big Fish","floor":3,"gold_loss":0},{"damage_healed":17,"gold_gain":0,"player_choice":"Healed","damage_taken":0,"max_hp_gain":0,"max_hp_loss":0,"event_name":"The Cleric","floor":12,"gold_loss":35},{"damage_healed":0,"gold_gain":0,"player_choice":"Fought Bandits","damage_taken":0,"max_hp_gain":0,"max_hp_loss":0,"event_name":"Masked Bandits","floor":19,"gold_loss":0}],"is_beta":false,"boss_relics":[{"not_picked":["Cursed Key","Sozu"],"picked":"HoveringKite"}],"items_purged_floors":[],"is_endless":false,"potions_floor_spawned":[4,5,10,14,16],"killed_by":"Masked Bandits","ascension_level":17}}