{"host":"w4b7hmige5bnqipq","time":1609105300,"event":{"mods":["BaseMod","Minty Spire (QoL Compilation)","Rare Cards Sparkle","SuperFastMode","everything is the same but u backflip on backflip","slay the spire mod where everything is the same but ironclad has a cowboy hat"],"gold_per_floor":[137,172,172,207,207,207,270,270,270,390,390,390],"floor_reached":11,"playtime":316,"items_purged":[],"score":139,"play_id":"efa0352a-dcc9-44ab-8b93-1dde7b509a0b","local_time":"20201228064140","is_ascension_mode":true,"campfire_choices":[{"data":"HandOfGreed","floor":6,"key":"SMITH"},{"data":"Armaments","floor":8,"key":"SMITH"}],"circlet_count":0,"master_deck":["AscendersBane","Strike_R","Strike_R","Strike_R","Strike_R","Strike_R","Defend_R","Defend_R","Defend_R","Defend_R","Bash","Writhe","HandOfGreed+1","Armaments+1","Cleave","Evolve"],"relics":["Burning Blood","Golden Idol","Shuriken"],"acts_visited":["Exordium"],"potions_floor_usage":[7,11,11],"damage_taken":[{"damage":17.0,"enemies":"Small Slimes","floor":1.0,"turns":5.0},{"damage":2,"enemies":"2 Louse","floor":2,"turns":3},{"damage":12,"enemies":"Jaw Worm","floor":4,"turns":5},{"damage":20,"enemies":"Lagavulin","floor":7,"turns":4},{"damage":27,"enemies":"Lots of Slimes","floor":10,"turns":12},{"damage":35,"enemies":"Gremlin Nob","floor":11,"turns":3}],"seed_played":"-708203105761372222","potions_obtained":[{"floor":2,"key":"FearPotion"},{"floor":7,"key":"EssenceOfSteel"},{"floor":10,"key":"ColorlessPotion"}],"is_trial":false,"path_per_floor":["M","M","?","M","?","R","E","R","T","M","E"],"character_chosen":"IRONCLAD","items_purchased":[],"campfire_rested":0,"item_purchase_floors":[],"current_hp_per_floor":[57,61,61,55,55,55,41,41,41,20,0,0],"gold":390,"neow_bonus":"RANDOM_COLORLESS_2","is_daily":false,"chose_seed":false,"campfire_upgraded":2,"win_rate":0.0,"timestamp":1609105300,"path_taken":["M","M","?","M","?","R","E","R","T","M","E"],"items_purchased_type":[],"build_version":"2020-12-22","purchased_purges":0,"victory":false,"max_hp_per_floor":[75,75,68,68,68,68,68,68,68,68,68,68],"card_choices":[{"not_picked":["Magnetism","Violence"],"picked":"HandOfGreed","floor":0.0},{"not_picked":["Combust","Intimidate","Armaments"],"picked":"SKIP","floor":1.0},{"not_picked":["Combust","Intimidate"],"picked":"Armaments","floor":1.0},{"not_picked":["Twin Strike","Wild Strike"],"picked":"Cleave","floor":2},{"not_picked":["Rage","Body Slam"],"picked":"Evolve","floor":4},{"not_picked":["Hemokinesis","Thunderclap","Flex"],"picked":"SKIP","floor":7},{"not_picked":["Sword Boomerang","Heavy Blade","Clothesline"],"picked":"SKIP","floor":10}],"player_experience":434896,"relics_obtained":[{"floor":7,"key":"Shuriken"}],"event_choices":[{"damage_healed":0,"gold_gain":0,"player_choice":"Lose Max HP","damage_taken":0,"relics_obtained":["Golden Idol"],"max_hp_gain":0,"max_hp_loss":7,"event_name":"Golden Idol","floor":3,"gold_loss":0},{"damage_healed":0,"gold_gain":0,"player_choice":"Ignored","damage_taken":0,"max_hp_gain":0,"max_hp_loss":0,"event_name":"Liars Game","floor":5,"gold_loss":0}],"is_beta":false,"boss_relics":[],"items_purged_floors":[],"is_endless":false,"potions_floor_spawned":[2,7,10],"killed_by":"Gremlin Nob","ascension_level":18}}