{"host":"5f8ute538gzudddu","time":1609099840,"event":{"mods":["BaseMod","Highlight Path","Minty Spire (QoL Compilation)","Relic Stats","StSLib"],"gold_per_floor":[115,190,202,202,227,260,24,58,112,112,153,46,81,94,94,188,188,211,235,235,249,274,274,312,336,410,535,548,548,591,614,614,614,614],"floor_reached":33,"playtime":1244,"items_purged":["Strike_P"],"score":784,"play_id":"5ce107d7-a768-4e8f-bad3-8f278fab33ec","local_time":"20201227121040","is_ascension_mode":true,"campfire_choices":[{"floor":10,"key":"REST"},{"data":"SashWhip","floor":15,"key":"SMITH"},{"data":"BowlingBash","floor":23,"key":"SMITH"},{"floor":29,"key":"REST"},{"data":"Vigilance","floor":32,"key":"SMITH"}],"circlet_count":0,"master_deck":["AscendersBane","Strike_P+1","Strike_P+1","Strike_P","Defend_P","Defend_P","Defend_P","Defend_P","Eruption","Vigilance+1","BowlingBash+1","SashWhip+1","FlyingSleeves","Vault+1","ReachHeaven","Tantrum","InnerPeace+1","Protect+1","SpiritShield+1","Consecrate+1","Perseverance+1","ThirdEye+1","Halt+1","ThirdEye+1","EmptyBody+1"],"relics":["Runic Dome","Golden Idol","Toxic Egg 2","Whetstone","Oddly Smooth Stone","PreservedInsect","Du-Vu Doll","Bag of Marbles","SlaversCollar","Boot","Question Card","Bird Faced Urn","Ornamental Fan","Bronze Scales"],"acts_visited":["Exordium","TheCity"],"potions_floor_usage":[8,24,33],"damage_taken":[{"damage":24.0,"enemies":"Small Slimes","floor":1.0,"turns":2.0},{"damage":9.0,"enemies":"Jaw Worm","floor":3.0,"turns":3.0},{"damage":0.0,"enemies":"Cultist","floor":5.0,"turns":3.0},{"damage":4.0,"enemies":"Gremlin Nob","floor":6.0,"turns":3.0},{"damage":12,"enemies":"3 Sentries","floor":8,"turns":8},{"damage":0,"enemies":"Lagavulin","floor":11,"turns":3},{"damage":0,"enemies":"Gremlin Nob","floor":13,"turns":2},{"damage":0,"enemies":"Looter","floor":14,"turns":1},{"damage":5,"enemies":"The Guardian","floor":16,"turns":9},{"damage":2,"enemies":"Spheric Guardian","floor":18,"turns":3},{"damage":0,"enemies":"Chosen","floor":19,"turns":2},{"damage":5,"enemies":"Sentry and Sphere","floor":21,"turns":3},{"damage":18,"enemies":"Centurion and Healer","floor":22,"turns":3},{"damage":1,"enemies":"Gremlin Leader","floor":24,"turns":3},{"damage":15,"enemies":"Chosen and Byrds","floor":25,"turns":3},{"damage":6,"enemies":"Colosseum Slavers","floor":27,"turns":4},{"damage":4,"enemies":"Colosseum Nobs","floor":27,"turns":2},{"damage":4,"enemies":"Snake Plant","floor":28,"turns":2},{"damage":0,"enemies":"Slavers","floor":30,"turns":3},{"damage":0,"enemies":"Shelled Parasite and Fungi","floor":31,"turns":4},{"damage":46,"enemies":"Collector","floor":33,"turns":6}],"seed_played":"8283554516571182655","potions_obtained":[{"floor":3.0,"key":"AttackPotion"},{"floor":5.0,"key":"Strength Potion"},{"floor":8,"key":"LiquidBronze"},{"floor":16,"key":"Explosive Potion"},{"floor":28,"key":"BottledMiracle"},{"floor":31,"key":"ColorlessPotion"}],"is_trial":false,"path_per_floor":["M","?","M","?","M","E","$","E","T","R","E","$","E","M","R","B",null,"M","M","?","M","M","R","E","M","T","?","M","R","E","M","R","B"],"character_chosen":"WATCHER","items_purchased":["Whetstone","FairyPotion"],"campfire_rested":2,"item_purchase_floors":[7,12],"current_hp_per_floor":[37,26,17,17,17,13,13,1,1,19,19,19,19,19,19,14,50,48,48,48,43,25,25,24,9,9,18,14,32,32,32,32,0,0],"gold":614,"neow_bonus":"BOSS_RELIC","is_daily":false,"chose_seed":false,"campfire_upgraded":3,"win_rate":0.0,"timestamp":1609099840,"path_taken":["M","?","M","?","M","E","$","E","T","R","E","?","E","M","R","BOSS","M","M","?","M","M","R","E","M","T","?","M","R","E","M","R","BOSS"],"items_purchased_type":["Relic","Potion"],"build_version":"2020-12-22","purchased_purges":1,"victory":false,"max_hp_per_floor":[68,68,68,62,62,62,62,62,62,62,62,62,62,62,62,62,62,62,62,62,62,62,62,62,62,62,62,62,62,62,62,62,62,62],"relic_stats":{"counters":[21,72],"Golden Idol":129,"Ornamental Fan":[24],"Bird Faced Urn":[0],"Bronze Scales":[45],"PreservedInsect":177,"Whetstone":["Strike_P","Strike_P"],"Boot":[16],"Question Card":4,"obtain_stats":[{"Golden Idol":4,"Oddly Smooth Stone":8,"PreservedInsect":9,"Whetstone":7,"Boot":24,"Question Card":26,"Du-Vu Doll":11,"Runic Dome":0,"SlaversCollar":17,"Ornamental Fan":27,"Bird Faced Urn":27,"Bronze Scales":30,"Bag of Marbles":13,"PureWater":0,"Toxic Egg 2":6},{"Golden Idol":2,"Oddly Smooth Stone":5,"PreservedInsect":5,"Whetstone":4,"Boot":14,"Question Card":15,"Du-Vu Doll":6,"Runic Dome":0,"SlaversCollar":9,"Ornamental Fan":17,"Bird Faced Urn":17,"Bronze Scales":19,"Bag of Marbles":7,"PureWater":0,"Toxic Egg 2":4},{"Golden Idol":5,"Oddly Smooth Stone":19,"PreservedInsect":19,"Whetstone":11,"Boot":48,"Question Card":51,"Du-Vu Doll":22,"Runic Dome":0,"SlaversCollar":34,"Ornamental Fan":57,"Bird Faced Urn":57,"Bronze Scales":62,"Bag of Marbles":24,"PureWater":0,"Toxic Egg 2":11}]},"card_choices":[{"not_picked":["Halt","ClearTheMind"],"picked":"BowlingBash","floor":1.0},{"not_picked":["ThirdEye","WindmillStrike"],"picked":"SashWhip","floor":3.0},{"not_picked":["Wireheading","CutThroughFate"],"picked":"FlyingSleeves","floor":5.0},{"not_picked":["CrushJoints","SandsOfTime"],"picked":"Vault+1","floor":6.0},{"not_picked":["CutThroughFate","PathToVictory+1"],"picked":"ReachHeaven","floor":8},{"not_picked":["CrushJoints","Judgement+1"],"picked":"Tantrum","floor":11},{"not_picked":["SandsOfTime","Evaluate+1"],"picked":"InnerPeace+1","floor":13},{"not_picked":["FollowUp","Consecrate"],"picked":"Protect+1","floor":14},{"not_picked":["Omniscience+1","DevaForm"],"picked":"SpiritShield+1","floor":16},{"not_picked":["WaveOfTheHand+1","FollowUp"],"picked":"Consecrate+1","floor":18},{"not_picked":["BattleHymn","JustLucky"],"picked":"Perseverance+1","floor":19},{"not_picked":["FollowUp","CutThroughFate","WheelKick"],"picked":"SKIP","floor":21},{"not_picked":["Prostrate+1","Halt+1"],"picked":"ThirdEye+1","floor":22},{"not_picked":["ForeignInfluence+1","Indignation+1"],"picked":"Halt+1","floor":24},{"not_picked":["WreathOfFlame+1","CutThroughFate"],"picked":"ThirdEye+1","floor":25},{"not_picked":["FlyingSleeves","WreathOfFlame+1","JustLucky+1"],"picked":"EmptyBody+1","floor":28},{"not_picked":["LikeWater","FollowUp","EmptyFist","Evaluate+1"],"picked":"SKIP","floor":30},{"not_picked":["FollowUp","LessonLearned","EmptyFist","Consecrate"],"picked":"SKIP","floor":31}],"player_experience":925208,"relics_obtained":[{"floor":6.0,"key":"Toxic Egg 2"},{"floor":8,"key":"Oddly Smooth Stone"},{"floor":9,"key":"PreservedInsect"},{"floor":11,"key":"Du-Vu Doll"},{"floor":13,"key":"Bag of Marbles"},{"floor":24,"key":"Boot"},{"floor":26,"key":"Question Card"},{"floor":27,"key":"Bird Faced Urn"},{"floor":27,"key":"Ornamental Fan"},{"floor":30,"key":"Bronze Scales"}],"event_choices":[{"damage_healed":0.0,"max_hp_gain":0.0,"max_hp_loss":0.0,"gold_gain":75.0,"event_name":"World of Goop","player_choice":"Gather Gold","floor":2.0,"gold_loss":0.0,"damage_taken":11.0},{"damage_healed":0.0,"max_hp_gain":0.0,"max_hp_loss":6.0,"gold_gain":0.0,"event_name":"Golden Idol","player_choice":"Lose Max HP","floor":4.0,"gold_loss":0.0,"damage_taken":0.0,"relics_obtained":["Golden Idol"]},{"damage_healed":0,"gold_gain":0,"player_choice":"Ignored","damage_taken":0,"max_hp_gain":0,"max_hp_loss":0,"event_name":"Ghosts","floor":20,"gold_loss":0},{"damage_healed":0,"gold_gain":0,"player_choice":"Fight","damage_taken":0,"max_hp_gain":0,"max_hp_loss":0,"event_name":"Colosseum","floor":27,"gold_loss":0},{"damage_healed":0,"gold_gain":0,"player_choice":"Fought Nobs","damage_taken":0,"max_hp_gain":0,"max_hp_loss":0,"event_name":"Colosseum","floor":27,"gold_loss":0}],"is_beta":false,"boss_relics":[{"not_picked":["Ectoplasm","Empty Cage"],"picked":"SlaversCollar"}],"items_purged_floors":[7],"is_endless":false,"potions_floor_spawned":[3,5,8,16,19,21,28,31],"killed_by":"Collector","ascension_level":20}}