{"host":"ggy1mjjy92c62u6a","time":1609079907,"event":{"mods":["10 clothes from DAL","BaseMod","LazyManMod","Minty Spire (QoL Compilation)","Quick Restart","Relic Stats","Shop Mod","Spicy Shops","StSLib","【功能Mod】混沌之环修复补丁","【遗物Mod】死灵法师NEW","【遗物卡牌】REMEMod"],"gold_per_floor":[115,133,83,83,95,95,115,115,140,140,156,186,206,224,224,328,328,344,354,354,354],"floor_reached":20,"playtime":928,"items_purged":[],"score":178,"play_id":"7418f895-8dfa-4a7d-8f49-fa69bc4cbe39","local_time":"20201227223827","is_ascension_mode":false,"campfire_choices":[{"data":"Negative_Energy_Mist","floor":6.0,"key":"SMITH"},{"data":"Setup","floor":8.0,"key":"SMITH"},{"floor":15.0,"key":"REST"}],"circlet_count":0,"master_deck":["Strike_W","Strike_W","Strike_W","Defend_W","Defend_W","Defend_W","Defend_W","Negative_Energy_Arrows","Bone_Wall","Setup+1","Negative_Energy_Mist+1","Bone_Spikes","Bone_Armory","Negative_Energy_Sphere","Creater_Tree","Negative_Energy_Arrows","Bone_Shift+1","Bone_Shift","Detonate_Bones"],"relics":["Vampire_Amulet","REME_ComplimentaryCards","NeowsBlessing","Pen Nib","Bottled Tornado","RingOfChaos2"],"acts_visited":["Exordium","TheCity"],"potions_floor_usage":[],"damage_taken":[{"damage":0.0,"enemies":"Small Slimes","floor":1.0,"turns":1.0},{"damage":0.0,"enemies":"2 Louse","floor":2.0,"turns":1.0},{"damage":0.0,"enemies":"Cultist","floor":5.0,"turns":1.0},{"damage":3.0,"enemies":"2 Fungi Beasts","floor":7.0,"turns":4.0},{"damage":21.0,"enemies":"Gremlin Gang","floor":11.0,"turns":5.0},{"damage":34.0,"enemies":"Lagavulin","floor":12.0,"turns":8.0},{"damage":6.0,"enemies":"Looter","floor":13.0,"turns":4.0},{"damage":7.0,"enemies":"2 Fungi Beasts","floor":14.0,"turns":3.0},{"damage":54.0,"enemies":"Hexaghost","floor":16.0,"turns":20.0},{"damage":45.0,"enemies":"Shell Parasite","floor":18.0,"turns":10.0},{"damage":26.0,"enemies":"2 Thieves","floor":19.0,"turns":4.0},{"damage":6,"enemies":"Centurion and Healer","floor":20,"turns":4}],"seed_played":"-3252604368682768297","potions_obtained":[{"floor":1.0,"key":"FairyPotion"},{"floor":12.0,"key":"PowerPotion"},{"floor":14.0,"key":"Dexterity Potion"},{"floor":16.0,"key":"FearPotion"},{"floor":18.0,"key":"SpeedPotion"}],"is_trial":false,"path_per_floor":["M","M","?","?","M","R","M","R","T","?","M","E","M","M","R","B",null,"M","M","M"],"character_chosen":"NECROMANCER","items_purchased":[],"campfire_rested":1,"item_purchase_floors":[],"current_hp_per_floor":[75,75,75,80,80,80,77,77,77,77,56,22,16,9,33,4,80,35,9,3,3],"gold":354,"neow_bonus":"THREE_ENEMY_KILL","is_daily":false,"chose_seed":false,"campfire_upgraded":2,"win_rate":0.0,"timestamp":1609079907,"path_taken":["M","M","?","?","M","R","M","R","T","?","M","E","M","M","R","BOSS","M","M","?"],"items_purchased_type":[],"build_version":"2020-12-22","purchased_purges":0,"victory":false,"max_hp_per_floor":[75,75,75,80,80,80,80,80,80,80,80,80,80,80,80,80,80,80,80,80,80],"relic_stats":{"counters":[12,65],"Pen Nib":[9],"obtain_stats":[{"NeowsBlessing":0,"Vampire_Amulet":0,"Pen Nib":9,"RingOfChaos2":17,"Bottled Tornado":12,"REME_ComplimentaryCards":0},{"NeowsBlessing":0,"Vampire_Amulet":0,"Pen Nib":4,"RingOfChaos2":9,"Bottled Tornado":6,"REME_ComplimentaryCards":0},{"NeowsBlessing":0,"Vampire_Amulet":0,"Pen Nib":7,"RingOfChaos2":47,"Bottled Tornado":20,"REME_ComplimentaryCards":0}]},"card_choices":[{"not_picked":["Thousand_Bone_Knives","Negative_Energy_Javelin"],"picked":"Negative_Energy_Mist","floor":1.0},{"not_picked":["PosionWeak2","Slay_Living","ZombiePosion"],"picked":"SKIP","floor":2.0},{"not_picked":["Negative_Energy_Javelin","PosionWeak"],"picked":"Bone_Spikes","floor":5.0},{"not_picked":["PosionWeak","Bone_Armor"],"picked":"Bone_Armory","floor":7.0},{"not_picked":["Negative_Energy_Mist","Pandemic"],"picked":"Negative_Energy_Sphere","floor":11.0},{"not_picked":["Blood_Shield","Negative_Energy_Mist","PosionArmor"],"picked":"SKIP","floor":12.0},{"not_picked":["Necrotic_Claws","Hellfire","Summon_Undead_Army"],"picked":"SKIP","floor":13.0},{"not_picked":["Toxic_Smoke_Screen","Negative_Energy_Mist","Scare"],"picked":"SKIP","floor":14.0},{"not_picked":["WallConcept","Blood_Magic"],"picked":"Creater_Tree","floor":16.0},{"not_picked":["Blood_Whip","Negative_Energy_Javelin"],"picked":"Bone_Shift+1","floor":18.0},{"not_picked":["finger_Of_Death","Shackles_Of_Pain"],"picked":"Detonate_Bones","floor":19.0}],"player_experience":43329,"relics_obtained":[{"floor":9.0,"key":"Pen Nib"},{"floor":12.0,"key":"Bottled Tornado"}],"event_choices":[{"cards_removed":["Strike_W"],"damage_healed":0.0,"max_hp_gain":0.0,"max_hp_loss":0.0,"gold_gain":0.0,"event_name":"The Cleric","player_choice":"Card Removal","floor":3.0,"gold_loss":50.0,"damage_taken":0.0},{"damage_healed":0.0,"max_hp_gain":5.0,"max_hp_loss":0.0,"gold_gain":0.0,"event_name":"Big Fish","player_choice":"Donut","floor":4.0,"gold_loss":0.0,"damage_taken":0.0},{"damage_healed":0.0,"max_hp_gain":0.0,"max_hp_loss":0.0,"gold_gain":0.0,"event_name":"WeMeetAgain","player_choice":"Ignored","floor":10.0,"gold_loss":0.0,"damage_taken":0.0}],"is_beta":false,"boss_relics":[{"not_picked":["REME_DemonsWealth","DALC_TEN"],"picked":"RingOfChaos2"}],"items_purged_floors":[],"is_endless":false,"potions_floor_spawned":[1,12,14,16,18],"killed_by":"Centurion and Healer","ascension_level":0}}