{"host":"xkmvu47k9fdstweo","time":1609066882,"event":{"mods":["BaseMod","Colored Map","Conspire","Hubris","Minty Spire (QoL Compilation)","Quick Restart","Railgun Mod","Shop Mod","StSLib","The Alterego","The Servant 0.9.4","The Wild Card","TheBandit","WarShipGirlsR/??è≠èóR mod","vexMod"],"gold_per_floor":[117,130,130,105,95,95,125,125,178,178,192,205,305,333,333,428,428,444,444,11,28,28,54,64,75,102,117,117,46,77,91,91,187,187,203,203,214,214,214,214,214],"floor_reached":40,"playtime":1166,"items_purged":[],"score":703,"play_id":"e6833ef3-4eb0-40e6-bc90-66b4fa9d01f6","local_time":"20201227060122","is_ascension_mode":true,"campfire_choices":[{"data":"Gash","floor":6,"key":"SMITH"},{"data":"Zap","floor":8,"key":"SMITH"},{"data":"Scrape","floor":10,"key":"SMITH"},{"data":"Coolheaded","floor":15,"key":"SMITH"},{"floor":28,"key":"REST"},{"data":"Reboot","floor":32,"key":"SMITH"}],"circlet_count":0,"master_deck":["Strike_B","Strike_B","Strike_B","Defend_B","Defend_B","Defend_B","Defend_B","Zap+1","Dualcast+1","Glacier+1","Gash+1","Scrape+1","Cold Snap","Beam Cell","Coolheaded+1","Reboot+1","Gash+1","Sweeping Beam","Tempest+1","Steam","Steam+1","Chill+1","Gash+1","Hologram+1","Defragment+1","hubris:SpecializedCircuitry+1","Gash"],"relics":["Cracked Core","NeowsBlessing","hubris:OldNail","hubris:TenFootPole","hubris:BallOfYels","Sozu","vexMod:PlasmaPancake","Vajra","conspire:TopHat","vexMod:FocusSash","vexMod:ImprovementManual","vexMod:TimeEaterHat","hubris:Icosahedron"],"acts_visited":["Exordium","TheCity","TheBeyond"],"potions_floor_usage":[16,33],"damage_taken":[{"damage":0,"enemies":"Jaw Worm","floor":1,"turns":1},{"damage":0,"enemies":"Small Slimes","floor":2,"turns":1},{"damage":0,"enemies":"Lagavulin","floor":7,"turns":1},{"damage":7,"enemies":"2 Louse","floor":11,"turns":2},{"damage":4,"enemies":"Looter","floor":12,"turns":2},{"damage":0,"enemies":"Gremlin Nob","floor":14,"turns":3},{"damage":25,"enemies":"Slime Boss","floor":16,"turns":7},{"damage":0,"enemies":"Shell Parasite","floor":18,"turns":4},{"damage":7,"enemies":"Chosen","floor":21,"turns":3},{"damage":9,"enemies":"Gremlin Leader","floor":23,"turns":5},{"damage":15,"enemies":"Shelled Parasite and Fungi","floor":24,"turns":2},{"damage":2,"enemies":"3 Cultists","floor":25,"turns":3},{"damage":0,"enemies":"Centurion and Healer","floor":27,"turns":6},{"damage":2,"enemies":"conspire:Head Lice","floor":30,"turns":6},{"damage":0,"enemies":"Snecko","floor":31,"turns":4},{"damage":53,"enemies":"Champ","floor":33,"turns":11},{"damage":14,"enemies":"3 Shapes","floor":35,"turns":4},{"damage":0,"enemies":"3 Darklings","floor":37,"turns":10},{"damage":75,"enemies":"Giant Head","floor":40,"turns":8}],"seed_played":"-1883071638215830020","potions_obtained":[{"floor":1,"key":"EssenceOfSteel"},{"floor":7,"key":"Swift Potion"},{"floor":16,"key":"SpeedPotion"}],"is_trial":false,"path_per_floor":["M","M","?","?","?","R","E","R","T","R","M","M","?","E","R","B",null,"M","?","$","M","?","E","M","M","T","M","R","$","E","M","R","B",null,"M","?","M","$","?","E"],"character_chosen":"DEFECT","items_purchased":["vexMod:PlasmaPancake","Vajra","Gash","Hologram","vexMod:TimeEaterHat"],"campfire_rested":1,"item_purchase_floors":[20,20,29,29,38],"current_hp_per_floor":[68,68,68,68,68,68,68,68,68,68,61,57,57,57,57,32,64,64,64,70,63,63,54,39,37,37,37,61,61,59,59,59,6,62,48,48,48,38,38,0,0],"gold":214,"neow_bonus":"THREE_ENEMY_KILL","is_daily":false,"chose_seed":false,"campfire_upgraded":5,"win_rate":0.0,"timestamp":1609066882,"path_taken":["M","M","?","?","?","R","E","R","T","R","M","M","?","E","R","BOSS","M","?","$","M","?","E","M","?","T","?","R","$","E","M","R","BOSS","M","?","?","?","?","E"],"items_purchased_type":["Relic","Relic","Card","Card","Relic"],"build_version":"2020-12-22","purchased_purges":0,"victory":false,"max_hp_per_floor":[75,75,75,75,75,75,75,75,75,75,75,75,75,75,75,75,75,75,75,81,81,81,81,81,81,81,81,81,81,81,81,81,81,81,81,81,81,81,81,81,81],"card_choices":[{"not_picked":["Sweeping Beam","BootSequence"],"picked":"Glacier","floor":1},{"not_picked":["Redo","Steam"],"picked":"Gash","floor":2},{"not_picked":["Fusion","Rip and Tear"],"picked":"Scrape","floor":7},{"not_picked":["Doom and Gloom","Steam Power"],"picked":"Cold Snap","floor":11},{"not_picked":["Ball Lightning","Hologram"],"picked":"Beam Cell","floor":12},{"not_picked":["Recycle","Barrage"],"picked":"Coolheaded","floor":14},{"not_picked":["Fission","Echo Form"],"picked":"Reboot","floor":16},{"not_picked":["Barrage","Skim"],"picked":"Gash","floor":18},{"not_picked":["Rip and Tear","Reinforced Body+1"],"picked":"Sweeping Beam","floor":21},{"not_picked":["Double Energy","Streamline+1"],"picked":"Tempest+1","floor":23},{"not_picked":["Turbo+1","Double Energy"],"picked":"Steam","floor":24},{"not_picked":["Barrage","Recycle"],"picked":"Steam+1","floor":25},{"not_picked":["Steam Power+1","Fission"],"picked":"Chill+1","floor":27},{"not_picked":["conspire:Rain","Rip and Tear","Doom and Gloom"],"picked":"SKIP","floor":30},{"not_picked":["Compile Driver+1","Rebound+1"],"picked":"Defragment+1","floor":31},{"not_picked":["Multi-Cast","Biased Cognition"],"picked":"hubris:SpecializedCircuitry","floor":33},{"not_picked":["Stack+1","Redo","Rip and Tear"],"picked":"SKIP","floor":35},{"not_picked":["Beam Cell+1","Reprogram+1"],"picked":"Gash","floor":37}],"player_experience":342779,"relics_obtained":[{"floor":7,"key":"hubris:OldNail"},{"floor":9,"key":"hubris:TenFootPole"},{"floor":14,"key":"hubris:BallOfYels"},{"floor":26,"key":"conspire:TopHat"},{"floor":30,"key":"vexMod:FocusSash"}],"event_choices":[{"damage_healed":0,"gold_gain":0,"player_choice":"Grow","damage_taken":0,"max_hp_gain":0,"max_hp_loss":0,"event_name":"Living Wall","floor":3,"gold_loss":0,"cards_upgraded":["Glacier"]},{"damage_healed":0,"gold_gain":100,"player_choice":"Pray","damage_taken":0,"max_hp_gain":0,"max_hp_loss":0,"event_name":"Golden Shrine","floor":13,"gold_loss":0},{"damage_healed":0,"gold_gain":0,"player_choice":"Leave","damage_taken":0,"max_hp_gain":0,"max_hp_loss":0,"event_name":"conspire:Investor","floor":19,"gold_loss":0},{"damage_healed":0,"gold_gain":0,"player_choice":"Got Potions","damage_taken":0,"max_hp_gain":0,"max_hp_loss":0,"event_name":"Lab","floor":22,"gold_loss":0},{"cards_removed":["Strike_B"],"damage_healed":0,"gold_gain":0,"player_choice":"Purged","damage_taken":0,"max_hp_gain":0,"max_hp_loss":0,"event_name":"Purifier","floor":36,"gold_loss":0}],"is_beta":false,"boss_relics":[{"not_picked":["hubris:CrackedHourglass","vexMod:TanglingVine"],"picked":"Sozu"},{"not_picked":["vexMod:RockOfEvil","vexMod:CursedCompass"],"picked":"vexMod:ImprovementManual"}],"items_purged_floors":[],"is_endless":false,"potions_floor_spawned":[1,7,16,18,25,30,33],"killed_by":"Giant Head","ascension_level":8}}