{"host":"4lmgp360m6ghntre","time":1609068760,"event":{"mods":["Ascension Unlocker","BaseMod","Block Reminder","Colored Powertips","Colorless Booster Pack","Conspire","Dota2Spire","Downfall","GifTheSpireLib","HololiveMod","Hubris","Infinite Spire","Keyboard Shortcuts","Minty Spire (QoL Compilation)","Quarter Circle Forward PUNCH!","Quick Restart","Relic Sorter","Relic Stats","Replay The Spire","SCP261 Mod","SacredBarkPlus","Small Relic Pack","Spicy Shops","Spikes Relics","StSLib","Stuff the Spire","TheArtist","Trackpad","Uncapped","UnlockEverythingMod"],"gold_per_floor":[86,86,86,105,117,152,152,168,168,168,199,217,246,261,261,366,366,381,381,404,416,429,459,477,504,529,529,529,541,541,559,559,659,659,671,671,269,287,301,328,378,398,452,464,476,502,533,561,573,680,692,704,716,733,745,757,769,782,804,816,828,840,895,905,920,932,1019,1031,1049,1061,1073,1069,1131,1143,1161,1166,1249,1263,289,289,278,278,278,343,343,366,29,29,29,29,35,35,11,11,18,32,28,35,14,14,0,0],"floor_reached":101,"playtime":11808,"items_purged":["Pain"],"score":2203,"play_id":"adf155db-4e6b-4bf8-a239-353dd3dc860a","local_time":"20201227063240","is_ascension_mode":false,"campfire_choices":[{"data":"Hololive_DDD","floor":10,"key":"SMITH"},{"floor":15,"key":"DIG"},{"data":"hubris:InfiniteBlow","floor":27,"key":"SMITH"},{"floor":30,"key":"REST"},{"floor":32,"key":"REST"},{"floor":44,"key":"REST"},{"data":"hubris:InfiniteBlow+1","floor":49,"key":"SMITH"},{"data":"hubris:InfiniteBlow+2","floor":57,"key":"SMITH"},{"floor":66,"key":"DIG"},{"data":"hubris:InfiniteBlow+5","floor":74,"key":"SMITH"},{"data":"hubris:InfiniteBlow+6","floor":83,"key":"SMITH"},{"data":"hubris:InfiniteBlow+7","floor":92,"key":"SMITH"},{"floor":100,"key":"DIG"}],"circlet_count":0,"master_deck":["Hololive_CallHoshimachiSuisei+1","Hololive_CallTokinoSora","Hololive_CallFriendA","Hololive_Defend+1","Hololive_Defend","Hololive_ManjiGathering","Hololive_OvertimeWork","infinitespire:Fortify","Hololive_Spy","Hololive_DDD+1","Hololive_CallAkaiHaato","Hololive_CallShiranuiFlare","Hololive_CallTokoyamiTowa","Hololive_ASMR+1","Pot Of Greed+1","Pot Of Greed+1","Hololive_CallAZKi","hubris:InfiniteBlow+8","StuffTheSpire:Deluminance+1","StuffTheSpire:Deluminance","StuffTheSpire:Deluminance","StuffTheSpire:Deluminance","StuffTheSpire:Deluminance","Pot Of Greed+1","Hololive_CallTokinoSora+1","Hololive_Psychosis+1","expansioncontent:Flail","Hololive_CallTsunomakiWatame","Hololive_CallTokoyamiTowa","Hololive_CallTokinoSora","Hololive_StrengthChampion+1","Parasite","Hololive_DiamondStrike","PanicButton","Pot Of Greed+1","Hololive_Psychosis","Hololive_CallAmaneKanata","StuffTheSpire:Innocence","Hololive_CallHoshimachiSuisei","StuffTheSpire:Rapture","Hololive_CallUsadaPekora","Hololive_DurableLive+1","ReplayTheSpireMod:Chaos Vortex","CurseOfTheBell","Hololive_CallRosalyn","ReplayTheSpireMod:Uncanny Aura","Guardian:ConstructionForm+1","Pot Of Greed+1","sneckomod:Unknown1Cost","expansioncontent:DefensiveMode+1","hexamod:Firestarter"],"relics":["Hololive_TheStar","Dota2Spire:Bloodstone","Dota2Spire:ShadowBlade","Hololive_Chaos","SnailShell","conspire:Dentures","Toy Ornithopter","qcfpunch:Red_Headband","Gremlin Food","Centennial Puzzle","relicPack:OneForAll","Grinning Jar","Replay:Bottled Eggs","StuffTheSpire:HeavyRock","StuffTheSpire:BlackoutCurse","trackpad:StolenKidneys","conspire:TopHat","qcfpunch:Black_Training_Shirt","Dota2Spire:Mjollnir","MawBank","Replay:Bronze Core","Darkstone Periapt","CosmicIsotope","BrokenLever","Juzu Bracelet","Dota2Spire:MaskOfMadness","Dota2Spire:AghanimScepter","Calling Bell","Replay:Wax Seal","Golden Egg","StuffTheSpire:Nightcore","Bottled Tornado","Mirror","Guide Book","PreservedInsect","PrismaticShard","Bag of Marbles","hubris:FunFungus","StuffTheSpire:GrapeVine","GremlinMask","ExplosiveVial","conspire:SeveredTorchhead","Torii","hubris:PeanutButter","ReplayTheSpireMod:TigerMarble","Snack Pack","Tiny Chest","Dota2Spire:PhaseBoots","Ancient Tea Set"],"acts_visited":["Exordium","TheCity","TheBeyond","Exordium","TheCity","TheBeyond"],"potions_floor_usage":[18,22,23,25,25,38,41,42,42,42,42,42,50,50,59,63,63,65,78,81,96,99,99],"damage_taken":[{"damage":0,"enemies":"Small Slimes","floor":1,"turns":1},{"damage":2,"enemies":"2 Louse","floor":4,"turns":2},{"damage":0,"enemies":"Jaw Worm","floor":5,"turns":2},{"damage":6,"enemies":"Gremlin Nob","floor":6,"turns":4},{"damage":2,"enemies":"Red Slaver","floor":8,"turns":3},{"damage":0,"enemies":"Lagavulin","floor":11,"turns":4},{"damage":0,"enemies":"3 Louse","floor":12,"turns":3},{"damage":0,"enemies":"Gremlin Nob","floor":13,"turns":2},{"damage":0,"enemies":"Exordium Thugs","floor":14,"turns":5},{"damage":0,"enemies":"The Guardian","floor":16,"turns":4},{"damage":0,"enemies":"Spheric Guardian","floor":18,"turns":4},{"damage":0,"enemies":"conspire:FuzzyDice","floor":21,"turns":5},{"damage":0,"enemies":"Shelled Parasite and Fungi","floor":22,"turns":5},{"damage":19,"enemies":"Gremlin Leader","floor":23,"turns":6},{"damage":0,"enemies":"Chosen and Byrds","floor":24,"turns":5},{"damage":3,"enemies":"Nightmare","floor":25,"turns":8},{"damage":26,"enemies":"3 Cultists","floor":29,"turns":8},{"damage":0,"enemies":"Centurion and Healer","floor":31,"turns":8},{"damage":0,"enemies":"hubris:MusketHawk","floor":33,"turns":10},{"damage":0,"enemies":"Orb Walker","floor":35,"turns":3},{"damage":30,"enemies":"3 Shapes","floor":38,"turns":5},{"damage":0,"enemies":"Sphere and 2 Shapes","floor":39,"turns":3},{"damage":0,"enemies":"Giant Head","floor":40,"turns":6},{"damage":0,"enemies":"Mind Bloom Boss Battle","floor":41,"turns":5},{"damage":24,"enemies":"Transient","floor":42,"turns":5},{"damage":0,"enemies":"4 Shapes","floor":46,"turns":3},{"damage":0,"enemies":"Sphere and 2 Shapes","floor":47,"turns":5},{"damage":0,"enemies":"Writhing Mass","floor":48,"turns":7},{"damage":9,"enemies":"conspire:OrnateMirror","floor":50,"turns":12},{"damage":0,"enemies":"Cultist","floor":52,"turns":7},{"damage":1,"enemies":"Jaw Worm","floor":54,"turns":3},{"damage":0,"enemies":"2 Louse","floor":58,"turns":3},{"damage":0,"enemies":"Lagavulin","floor":59,"turns":5},{"damage":0,"enemies":"Gremlin Nob","floor":63,"turns":5},{"damage":0,"enemies":"Large Slime","floor":64,"turns":5},{"damage":0,"enemies":"Gremlin Gang","floor":65,"turns":4},{"damage":0,"enemies":"Slime Boss","floor":67,"turns":6},{"damage":0,"enemies":"Chosen","floor":69,"turns":3},{"damage":0,"enemies":"Shell Parasite","floor":72,"turns":8},{"damage":17,"enemies":"Gremlin Leader","floor":75,"turns":6},{"damage":6,"enemies":"Shelled Parasite and Fungi","floor":76,"turns":6},{"damage":0,"enemies":"Centurion and Healer","floor":78,"turns":5},{"damage":0,"enemies":"Chosen and Byrds","floor":81,"turns":7},{"damage":25,"enemies":"Automaton","floor":84,"turns":9},{"damage":0,"enemies":"Orb Walker","floor":86,"turns":6},{"damage":0,"enemies":"Giant Head","floor":91,"turns":8},{"damage":14,"enemies":"3 Shapes","floor":93,"turns":8},{"damage":0,"enemies":"Maw","floor":95,"turns":7},{"damage":3,"enemies":"R_Hoarder","floor":96,"turns":8},{"damage":0,"enemies":"Spire Growth","floor":97,"turns":5},{"damage":0,"enemies":"Reptomancer","floor":98,"turns":4},{"damage":0,"enemies":"3 Darklings","floor":99,"turns":6},{"damage":60,"enemies":"Donu and Deca","floor":101,"turns":7}],"seed_played":"-3586673616171730041","potions_obtained":[{"floor":6,"key":"SkillPotion"},{"floor":11,"key":"Block Potion"},{"floor":12,"key":"ColorlessPotion"},{"floor":13,"key":"SteroidPotion"},{"floor":14,"key":"Explosive Potion"},{"floor":22,"key":"SCP261:PenguinPunchPotion"},{"floor":23,"key":"Languid Potion"},{"floor":31,"key":"SteroidPotion"},{"floor":33,"key":"Languid Potion"},{"floor":36,"key":"EntropicBrew"},{"floor":36,"key":"Flashbang"},{"floor":38,"key":"sneckomod:MuddlingPotion"},{"floor":40,"key":"Explosive Potion"},{"floor":41,"key":"SkillPotion"},{"floor":48,"key":"Dexterity Potion"},{"floor":50,"key":"CultistPotion"},{"floor":58,"key":"EntropicBrew"},{"floor":65,"key":"Elixir"},{"floor":67,"key":"Fire Potion"},{"floor":69,"key":"Dota2Spire:HealingSalve"},{"floor":84,"key":"SCP261:AppleJuicePotion"},{"floor":96,"key":"ColorlessPotion"},{"floor":97,"key":"Block Potion"}],"is_trial":false,"path_per_floor":["M","?","?","M","M","E","?","M","T","R","E","M","E","M","R","B",null,"M","?","T","M","M","E","M","NM","T","R","?","M","R","M","R","B",null,"M","?","$","M","M","E","?","M","T","R","AVR","M","M","M","R","B",null,"M","?","M","?","$","R","M","E","T","?","?","E","M","M","R","B",null,"M","?","?","M","?","R","E","M","T","M","$","?","M","AVR","R","B",null,"M","$","$","?","?","E","R","M","T","M","E","M","E","M","R","B"],"character_chosen":"Hololive_HololiveCharacter","items_purchased":["conspire:TopHat","infinitespire:Lucky Rock","expansioncontent:Flail","Guide Book","PreservedInsect","PrismaticShard","Bag of Marbles","hubris:FunFungus","StuffTheSpire:GrapeVine","Torii","hubris:PeanutButter"],"campfire_rested":3,"item_purchase_floors":[37,37,37,79,79,79,79,79,79,87,87],"current_hp_per_floor":[38,38,29,27,27,21,21,19,19,19,19,19,19,19,19,19,38,38,38,38,38,38,19,19,36,36,36,36,10,21,21,32,32,38,38,38,38,13,13,13,38,27,27,38,38,38,38,44,44,37,44,44,44,43,36,36,36,36,41,41,41,41,44,44,44,44,44,50,50,50,50,50,50,50,33,27,27,44,44,44,50,50,50,50,50,50,50,50,50,50,50,50,37,37,50,58,58,58,58,58,0,0],"gold":0,"neow_bonus":"TEN_PERCENT_HP_BONUS","is_daily":false,"chose_seed":false,"campfire_upgraded":7,"win_rate":0.0,"timestamp":1609068760,"path_taken":["M","?","?","M","M","E","?","M","T","R","E","?","E","M","R","BOSS","M","?","?","M","M","E","M","NM","T","R","?","M","R","M","R","BOSS","M","?","$","M","?","E","?","M","T","R","AVR","M","M","M","R","BOSS","M","?","?","?","?","R","M","E","T","?","?","E","M","M","R","BOSS","M","?","?","M","?","R","E","M","T","M","$","?","M","AVR","R","BOSS","M","?","$","?","?","E","R","M","T","M","E","M","E","M","R","BOSS"],"items_purchased_type":["Relic","Relic","Card","Relic","Relic","Relic","Relic","Relic","Relic","Relic","Relic"],"build_version":"2020-12-22","purchased_purges":1,"victory":false,"max_hp_per_floor":[38,38,38,38,38,38,38,38,38,38,38,38,38,38,38,38,38,38,38,38,38,38,38,38,38,38,38,38,38,38,38,38,38,38,38,38,38,38,38,38,38,38,38,38,38,38,38,44,44,44,44,44,44,44,44,44,44,44,44,44,44,44,44,44,44,44,44,50,50,50,50,50,50,50,50,50,50,50,50,50,50,50,50,50,50,50,50,50,50,50,50,50,50,50,50,58,58,58,58,58,58,58],"relic_stats":{"Darkstone Periapt":12,"Centennial Puzzle":[41],"Torii":2,"counters":[53,276],"Tiny Chest":0,"PreservedInsect":450,"Juzu Bracelet":3,"MawBank":432,"obtain_stats":[{"Dota2Spire:MaskOfMadness":63,"Golden Egg":68,"StuffTheSpire:BlackoutCurse":28,"Dota2Spire:ShadowBlade":20,"Bottled Tornado":75,"relicPack:OneForAll":19,"conspire:SeveredTorchhead":85,"Centennial Puzzle":15,"Replay:Bronze Core":45,"Dota2Spire:Mjollnir":41,"Replay:Wax Seal":68,"conspire:Dentures":7,"Dota2Spire:Bloodstone":17,"Dota2Spire:AghanimScepter":66,"Hololive_TheStar":0,"hubris:PeanutButter":87,"CosmicIsotope":51,"ReplayTheSpireMod:TigerMarble":91,"Grinning Jar":23,"Mirror":77,"Dota2Spire:PhaseBoots":98,"Darkstone Periapt":45,"Hololive_Chaos":0,"SnailShell":6,"Torii":87,"BrokenLever":59,"GremlinMask":80,"Juzu Bracelet":60,"StuffTheSpire:GrapeVine":79,"PrismaticShard":79,"Ancient Tea Set":100,"conspire:TopHat":37,"StuffTheSpire:HeavyRock":26,"trackpad:StolenKidneys":34,"Tiny Chest":96,"hubris:FunFungus":79,"StuffTheSpire:Nightcore":68,"Replay:Bottled Eggs":25,"Gremlin Food":13,"qcfpunch:Black_Training_Shirt":40,"Guide Book":79,"PreservedInsect":79,"infinitespire:Lucky Rock":37,"MawBank":43,"Calling Bell":68,"ExplosiveVial":82,"qcfpunch:Red_Headband":11,"Bag of Marbles":79,"Snack Pack":94,"Toy Ornithopter":9},{"Dota2Spire:MaskOfMadness":34,"Golden Egg":37,"StuffTheSpire:BlackoutCurse":16,"Dota2Spire:ShadowBlade":11,"Bottled Tornado":40,"relicPack:OneForAll":11,"conspire:SeveredTorchhead":44,"Centennial Puzzle":9,"Replay:Bronze Core":25,"Dota2Spire:Mjollnir":24,"Replay:Wax Seal":37,"conspire:Dentures":4,"Dota2Spire:Bloodstone":10,"Dota2Spire:AghanimScepter":36,"Hololive_TheStar":0,"hubris:PeanutButter":45,"CosmicIsotope":29,"ReplayTheSpireMod:TigerMarble":46,"Grinning Jar":14,"Mirror":41,"Dota2Spire:PhaseBoots":51,"Darkstone Periapt":25,"Hololive_Chaos":0,"SnailShell":4,"Torii":45,"BrokenLever":33,"GremlinMask":42,"Juzu Bracelet":33,"StuffTheSpire:GrapeVine":42,"PrismaticShard":42,"Ancient Tea Set":52,"conspire:TopHat":20,"StuffTheSpire:HeavyRock":16,"trackpad:StolenKidneys":19,"Tiny Chest":49,"hubris:FunFungus":42,"StuffTheSpire:Nightcore":37,"Replay:Bottled Eggs":16,"Gremlin Food":8,"qcfpunch:Black_Training_Shirt":23,"Guide Book":42,"PreservedInsect":42,"infinitespire:Lucky Rock":20,"MawBank":25,"Calling Bell":37,"ExplosiveVial":43,"qcfpunch:Red_Headband":6,"Bag of Marbles":42,"Snack Pack":47,"Toy Ornithopter":5},{"Dota2Spire:MaskOfMadness":162,"Golden Egg":177,"StuffTheSpire:BlackoutCurse":61,"Dota2Spire:ShadowBlade":32,"Bottled Tornado":192,"relicPack:OneForAll":32,"conspire:SeveredTorchhead":219,"Centennial Puzzle":24,"Replay:Bronze Core":112,"Dota2Spire:Mjollnir":107,"Replay:Wax Seal":177,"conspire:Dentures":8,"Dota2Spire:Bloodstone":28,"Dota2Spire:AghanimScepter":171,"Hololive_TheStar":0,"hubris:PeanutButter":225,"CosmicIsotope":139,"ReplayTheSpireMod:TigerMarble":233,"Grinning Jar":48,"Mirror":198,"Dota2Spire:PhaseBoots":263,"Darkstone Periapt":112,"Hololive_Chaos":0,"SnailShell":8,"Torii":225,"BrokenLever":157,"GremlinMask":203,"Juzu Bracelet":157,"StuffTheSpire:GrapeVine":203,"PrismaticShard":203,"Ancient Tea Set":269,"conspire:TopHat":90,"StuffTheSpire:HeavyRock":61,"trackpad:StolenKidneys":87,"Tiny Chest":256,"hubris:FunFungus":203,"StuffTheSpire:Nightcore":177,"Replay:Bottled Eggs":61,"Gremlin Food":19,"qcfpunch:Black_Training_Shirt":103,"Guide Book":203,"PreservedInsect":203,"infinitespire:Lucky Rock":90,"MawBank":112,"Calling Bell":177,"ExplosiveVial":210,"qcfpunch:Red_Headband":15,"Bag of Marbles":203,"Snack Pack":241,"Toy Ornithopter":11}],"Toy Ornithopter":53},"card_choices":[{"not_picked":["Hololive_Psychosis","Hololive_CallAiraniIofifteen"],"picked":"Hololive_OvertimeWork","floor":1},{"not_picked":["infinitespire:Gouge","ReplayTheSpireMod:Haul"],"picked":"infinitespire:Fortify","floor":3},{"not_picked":["Hololive_CallAZKi","Hololive_Breathe"],"picked":"Hololive_Spy","floor":4},{"not_picked":["Hololive_Rebound","Hololive_FlyingPonyTail","Hololive_CocoNews"],"picked":"SKIP","floor":5},{"not_picked":["Hololive_CallCivia","Hololive_LuckPotion"],"picked":"Hololive_DDD","floor":6},{"not_picked":["Hololive_StrengthChampion","Hololive_Trident","Hololive_FlyingPonyTail"],"picked":"SKIP","floor":8},{"not_picked":["Hololive_StrengthChampion","Hololive_Breathe"],"picked":"Hololive_CallAkaiHaato","floor":11},{"not_picked":["Hololive_Rebound","Hololive_Breathe"],"picked":"Hololive_CallShiranuiFlare","floor":12},{"not_picked":["Hololive_CallSpadeEcho","Hololive_CallInugamiKorone"],"picked":"Hololive_CallTokoyamiTowa","floor":13},{"not_picked":["Hololive_Rebound","Hololive_Trident","Hololive_RevenueBasedLive"],"picked":"SKIP","floor":14},{"not_picked":["Hololive_DurableLive","Hololive_IdolExercise"],"picked":"Hololive_ASMR","floor":16},{"not_picked":["Hololive_FlyingPonyTail","Hololive_Teleport+1","Hololive_Rebound+1"],"picked":"SKIP","floor":18},{"not_picked":["Hololive_Psychosis+1","Hololive_CallOkamiMio","Hololive_BringToTrial+1"],"picked":"SKIP","floor":21},{"not_picked":["Hololive_HuntDinosaur","Hololive_Sequa","Hololive_Rebound"],"picked":"SKIP","floor":22},{"not_picked":["Hololive_StrengthChampion","Hololive_ScarfAndHalo"],"picked":"Hololive_CallAZKi","floor":23},{"not_picked":["Hololive_Drill","Hololive_Rebound","Hololive_Sequa"],"picked":"SKIP","floor":24},{"not_picked":["infinitespire:Fortify","hubris:Fate"],"picked":"hubris:InfiniteBlow","floor":25},{"not_picked":["Hololive_Sequa","Hololive_RevenueBasedLive","Hololive_CallAyundaRisu"],"picked":"SKIP","floor":25},{"not_picked":["Hololive_RevenueBasedLive","Hololive_Spy"],"picked":"Hololive_StrengthChampion","floor":29},{"not_picked":["Hololive_CallUsadaPekora","Hololive_Psychosis"],"picked":"Hololive_CallTokinoSora+1","floor":31},{"not_picked":["Hololive_Drill+1","Hololive_FlyingPonyTail+1"],"picked":"Hololive_Psychosis+1","floor":35},{"not_picked":["Hololive_CallShiranuiFlare+1","Hololive_Breathe+1","Hololive_HighAtkLowDef"],"picked":"SKIP","floor":38},{"not_picked":["Hololive_CallTokinoSora+1","Hololive_Psychosis+1"],"picked":"Hololive_CallTsunomakiWatame","floor":39},{"not_picked":["Hololive_CocoNews+1","Hololive_CallCivia"],"picked":"Hololive_CallTokoyamiTowa","floor":40},{"not_picked":["Hololive_WolfAndLamb","Hololive_HuntDinosaur+1"],"picked":"Hololive_CallTokinoSora","floor":42},{"not_picked":["Hololive_CallMurasakiShion","Hololive_Rebound+1"],"picked":"Hololive_StrengthChampion+1","floor":46},{"not_picked":["Hololive_Breathe+1","Hololive_Sequa","Hololive_WolfAndLamb"],"picked":"SKIP","floor":47},{"not_picked":["Hololive_Breathe","Hololive_HuntDinosaur+1","Hololive_FlyingPonyTail"],"picked":"SKIP","floor":48},{"not_picked":["Hololive_DDD","Hololive_DurableLive"],"picked":"Hololive_DiamondStrike","floor":50},{"not_picked":["Hololive_Breathe","Hololive_SoulCatcher","Hololive_Rebound"],"picked":"SKIP","floor":52},{"not_picked":["Hololive_StrengthChampion","Hololive_CocoNews"],"picked":"Hololive_CallAmaneKanata","floor":54},{"not_picked":["Hololive_CallNatsuiroMatsuri","Hololive_Sequa"],"picked":"Hololive_CallHoshimachiSuisei","floor":58},{"not_picked":["Hololive_CallInugamiKorone","Hololive_FlareMind","Hololive_CallMinatoAqua"],"picked":"SKIP","floor":59},{"not_picked":["StuffTheSpire:Vigor","StuffTheSpire:Perfection"],"picked":"StuffTheSpire:Rapture","floor":61},{"not_picked":["Hololive_Sequa","Hololive_Psychosis","Hololive_StrengthChampion"],"picked":"SKIP","floor":63},{"not_picked":["Hololive_CallAkaiHaato","Hololive_CallTokinoSora"],"picked":"Hololive_CallUsadaPekora","floor":64},{"not_picked":["Hololive_HighAtkLowDef","Hololive_Trident","Hololive_Rebound"],"picked":"SKIP","floor":65},{"not_picked":["Hololive_HighAtkLowDef","Hololive_Recruit"],"picked":"Hololive_DurableLive","floor":67},{"not_picked":["ReplayTheSpireMod:Book of Names","Replay:Fractal Strike"],"picked":"ReplayTheSpireMod:Chaos Vortex","floor":68},{"not_picked":["Hololive_CallHoushouMarine","Hololive_Breathe+1","Hololive_FlyingPonyTail+1"],"picked":"SKIP","floor":69},{"not_picked":["Hololive_Psychosis","Hololive_Trident+1","Hololive_Breathe"],"picked":"SKIP","floor":72},{"not_picked":["Hololive_StrengthChampion","Hololive_SummonFox","Hololive_Breathe+1"],"picked":"SKIP","floor":75},{"not_picked":["Hololive_CallAkiRosenthal","Hololive_Psychosis","Hololive_CallUruhaRushia"],"picked":"SKIP","floor":76},{"not_picked":["Hololive_CallAkiRosenthal","Hololive_CocoNews"],"picked":"Hololive_CallRosalyn","floor":78},{"not_picked":["hexamod:HauntingEcho","SashWhip"],"picked":"ReplayTheSpireMod:Uncanny Aura","floor":81},{"not_picked":["hexamod:FifthSeal","hexamod:TimeOfNeed"],"picked":"Guardian:ConstructionForm","floor":84},{"not_picked":["Meditate","Slimebound:SplitLeeching","BowlingBash+1"],"picked":"SKIP","floor":86},{"not_picked":["hexamod:InspiringFlames+1","Slimebound:SplitMire"],"picked":"sneckomod:Unknown1Cost","floor":91},{"not_picked":["True Grit+1","sneckomod:UnknownCommonSkill"],"picked":"expansioncontent:DefensiveMode+1","floor":93},{"not_picked":["Replay:SS_hec_1+1","FIFO Queue+1","Hidden Blade+1"],"picked":"SKIP","floor":95},{"not_picked":["sneckomod:DangerNoodle","artistmod:BanefulBucket","Acrobatics+1"],"picked":"SKIP","floor":96},{"not_picked":["Hololive_CallSakuraMiko","Guardian:PiercingHide","artistmod:SuperbSchooling+1"],"picked":"SKIP","floor":97},{"not_picked":["champ:FightOn","expansioncontent:Chronoboost","Multi-Cast"],"picked":"SKIP","floor":98},{"not_picked":["Hololive_Watashimo","hexamod:SpectersWail"],"picked":"hexamod:Firestarter","floor":99}],"player_experience":10843,"relics_obtained":[{"floor":6,"key":"SnailShell"},{"floor":9,"key":"Toy Ornithopter"},{"floor":11,"key":"qcfpunch:Red_Headband"},{"floor":13,"key":"Gremlin Food"},{"floor":15,"key":"Centennial Puzzle"},{"floor":20,"key":"Dota2Spire:ShadowBlade"},{"floor":23,"key":"Grinning Jar"},{"floor":25,"key":"Replay:Bottled Eggs"},{"floor":26,"key":"StuffTheSpire:HeavyRock"},{"floor":40,"key":"qcfpunch:Black_Training_Shirt"},{"floor":41,"key":"Dota2Spire:Mjollnir"},{"floor":43,"key":"MawBank"},{"floor":59,"key":"BrokenLever"},{"floor":60,"key":"Juzu Bracelet"},{"floor":63,"key":"Dota2Spire:MaskOfMadness"},{"floor":66,"key":"Dota2Spire:AghanimScepter"},{"floor":68,"key":"Replay:Wax Seal"},{"floor":68,"key":"Golden Egg"},{"floor":68,"key":"StuffTheSpire:Nightcore"},{"floor":75,"key":"Bottled Tornado"},{"floor":77,"key":"Mirror"},{"floor":91,"key":"ReplayTheSpireMod:TigerMarble"},{"floor":94,"key":"Snack Pack"},{"floor":96,"key":"Tiny Chest"},{"floor":98,"key":"Dota2Spire:PhaseBoots"},{"floor":100,"key":"Ancient Tea Set"}],"event_choices":[{"damage_healed":0,"gold_gain":0,"player_choice":"Gave Potion","damage_taken":0,"relics_obtained":["conspire:Dentures"],"max_hp_gain":0,"max_hp_loss":0,"event_name":"WeMeetAgain","floor":7,"gold_loss":0},{"damage_healed":0,"gold_gain":0,"player_choice":"Got Potions","damage_taken":0,"max_hp_gain":0,"max_hp_loss":0,"event_name":"Lab","floor":36,"gold_loss":0},{"damage_healed":0,"gold_gain":0,"player_choice":"Fight","damage_taken":0,"max_hp_gain":0,"max_hp_loss":0,"event_name":"MindBloom","floor":41,"gold_loss":0},{"damage_healed":0,"gold_gain":0,"player_choice":"2 cards matched","damage_taken":0,"max_hp_gain":0,"max_hp_loss":0,"event_name":"Match and Keep!","floor":53,"gold_loss":0,"cards_obtained":["PanicButton","Hololive_Psychosis"]},{"damage_healed":0,"gold_gain":0,"player_choice":"Upgraded","damage_taken":0,"max_hp_gain":0,"max_hp_loss":0,"event_name":"Upgrade Shrine","floor":70,"gold_loss":0,"cards_upgraded":["hubris:InfiniteBlow"]},{"damage_healed":0,"gold_gain":100,"player_choice":"Bet on Murderer","damage_taken":0,"max_hp_gain":0,"max_hp_loss":0,"event_name":"The Joust","floor":73,"gold_loss":50},{"damage_healed":0,"gold_gain":0,"player_choice":"Trade","damage_taken":0,"relics_obtained":["GremlinMask"],"max_hp_gain":0,"max_hp_loss":0,"event_name":"FaceTrader","floor":80,"gold_loss":0},{"damage_healed":0,"gold_gain":0,"player_choice":"Ignored","damage_taken":0,"max_hp_gain":0,"max_hp_loss":0,"event_name":"SecretPortal","floor":89,"gold_loss":0},{"cards_removed":["Hololive_StrengthChampion"],"damage_healed":0,"gold_gain":0,"player_choice":"Removed Attack","damage_taken":0,"max_hp_gain":0,"max_hp_loss":0,"event_name":"Falling","floor":90,"gold_loss":0}],"is_beta":false,"boss_relics":[{"not_picked":["conspire:SpecialSausage","hubris:GrandSneckoEye"],"picked":"Dota2Spire:Bloodstone"},{"not_picked":["Replay:Drink Me","Coffee Dripper"],"picked":"trackpad:StolenKidneys"},{"not_picked":["Painkiller Herb","StuffTheSpire:RunicHypercube"],"picked":"CosmicIsotope"},{"not_picked":["hubris:HollowSoul","conspire:RunicOctahedron"],"picked":"Calling Bell"},{"not_picked":["hubris:GrandSneckoEye","Honey Jar"],"picked":"conspire:SeveredTorchhead"}],"items_purged_floors":[37],"is_endless":true,"potions_floor_spawned":[6,11,12,13,14,22,23,31,33,38,40,41,48,50,58,65,67,69,75,84,95,96,97],"killed_by":"Donu and Deca","ascension_level":0}}