{"host":"6p0attdrtjqaih7v","time":1609041741,"event":{"mods":["2.2 Compatiblity","AchievementEnabler","Bard","BaseMod","Better Skull","Better Third Choice","Colored Powertips","Hermit","Highlight Path","Jorbs\u0027s Wanderer Trilogy","Key Reminder","Minty Spire (QoL Compilation)","Permanent Neow","Quick Restart","Random Character Button","Relic Stats","Replay The Spire","StSLib","The Construct"],"gold_per_floor":[115,115,128,14,14,14,44,44,93,123,123,147,147,191,191,209,209],"floor_reached":16,"playtime":486,"items_purged":["Strike_R"],"score":205,"play_id":"8482f9dd-a812-49d1-ac3f-b6c5d600b7b4","local_time":"20201226230221","is_ascension_mode":true,"campfire_choices":[{"data":"Combust","floor":6,"key":"SMITH"},{"data":"Blood for Blood","floor":8,"key":"SMITH"},{"floor":11,"key":"REST"},{"data":"Demonic Infusion","floor":13,"key":"SMITH"},{"data":"Clothesline","floor":15,"key":"SMITH"}],"circlet_count":0,"master_deck":["AscendersBane","Strike_R","Strike_R","Strike_R","Strike_R","Defend_R","Defend_R","Defend_R","Defend_R","Bash+1","Violence","Sword Boomerang","Demonic Infusion+1","Combust+1","Blood for Blood+1","Clothesline+1","Anger"],"relics":["Burning Blood","The Courier","Replay:Bandana","construct:RocketBooster"],"acts_visited":["Exordium"],"potions_floor_usage":[14],"damage_taken":[{"damage":10,"enemies":"Jaw Worm","floor":1,"turns":6},{"damage":1,"enemies":"Cultist","floor":3,"turns":3},{"damage":30,"enemies":"Replay:BlueRogue","floor":7,"turns":5},{"damage":7,"enemies":"Small Slimes","floor":10,"turns":4},{"damage":18,"enemies":"Blue Slaver","floor":12,"turns":6},{"damage":14,"enemies":"3 Sentries","floor":14,"turns":5},{"damage":19,"enemies":"Hexaghost","floor":16,"turns":7}],"seed_played":"-7285302428405534135","potions_obtained":[{"floor":7,"key":"Reflective Coating"},{"floor":12,"key":"GamblersBrew"}],"is_trial":false,"path_per_floor":["M","?","M","$","?","R","E","R","T","M","R","M","R","E","R","B"],"character_chosen":"IRONCLAD","items_purchased":["Combust"],"campfire_rested":1,"item_purchase_floors":[4],"current_hp_per_floor":[46,46,51,51,40,40,16,16,16,15,37,25,25,17,17,0,0],"gold":209,"neow_bonus":"RANDOM_COLORLESS_2","is_daily":false,"chose_seed":false,"campfire_upgraded":4,"win_rate":0.0,"timestamp":1609041741,"path_taken":["M","?","M","$","?","R","E","R","T","M","R","M","R","E","R","BOSS"],"items_purchased_type":["Card"],"build_version":"2020-12-22","purchased_purges":1,"victory":false,"max_hp_per_floor":[75,75,75,75,75,75,75,75,75,75,75,75,75,75,75,75,75],"relic_stats":{"counters":[7,36],"obtain_stats":[{"Replay:Bandana":9,"construct:RocketBooster":14,"The Courier":7,"Burning Blood":0},{"Replay:Bandana":3,"construct:RocketBooster":6,"The Courier":3,"Burning Blood":0},{"Replay:Bandana":14,"construct:RocketBooster":29,"The Courier":14,"Burning Blood":0}],"Burning Blood":36},"card_choices":[{"not_picked":["Panache","Metamorphosis"],"picked":"Violence","floor":0},{"not_picked":["Heavy Blade","Armaments"],"picked":"Sword Boomerang","floor":1},{"not_picked":["Hemokinesis","Iron Wave"],"picked":"Demonic Infusion","floor":3},{"not_picked":["Evolve","True Grit"],"picked":"Blood for Blood","floor":7},{"not_picked":["Clash","Havoc"],"picked":"Clothesline","floor":10},{"not_picked":["Perfected Strike","Flex","Cleave"],"picked":"SKIP","floor":12},{"not_picked":["Heavy Blade","Wild Strike"],"picked":"Anger","floor":14}],"player_experience":916821,"relics_obtained":[{"floor":7,"key":"The Courier"},{"floor":9,"key":"Replay:Bandana"},{"floor":14,"key":"construct:RocketBooster"}],"event_choices":[{"damage_healed":0,"gold_gain":0,"player_choice":"Grow","damage_taken":0,"max_hp_gain":0,"max_hp_loss":0,"event_name":"Living Wall","floor":2,"gold_loss":0,"cards_upgraded":["Bash"]},{"damage_healed":0,"gold_gain":0,"player_choice":"Damaged","damage_taken":11,"max_hp_gain":0,"max_hp_loss":0,"event_name":"Wheel of Change","floor":5,"gold_loss":0}],"is_beta":false,"boss_relics":[],"items_purged_floors":[4],"is_endless":false,"potions_floor_spawned":[7,12],"killed_by":"Hexaghost","ascension_level":18}}