{"host":"cv77zuuuekizn3ic","time":1609087719,"event":{"mods":["AchievementEnabler","BaseMod","Marisa£®ÏF”Í°°ƒß¿Ì…≥£©","Minty Spire (QoL Compilation)","StSLib","Waifu the Spire","everything is the same but u backflip on backflip","slay the spire mod where everything is the same but ironclad has a cowboy hat"],"gold_per_floor":[144,60,97,172,172,199,216,250,305,315,240,240,271,30,30,104,104,120,149,149,163,63,90,90,106,106,125,138,152,187,197,197,273,273,286,286,161,11,22,55,55,55,55,55,75,108,108,138,138,138,138,138,138,173,173,173],"floor_reached":55,"playtime":2612,"items_purged":["EmptyFist","Perseverance","CutThroughFate","Judgement"],"score":1549,"play_id":"9639f69d-0bdc-4215-a1f8-1d1b9cd62f21","local_time":"20201228004839","is_ascension_mode":true,"campfire_choices":[{"data":"Adaptation","floor":15.0,"key":"SMITH"},{"data":"1","floor":32.0,"key":"LIFT"},{"data":"Eruption","floor":41.0,"key":"SMITH"},{"floor":47.0,"key":"RECALL"},{"data":"Study","floor":49.0,"key":"SMITH"},{"data":"Adaptation","floor":52.0,"key":"SMITH"}],"circlet_count":0,"master_deck":["AscendersBane","Eruption+1","Vigilance","Fasting2","DeusExMachina","Adaptation+1","TalkToTheHand+1","MentalFortress","Evaluate","FlurryOfBlows","FearNoEvil","Tantrum","CutThroughFate+1","Adaptation+1","Study+1"],"relics":["Pandora\u0027s Box","Bottled Lightning","Boot","Toy Ornithopter","Dream Catcher","ClockworkSouvenir","Sozu","Red Mask","Shuriken","Bottled Flame","Girya","Coffee Dripper","Strawberry","Ginger","Mercury Hourglass","Thread and Needle"],"acts_visited":["Exordium","TheCity","TheBeyond","TheEnding"],"potions_floor_usage":[55],"damage_taken":[{"damage":11.0,"enemies":"2 Louse","floor":1.0,"turns":4.0},{"damage":10.0,"enemies":"Jaw Worm","floor":3.0,"turns":4.0},{"damage":1.0,"enemies":"Lagavulin","floor":6.0,"turns":6.0},{"damage":0.0,"enemies":"Cultist","floor":7.0,"turns":2.0},{"damage":19.0,"enemies":"Gremlin Nob","floor":8.0,"turns":4.0},{"damage":5.0,"enemies":"Looter","floor":10.0,"turns":2.0},{"damage":0.0,"enemies":"Lagavulin","floor":13.0,"turns":6.0},{"damage":3.0,"enemies":"The Guardian","floor":16.0,"turns":8.0},{"damage":0.0,"enemies":"Spheric Guardian","floor":18.0,"turns":1.0},{"damage":0.0,"enemies":"Masked Bandits","floor":19.0,"turns":3.0},{"damage":23.0,"enemies":"2 Thieves","floor":21.0,"turns":3.0},{"damage":2.0,"enemies":"Book of Stabbing","floor":23.0,"turns":3.0},{"damage":0.0,"enemies":"Centurion and Healer","floor":25.0,"turns":3.0},{"damage":10.0,"enemies":"Snake Plant","floor":27.0,"turns":2.0},{"damage":0.0,"enemies":"Cultist and Chosen","floor":28.0,"turns":2.0},{"damage":0.0,"enemies":"Shelled Parasite and Fungi","floor":29.0,"turns":2.0},{"damage":1.0,"enemies":"Gremlin Leader","floor":30.0,"turns":3.0},{"damage":0.0,"enemies":"Snake Plant","floor":31.0,"turns":2.0},{"damage":9.0,"enemies":"Collector","floor":33.0,"turns":4.0},{"damage":0.0,"enemies":"Orb Walker","floor":35.0,"turns":2.0},{"damage":0.0,"enemies":"3 Darklings","floor":39.0,"turns":2.0},{"damage":15.0,"enemies":"Nemesis","floor":40.0,"turns":3.0},{"damage":0.0,"enemies":"4 Shapes","floor":44.0,"turns":1.0},{"damage":0.0,"enemies":"Spire Growth","floor":45.0,"turns":3.0},{"damage":2.0,"enemies":"Giant Head","floor":46.0,"turns":4.0},{"damage":9.0,"enemies":"Nemesis","floor":48.0,"turns":3.0},{"damage":39.0,"enemies":"Time Eater","floor":50.0,"turns":4.0},{"damage":66.0,"enemies":"Shield and Spear","floor":54.0,"turns":3.0},{"damage":30,"enemies":"The Heart","floor":55,"turns":2}],"seed_played":"-2431161210916970510","potions_obtained":[{"floor":8.0,"key":"LiquidBronze"},{"floor":10.0,"key":"Strength Potion"},{"floor":16.0,"key":"SmokeBomb"}],"is_trial":false,"path_per_floor":["M","$","M","?","?","E","M","E","T","M","?","?","E","$","R","B",null,"M","?","?","M","$","E","$","M","T","M","M","M","E","M","R","B",null,"M","?","$","$","M","E","R","?","T","M","M","E","R","E","R","B",null,"R","$","E","B"],"character_chosen":"WATCHER","items_purchased":["MentalFortress","ClockworkSouvenir"],"campfire_rested":0,"item_purchase_floors":[2,14],"current_hp_per_floor":[50,50,40,29,78,77,77,58,58,53,53,53,53,53,53,50,71,71,71,67,44,44,42,42,42,42,32,32,32,31,31,31,22,64,64,64,64,64,64,56,56,56,56,61,61,59,59,50,50,11,67,67,67,1,0,0],"gold":173,"neow_bonus":"BOSS_RELIC","is_daily":false,"chose_seed":false,"campfire_upgraded":4,"win_rate":0.0,"timestamp":1609087719,"path_taken":["M","$","M","?","?","E","?","E","T","M","?","?","E","?","R","BOSS","M","?","?","?","$","E","$","M","T","M","M","M","E","M","R","BOSS","M","?","?","$","M","E","R","?","T","M","M","E","R","E","R","BOSS","R","$","E","BOSS"],"items_purchased_type":["Card","Relic"],"build_version":"2020-12-22","purchased_purges":4,"victory":false,"max_hp_per_floor":[68,68,68,68,78,78,78,78,78,78,78,78,78,78,78,78,78,78,78,78,78,78,78,78,78,78,78,78,78,78,78,78,78,78,78,78,78,78,78,85,85,85,85,85,85,85,85,85,85,85,85,85,85,85,85,85],"card_choices":[{"not_picked":["PathToVictory","ForeignInfluence"],"picked":"CutThroughFate","floor":1.0},{"not_picked":["Prostrate","Halt"],"picked":"Evaluate","floor":3.0},{"not_picked":["Crescendo","ThirdEye"],"picked":"Judgement","floor":6.0},{"not_picked":["CrushJoints","Protect"],"picked":"Perseverance","floor":7.0},{"not_picked":["WreathOfFlame","BattleHymn","WindmillStrike"],"picked":"SKIP","floor":8.0},{"not_picked":["Consecrate","ThirdEye"],"picked":"FlurryOfBlows","floor":10.0},{"not_picked":["Halt","Sanctity","PathToVictory"],"picked":"SKIP","floor":13.0},{"not_picked":["SashWhip","FlyingSleeves"],"picked":"FearNoEvil","floor":18.0},{"not_picked":["Crescendo","BattleHymn"],"picked":"Tantrum","floor":19.0},{"not_picked":["Evaluate","SignatureMove","Protect"],"picked":"SKIP","floor":21.0},{"not_picked":["Conclude+1","Evaluate"],"picked":"CutThroughFate+1","floor":23.0},{"not_picked":["TalkToTheHand","ForeignInfluence","WindmillStrike"],"picked":"SKIP","floor":25.0},{"not_picked":["Consecrate","CrushJoints","CutThroughFate+1"],"picked":"SKIP","floor":27.0},{"not_picked":["CrushJoints","DeusExMachina","Protect"],"picked":"SKIP","floor":28.0},{"not_picked":["Weave","BowlingBash","ClearTheMind"],"picked":"SKIP","floor":29.0},{"not_picked":["PathToVictory","FearNoEvil","Brilliance"],"picked":"SKIP","floor":30.0},{"not_picked":["EmptyBody","PathToVictory","MentalFortress"],"picked":"SKIP","floor":31.0},{"not_picked":["FlyingSleeves+1","CrushJoints+1","Evaluate+1"],"picked":"SKIP","floor":35.0},{"not_picked":["SashWhip","EmptyFist","ReachHeaven"],"picked":"SKIP","floor":39.0},{"not_picked":["BowlingBash","CutThroughFate+1","Conclude"],"picked":"SKIP","floor":40.0},{"not_picked":["Protect+1","SashWhip"],"picked":"Adaptation","floor":45.0},{"not_picked":["BowlingBash","Crescendo"],"picked":"Study","floor":46.0},{"not_picked":["Fasting2","SignatureMove","Halt"],"picked":"SKIP","floor":48.0},{"not_picked":["JustLucky+1","FollowUp","Prostrate"],"picked":"SKIP","floor":54.0}],"player_experience":652406,"relics_obtained":[{"floor":6.0,"key":"Bottled Lightning"},{"floor":8.0,"key":"Boot"},{"floor":9.0,"key":"Toy Ornithopter"},{"floor":13.0,"key":"Dream Catcher"},{"floor":19.0,"key":"Red Mask"},{"floor":23.0,"key":"Shuriken"},{"floor":26.0,"key":"Bottled Flame"},{"floor":30.0,"key":"Girya"},{"floor":40.0,"key":"Strawberry"},{"floor":46.0,"key":"Ginger"},{"floor":48.0,"key":"Mercury Hourglass"},{"floor":54.0,"key":"Thread and Needle"}],"event_choices":[{"damage_healed":0.0,"max_hp_gain":0.0,"max_hp_loss":0.0,"gold_gain":75.0,"event_name":"World of Goop","player_choice":"Gather Gold","floor":4.0,"gold_loss":0.0,"damage_taken":11.0},{"cards_removed":["Wish"],"damage_healed":39.0,"max_hp_gain":10.0,"max_hp_loss":0.0,"gold_gain":0.0,"event_name":"Bonfire Elementals","player_choice":"Offered Rare","floor":5.0,"gold_loss":0.0,"damage_taken":0.0},{"cards_removed":["ClearTheMind"],"damage_healed":0.0,"max_hp_gain":0.0,"max_hp_loss":0.0,"gold_gain":0.0,"event_name":"The Cleric","player_choice":"Card Removal","floor":11.0,"gold_loss":75.0,"damage_taken":0.0},{"cards_removed":["Consecrate"],"damage_healed":0.0,"max_hp_gain":0.0,"max_hp_loss":0.0,"gold_gain":0.0,"event_name":"Living Wall","player_choice":"Forget","floor":12.0,"gold_loss":0.0,"damage_taken":0.0},{"damage_healed":0.0,"max_hp_gain":0.0,"max_hp_loss":0.0,"gold_gain":0.0,"event_name":"Masked Bandits","player_choice":"Fought Bandits","floor":19.0,"gold_loss":0.0,"damage_taken":0.0},{"damage_healed":0.0,"max_hp_gain":0.0,"max_hp_loss":0.0,"gold_gain":0.0,"event_name":"The Woman in Blue","player_choice":"Bought 0 Potions","floor":20.0,"gold_loss":0.0,"damage_taken":0.0},{"damage_healed":0.0,"max_hp_gain":0.0,"max_hp_loss":0.0,"gold_gain":0.0,"event_name":"Match and Keep!","player_choice":"0 cards matched","floor":36.0,"gold_loss":0.0,"damage_taken":0.0,"cards_obtained":[]},{"damage_healed":0.0,"max_hp_gain":0.0,"max_hp_loss":0.0,"gold_gain":0.0,"event_name":"Accursed Blacksmith","player_choice":"Forge","floor":42.0,"gold_loss":0.0,"damage_taken":0.0,"cards_upgraded":["TalkToTheHand"]}],"is_beta":false,"boss_relics":[{"not_picked":["Snecko Eye","Fusion Hammer"],"picked":"Sozu"},{"not_picked":["Astrolabe","VioletLotus"],"picked":"Coffee Dripper"}],"items_purged_floors":[14,22,37,38],"is_endless":false,"potions_floor_spawned":[8,10,16,19,21,23,27,30,44,45,54],"killed_by":"The Heart","ascension_level":18}}