{"host":"ssbj2e5691x5ub3h","time":1609029348,"event":{"mods":["BaseMod","Duelist Mod","Minty Spire (QoL Compilation)","StSLib"],"gold_per_floor":[141,161,126,201,217,263,275,327,364,376,424,452,478,533,545,671,683,683,683,683,683,643,643,643,643,643,643,643,643,643,643,643,643,643,643,643,643,643,643,643,643,643,643,643,643,643,244,244,244,244],"floor_reached":51,"playtime":3577,"items_purged":[],"score":1758,"play_id":"f54fcdc6-04cc-4ada-89ec-29b1426756b0","local_time":"20201226223548","daily_mods":["SealedDeck","Vintage","Heirloom"],"is_ascension_mode":true,"campfire_choices":[{"data":"theDuelist:CardsFromTheSky","floor":7,"key":"SMITH"},{"data":"theDuelist:DigitalBug","floor":15,"key":"SMITH"},{"data":"theDuelist:RevolvingSwitchyard","floor":25,"key":"SMITH"},{"data":"theDuelist:AncientGearGolem","floor":28,"key":"SMITH"},{"data":"theDuelist:AncientGearBox","floor":30,"key":"SMITH"},{"data":"theDuelist:SolarWindJammer","floor":32,"key":"SMITH"},{"data":"theDuelist:AncientGearChimera","floor":44,"key":"SMITH"},{"data":"theDuelist:TokenVacuum","floor":49,"key":"SMITH"}],"circlet_count":0,"master_deck":["theDuelist:CyberRaider","theDuelist:CardsFromTheSky+1","theDuelist:JadeKnight","theDuelist:StimPack+1","theDuelist:GreenGadget","theDuelist:AncientGearBox+1","theDuelist:DigitalBug+1","theDuelist:Deskbot003","theDuelist:CyberRaider","theDuelist:AncientGearChimera+1","theDuelist:Shekhinaga","AscendersBane","theDuelist:AncientGearGolem+1","theDuelist:RevolvingSwitchyard+1","theDuelist:DarkFactory","theDuelist:CardsFromTheSky+1","theDuelist:TokenVacuum+1","theDuelist:SolarWindJammer+1","theDuelist:GoldGadget","theDuelist:GravityLash+1"],"relics":["theDuelist:MillenniumPuzzle","theDuelist:CardPoolRelic","theDuelist:CardPoolBasicRelic","theDuelist:BoosterPackPoolRelic","theDuelist:CardPoolAddRelic","theDuelist:CardPoolMinusRelic","theDuelist:CardPoolSaveRelic","theDuelist:CardPoolOptionsRelic","Dead Branch","CeramicFish","theDuelist:SummonAnchor","MawBank","HornCleat","theDuelist:LoadedDice","theDuelist:MillenniumArmor","Art of War","Orichalcum","Bronze Scales","Shuriken","Ectoplasm","Tiny Chest","theDuelist:MillenniumPeriapt","theDuelist:DuelistTeaSet","Snake Skull","theDuelist:GiftAnubis","theDuelist:SolderToken","theDuelist:BoosterBetterBoostersRelic","Cables","theDuelist:ArmorPlateB","Bottled Flame","Runic Dome","theDuelist:MetronomeRelicB","Red Skull","Juzu Bracelet","theDuelist:ArmorPlateD","theDuelist:WhiteBowlRelic","Pocketwatch","StoneCalendar","theDuelist:MachineToken","Centennial Puzzle","Pen Nib","Eternal Feather","theDuelist:RouletteWheel","theDuelist:MonsterEggRelic","Vajra"],"acts_visited":["Exordium","TheCity","TheBeyond"],"potions_floor_usage":[11,14,24,50],"damage_taken":[{"damage":9,"enemies":"2 Louse","floor":1,"turns":2},{"damage":10,"enemies":"Jaw Worm","floor":2,"turns":3},{"damage":7,"enemies":"Small Slimes","floor":5,"turns":2},{"damage":0,"enemies":"3 Sentries","floor":6,"turns":6},{"damage":0,"enemies":"Gremlin Nob","floor":8,"turns":2},{"damage":0,"enemies":"3 Sentries","floor":11,"turns":3},{"damage":0,"enemies":"Gremlin Gang","floor":12,"turns":3},{"damage":0,"enemies":"Blue Slaver","floor":13,"turns":2},{"damage":0,"enemies":"Lagavulin","floor":14,"turns":4},{"damage":6,"enemies":"Hexaghost","floor":16,"turns":7},{"damage":0,"enemies":"Spheric Guardian","floor":18,"turns":2},{"damage":0,"enemies":"Chosen","floor":19,"turns":3},{"damage":0,"enemies":"Snake Plant","floor":20,"turns":3},{"damage":0,"enemies":"Sentry and Sphere","floor":21,"turns":3},{"damage":0,"enemies":"Snecko","floor":23,"turns":3},{"damage":0,"enemies":"Slavers","floor":24,"turns":4},{"damage":0,"enemies":"theDuelist:KaibaA2","floor":27,"turns":2},{"damage":0,"enemies":"Gremlin Leader","floor":31,"turns":2},{"damage":0,"enemies":"Collector","floor":33,"turns":3},{"damage":0,"enemies":"Orb Walker","floor":35,"turns":2},{"damage":0,"enemies":"3 Shapes","floor":36,"turns":2},{"damage":0,"enemies":"Jaw Worm Horde","floor":37,"turns":2},{"damage":3,"enemies":"Jaw Worm Horde","floor":38,"turns":6},{"damage":0,"enemies":"Reptomancer","floor":40,"turns":3},{"damage":4,"enemies":"4 Shapes","floor":41,"turns":2},{"damage":0,"enemies":"Giant Head","floor":42,"turns":4},{"damage":0,"enemies":"Spire Growth","floor":45,"turns":4},{"damage":0,"enemies":"Maw","floor":48,"turns":2},{"damage":0,"enemies":"Awakened One","floor":50,"turns":3}],"seed_played":"6649074830628500053","potions_obtained":[{"floor":5,"key":"AttackPotion"},{"floor":6,"key":"Explosive Potion"},{"floor":8,"key":"theDuelist:WaterBottle"},{"floor":10,"key":"theDuelist:SolderPotionB"},{"floor":12,"key":"PowerPotion"},{"floor":16,"key":"SpeedPotion"},{"floor":20,"key":"theDuelist:FusionPotion"},{"floor":24,"key":"theDuelist:EarthBottle"},{"floor":41,"key":"theDuelist:MillenniumElixir"}],"is_trial":true,"path_per_floor":["M","M","?","?","M","E","R","E","T","?","E","M","M","E","R","B",null,"M","M","M","M","?","M","E","R","T","E","R","T","R","E","R","B",null,"M","M","M","?","?","E","M","E","T","R","M","?","$","M","R","B",null],"character_chosen":"THE_DUELIST","items_purchased":["theDuelist:RouletteWheel","theDuelist:MonsterEggRelic"],"campfire_rested":0,"item_purchase_floors":[47,47],"current_hp_per_floor":[63,53,73,62,55,55,55,55,55,55,55,55,55,55,55,49,72,72,72,72,72,72,72,72,72,72,72,72,72,72,72,72,72,78,78,78,78,75,75,75,71,71,71,71,71,71,71,71,76,76],"gold":244,"neow_bonus":"","is_daily":false,"chose_seed":false,"campfire_upgraded":8,"win_rate":0.0,"timestamp":1609029348,"path_taken":["M","M","?","?","M","E","R","E","T","?","E","?","M","E","R","BOSS","M","M","?","M","?","?","E","R","T","E","R","?","R","E","R","BOSS","M","M","M","?","?","E","M","E","T","R","M","?","$","M","R","BOSS"],"items_purchased_type":["Relic","Relic"],"build_version":"2020-12-22","purchased_purges":0,"victory":true,"max_hp_per_floor":[80,80,80,80,80,80,80,80,80,80,80,80,80,80,80,80,80,80,80,80,80,80,80,80,80,80,80,80,80,80,80,80,80,80,80,80,80,80,76,76,76,76,76,76,76,76,76,76,76,76],"card_choices":[{"not_picked":["theDuelist:DoubleTool","theDuelist:CoreBlaster","theDuelist:StimPack","theDuelist:CardsFromTheSky"],"picked":"theDuelist:DarkFactory","floor":6},{"not_picked":["theDuelist:Biofalcon","theDuelist:YellowGadget","theDuelist:GreenGadget","theDuelist:Deskbot003"],"picked":"theDuelist:AncientGearChimera","floor":8},{"not_picked":["theDuelist:JunkWarrior","theDuelist:GearGigant","theDuelist:AncientGearBox","theDuelist:ChaosAncientGearGiant"],"picked":"theDuelist:GreenGadget","floor":11},{"not_picked":["theDuelist:Deskbot004","theDuelist:Deskbot003","theDuelist:JunkKuriboh","theDuelist:Deskbot005"],"picked":"theDuelist:DigitalBug","floor":14},{"not_picked":["theDuelist:SteamTrainKing","theDuelist:Overworked","theDuelist:JinzoLord","theDuelist:IronhammerGiant"],"picked":"theDuelist:Shekhinaga","floor":16},{"not_picked":["theDuelist:GravityBlaster","theDuelist:StimPack","theDuelist:Geartown","theDuelist:UnionHangar"],"picked":"theDuelist:RevolvingSwitchyard","floor":24},{"not_picked":["theDuelist:Deskbot004","theDuelist:CannonSoldier","theDuelist:AncientGearChimera","theDuelist:GravityBlaster"],"picked":"theDuelist:TokenVacuum","floor":27},{"not_picked":["theDuelist:GenexAllyBirdman","theDuelist:Geargiauger","theDuelist:CyberArchfiend","theDuelist:CoreBlaster+1","theDuelist:AllySalvo"],"picked":"SKIP","floor":31},{"not_picked":["theDuelist:SteamTrainKing","theDuelist:OrcustCrescendo","theDuelist:JinzoLord","theDuelist:Deskbot009+1"],"picked":"theDuelist:GoldGadget","floor":33},{"not_picked":["theDuelist:SolemnWarning+1","theDuelist:PineappleBlast+1","theDuelist:IronhammerGiant","theDuelist:Deskbot007"],"picked":"theDuelist:GravityLash+1","floor":38},{"not_picked":["theDuelist:FrontlineObserver","theDuelist:RedGadget","theDuelist:JumboDrill+1","theDuelist:HeavyMetalRaiders","theDuelist:GoldenBlastJuggler+1"],"picked":"SKIP","floor":40},{"not_picked":["theDuelist:DoubleTool","theDuelist:BreakDraw+1","theDuelist:CardsFromTheSky+1","theDuelist:ShortCircuit+1"],"picked":"theDuelist:StimPack+1","floor":42}],"player_experience":247147,"relics_obtained":[{"floor":1,"key":"CeramicFish"},{"floor":2,"key":"theDuelist:SummonAnchor"},{"floor":5,"key":"MawBank"},{"floor":6,"key":"HornCleat"},{"floor":8,"key":"theDuelist:LoadedDice"},{"floor":9,"key":"theDuelist:MillenniumArmor"},{"floor":11,"key":"Art of War"},{"floor":12,"key":"Orichalcum"},{"floor":13,"key":"Bronze Scales"},{"floor":14,"key":"Shuriken"},{"floor":18,"key":"Tiny Chest"},{"floor":19,"key":"theDuelist:MillenniumPeriapt"},{"floor":20,"key":"theDuelist:DuelistTeaSet"},{"floor":21,"key":"Snake Skull"},{"floor":23,"key":"theDuelist:GiftAnubis"},{"floor":24,"key":"theDuelist:SolderToken"},{"floor":26,"key":"theDuelist:BoosterBetterBoostersRelic"},{"floor":27,"key":"Cables"},{"floor":29,"key":"theDuelist:ArmorPlateB"},{"floor":31,"key":"Bottled Flame"},{"floor":35,"key":"theDuelist:MetronomeRelicB"},{"floor":36,"key":"Red Skull"},{"floor":37,"key":"Juzu Bracelet"},{"floor":38,"key":"theDuelist:ArmorPlateD"},{"floor":38,"key":"theDuelist:WhiteBowlRelic"},{"floor":38,"key":"Pocketwatch"},{"floor":40,"key":"StoneCalendar"},{"floor":41,"key":"theDuelist:MachineToken"},{"floor":42,"key":"Centennial Puzzle"},{"floor":43,"key":"Pen Nib"},{"floor":45,"key":"Eternal Feather"},{"floor":48,"key":"Vajra"}],"event_choices":[{"damage_healed":20,"gold_gain":0,"player_choice":"Healed","damage_taken":0,"max_hp_gain":0,"max_hp_loss":0,"event_name":"The Cleric","floor":3,"gold_loss":35},{"damage_healed":0,"gold_gain":75,"player_choice":"Gather Gold","damage_taken":11,"max_hp_gain":0,"max_hp_loss":0,"event_name":"World of Goop","floor":4,"gold_loss":0},{"damage_healed":0,"gold_gain":0,"player_choice":"Got Potions","damage_taken":0,"max_hp_gain":0,"max_hp_loss":0,"event_name":"Lab","floor":10,"gold_loss":0},{"damage_healed":0,"gold_gain":0,"player_choice":"Upgrade","damage_taken":0,"max_hp_gain":0,"max_hp_loss":0,"event_name":"Designer","floor":22,"gold_loss":40,"cards_upgraded":["theDuelist:CardsFromTheSky"]},{"damage_healed":0,"gold_gain":0,"player_choice":"Fight","duelist":true,"damage_taken":0,"max_hp_gain":0,"max_hp_loss":0,"event_name":"Battle City","floor":38,"gold_loss":0},{"damage_healed":0,"gold_gain":0,"player_choice":"Max HP","damage_taken":0,"max_hp_gain":0,"max_hp_loss":4,"event_name":"Winding Halls","floor":39,"gold_loss":0},{"damage_healed":0,"gold_gain":0,"player_choice":"0 cards matched","damage_taken":0,"max_hp_gain":0,"max_hp_loss":0,"event_name":"Match and Keep!","floor":46,"gold_loss":0,"cards_obtained":[]}],"is_beta":false,"boss_relics":[{"not_picked":["Calling Bell","HoveringKite"],"picked":"Ectoplasm"},{"not_picked":["SacredBark","Velvet Choker"],"picked":"Runic Dome"}],"items_purged_floors":[],"is_endless":false,"potions_floor_spawned":[5,6,8,12,16,20,23,24,37,41,45,48],"ascension_level":10}}