{"host":"h5acbxt0wmjo1kpm","time":1609052577,"event":{"mods":["2.2 Compatiblity","Act Like it!","AlwaysNeverKeys","Aspiration","Bartender","BaseMod","Better Third Choice","Colored Map","Elementarium","Gensokyo","GifTheSpireLib","Hallownest","Marisa????????","Minty Spire (QoL Compilation)","Permanent Neow","Potionbrewer","Relic Filter","Replay The Spire","Robot Space Explorer","RumiaBox-????????","Shade Mod","Spicy Shops","StSLib","Strawberry Spire","The Blackbeard","The Dragon Tamer","The Forsaken","The Gatherer","The Problem Sleuth","The Servant 0.9.4","Wandering Minibosses","vexMod"],"gold_per_floor":[117,117,117,67,78,106,106,140,140,140,174,174,174,192,192,265,265,275,275,287,304,304,335,185,216,243,243,256,256,456,470,470,548,548,567,567,579,579,590,622,269,269,269,282,244,244,269,288,288,288,288,288,10,36,36],"floor_reached":56,"playtime":3928,"items_purged":["blackbeard:BlackbeardDefend","blackbeard:DeadlyArsenal"],"score":2696,"play_id":"0d762495-85ac-4c29-b523-12f101506388","local_time":"20201226230257","is_ascension_mode":true,"campfire_choices":[{"data":"blackbeard:Shrapnel","floor":7.0,"key":"SMITH"},{"data":"blackbeard:WiseDefense","floor":10.0,"key":"SMITH"},{"data":"blackbeard:BeatUp","floor":15.0,"key":"SMITH"},{"data":"blackbeard:CaptainsCabin","floor":29.0,"key":"SMITH"},{"data":"blackbeard:BoostMorale","floor":32.0,"key":"SMITH"},{"floor":42,"key":"RECALL"},{"data":"blackbeard:BoostMorale","floor":46,"key":"SMITH"},{"data":"blackbeard:CaptainsCabin","floor":49,"key":"SMITH"},{"data":"blackbeard:Cutlass","floor":52,"key":"SMITH"}],"circlet_count":0,"master_deck":["AscendersBane","blackbeard:IntimidatingStrike","blackbeard:Cutlass+1","blackbeard:TacticalRetreat","blackbeard:Shrapnel+1","blackbeard:Spear","blackbeard:Sword","blackbeard:WiseDefense+1","blackbeard:CaptainsCabin+1","blackbeard:BeatUp+1","blackbeard:BoostMorale+1","blackbeard:FinalBarrage+1","blackbeard:Recklessness+1","blackbeard:Rum+1","blackbeard:WiseDefense","blackbeard:CaptainsCabin+1","blackbeard:GoldenRain","blackbeard:RemoveScurvy+1","blackbeard:Anchor+1","blackbeard:FieryDefense+1","blackbeard:PirateHook","blackbeard:BoostMorale+1","blackbeard:BoostMorale+1","blackbeard:InfiniteBarrage+1","Gensokyo:DreamlikeParadise+1","blackbeard:TacticalRetreat","Gensokyo:DreamlikeParadise+1","blackbeard:BeatUp+1","blackbeard:Rum"],"relics":["blackbeard:LoadTheCannons","aspiration:DSix","theForsaken:Lifeblossom","Strawberry","Bag of Preparation","aspiration:Lifesprig","aspiration:SeaSaltIceCream","SecretRecord","Astrolabe","Pen Nib","strawberrySpire:GlyphStone","aspiration:HatOfInfinitePower","Nunchaku","vexMod:MysteryBossChallenge","Inserter","aspiration:AnachronicSnailShell","Membership Card","Quantum Egg","DollysMirror","Toy Ornithopter","blackbeard:BloodOrange","Medical Kit","Happy Flower","Golden Egg"],"acts_visited":["Gensokyo:Gensokyo","TheCity","Gensokyo:Gensokyoest","TheEnding"],"potions_floor_usage":[55,55],"damage_taken":[{"damage":5.0,"enemies":"Gensokyo:Gryphon","floor":1.0,"turns":4.0},{"damage":7.0,"enemies":"Gensokyo:Python","floor":5.0,"turns":3.0},{"damage":14.0,"enemies":"Gensokyo:Cirno","floor":6.0,"turns":6.0},{"damage":18.0,"enemies":"Gensokyo:Aya","floor":8.0,"turns":6.0},{"damage":0.0,"enemies":"Gensokyo:Mamizou","floor":11.0,"turns":7.0},{"damage":0.0,"enemies":"Gensokyo:3_Fairies","floor":14.0,"turns":2.0},{"damage":14.0,"enemies":"Gensokyo:Yukari","floor":16.0,"turns":9.0},{"damage":0.0,"enemies":"Spheric Guardian","floor":18.0,"turns":3.0},{"damage":0.0,"enemies":"2 Thieves","floor":20.0,"turns":2.0},{"damage":2.0,"enemies":"Centurion and Healer","floor":21.0,"turns":3.0},{"damage":3.0,"enemies":"Book of Stabbing","floor":23.0,"turns":4.0},{"damage":0.0,"enemies":"Replay:Snechameleon","floor":25.0,"turns":3.0},{"damage":0.0,"enemies":"Snake Plant","floor":28.0,"turns":2.0},{"damage":0.0,"enemies":"Shelled Parasite and Fungi","floor":31.0,"turns":2.0},{"damage":0.0,"enemies":"Pondfish","floor":33.0,"turns":4.0},{"damage":0.0,"enemies":"Gensokyo:3_Bats","floor":35.0,"turns":1.0},{"damage":0.0,"enemies":"Gensokyo:3_Boulders","floor":37.0,"turns":1.0},{"damage":0.0,"enemies":"Gensokyo:3_Boulders","floor":38.0,"turns":7.0},{"damage":0.0,"enemies":"Gensokyo:AtlasGolem","floor":39.0,"turns":2.0},{"damage":5,"enemies":"Gensokyo:Marisa","floor":40,"turns":5},{"damage":0,"enemies":"Gensokyo:SeedOfUnknown","floor":44,"turns":2},{"damage":0,"enemies":"Gensokyo:Kasen","floor":47,"turns":2},{"damage":0,"enemies":"Gensokyo:4_Bats","floor":48,"turns":2},{"damage":10,"enemies":"Gensokyo:Scarlet_Devils","floor":50,"turns":5},{"damage":0,"enemies":"Shield and Spear","floor":54,"turns":4},{"damage":14,"enemies":"The Heart","floor":55,"turns":6}],"seed_played":"-1979542876624685751","potions_obtained":[{"floor":8.0,"key":"SkillPotion"},{"floor":14.0,"key":"potionbrewer:FreezingPotion"},{"floor":16.0,"key":"Swift Potion"},{"floor":25.0,"key":"BlessingOfTheForge"},{"floor":33.0,"key":"LiquidBronze"},{"floor":39.0,"key":"LiquidBronze"}],"is_trial":false,"path_per_floor":["M","?","?","$","M","E","R","E","T","R","E","$","?","M","R","B",null,"M","?","M","M","?","E","$","E","T","$","M","R","?","M","R","B",null,"M","?","M","?","M","E","$","R","T","M","$","R","E","M","R","B",null,"R","$","E","B",null],"character_chosen":"BLACKBEARD_CLASS","items_purchased":["blackbeard:Shrapnel","strawberrySpire:GlyphStone","Membership Card","Quantum Egg","DollysMirror","blackbeard:BloodOrange","Medical Kit","Happy Flower"],"campfire_rested":0,"item_purchase_floors":[4,24,41,41,41,53,53,53],"current_hp_per_floor":[66,66,47,47,45,37,37,25,25,25,31,31,38,41,41,33,67,72,72,75,78,78,75,75,78,78,78,78,78,78,78,78,78,78,78,78,78,78,78,73,73,73,73,76,76,76,78,78,78,78,78,78,78,78,74],"gold":36,"neow_bonus":"DSIX","is_daily":false,"chose_seed":false,"campfire_upgraded":8,"win_rate":0.0,"timestamp":1609052577,"path_taken":["M","?","?","$","M","E","R","E","T","R","E","$","?","?","R","BOSS","M","?","?","M","?","E","?","E","T","$","M","R","?","?","R","BOSS","M","?","?","?","M","E","$","R","T","M","$","R","E","M","R","BOSS","R","$","E","BOSS"],"items_purchased_type":["Card","Relic","Relic","Relic","Relic","Relic","Relic","Relic"],"build_version":"2020-12-22","purchased_purges":2,"victory":true,"max_hp_per_floor":[78,78,78,78,78,78,78,78,78,78,78,78,78,78,78,78,78,78,78,78,78,78,78,78,78,78,78,78,78,78,78,78,78,78,78,78,78,78,78,78,78,78,78,78,78,78,78,78,78,78,78,78,78,78,78],"card_choices":[{"not_picked":["blackbeard:GoldenDefense","blackbeard:Sharpening"],"picked":"blackbeard:TacticalRetreat","floor":1.0},{"not_picked":["blackbeard:SwordDance","blackbeard:DeadlyArsenal"],"picked":"blackbeard:Spear","floor":5.0},{"not_picked":["blackbeard:GoldenStrike","blackbeard:Shrapnel"],"picked":"blackbeard:Sword","floor":6.0},{"not_picked":["blackbeard:Sharpening","blackbeard:Shrapnel"],"picked":"blackbeard:WiseDefense","floor":8.0},{"not_picked":["blackbeard:CloakAndCannonball","blackbeard:FishingNets"],"picked":"blackbeard:CaptainsCabin","floor":11.0},{"not_picked":["blackbeard:Eyepatch","blackbeard:SmithingHammer"],"picked":"blackbeard:BeatUp","floor":14.0},{"not_picked":["blackbeard:TheDrunkenSailor","blackbeard:MegaUpgrade"],"picked":"blackbeard:BoostMorale","floor":16.0},{"not_picked":["blackbeard:RearmingStrike+1","blackbeard:ChaoticDefense"],"picked":"blackbeard:WiseDefense","floor":18.0},{"not_picked":["blackbeard:SwordDance+1","blackbeard:DeadlyArsenal+1","blackbeard:WoodenLeg"],"picked":"SKIP","floor":20.0},{"not_picked":["blackbeard:TacticalRetreat+1","blackbeard:RearmingStrike"],"picked":"blackbeard:CaptainsCabin","floor":21.0},{"not_picked":["blackbeard:GhostInTheRum+1","blackbeard:Fencing"],"picked":"blackbeard:GoldenRain","floor":23.0},{"not_picked":["blackbeard:Spear","blackbeard:SwordDance"],"picked":"blackbeard:FieryDefense+1","floor":25.0},{"not_picked":["blackbeard:Fencing","blackbeard:Toast"],"picked":"blackbeard:PirateHook","floor":28.0},{"not_picked":["blackbeard:JollyRoger","blackbeard:WiseDefense"],"picked":"blackbeard:BoostMorale","floor":31.0},{"not_picked":["blackbeard:Murder","blackbeard:MegaUpgrade"],"picked":"blackbeard:BoostMorale","floor":33.0},{"not_picked":["blackbeard:Toast+1","blackbeard:RemoveScurvy"],"picked":"blackbeard:DeadlyArsenal","floor":35.0},{"not_picked":["blackbeard:Spear+1","blackbeard:PirateEarring"],"picked":"blackbeard:InfiniteBarrage+1","floor":37.0},{"not_picked":["Gensokyo:UnhurriedMind+1","Gensokyo:MorningStar+1"],"picked":"Gensokyo:DreamlikeParadise+1","floor":38.0},{"not_picked":["blackbeard:RearmingStrike","blackbeard:BeatUp","blackbeard:DeadlyArsenal"],"picked":"SKIP","floor":39.0},{"not_picked":["blackbeard:Lifeboat","blackbeard:Toast"],"picked":"blackbeard:TacticalRetreat","floor":40},{"not_picked":["blackbeard:Toast","blackbeard:DangerousBlow","blackbeard:DoubleBottom"],"picked":"SKIP","floor":44},{"not_picked":["blackbeard:Lifeboat","blackbeard:AgileStrike","blackbeard:RearmingStrike"],"picked":"SKIP","floor":47},{"not_picked":["blackbeard:FieryDefense","blackbeard:SwordDance+1"],"picked":"blackbeard:BeatUp+1","floor":48},{"not_picked":["blackbeard:BeatUp+1","blackbeard:RearmingStrike"],"picked":"blackbeard:Rum","floor":54}],"player_experience":1949444,"relics_obtained":[{"floor":1.0,"key":"theForsaken:Lifeblossom"},{"floor":1.0,"key":"Strawberry"},{"floor":6.0,"key":"Bag of Preparation"},{"floor":8.0,"key":"aspiration:Lifesprig"},{"floor":11.0,"key":"aspiration:SeaSaltIceCream"},{"floor":23.0,"key":"Pen Nib"},{"floor":25.0,"key":"aspiration:HatOfInfinitePower"},{"floor":26.0,"key":"Nunchaku"},{"floor":40,"key":"aspiration:AnachronicSnailShell"},{"floor":47,"key":"Toy Ornithopter"},{"floor":54,"key":"Golden Egg"}],"event_choices":[{"damage_healed":0.0,"max_hp_gain":0.0,"max_hp_loss":0.0,"gold_gain":0.0,"event_name":"Upgrade Shrine","player_choice":"Upgraded","floor":19.0,"gold_loss":0.0,"damage_taken":0.0,"cards_upgraded":["blackbeard:BoostMorale"]},{"damage_healed":0.0,"max_hp_gain":0.0,"max_hp_loss":0.0,"gold_gain":200.0,"event_name":"Wheel of Change","player_choice":"Gold","floor":30.0,"gold_loss":0.0,"damage_taken":0.0}],"is_beta":false,"boss_relics":[{"not_picked":["Coffee Dripper","SoulBox"],"picked":"Astrolabe"},{"not_picked":["aspiration:DefectSkillbook","Replay:Drink Me"],"picked":"vexMod:MysteryBossChallenge"}],"items_purged_floors":[45,53],"is_endless":false,"potions_floor_spawned":[8,14,16,18,25,31,33,35,37,39,54],"ascension_level":15}}