{"host":"0azimyi6n3ugndj4","time":1609101404,"event":{"mods":["2.2 Compatiblity","BaseMod","Bestiary","Conspire","Curses Come First","Defuse TimeMaze Blight","Hyrulean Relics","Infinite Spire","Minty Spire (QoL Compilation)","Relic Stats","Replay The Spire","StSLib","SuperFastMode","Uncapped","¡¼?Úª?ø«¡½REMEMod"],"gold_per_floor":[441,441,441,441,341,400,462,560,612,710,710,710,746,746,746,746,746],"floor_reached":16,"playtime":235,"items_purged":[],"score":366,"play_id":"1c31a7b6-72ab-42bd-87fa-5945303fd797","local_time":"20201228053644","daily_mods":["Insanity","Vintage","ControlledChaos","Diverse","Colorless Cards","Heirloom","Time Dilation","Flight","Elite Swarm","Lethality","Midas","Night Terrors","Binary"],"is_ascension_mode":true,"campfire_choices":[],"circlet_count":0,"master_deck":["AscendersBane","Static Discharge","Streamline","Underhanded Strike","Caltrops","FlurryOfBlows","Havoc","Steam","Dropkick","JustLucky","ThirdEye","Sucker Punch","Panic Button","Loop","Run Through","SignatureMove","Cleave","REME_TheoryOfElimination","Sucker Punch","ReplayGash","Nirvana","Forethought","REME_Cut","ReplayTheSpireMod:System Scan","Run Through","REME_Repentance","Poisoned Stab","True Grit","BasicCrystalCard","Sanctity","ClearTheMind","SashWhip","FlyingSleeves","Twin Strike","JustLucky","Crystallizer","REME_FirmDetermination","Clothesline","Halt","ReplayTheSpireMod:Shiv Toss","Shrug It Off","PiercingWail","Run Through","Whirlwind","Pummel+1","Streamline","Warcry","EmptyBody","JustLucky+1","Predator","Replay:Vibes","Mind Blast","infinitespire:SevenWalls","Ghostly","Overencumbered","REME_DataAnalysis"],"relics":["PureWater","Frozen Eye","Busted Crown","REME_ComplimentaryCards","Old Coin","Divine Protection","Golden Idol","zeldaRelics:CourageTriforce","Bottled Tornado","conspire:GiftBox","zeldaRelics:WisdomPiece","Ring of Fury","Ring of Panic","Replay:Bottled Steam","infinitespire:Cubic Diamond"],"acts_visited":["Exordium"],"potions_floor_usage":[16],"damage_taken":[{"damage":0,"enemies":"2 Louse","floor":1,"turns":1},{"damage":0,"enemies":"Jaw Worm","floor":6,"turns":1},{"damage":0,"enemies":"Small Slimes","floor":7,"turns":2},{"damage":0,"enemies":"Gremlin Nob","floor":8,"turns":2},{"damage":0,"enemies":"3 Sentries","floor":10,"turns":4},{"damage":0,"enemies":"Exordium Thugs","floor":13,"turns":2},{"damage":38,"enemies":"The Guardian","floor":16,"turns":6}],"seed_played":"-2017110488955187578","potions_obtained":[{"floor":1,"key":"GamblersBrew"},{"floor":7,"key":"LiquidBronze"},{"floor":13,"key":"Energy Potion"}],"is_trial":true,"path_per_floor":["M","?","?","T","?","M","M","E","T","E","?","?","M","?","R","B"],"character_chosen":"IRONCLAD","items_purchased":[],"campfire_rested":0,"item_purchase_floors":[],"current_hp_per_floor":[74,57,31,31,31,37,43,49,49,55,55,55,61,38,38,0,0],"gold":746,"neow_bonus":"","is_daily":false,"chose_seed":false,"campfire_upgraded":0,"win_rate":0.0,"timestamp":1609101404,"path_taken":["M","?","?","?","?","M","?","E","T","E","?","?","?","?","R","BOSS"],"items_purchased_type":[],"build_version":"2020-12-22","purchased_purges":0,"victory":false,"max_hp_per_floor":[75,75,75,75,75,75,75,75,75,75,75,75,75,75,75,75,75],"relic_stats":{"Busted Crown":10,"counters":[7,18],"Golden Idol":29,"obtain_stats":[{"Divine Protection":1,"zeldaRelics:WisdomPiece":10,"Golden Idol":3,"infinitespire:Cubic Diamond":15,"Bottled Tornado":6,"Burning Blood":0,"zeldaRelics:CourageTriforce":9,"Old Coin":0,"Frozen Eye":0,"conspire:GiftBox":7,"Busted Crown":0,"Ring of Fury":11,"zeldaRelics:CouragePiece":4,"Ring of Panic":11,"PureWater":15,"REME_ComplimentaryCards":0,"Replay:Bottled Steam":13},{"Divine Protection":1,"zeldaRelics:WisdomPiece":5,"Golden Idol":1,"infinitespire:Cubic Diamond":6,"Bottled Tornado":2,"Burning Blood":0,"zeldaRelics:CourageTriforce":4,"Old Coin":0,"Frozen Eye":0,"conspire:GiftBox":3,"Busted Crown":0,"Ring of Fury":5,"zeldaRelics:CouragePiece":1,"Ring of Panic":5,"PureWater":6,"REME_ComplimentaryCards":0,"Replay:Bottled Steam":6},{"Divine Protection":1,"zeldaRelics:WisdomPiece":10,"Golden Idol":1,"infinitespire:Cubic Diamond":12,"Bottled Tornado":2,"Burning Blood":0,"zeldaRelics:CourageTriforce":6,"Old Coin":0,"Frozen Eye":0,"conspire:GiftBox":4,"Busted Crown":0,"Ring of Fury":10,"zeldaRelics:CouragePiece":1,"Ring of Panic":10,"PureWater":12,"REME_ComplimentaryCards":0,"Replay:Bottled Steam":12}]},"card_choices":[{"not_picked":["infinitespire:Punishment","infinitespire:FutureSight"],"picked":"infinitespire:SevenWalls","floor":2}],"player_experience":1450169,"relics_obtained":[{"floor":1,"key":"Divine Protection"},{"floor":4,"key":"zeldaRelics:CouragePiece"},{"floor":6,"key":"Bottled Tornado"},{"floor":7,"key":"conspire:GiftBox"},{"floor":8,"key":"zeldaRelics:CouragePiece"},{"floor":9,"key":"zeldaRelics:CouragePiece"},{"floor":10,"key":"zeldaRelics:WisdomPiece"},{"floor":11,"key":"Ring of Fury"},{"floor":11,"key":"Ring of Panic"},{"floor":13,"key":"Replay:Bottled Steam"}],"event_choices":[{"damage_healed":0,"gold_gain":0,"player_choice":"Take Damage","damage_taken":26,"relics_obtained":["Golden Idol"],"max_hp_gain":0,"max_hp_loss":0,"event_name":"Golden Idol","floor":3,"gold_loss":0},{"damage_healed":0,"gold_gain":0,"player_choice":"Argue","damage_taken":0,"max_hp_gain":0,"max_hp_loss":0,"event_name":"conspire:LoneGhost","floor":5,"gold_loss":0},{"damage_healed":0,"gold_gain":0,"player_choice":"1 cards matched","damage_taken":0,"max_hp_gain":0,"max_hp_loss":0,"event_name":"Match and Keep!","floor":12,"gold_loss":0,"cards_obtained":["REME_DataAnalysis"]},{"damage_healed":0,"gold_gain":0,"player_choice":"Entered Light","damage_taken":23,"max_hp_gain":0,"max_hp_loss":0,"event_name":"Shining Light","floor":14,"gold_loss":0,"cards_upgraded":["JustLucky","Pummel"]}],"is_beta":false,"boss_relics":[],"items_purged_floors":[],"is_endless":false,"potions_floor_spawned":[1,7,8,10,13],"killed_by":"The Guardian","ascension_level":20}}