{"host":"szp1d6dso4pv7ddl","time":1609029186,"event":{"mods":["AchievementEnabler","Alarm Clock","BaseMod","Bestiary","Block Reminder","Colored Map","Colored Powertips","Curses Come First","Displayed Cursed Tome","Highlight Path","Minty Spire (QoL Compilation)","Permanent Neow","Quick Restart","Relic Sorter","Relic Stats","StSLib","Synergy Search"],"gold_per_floor":[114,129,129,144,159,189,33,33,33,33,48,78,78,93,93,193,193,208,208,208,108,123,123,123,123],"floor_reached":24,"playtime":1105,"items_purged":["Blood for Blood","Defend_G"],"score":206,"play_id":"2d301734-d013-4a29-8e1e-55c728beef63","local_time":"20201226163306","daily_mods":["Chimera","Red Cards","Lethality"],"is_ascension_mode":false,"campfire_choices":[{"floor":8,"key":"REST"},{"floor":13,"key":"REST"},{"data":"Whirlwind","floor":15,"key":"SMITH"},{"floor":23,"key":"REST"}],"circlet_count":0,"master_deck":["Survivor","Eruption","Strike_G","Strike_B","Defend_P","Power Through+1","ReachHeaven","Whirlwind","TalkToTheHand","Second Wind","SashWhip","Whirlwind+1","Ragnarok","Havoc","ForeignInfluence","SpiritShield","Evaluate"],"relics":["PureWater","Regal Pillow","Question Card","Dead Branch","Empty Cage"],"acts_visited":["Exordium","TheCity"],"potions_floor_usage":[12,16,16],"damage_taken":[{"damage":0.0,"enemies":"2 Louse","floor":1.0,"turns":1.0},{"damage":0.0,"enemies":"Small Slimes","floor":2.0,"turns":2.0},{"damage":0.0,"enemies":"Cultist","floor":4.0,"turns":2.0},{"damage":10,"enemies":"Blue Slaver","floor":5,"turns":4},{"damage":34,"enemies":"Lagavulin","floor":6,"turns":3},{"damage":9,"enemies":"Red Slaver","floor":11,"turns":3},{"damage":9,"enemies":"Gremlin Nob","floor":12,"turns":4},{"damage":0,"enemies":"Exordium Wildlife","floor":14,"turns":2},{"damage":54,"enemies":"Hexaghost","floor":16,"turns":10},{"damage":15,"enemies":"Shell Parasite","floor":18,"turns":6},{"damage":25,"enemies":"2 Thieves","floor":22,"turns":4},{"damage":78,"enemies":"Shelled Parasite and Fungi","floor":24,"turns":3}],"seed_played":"4726349093531193793","potions_obtained":[{"floor":4.0,"key":"CultistPotion"},{"floor":5,"key":"BlessingOfTheForge"},{"floor":6,"key":"BottledMiracle"},{"floor":11,"key":"Strength Potion"},{"floor":18,"key":"EssenceOfSteel"}],"is_trial":false,"path_per_floor":["M","M","?","M","M","E","$","R","T","?","M","E","R","M","R","B",null,"M","?","?","$","M","R","M"],"character_chosen":"WATCHER","items_purchased":["Searing Blow"],"campfire_rested":3,"item_purchase_floors":[7],"current_hp_per_floor":[72,72,58,58,48,14,14,50,50,50,41,32,68,68,68,14,72,57,57,57,57,32,68,0,0],"gold":123,"neow_bonus":"","is_daily":true,"chose_seed":false,"campfire_upgraded":1,"win_rate":0.0,"timestamp":1609029186,"path_taken":["M","M","?","M","M","E","$","R","T","?","?","E","R","M","R","BOSS","M","?","?","$","?","R","M"],"items_purchased_type":["Card"],"build_version":"2020-12-22","purchased_purges":2,"victory":false,"max_hp_per_floor":[72,72,72,72,72,72,72,72,72,72,72,72,72,72,72,72,72,72,72,72,72,72,72,72,72],"relic_stats":{"Regal Pillow":45,"counters":[12,44],"Dead Branch":[19],"Question Card":6,"obtain_stats":[{"Regal Pillow":6,"Dead Branch":12,"PureWater":0,"Question Card":9,"Empty Cage":17},{"Regal Pillow":5,"Dead Branch":7,"PureWater":0,"Question Card":5,"Empty Cage":9},{"Regal Pillow":12,"Dead Branch":19,"PureWater":0,"Question Card":12,"Empty Cage":31}]},"card_choices":[{"not_picked":["Warcry","Armaments"],"picked":"Power Through","floor":1.0},{"not_picked":["ThirdEye","Study"],"picked":"ReachHeaven","floor":2.0},{"not_picked":["Consecrate","Wild Strike"],"picked":"Whirlwind","floor":4.0},{"not_picked":["EmptyFist","Wild Strike"],"picked":"TalkToTheHand","floor":5},{"not_picked":["EmptyBody","Seeing Red"],"picked":"Blood for Blood","floor":6},{"not_picked":["Body Slam","BattleHymn","Protect"],"picked":"Second Wind","floor":11},{"not_picked":["MasterReality","Metallicize","Iron Wave"],"picked":"SashWhip","floor":12},{"not_picked":["Pommel Strike","Pray","Dropkick"],"picked":"Whirlwind","floor":14},{"not_picked":["Alpha","SpiritShield","Impervious"],"picked":"Ragnarok","floor":16},{"not_picked":["Battle Trance+1","Bloodletting","FollowUp+1"],"picked":"Havoc","floor":18},{"not_picked":["MentalFortress","EmptyFist+1","Ghostly Armor+1"],"picked":"Evaluate","floor":22}],"player_experience":1025757,"relics_obtained":[{"floor":6,"key":"Regal Pillow"},{"floor":9,"key":"Question Card"},{"floor":12,"key":"Dead Branch"}],"event_choices":[{"damage_healed":0.0,"max_hp_gain":0.0,"max_hp_loss":0.0,"gold_gain":0.0,"event_name":"Shining Light","player_choice":"Entered Light","floor":3.0,"gold_loss":0.0,"damage_taken":14.0,"cards_upgraded":["Power Through","Bash"]},{"cards_removed":["Zap"],"damage_healed":0,"gold_gain":0,"player_choice":"Offered Basic","damage_taken":0,"max_hp_gain":0,"max_hp_loss":0,"event_name":"Bonfire Elementals","floor":10,"gold_loss":0},{"damage_healed":0,"gold_gain":0,"cards_transformed":["Strike_R","Defend_R"],"player_choice":"Became Test Subject","damage_taken":0,"max_hp_gain":0,"max_hp_loss":0,"event_name":"Drug Dealer","floor":19,"gold_loss":0,"cards_obtained":["Devotion","ForeignInfluence"]},{"damage_healed":0,"gold_gain":0,"cards_transformed":["Devotion"],"player_choice":"Transformed","damage_taken":0,"max_hp_gain":0,"max_hp_loss":0,"event_name":"Transmorgrifier","floor":20,"gold_loss":0,"cards_obtained":["SpiritShield"]}],"is_beta":false,"boss_relics":[{"not_picked":["SlaversCollar","Pandora\u0027s Box"],"picked":"Empty Cage"}],"items_purged_floors":[7,21],"is_endless":false,"potions_floor_spawned":[4,5,6,11,18],"killed_by":"Shelled Parasite and Fungi","ascension_level":0}}