{"host":"zhec3g4cvsmevugl","time":1609079896,"event":{"mods":["BaseMod","BetterRewards","Curses Come First","Minty Spire (QoL Compilation)","Relic Stats","Slay-I","StSLib"],"gold_per_floor":[116,134,134,146,146,146,158,186,186,186,186,205,220,248,248,344,344,354,58,58,58,58,58,58,58,103,114,140,88,88,107,107,206,206,224,224,224,224],"floor_reached":37,"playtime":1393,"items_purged":[],"score":626,"play_id":"9f8b3927-102b-4255-ba70-caf7760bc6b3","local_time":"20201227223816","is_ascension_mode":true,"campfire_choices":[{"data":"Clash","floor":6,"key":"SMITH"},{"floor":10,"key":"REST"},{"floor":15,"key":"REST"},{"data":"Berserk","floor":23,"key":"SMITH"},{"data":"Immolate","floor":25,"key":"SMITH"},{"floor":32,"key":"REST"}],"circlet_count":0,"master_deck":["Strike_R+1","Strike_R+1","Strike_R+1","Strike_R+1","Defend_R+1","Defend_R+1","Defend_R+1","Defend_R+1","Bash","Twin Strike","Inflame","Clash+1","Iron Wave","Shrug It Off","Cleave","Anger","Immolate","Berserk+1","Shrug It Off","Immolate+1","Rage","Shrug It Off+1","Anger","Juggernaut","Barricade","Headbutt+1"],"relics":["Burning Blood","Mummified Hand","Spirit Poop","Regal Pillow","Ancient Tea Set","Darkstone Periapt","Ornamental Fan","Runic Pyramid","Lantern","DollysMirror","Bag of Preparation","Orichalcum","Bottled Flame","Sozu"],"acts_visited":["Exordium","TheCity","TheBeyond"],"potions_floor_usage":[14,16,31,33,33],"damage_taken":[{"damage":24,"enemies":"Cultist","floor":1,"turns":6},{"damage":9,"enemies":"Jaw Worm","floor":2,"turns":5},{"damage":6,"enemies":"2 Louse","floor":4,"turns":3},{"damage":16,"enemies":"Blue Slaver","floor":7,"turns":4},{"damage":21,"enemies":"Lagavulin","floor":8,"turns":5},{"damage":4,"enemies":"2 Fungi Beasts","floor":12,"turns":3},{"damage":6,"enemies":"Looter","floor":13,"turns":2},{"damage":0,"enemies":"Gremlin Nob","floor":14,"turns":2},{"damage":56,"enemies":"The Guardian","floor":16,"turns":9},{"damage":27,"enemies":"Shell Parasite","floor":18,"turns":4},{"damage":3,"enemies":"Spheric Guardian","floor":27,"turns":3},{"damage":11,"enemies":"Slavers","floor":28,"turns":4},{"damage":28,"enemies":"Centurion and Healer","floor":31,"turns":4},{"damage":52,"enemies":"Collector","floor":33,"turns":8},{"damage":12,"enemies":"3 Shapes","floor":35,"turns":3},{"damage":89,"enemies":"Time Eater","floor":37,"turns":5}],"seed_played":"-8107142882414803623","potions_obtained":[{"floor":2,"key":"ElixirPotion"},{"floor":4,"key":"ElixirPotion"},{"floor":13,"key":"Fire Potion"},{"floor":14,"key":"Swift Potion"},{"floor":16,"key":"Regen Potion"},{"floor":18,"key":"FearPotion"},{"floor":27,"key":"Ancient Potion"},{"floor":31,"key":"Explosive Potion"}],"is_trial":false,"path_per_floor":["M","M","?","M","?","R","M","E","T","R","T","M","M","E","R","B",null,"M","$","?","?","?","R","$","R","T","M","E","$","?","M","R","B",null,"M","?","B"],"character_chosen":"IRONCLAD","items_purchased":["Mummified Hand","Lantern","DollysMirror","Anger"],"campfire_rested":3,"item_purchase_floors":[0,19,19,29],"current_hp_per_floor":[36,33,33,33,33,33,23,8,8,47,47,49,49,55,80,30,80,59,59,65,65,65,65,65,65,65,68,63,63,63,46,86,40,86,80,80,0,0],"gold":224,"neow_bonus":"","is_daily":false,"chose_seed":false,"campfire_upgraded":3,"win_rate":0.0,"timestamp":1609079896,"path_taken":["M","M","?","?","?","R","?","E","T","R","?","M","M","E","R","BOSS","M","?","?","?","?","R","$","R","T","?","E","$","?","?","R","BOSS","M","?","BOSS"],"items_purchased_type":["Relic","Relic","Relic","Card"],"build_version":"2020-12-22","purchased_purges":0,"victory":false,"max_hp_per_floor":[80,80,80,80,80,80,80,80,80,80,80,80,80,80,80,80,80,80,80,86,86,86,86,86,86,86,86,86,86,86,86,86,86,86,86,86,86,86],"relic_stats":{"Darkstone Periapt":6,"Sozu":0,"Regal Pillow":31,"counters":[52,223],"Mummified Hand":[38],"Ornamental Fan":[76],"Bag of Preparation":[38],"Orichalcum":[0],"obtain_stats":[{"Darkstone Periapt":11,"Lantern":29,"Regal Pillow":8,"CeramicFish":26,"Vajra":6,"Magic Flower":24,"Spirit Poop":3,"Mango":21,"Bag of Preparation":8,"Ancient Tea Set":3,"Burning Blood":0,"Sozu":34,"Centennial Puzzle":13,"Dream Catcher":0,"HornCleat":24,"Matryoshka":25,"Mummified Hand":21,"DollysMirror":19,"Kunai":12,"InkBottle":10,"Red Skull":12,"Runic Pyramid":17,"Potion Belt":8,"Pear":9,"Happy Flower":26,"Golden Idol":5,"Blue Candle":27,"Eternal Feather":9,"Pen Nib":4,"The Courier":6,"PreservedInsect":22,"Odd Mushroom":10,"Orichalcum":26,"Mercury Hourglass":36,"Peace Pipe":0,"SlaversCollar":17,"CaptainsWheel":27,"Bottled Flame":28,"Ornamental Fan":14,"Mark of Pain":0,"Turnip":10,"Black Star":17,"Art of War":21,"Nloth\u0027s Gift":28,"Champion Belt":22,"Toy Ornithopter":28},{"Darkstone Periapt":41,"Lantern":31,"Regal Pillow":41,"CeramicFish":11,"Vajra":4,"Magic Flower":11,"Spirit Poop":38,"Mango":29,"Bag of Preparation":23,"Ancient Tea Set":20,"Burning Blood":0,"Sozu":50,"Centennial Puzzle":8,"Dream Catcher":14,"HornCleat":11,"Matryoshka":29,"Mummified Hand":29,"DollysMirror":46,"Kunai":18,"InkBottle":7,"Red Skull":8,"Runic Pyramid":45,"Potion Belt":6,"Pear":6,"Happy Flower":29,"Golden Idol":16,"Blue Candle":12,"Eternal Feather":17,"Pen Nib":20,"The Courier":22,"PreservedInsect":29,"Odd Mushroom":18,"Orichalcum":46,"Mercury Hourglass":35,"Peace Pipe":14,"SlaversCollar":28,"CaptainsWheel":12,"Bottled Flame":48,"Ornamental Fan":44,"Mark of Pain":19,"Turnip":24,"Black Star":9,"Art of War":29,"Nloth\u0027s Gift":30,"Champion Belt":10,"Toy Ornithopter":12},{"Darkstone Periapt":176,"Lantern":128,"Regal Pillow":176,"CeramicFish":51,"Vajra":13,"Magic Flower":51,"Spirit Poop":164,"Mango":122,"Bag of Preparation":101,"Ancient Tea Set":92,"Burning Blood":0,"Sozu":215,"Centennial Puzzle":33,"Dream Catcher":65,"HornCleat":51,"Matryoshka":122,"Mummified Hand":122,"DollysMirror":196,"Kunai":88,"InkBottle":30,"Red Skull":33,"Runic Pyramid":192,"Potion Belt":25,"Pear":25,"Happy Flower":122,"Golden Idol":76,"Blue Candle":59,"Eternal Feather":83,"Pen Nib":92,"The Courier":97,"PreservedInsect":122,"Odd Mushroom":88,"Orichalcum":196,"Mercury Hourglass":150,"Peace Pipe":65,"SlaversCollar":118,"CaptainsWheel":59,"Bottled Flame":203,"Ornamental Fan":183,"Mark of Pain":89,"Turnip":104,"Black Star":40,"Art of War":122,"Nloth\u0027s Gift":125,"Champion Belt":45,"Toy Ornithopter":59}],"Burning Blood":290},"card_choices":[{"not_picked":["Havoc","Thunderclap"],"picked":"Twin Strike","floor":1},{"not_picked":["Pommel Strike","Searing Blow"],"picked":"Inflame","floor":2},{"not_picked":["Sword Boomerang","Limit Break"],"picked":"Clash","floor":4},{"not_picked":["Body Slam","Fire Breathing"],"picked":"Iron Wave","floor":7},{"not_picked":["Twin Strike","True Grit"],"picked":"Shrug It Off","floor":8},{"not_picked":["Spot Weakness","Twin Strike"],"picked":"Cleave","floor":12},{"not_picked":["Power Through","Rage"],"picked":"Anger","floor":13},{"not_picked":["Iron Wave","Inflame"],"picked":"Immolate","floor":14},{"not_picked":["Corruption","Exhume"],"picked":"Berserk","floor":16},{"not_picked":["Heavy Blade","Clothesline"],"picked":"Shrug It Off","floor":18},{"not_picked":["Clothesline","Sentinel"],"picked":"Rage","floor":27},{"not_picked":["Entrench","Twin Strike+1"],"picked":"Shrug It Off+1","floor":28},{"not_picked":["Sword Boomerang","Shrug It Off"],"picked":"Juggernaut","floor":31},{"not_picked":["Juggernaut","Double Tap"],"picked":"Barricade","floor":33},{"not_picked":["Iron Wave","Havoc+1"],"picked":"Headbutt+1","floor":35}],"player_experience":181256,"relics_obtained":[{"floor":8,"key":"Regal Pillow"},{"floor":9,"key":"Ancient Tea Set"},{"floor":11,"key":"Darkstone Periapt"},{"floor":14,"key":"Ornamental Fan"},{"floor":26,"key":"Orichalcum"},{"floor":28,"key":"Bottled Flame"}],"event_choices":[{"cards_removed":["Clumsy"],"damage_healed":0,"gold_gain":0,"player_choice":"Offered Curse","damage_taken":0,"relics_obtained":["Spirit Poop"],"max_hp_gain":0,"max_hp_loss":0,"event_name":"Bonfire Elementals","floor":3,"gold_loss":0},{"cards_removed":["Burning Pact"],"damage_healed":0,"gold_gain":0,"player_choice":"Purged","damage_taken":0,"max_hp_gain":0,"max_hp_loss":0,"event_name":"Purifier","floor":5,"gold_loss":0},{"damage_healed":0,"gold_gain":0,"player_choice":"Stole Relic","damage_taken":0,"relics_obtained":["Bag of Preparation"],"max_hp_gain":0,"max_hp_loss":0,"event_name":"Addict","floor":20,"gold_loss":0,"cards_obtained":["Shame"]},{"damage_healed":0,"gold_gain":0,"player_choice":"Ignored","damage_taken":0,"max_hp_gain":0,"max_hp_loss":0,"event_name":"Vampires","floor":21,"gold_loss":0},{"damage_healed":0,"gold_gain":0,"player_choice":"Simplicity","damage_taken":0,"max_hp_gain":0,"max_hp_loss":0,"event_name":"Back to Basics","floor":22,"gold_loss":0,"cards_upgraded":["Strike_R","Strike_R","Strike_R","Strike_R","Defend_R","Defend_R","Defend_R","Defend_R"]},{"cards_removed":["Shame"],"damage_healed":0,"gold_gain":0,"player_choice":"Removed Curses","damage_taken":0,"max_hp_gain":0,"max_hp_loss":0,"event_name":"Fountain of Cleansing","floor":30,"gold_loss":0},{"damage_healed":0,"gold_gain":0,"player_choice":"Took Portal","damage_taken":0,"max_hp_gain":0,"max_hp_loss":0,"event_name":"SecretPortal","floor":36,"gold_loss":0}],"is_beta":false,"boss_relics":[{"not_picked":["Empty Cage","Coffee Dripper"],"picked":"Runic Pyramid"},{"not_picked":["Snecko Eye","Runic Dome"],"picked":"Sozu"}],"items_purged_floors":[],"is_endless":false,"potions_floor_spawned":[2,4,13,14,16,18,27,31],"killed_by":"Time Eater","ascension_level":2}}