{"host":"qj91dvco5uhu9oti","time":1609078162,"event":{"mods":["BaseMod","Colored Map","Keyboard Shortcuts","Minty Spire (QoL Compilation)","Permanent Neow","Relic Stats","StSLib","SuperFastMode","everything is the same but u backflip on backflip"],"gold_per_floor":[119,119,129,129,141,141,151,151,206,23,23,35,35,69,69,69,69],"floor_reached":16,"playtime":448,"items_purged":["Strike_G"],"score":175,"play_id":"1c2e16aa-29a6-483f-ae44-60482a6f467a","local_time":"20201227230922","is_ascension_mode":true,"campfire_choices":[{"data":"Outmaneuver","floor":6,"key":"SMITH"},{"data":"Blade Dance","floor":8,"key":"SMITH"},{"data":"Tactician","floor":13,"key":"SMITH"},{"floor":15,"key":"REST"}],"circlet_count":0,"master_deck":["AscendersBane","Strike_G","Strike_G","Strike_G","Defend_G","Defend_G","Defend_G","Defend_G","Defend_G","Survivor","Neutralize","Blade Dance+1","Underhanded Strike","Outmaneuver+1","Backflip","Finisher","Tactician+1","Dagger Throw"],"relics":["Ring of the Snake","Ancient Tea Set","Strawberry","White Beast Statue"],"acts_visited":["Exordium"],"potions_floor_usage":[],"damage_taken":[{"damage":2,"enemies":"Jaw Worm","floor":1,"turns":7},{"damage":5,"enemies":"Cultist","floor":3,"turns":5},{"damage":0,"enemies":"2 Louse","floor":5,"turns":2},{"damage":0,"enemies":"Exordium Wildlife","floor":7,"turns":5},{"damage":0,"enemies":"2 Fungi Beasts","floor":12,"turns":2},{"damage":36,"enemies":"Lagavulin","floor":14,"turns":7},{"damage":39,"enemies":"The Guardian","floor":16,"turns":14}],"seed_played":"-2367688421111585171","potions_obtained":[{"floor":3,"key":"Ancient Potion"},{"floor":14,"key":"LiquidMemories"}],"is_trial":false,"path_per_floor":["M","?","M","?","M","R","M","R","T","$","?","M","R","E","R","B"],"character_chosen":"THE_SILENT","items_purchased":["Finisher","Tactician"],"campfire_rested":1,"item_purchase_floors":[10,10],"current_hp_per_floor":[57,52,47,52,52,52,52,52,59,59,48,48,48,12,35,0,0],"gold":69,"neow_bonus":"REMOVE_CARD","is_daily":false,"chose_seed":false,"campfire_upgraded":3,"win_rate":0.0,"timestamp":1609078162,"path_taken":["M","?","M","?","M","R","M","R","T","$","?","?","R","E","R","BOSS"],"items_purchased_type":["Card","Card"],"build_version":"2020-12-22","purchased_purges":1,"victory":false,"max_hp_per_floor":[66,66,66,71,71,71,71,71,78,78,78,78,78,78,78,78,78],"relic_stats":{"counters":[7,42],"obtain_stats":[{"Strawberry":9,"Ancient Tea Set":2,"White Beast Statue":14,"Ring of the Snake":0},{"Strawberry":4,"Ancient Tea Set":1,"White Beast Statue":6,"Ring of the Snake":0},{"Strawberry":19,"Ancient Tea Set":7,"White Beast Statue":28,"Ring of the Snake":0}],"Ring of the Snake":[14]},"card_choices":[{"not_picked":["Outmaneuver","Dodge and Roll"],"picked":"Blade Dance","floor":1},{"not_picked":["Deadly Poison","Deflect"],"picked":"Underhanded Strike","floor":3},{"not_picked":["Caltrops","Blur"],"picked":"Outmaneuver","floor":5},{"not_picked":["Masterful Stab","Slice"],"picked":"Backflip","floor":7},{"not_picked":["Deflect","Die Die Die"],"picked":"Dagger Throw","floor":12},{"not_picked":["Underhanded Strike","Bane","Dodge and Roll"],"picked":"SKIP","floor":14}],"player_experience":296926,"relics_obtained":[{"floor":9,"key":"Strawberry"},{"floor":14,"key":"White Beast Statue"}],"event_choices":[{"damage_healed":0,"gold_gain":0,"player_choice":"Success","damage_taken":5,"relics_obtained":["Ancient Tea Set"],"max_hp_gain":0,"max_hp_loss":0,"event_name":"Scrap Ooze","floor":2,"gold_loss":0},{"damage_healed":0,"gold_gain":0,"player_choice":"Donut","damage_taken":0,"max_hp_gain":5,"max_hp_loss":0,"event_name":"Big Fish","floor":4,"gold_loss":0},{"damage_healed":0,"gold_gain":0,"player_choice":"Damaged","damage_taken":11,"max_hp_gain":0,"max_hp_loss":0,"event_name":"Wheel of Change","floor":11,"gold_loss":0}],"is_beta":false,"boss_relics":[],"items_purged_floors":[10],"is_endless":false,"potions_floor_spawned":[3,14],"killed_by":"The Guardian","ascension_level":15}}