{"host":"46hhpd9tbruz5rpt","time":1609068132,"event":{"mods":["BaseMod","Marisa£®ÏF”Í°°ƒß¿Ì…≥£©","Minty Spire (QoL Compilation)","Quick Restart","Replay The Spire","StSLib","The Cursed","The Servant 0.9.4"],"gold_per_floor":[115,115,40,56,56,56,90,108,134,34,34,47,47,57,57,158,158,158,158],"floor_reached":18,"playtime":688,"items_purged":["Strike_MRS","Strike_MRS"],"score":213,"play_id":"59786d0c-6b8d-4818-a078-829d9d4ca96b","local_time":"20201227192212","is_ascension_mode":true,"campfire_choices":[{"data":"SprinkleStarSeal","floor":6.0,"key":"SMITH"},{"data":"6A","floor":11,"key":"SMITH"},{"data":"6A","floor":15,"key":"SMITH"}],"circlet_count":0,"master_deck":["MasterSpark","UpSweep","SprinkleStarSeal+1","6A+1","6A+1","ManaRampage","EnergyRecoil","EnergyFlow","EscapeVelocity","OortCloud"],"relics":["MiniHakkero","Ring of Peace","Happy Flower","ReplayFunnel","Pandora\u0027s Box"],"acts_visited":["Exordium","TheCity"],"potions_floor_usage":[],"damage_taken":[{"damage":0.0,"enemies":"Small Slimes","floor":1.0,"turns":3.0},{"damage":0.0,"enemies":"2 Louse","floor":4.0,"turns":3.0},{"damage":0.0,"enemies":"Lagavulin","floor":7.0,"turns":7.0},{"damage":0,"enemies":"Jaw Worm","floor":8,"turns":4},{"damage":0,"enemies":"Looter","floor":12,"turns":3},{"damage":0,"enemies":"Exordium Thugs","floor":14,"turns":5},{"damage":31,"enemies":"The Guardian","floor":16,"turns":13},{"damage":20,"enemies":"Chosen","floor":18,"turns":5}],"seed_played":"-4803799693566109535","potions_obtained":[{"floor":1.0,"key":"LifebloodPotion"},{"floor":12,"key":"Adrenaline Potion"}],"is_trial":false,"path_per_floor":["M","?","$","M","?","R","E","M","T","$","R","M","?","M","R","B",null,"M"],"character_chosen":"MARISA","items_purchased":[],"campfire_rested":0,"item_purchase_floors":[],"current_hp_per_floor":[75,75,75,75,75,75,75,75,75,75,75,75,75,75,75,44,75,55,55],"gold":158,"neow_bonus":"REMOVE_CARD","is_daily":false,"chose_seed":false,"campfire_upgraded":3,"win_rate":0.0,"timestamp":1609068132,"path_taken":["M","?","$","M","?","R","E","M","T","$","R","M","?","M","R","BOSS","M"],"items_purchased_type":[],"build_version":"2020-12-22","purchased_purges":2,"victory":false,"max_hp_per_floor":[75,75,75,75,75,75,75,75,75,75,75,75,75,75,75,75,75,75,75],"card_choices":[{"not_picked":["DoubleSpark","EnergyRecoil"],"picked":"SprinkleStarSeal","floor":1.0},{"not_picked":["MysteriousBeam","DragonMeteor","AsteroidBelt"],"picked":"SKIP","floor":4.0},{"not_picked":["GalacticHalo","WitchLeyline","Acceleration"],"picked":"SKIP","floor":7.0},{"not_picked":["Singularity","IllusionStar"],"picked":"6A","floor":8},{"not_picked":["GravityBeat","BinaryStars","UnstableBomb"],"picked":"SKIP","floor":12},{"not_picked":["GalacticHalo","PulseMagic"],"picked":"6A","floor":14},{"not_picked":["BlazingStar","CollectingQuirk"],"picked":"ManaRampage","floor":16}],"player_experience":88606,"relics_obtained":[{"floor":2.0,"key":"Ring of Peace"},{"floor":7.0,"key":"Happy Flower"},{"floor":9,"key":"ReplayFunnel"}],"event_choices":[{"cards_removed":["Strike_MRS"],"damage_healed":0.0,"max_hp_gain":0.0,"max_hp_loss":0.0,"gold_gain":0.0,"event_name":"Living Wall","player_choice":"Forget","floor":5.0,"gold_loss":0.0,"damage_taken":0.0},{"damage_healed":0,"gold_gain":0,"player_choice":"Ignored","damage_taken":0,"max_hp_gain":0,"max_hp_loss":0,"event_name":"Liars Game","floor":13,"gold_loss":0}],"is_beta":false,"boss_relics":[{"not_picked":["Cursed Key","Replay:Drink Me"],"picked":"Pandora\u0027s Box"}],"items_purged_floors":[3,10],"is_endless":false,"potions_floor_spawned":[1,12],"killed_by":"Chosen","ascension_level":3}}