{"host":"dhyczjm99amxd3qx","time":1609093163,"event":{"mods":["BaseMod","Colored Map","Googly Eyes","Highlight Path","Minty Spire (QoL Compilation)","Quick Restart","StSLib"],"gold_per_floor":[113,113,129,147,160,193,193,210,210,67,67,85,85,10,10,10,10],"floor_reached":16,"playtime":573,"items_purged":["Strike_B"],"score":102,"play_id":"9395a3db-bd65-43b8-b544-7ddad8830152","local_time":"20201227131923","is_ascension_mode":false,"campfire_choices":[{"data":"Tempest","floor":7,"key":"SMITH"},{"data":"Machine Learning","floor":13,"key":"SMITH"},{"data":"Tempest","floor":15,"key":"SMITH"}],"circlet_count":0,"master_deck":["Strike_B","Strike_B","Defend_B","Defend_B","Defend_B","Zap","Dualcast","Tempest+1","Turbo","Capacitor","Tempest+1","Beam Cell","Machine Learning+1","Defend_R"],"relics":["Cracked Core","Bronze Scales","Matryoshka"],"acts_visited":["Exordium"],"potions_floor_usage":[6],"damage_taken":[{"damage":0.0,"enemies":"Small Slimes","floor":1.0,"turns":3.0},{"damage":0.0,"enemies":"Cultist","floor":3.0,"turns":4.0},{"damage":2.0,"enemies":"Jaw Worm","floor":4.0,"turns":4.0},{"damage":14.0,"enemies":"Exordium Wildlife","floor":5.0,"turns":4.0},{"damage":34,"enemies":"Gremlin Nob","floor":6,"turns":5},{"damage":9,"enemies":"2 Fungi Beasts","floor":8,"turns":2},{"damage":28,"enemies":"Gremlin Gang","floor":12,"turns":3},{"damage":27,"enemies":"Hexaghost","floor":16,"turns":5}],"seed_played":"-1255499850609227044","potions_obtained":[{"floor":5.0,"key":"BlessingOfTheForge"},{"floor":6,"key":"FairyPotion"}],"is_trial":false,"path_per_floor":["M","?","M","M","M","E","R","M","T","$","?","M","R","$","R","B"],"character_chosen":"DEFECT","items_purchased":["Machine Learning"],"campfire_rested":0,"item_purchase_floors":[10],"current_hp_per_floor":[82,82,82,80,66,32,32,23,23,23,23,24,24,24,24,0,0],"gold":10,"neow_bonus":"TEN_PERCENT_HP_BONUS","is_daily":false,"chose_seed":false,"campfire_upgraded":3,"win_rate":0.0,"timestamp":1609093163,"path_taken":["M","?","M","M","M","E","R","M","T","$","?","M","R","$","R","BOSS"],"items_purchased_type":["Card"],"build_version":"2020-12-22","purchased_purges":1,"victory":false,"max_hp_per_floor":[82,82,82,82,82,82,82,82,82,82,82,82,82,82,82,82,82],"card_choices":[{"not_picked":["Coolheaded","Sweeping Beam"],"picked":"Tempest","floor":1.0},{"not_picked":["Gash","Hologram"],"picked":"Turbo","floor":3.0},{"not_picked":["Steam","Leap"],"picked":"Capacitor","floor":4.0},{"not_picked":["Streamline","Stack","Force Field"],"picked":"SKIP","floor":5.0},{"not_picked":["Leap","Streamline"],"picked":"Tempest","floor":6},{"not_picked":["Turbo","Heatsinks"],"picked":"Beam Cell","floor":8},{"not_picked":["Biased Cognition","Turbo","Sweeping Beam"],"picked":"SKIP","floor":12}],"player_experience":97297,"relics_obtained":[{"floor":6,"key":"Bronze Scales"},{"floor":9,"key":"Matryoshka"}],"event_choices":[{"cards_removed":["Strike_B"],"damage_healed":0.0,"max_hp_gain":0.0,"max_hp_loss":0.0,"gold_gain":0.0,"event_name":"Living Wall","player_choice":"Forget","floor":2.0,"gold_loss":0.0,"damage_taken":0.0},{"cards_removed":["Defend_B"],"damage_healed":0,"gold_gain":0,"player_choice":"Took Card","damage_taken":0,"max_hp_gain":0,"max_hp_loss":0,"event_name":"NoteForYourself","floor":11,"gold_loss":0,"cards_obtained":["Defend_R"]}],"is_beta":false,"boss_relics":[],"items_purged_floors":[14],"is_endless":false,"potions_floor_spawned":[5,6],"killed_by":"Hexaghost","ascension_level":0}}