{"host":"dbo0lztt1pyfwysk","time":1609054585,"event":{"mods":["Act Like it!","BaseMod","Conspire","Downfall","Gensokyo","GifTheSpireLib","Hubris","Infinite Spire","KinomotoSakuraMod(????)","Koishi","Luminous","Marisa????????","Minty Spire (QoL Compilation)","Prisma Mod","Remilia??????","Replay The Spire","Shade Mod","Shop Mod","StSLib","The Gatherer"],"gold_per_floor":[113,129,71,102,102,102,27,27,27,27,27,47,58,78,78,177,177,190,130,130,130,130,130,147,159,159,159,179,179,194,211,211,211,211],"floor_reached":33,"playtime":861,"items_purged":["Strike_G","Decay"],"score":419,"play_id":"dc24aa04-be7d-409e-87c4-2440d45b7693","local_time":"20201227083625","is_ascension_mode":true,"campfire_choices":[{"data":"Bouncing Flask","floor":6,"key":"SMITH"},{"data":"Neutralize","floor":8,"key":"SMITH"},{"data":"Noxious Fumes","floor":10,"key":"SMITH"},{"data":"Noxious Fumes","floor":15,"key":"SMITH"},{"floor":23,"key":"REST"},{"floor":27,"key":"REST"},{"data":"Catalyst","floor":29,"key":"SMITH"},{"floor":32,"key":"REST"}],"circlet_count":0,"master_deck":["AscendersBane","Defend_G","Defend_G","Defend_G","Survivor","Neutralize+1","ReplayTheSpireMod:Speed Training","Bouncing Flask+1","Noxious Fumes+1","Noxious Fumes+1","Backstab","Backstab","Corpse Explosion","Decay","Backflip","Catalyst+1"],"relics":["Ring of the Snake","NeowsBlessing","Blue Doll","hubris:CrystalStatue","Kintsugi","hubris:Icosahedron","SlaversCollar","Replay:Lucky Slots","ReplayTheSpireMod:TigerMarble"],"acts_visited":["Exordium","TheCity"],"potions_floor_usage":[14,16,19,25,33,33],"damage_taken":[{"damage":0,"enemies":"Jaw Worm","floor":1,"turns":1},{"damage":0,"enemies":"2 Louse","floor":2,"turns":1},{"damage":0,"enemies":"conspire:MimicChest","floor":4,"turns":1},{"damage":0,"enemies":"Small Slimes","floor":12,"turns":4},{"damage":4,"enemies":"Exordium Thugs","floor":13,"turns":5},{"damage":0,"enemies":"Gremlin Gang","floor":14,"turns":2},{"damage":13,"enemies":"Hexaghost","floor":16,"turns":8},{"damage":11,"enemies":"Chosen","floor":18,"turns":4},{"damage":32,"enemies":"2 Thieves","floor":19,"turns":4},{"damage":14,"enemies":"Snake Plant","floor":24,"turns":5},{"damage":6,"enemies":"Sentry and Sphere","floor":25,"turns":5},{"damage":2,"enemies":"Centurion and Healer","floor":28,"turns":3},{"damage":2,"enemies":"Snecko","floor":30,"turns":3},{"damage":7,"enemies":"Chosen and Byrds","floor":31,"turns":5},{"damage":53,"enemies":"Pondfish","floor":33,"turns":4}],"seed_played":"5405505411311648859","potions_obtained":[{"floor":1,"key":"Strength Potion"},{"floor":12,"key":"Explosive Potion"},{"floor":16,"key":"Venom Potion"},{"floor":18,"key":"sneckomod:MuddlingPotion"},{"floor":24,"key":"Dexterity Potion"},{"floor":31,"key":"Explosive Potion"}],"is_trial":false,"path_per_floor":["M","M","$","?","?","R","$","R","T","R","$","M","M","M","R","B",null,"M","M","?","?","AVR","R","M","M","T","R","M","R","M","M","R","B"],"character_chosen":"THE_SILENT","items_purchased":["Noxious Fumes"],"campfire_rested":3,"item_purchase_floors":[3],"current_hp_per_floor":[63,63,63,63,63,63,63,63,63,63,63,63,59,59,59,46,64,53,21,21,21,21,42,28,22,22,43,41,41,39,32,53,0,0],"gold":211,"neow_bonus":"THREE_ENEMY_KILL","is_daily":false,"chose_seed":false,"campfire_upgraded":5,"win_rate":0.0,"timestamp":1609054585,"path_taken":["M","M","$","?","?","R","$","R","T","R","?","?","M","M","R","BOSS","M","?","?","?","AVR","R","M","M","T","R","?","R","M","M","R","BOSS"],"items_purchased_type":["Card"],"build_version":"2020-12-22","purchased_purges":2,"victory":false,"max_hp_per_floor":[70,70,70,70,70,70,70,70,70,70,70,70,70,70,70,70,70,70,70,70,70,70,70,70,70,70,70,70,70,70,70,70,70,70],"card_choices":[{"not_picked":["hubris:SlightOfHand","Dagger Throw"],"picked":"ReplayTheSpireMod:Speed Training","floor":1},{"not_picked":["Draining Mist","Replay:Poison Smokescreen"],"picked":"Bouncing Flask","floor":2},{"not_picked":["Outmaneuver","Dodge and Roll"],"picked":"Backstab","floor":4},{"not_picked":["Outmaneuver","hubris:SlightOfHand","Acrobatics"],"picked":"SKIP","floor":12},{"not_picked":["Sucker Punch","Quick Slash","ReplayTheSpireMod:Tripwire"],"picked":"SKIP","floor":13},{"not_picked":["PiercingWail","Corpse Explosion"],"picked":"Backstab","floor":14},{"not_picked":["Wraith Form v2","Glass Knife"],"picked":"Corpse Explosion","floor":16},{"not_picked":["Dash","Outmaneuver"],"picked":"Backflip","floor":18},{"not_picked":["Poisoned Stab","Skewer","Well Laid Plans"],"picked":"SKIP","floor":19},{"not_picked":["Poisoned Stab","Skewer","Well Laid Plans"],"picked":"SKIP","floor":19},{"not_picked":["hubris:Sniper","hubris:Counter"],"picked":"Catalyst","floor":24},{"not_picked":["Endless Agony","All Out Attack","hubris:Sniper"],"picked":"SKIP","floor":25},{"not_picked":["Backflip","Flying Knee","Distraction"],"picked":"SKIP","floor":28},{"not_picked":["Sucker Punch","Acrobatics","Draining Mist"],"picked":"SKIP","floor":30},{"not_picked":["Die Die Die","ReplayTheSpireMod:The Works+1","Endless Agony+1"],"picked":"SKIP","floor":31}],"player_experience":615550,"relics_obtained":[{"floor":4,"key":"Blue Doll"},{"floor":9,"key":"hubris:CrystalStatue"},{"floor":26,"key":"ReplayTheSpireMod:TigerMarble"}],"event_choices":[{"damage_healed":0,"gold_gain":0,"player_choice":"Leave","damage_taken":0,"max_hp_gain":0,"max_hp_loss":0,"event_name":"FaceTrader","floor":21,"gold_loss":0}],"is_beta":false,"boss_relics":[{"not_picked":["Abe\u0027s Treasure","conspire:RunicOctahedron"],"picked":"Kintsugi"}],"items_purged_floors":[7,22],"is_endless":false,"potions_floor_spawned":[1,12,16,18,24,31],"killed_by":"Pondfish","ascension_level":12}}