{"host":"27tk4xseidcli2mr","time":1609078019,"event":{"mods":["2.2 Compatiblity","AchievementEnabler","Aspiration","BaseMod","Better Third Choice","Conspire","Custom Start","Hubris","Jorbs\u0027s Wanderer Trilogy","Minty Spire (QoL Compilation)","Replay The Spire","StSLib","SuperFastMode","[IsaacMod]????"],"gold_per_floor":[111,111,129,169,186,186,192,192,192,219,234,265,265,292,292,342,342,352,352,352,364,132,132,132,150,150,181,181,211,221,236,236,310,310,320,220,53,137,137,137,171,191,191,226,226,257,257,276,276,276,276,276],"floor_reached":51,"playtime":2020,"items_purged":["Injury","stsjorbsmod:Amnesia"],"score":1648,"play_id":"8ff7bef2-c9fe-42f7-bc7f-ba66e6a5f140","local_time":"20201227150659","is_ascension_mode":true,"campfire_choices":[{"data":"Spot Weakness","floor":6.0,"key":"SMITH"},{"data":"Replay:Undeath\u0027s Touch","floor":8.0,"key":"SMITH"},{"floor":13.0,"key":"REST"},{"data":"Metallicize","floor":15.0,"key":"SMITH"},{"floor":32.0,"key":"RECALL"},{"data":"Heavy Blade","floor":40.0,"key":"SMITH"},{"data":"Thunderclap","floor":45.0,"key":"SMITH"},{"data":"Pummel","floor":47,"key":"SMITH"},{"floor":49,"key":"REST"}],"circlet_count":0,"master_deck":["AscendersBane","Defend_R","Defend_R","Defend_R","Bash","Spot Weakness+1","hubris:ReadiedAction+1","Dual Wield+1","Metallicize+1","Heavy Blade+1","Replay:Many Hands+1","Demon Form+1","Metallicize+1","Twin Strike","Inflame","Pummel+1","Shrug It Off+1","Thunderclap+1","Limit Break+1","Shame","Thunderclap+1","Iron Wave","conspire:Purge+1"],"relics":["Burning Blood","HushsDoor","NeowsBlessing","Toxic Egg 2","TuHaoJin","Replay:Bottled Steam","hubris:OldNail","CaptainsWheel","Replay:Bottled Flurry","TheBean","MagicMushroom","Guide Book","hubris:Icosahedron","Singing Bowl","Champion Belt","Bottled Lightning","Kintsugi","Brimstone","Pen Nib","hubris:Towel","TungstenRod","hubris:Metronome","Kunai","Onion Ring"],"acts_visited":["Exordium","TheCity","TheBeyond"],"potions_floor_usage":[50],"damage_taken":[{"damage":0.0,"enemies":"Small Slimes","floor":1.0,"turns":1.0},{"damage":0.0,"enemies":"2 Louse","floor":3.0,"turns":1.0},{"damage":0.0,"enemies":"Cultist","floor":5.0,"turns":1.0},{"damage":59.0,"enemies":"3 Sentries","floor":7.0,"turns":8.0},{"damage":39.0,"enemies":"Gremlin Nob","floor":10.0,"turns":4.0},{"damage":23.0,"enemies":"3 Louse","floor":11.0,"turns":5.0},{"damage":7.0,"enemies":"3 Sentries","floor":12.0,"turns":4.0},{"damage":22.0,"enemies":"Replay:BlueRogue","floor":14.0,"turns":6.0},{"damage":11.0,"enemies":"The Guardian","floor":16.0,"turns":11.0},{"damage":3.0,"enemies":"conspire:FuzzyDice","floor":18.0,"turns":7.0},{"damage":0.0,"enemies":"Chosen","floor":21.0,"turns":3.0},{"damage":25.0,"enemies":"Centurion and Healer","floor":25.0,"turns":5.0},{"damage":6.0,"enemies":"Gremlin Leader","floor":27.0,"turns":4.0},{"damage":4.0,"enemies":"conspire:SneckoGhost","floor":29.0,"turns":5.0},{"damage":16.0,"enemies":"Shelled Parasite and Fungi","floor":30.0,"turns":4.0},{"damage":1.0,"enemies":"Sentry and Sphere","floor":31.0,"turns":4.0},{"damage":45.0,"enemies":"conspire:MysteriousRune","floor":33.0,"turns":10.0},{"damage":3.0,"enemies":"3 Shapes","floor":35.0,"turns":12.0},{"damage":1.0,"enemies":"R_Hoarder","floor":41.0,"turns":4.0},{"damage":15.0,"enemies":"3 Darklings","floor":42.0,"turns":3.0},{"damage":0.0,"enemies":"Reptomancer","floor":44.0,"turns":2.0},{"damage":4,"enemies":"Giant Head","floor":46,"turns":4},{"damage":45,"enemies":"4 Shapes","floor":48,"turns":8},{"damage":43,"enemies":"Donu and Deca","floor":50,"turns":6},{"damage":71,"enemies":"conspire:OrnateMirror","floor":51,"turns":1}],"seed_played":"-7023158592835042833","potions_obtained":[{"floor":3.0,"key":"FairyPotion"},{"floor":11.0,"key":"Explosive Potion"},{"floor":12.0,"key":"FearPotion"},{"floor":16.0,"key":"PowerPotion"},{"floor":21.0,"key":"Weak Potion"},{"floor":29.0,"key":"Fire Potion"},{"floor":46,"key":"HeartOfIron"}],"is_trial":false,"path_per_floor":["M","?","M","?","M","R","E","R","T","E","M","E","R","E","R","B",null,"M","?","?","M","$","T","?","M","T","E","?","E","M","M","R","B",null,"M","NS","$","?","?","R","E","M","T","E","R","E","R","M","R","B","B"],"character_chosen":"IRONCLAD","items_purchased":["Metallicize","Guide Book","Brimstone"],"campfire_rested":2,"item_purchase_floors":[17,22,37],"current_hp_per_floor":[74,74,75,60,66,66,13,13,13,28,11,10,32,16,16,11,65,69,69,69,76,76,76,76,58,58,59,59,62,55,63,63,25,66,72,72,72,48,48,48,54,46,46,55,55,60,60,24,50,14,0,0],"gold":276,"neow_bonus":"THREE_ENEMY_KILL","is_daily":false,"chose_seed":false,"campfire_upgraded":6,"win_rate":0.0,"timestamp":1609078019,"path_taken":["M","?","?","?","M","R","E","R","T","E","M","E","R","E","R","BOSS","M","?","?","M","$","?","?","?","T","E","?","E","M","M","R","BOSS","M","NS","$","?","?","R","E","M","T","E","R","E","R","M","R","BOSS","BOSS"],"items_purchased_type":["Card","Relic","Relic"],"build_version":"2020-12-22","purchased_purges":2,"victory":false,"max_hp_per_floor":[75,75,75,75,75,75,75,75,75,75,75,75,75,75,75,75,80,80,80,80,80,80,80,80,80,80,80,80,80,82,84,84,84,79,81,81,81,83,83,83,83,83,83,85,85,87,87,89,89,89,89,89],"card_choices":[{"not_picked":["Body Slam","Perfected Strike"],"picked":"Spot Weakness","floor":1.0},{"not_picked":["Feel No Pain","ReplayTheSpireMod:Corrosion Curse+1"],"picked":"Replay:Undeath\u0027s Touch","floor":3.0},{"not_picked":["Headbutt","Perfected Strike"],"picked":"hubris:ReadiedAction+1","floor":5.0},{"not_picked":["Heavy Blade","Clash"],"picked":"Dual Wield+1","floor":7.0},{"not_picked":["Replay:Undeath\u0027s Touch","Havoc+1"],"picked":"Metallicize","floor":10.0},{"not_picked":["Clash","ReplayTheSpireMod:LeadingStrike"],"picked":"Heavy Blade","floor":11.0},{"not_picked":["Reckless Charge","Ghostly Armor+1"],"picked":"Replay:Many Hands+1","floor":12.0},{"not_picked":["Run Through","Clash"],"picked":"Intimidate+1","floor":14.0},{"not_picked":["Hemogenesis","Berserk"],"picked":"Demon Form","floor":16.0},{"not_picked":["Pommel Strike","Perfected Strike+1"],"picked":"Twin Strike","floor":18.0},{"not_picked":["Power Through+1","Defy Death+1"],"picked":"Inflame","floor":21.0},{"not_picked":["Battle Trance+1","ReplayTheSpireMod:Limb From Limb"],"picked":"Pummel","floor":25.0},{"not_picked":["Intimidate+1","Combust"],"picked":"Shrug It Off+1","floor":27.0},{"not_picked":["hubris:ReadiedAction+1","hubris:StunningStrike"],"picked":"Thunderclap","floor":29.0},{"not_picked":["Twin Strike","ReplayTheSpireMod:Strike From Hell","Defy Death+1"],"picked":"Singing Bowl","floor":30.0},{"not_picked":["Anger+1","Cleave+1","Run Through"],"picked":"Singing Bowl","floor":31.0},{"not_picked":["Bludgeon","Reaper"],"picked":"Limit Break+1","floor":33.0},{"not_picked":["Sword Boomerang+1","Sever Soul","ReplayTheSpireMod:Limb From Limb+1"],"picked":"Singing Bowl","floor":35.0},{"not_picked":["Whirlwind+1","Perfected Strike"],"picked":"Thunderclap+1","floor":38.0},{"not_picked":["Clash","Life Link","ReplayTheSpireMod:Stacked+1"],"picked":"Singing Bowl","floor":38.0},{"not_picked":["Disarm+1","Fire Breathing"],"picked":"Iron Wave","floor":41.0},{"not_picked":["Replay:Undeath\u0027s Touch","Sword Boomerang"],"picked":"conspire:Purge+1","floor":42.0},{"not_picked":["Dropkick","Replay:Undeath\u0027s Touch","Shrug It Off+1"],"picked":"Singing Bowl","floor":44.0},{"not_picked":["Replay:Undeath\u0027s Touch","Demonic Infusion+1","Cleave"],"picked":"Singing Bowl","floor":46},{"not_picked":["Cleave","Perfected Strike+1","Brutality"],"picked":"Singing Bowl","floor":48}],"player_experience":1236680,"relics_obtained":[{"floor":7.0,"key":"Replay:Bottled Steam"},{"floor":9.0,"key":"hubris:OldNail"},{"floor":10.0,"key":"CaptainsWheel"},{"floor":12.0,"key":"Replay:Bottled Flurry"},{"floor":14.0,"key":"TheBean"},{"floor":26.0,"key":"Singing Bowl"},{"floor":27.0,"key":"Champion Belt"},{"floor":29.0,"key":"Bottled Lightning"},{"floor":38.0,"key":"Pen Nib"},{"floor":41.0,"key":"TungstenRod"},{"floor":43.0,"key":"hubris:Metronome"},{"floor":44.0,"key":"Kunai"},{"floor":46,"key":"Onion Ring"}],"event_choices":[{"damage_healed":0.0,"max_hp_gain":0.0,"max_hp_loss":0.0,"gold_gain":0.0,"event_name":"Ghosts","player_choice":"Ignored","floor":19.0,"gold_loss":0.0,"damage_taken":0.0},{"damage_healed":0.0,"max_hp_gain":0.0,"max_hp_loss":0.0,"gold_gain":0.0,"event_name":"Vampires","player_choice":"Ignored","floor":28.0,"gold_loss":0.0,"damage_taken":0.0}],"is_beta":false,"boss_relics":[{"not_picked":["Replay:Grab Bag","Astrolabe"],"picked":"MagicMushroom"},{"not_picked":[]},{"not_picked":["aspiration:SilentSkillbook","Ooze Armor"],"picked":"Kintsugi"},{"not_picked":[]}],"items_purged_floors":[22,34],"is_endless":false,"potions_floor_spawned":[3,11,12,16,21,25,29,30,41,46,48],"killed_by":"conspire:OrnateMirror","ascension_level":20}}