{"host":"a61r67bv2jut9r88","time":1609072181,"event":{"mods":["AchievementEnabler","BaseMod","Marisa£®ÏF”Í°°ƒß¿Ì…≥£©","Minty Spire (QoL Compilation)","Replay The Spire","Shop Mod","StSLib","SuperFastMode","The Bug Knight","The Cursed","The Servant 0.9.4"],"gold_per_floor":[112,127,139,154,79,79,96,96,121,135,165,165,340,365,365,365,365],"floor_reached":16,"playtime":1242,"items_purged":["TheCursedMod:Strike_TheCursed"],"score":112,"play_id":"b4b20058-a99e-4da4-9877-f461641682b4","local_time":"20201227202941","is_ascension_mode":false,"campfire_choices":[{"data":"TheCursedMod:CursedBoomerang","floor":6,"key":"SMITH"},{"floor":12,"key":"REST"},{"floor":15,"key":"REST"}],"circlet_count":0,"master_deck":["TheCursedMod:Strike_TheCursed","TheCursedMod:Strike_TheCursed","TheCursedMod:Strike_TheCursed","TheCursedMod:Defend_TheCursed","TheCursedMod:Defend_TheCursed","TheCursedMod:Defend_TheCursed","TheCursedMod:Defend_TheCursed","TheCursedMod:CursedWand","TheCursedMod:CleanUpWorkshop","TheCursedMod:Dregs","TheCursedMod:CursedBoomerang+1","TheCursedMod:CursedSpellbook","TheCursedMod:SpitefulPray","TheCursedMod:FuryStrike","Doubt","TheCursedMod:CircleOfBlood"],"relics":["TheCursedMod:BlackMagic101","Pen Nib","Blue Doll","Anchor","Replay:Mystery Machine"],"acts_visited":["Exordium"],"potions_floor_usage":[11,11,16],"damage_taken":[{"damage":0,"enemies":"2 Louse","floor":1,"turns":2},{"damage":0,"enemies":"Jaw Worm","floor":2,"turns":3},{"damage":0,"enemies":"Cultist","floor":3,"turns":3},{"damage":6,"enemies":"Large Slime","floor":4,"turns":5},{"damage":0,"enemies":"Red Slaver","floor":7,"turns":5},{"damage":0,"enemies":"Blue Slaver","floor":10,"turns":2},{"damage":31,"enemies":"Gremlin Nob","floor":11,"turns":5},{"damage":13,"enemies":"Lagavulin","floor":14,"turns":5},{"damage":72,"enemies":"The Guardian","floor":16,"turns":13}],"seed_played":"7898907895618661153","potions_obtained":[{"floor":1,"key":"ColorlessPotion"},{"floor":3,"key":"FearPotion"},{"floor":4,"key":"PowerPotion"},{"floor":10,"key":"EssenceOfSteel"}],"is_trial":false,"path_per_floor":["M","M","M","M","$","R","M","?","T","M","E","R","?","E","R","B"],"character_chosen":"THE_CURSED","items_purchased":[],"campfire_rested":2,"item_purchase_floors":[],"current_hp_per_floor":[82,82,82,76,76,76,76,64,64,64,33,57,57,44,68,0,0],"gold":365,"neow_bonus":"TEN_PERCENT_HP_BONUS","is_daily":false,"chose_seed":false,"campfire_upgraded":1,"win_rate":0.0,"timestamp":1609072181,"path_taken":["M","M","M","M","$","R","M","?","T","M","E","R","?","E","R","BOSS"],"items_purchased_type":[],"build_version":"2020-12-22","purchased_purges":1,"victory":false,"max_hp_per_floor":[82,82,82,82,82,82,82,82,82,82,82,82,82,82,82,82,82],"card_choices":[{"not_picked":["TheCursedMod:DoubleShield","TheCursedMod:CircleOfCorruption"],"picked":"TheCursedMod:CursedBoomerang","floor":1},{"not_picked":["TheCursedMod:HellsGateOpen","TheCursedMod:SpitefulStrike"],"picked":"TheCursedMod:CursedSpellbook","floor":2},{"not_picked":["TheCursedMod:Evocation","TheCursedMod:SoulReap"],"picked":"TheCursedMod:SpitefulPray","floor":3},{"not_picked":["TheCursedMod:SpreadPlague","TheCursedMod:Torture","TheCursedMod:RavingStaff"],"picked":"SKIP","floor":4},{"not_picked":["TheCursedMod:StunningStrike","TheCursedMod:Obscuration","TheCursedMod:SpitefulStrike"],"picked":"SKIP","floor":7},{"not_picked":["TheCursedMod:WearCloak","TheCursedMod:SmokeScreen","TheCursedMod:CircleOfAmplification"],"picked":"SKIP","floor":10},{"not_picked":["TheCursedMod:SoulCrush","TheCursedMod:RapidMovement"],"picked":"TheCursedMod:FuryStrike","floor":11},{"not_picked":["TheCursedMod:EmpowerCircles","TheCursedMod:Wield"],"picked":"TheCursedMod:CircleOfBlood","floor":14}],"player_experience":456777,"relics_obtained":[{"floor":9,"key":"Blue Doll"},{"floor":11,"key":"Anchor"},{"floor":14,"key":"Replay:Mystery Machine"}],"event_choices":[{"damage_healed":0,"gold_gain":0,"player_choice":"Success","damage_taken":12,"relics_obtained":["Pen Nib"],"max_hp_gain":0,"max_hp_loss":0,"event_name":"Scrap Ooze","floor":8,"gold_loss":0},{"damage_healed":0,"gold_gain":175,"player_choice":"AGREE","damage_taken":0,"max_hp_gain":0,"max_hp_loss":0,"event_name":"Liars Game","floor":13,"gold_loss":0,"cards_obtained":["Doubt"]}],"is_beta":false,"boss_relics":[],"items_purged_floors":[5],"is_endless":false,"potions_floor_spawned":[1,3,4,10],"killed_by":"The Guardian","ascension_level":0}}