{"host":"eqvoimh73njwfgdh","time":1609081878,"event":{"mods":["AchievementEnabler","BaseMod","Better Altar","Better Match","Better Note","Better Sensory Stone","Better Skull","Better Third Choice","BetterRewards","Colored Powertips","Conspire","Energized Spire","Hubris","Minty Spire (QoL Compilation)","Permanent Neow","Rare Cards Sparkle","Relic Stats","Replay The Spire","Spicy Shops","StSLib","The Animator","The Blue Laboratory","vexMod"],"gold_per_floor":[110,110,110,125,125,157,157,190,272,288,288,288,381,48,48,144,94,114,214,226,226,10,10,47,47,47,57,57,77,52,52,52,153,153,169,129,91,91,110,110,130,142,142,142,169,169,169,181,181,181,181],"floor_reached":50,"playtime":3020,"items_purged":[],"score":593,"play_id":"132fb789-bf08-4c48-8a90-967994b5f495","local_time":"20201227161118","is_ascension_mode":true,"campfire_choices":[{"floor":7,"key":"REST"},{"floor":11,"key":"RECALL"},{"floor":15,"key":"REST"},{"floor":23,"key":"REST"},{"floor":32,"key":"REST"},{"floor":40,"key":"REST"},{"floor":46,"key":"REST"},{"floor":49,"key":"REST"}],"circlet_count":0,"master_deck":["animator:Strike_FullmetalAlchemist+1","animator:Defend_FullmetalAlchemist","animator:Strike","animator:Strike+1","animator:Strike","animator:Defend","animator:Defend","animator:Defend","animator:ElricEdward","animator:ElricAlphonse","animator:Viivi","Bullet Time","animator:Archer","animator:Shinoa","animator:Yoichi","animator:Rena","animator:AcuraAkari+1","animator:SwordMaiden","animator:QuestionMark","animator:Shizu","animator:Strike+1","animator:TanyaDegurechaff","animator:Tatsumaki","animator:Shigure","animator:Biyorigo","animator:Mikaela+1","animator:UneriGinkaku","animator:Tatsumaki+1","animator:GazelDwargon","animator:Shuna","Doubt","animator:Ainz","animator:Gillette+1","animator:WinryRockbell","animator:Emonzaemon+1","animator:UneriGinkaku+1","animator:Shinoa+1","Doubt","animator:Elesis","animator:DolaSchwi"],"relics":["animator:LivingPicture","animator:TheMissingPiece","animator:PurgingStone","MealTicket","hubris:SphereOfDissonance","Red Skull","Snack Pack","hubris:Towel","Ancient Tea Set","Eternal Feather","energizedSpire:HugeHouse","Gremlin Food","animator:WizardHat","MutagenicStrength","hubris:Backtick","Pantograph","Strawberry","Mercury Hourglass","vexMod:FocusSash"],"acts_visited":["Exordium","TheCity","TheBeyond"],"potions_floor_usage":[8,18,18,29,33,42,48,50,50],"damage_taken":[{"damage":1,"enemies":"conspire:RoseBush","floor":1,"turns":3},{"damage":0,"enemies":"2 Louse","floor":4,"turns":3},{"damage":26,"enemies":"Lagavulin","floor":6,"turns":6},{"damage":12,"enemies":"Gremlin Nob","floor":8,"turns":4},{"damage":0,"enemies":"Jaw Worm","floor":10,"turns":1},{"damage":14,"enemies":"Fading Forest","floor":16,"turns":11},{"damage":5,"enemies":"2 Thieves","floor":18,"turns":3},{"damage":12,"enemies":"conspire:FuzzyDice","floor":20,"turns":7},{"damage":24,"enemies":"conspire:SneckoGhost","floor":24,"turns":5},{"damage":25,"enemies":"Snecko","floor":27,"turns":4},{"damage":21,"enemies":"Centurion and Healer","floor":29,"turns":5},{"damage":27,"enemies":"Automaton","floor":33,"turns":11},{"damage":26,"enemies":"Orb Walker","floor":35,"turns":4},{"damage":16,"enemies":"3 Shapes","floor":39,"turns":5},{"damage":50,"enemies":"Transient","floor":41,"turns":5},{"damage":0,"enemies":"Spire Growth","floor":42,"turns":1},{"damage":68,"enemies":"Reptomancer","floor":45,"turns":7},{"damage":23,"enemies":"Maw","floor":48,"turns":8},{"damage":82,"enemies":"Time Eater","floor":50,"turns":8}],"seed_played":"5615428157479951138","potions_obtained":[{"floor":0,"key":"blueLaboratory:ImpenetrablePotion"},{"floor":0,"key":"FairyPotion"},{"floor":0,"key":"blueLaboratory:RecallPotion"},{"floor":1,"key":"DistilledChaos"},{"floor":4,"key":"LifebloodPotion"},{"floor":8,"key":"blueLaboratory:BottleOfVodka"},{"floor":27,"key":"blueLaboratory:LouseDecoction"},{"floor":29,"key":"DistilledChaos"},{"floor":33,"key":"blueLaboratory:LouseDecoction"},{"floor":41,"key":"SmokeBomb"},{"floor":45,"key":"DuplicationPotion"},{"floor":48,"key":"Fire Potion"}],"is_trial":false,"path_per_floor":["M","?","?","M","?","E","R","E","T","M","R","?","?","$","R","B",null,"M","?","M","?","$","R","E","?","T","M","$","M","$","?","R","B",null,"M","?","$","T","M","R","M","M","T","?","E","R","?","M","R","B"],"character_chosen":"THE_ANIMATOR","items_purchased":["Eternal Feather","animator:QuestionMark","animator:Mikaela","Gremlin Food","animator:Shuna","animator:WinryRockbell"],"campfire_rested":7,"item_purchase_floors":[14,14,22,22,30,37],"current_hp_per_floor":[65,48,48,48,48,22,41,29,29,31,31,31,5,20,51,49,61,56,56,48,48,61,61,39,39,39,18,33,16,31,31,61,38,61,37,37,52,59,44,69,19,19,19,69,5,46,46,27,69,0,0],"gold":181,"neow_bonus":"THREE_SMALL_POTIONS","is_daily":false,"chose_seed":false,"campfire_upgraded":0,"win_rate":0.0,"timestamp":1609081878,"path_taken":["M","?","?","?","?","E","R","E","T","M","R","?","?","$","R","BOSS","M","?","?","?","$","R","E","?","T","M","?","?","$","?","R","BOSS","M","?","$","?","M","R","?","M","T","?","E","R","?","M","R","BOSS"],"items_purchased_type":["Relic","Card","Card","Relic","Card","Card"],"build_version":"2020-12-22","purchased_purges":0,"victory":false,"max_hp_per_floor":[66,66,66,66,66,66,66,66,66,66,66,66,66,66,66,66,61,61,61,61,61,61,61,61,61,61,61,61,61,61,61,61,61,61,61,61,61,68,69,69,69,69,69,69,69,69,69,69,69,69,69],"relic_stats":{"counters":[19,101],"Pantograph":0,"MealTicket":73,"Eternal Feather":96,"obtain_stats":[{"Gremlin Food":22,"animator:WizardHat":24,"animator:TheMissingPiece":0,"hubris:SphereOfDissonance":6,"Eternal Feather":14,"vexMod:FocusSash":45,"hubris:Towel":12,"Ancient Tea Set":13,"Mercury Hourglass":43,"hubris:Backtick":34,"animator:PurgingStone":0,"MutagenicStrength":25,"Pantograph":34,"Strawberry":38,"MealTicket":2,"animator:LivingPicture":0,"Snack Pack":9,"energizedSpire:HugeHouse":17,"Red Skull":8},{"Gremlin Food":8,"animator:WizardHat":9,"animator:TheMissingPiece":0,"hubris:SphereOfDissonance":3,"Eternal Feather":5,"vexMod:FocusSash":17,"hubris:Towel":5,"Ancient Tea Set":5,"Mercury Hourglass":16,"hubris:Backtick":12,"animator:PurgingStone":0,"MutagenicStrength":9,"Pantograph":12,"Strawberry":13,"MealTicket":1,"animator:LivingPicture":0,"Snack Pack":4,"energizedSpire:HugeHouse":6,"Red Skull":4},{"Gremlin Food":38,"animator:WizardHat":43,"animator:TheMissingPiece":0,"hubris:SphereOfDissonance":12,"Eternal Feather":17,"vexMod:FocusSash":85,"hubris:Towel":17,"Ancient Tea Set":17,"Mercury Hourglass":78,"hubris:Backtick":63,"animator:PurgingStone":0,"MutagenicStrength":43,"Pantograph":63,"Strawberry":67,"MealTicket":3,"animator:LivingPicture":0,"Snack Pack":16,"energizedSpire:HugeHouse":28,"Red Skull":16}],"Mercury Hourglass":[81]},"card_choices":[{"not_picked":["animator:Demiurge","animator:LeleiLaLalena"],"picked":"animator:Viivi","floor":1},{"not_picked":["animator:Benimaru","animator:DolaRiku"],"picked":"animator:Archer","floor":4},{"not_picked":["animator:Magilou","animator:Canti"],"picked":"animator:Urushihara","floor":5},{"not_picked":["animator:Vanir","animator:CrowleyEusford"],"picked":"animator:Shinoa","floor":6},{"not_picked":["animator:KrulTepes","animator:HiiragiShinya"],"picked":"animator:Yoichi","floor":8},{"not_picked":["animator:Gillette","animator:DolaStephanie"],"picked":"animator:Rena","floor":10},{"not_picked":["animator:ZankiKiguchi","animator:Chris"],"picked":"animator:AcuraAkari","floor":13},{"not_picked":["animator:Assassin","animator:YunYun"],"picked":"animator:SwordMaiden","floor":13},{"not_picked":["animator:Biyorigo","animator:SwordMaiden"],"picked":"animator:Shizu","floor":16},{"not_picked":["animator:Viivi","animator:Gillette"],"picked":"animator:Tatsumaki","floor":18},{"not_picked":["animator:AcuraTooru","animator:Viivi"],"picked":"animator:Shigure","floor":20},{"not_picked":["animator:Vanir","animator:ElricEdward"],"picked":"animator:UneriGinkaku","floor":24},{"not_picked":["animator:Archer","animator:CowGirl"],"picked":"animator:Tatsumaki","floor":27},{"not_picked":["animator:Archer","animator:Azekura"],"picked":"animator:GazelDwargon","floor":29},{"not_picked":["animator:ChaikaTrabant","animator:Father"],"picked":"animator:Ainz","floor":33},{"not_picked":["animator:Rider","animator:Fredrika"],"picked":"animator:Gillette","floor":35},{"not_picked":["animator:Viivi","animator:CrowleyEusford"],"picked":"animator:Emonzaemon+1","floor":39},{"not_picked":["animator:Millim","animator:KyokoSakura+1"],"picked":"animator:UneriGinkaku+1","floor":41},{"not_picked":["animator:FielNirvalen","animator:Emonzaemon+1"],"picked":"animator:Shinoa+1","floor":42},{"not_picked":["animator:AcuraTooru","animator:Kuribayashi"],"picked":"animator:Elesis","floor":45},{"not_picked":["animator:Verdia","animator:Kuribayashi+1"],"picked":"animator:DolaSchwi","floor":48}],"player_experience":108977,"relics_obtained":[{"floor":6,"key":"hubris:SphereOfDissonance"},{"floor":8,"key":"Red Skull"},{"floor":9,"key":"Snack Pack"},{"floor":13,"key":"Ancient Tea Set"},{"floor":24,"key":"animator:WizardHat"},{"floor":38,"key":"Strawberry"},{"floor":43,"key":"Mercury Hourglass"},{"floor":45,"key":"vexMod:FocusSash"}],"event_choices":[{"damage_healed":0,"gold_gain":0,"player_choice":"Got Potions","damage_taken":0,"max_hp_gain":0,"max_hp_loss":0,"event_name":"Lab","floor":3,"gold_loss":0},{"damage_healed":0,"gold_gain":1,"player_choice":"1","damage_taken":0,"max_hp_gain":0,"max_hp_loss":0,"event_name":"betterStone:BetterStone","floor":5,"gold_loss":0},{"damage_healed":0,"gold_gain":100,"player_choice":"Pray","damage_taken":0,"max_hp_gain":0,"max_hp_loss":0,"event_name":"Golden Shrine","floor":19,"gold_loss":0},{"damage_healed":0,"gold_gain":0,"player_choice":"Inject Mutagens","damage_taken":0,"relics_obtained":["MutagenicStrength"],"max_hp_gain":0,"max_hp_loss":0,"event_name":"Drug Dealer","floor":25,"gold_loss":0},{"damage_healed":0,"gold_gain":0,"player_choice":"Upgraded Two","damage_taken":0,"max_hp_gain":0,"max_hp_loss":0,"event_name":"Designer","floor":36,"gold_loss":40,"cards_upgraded":["animator:Gillette","animator:Strike_FullmetalAlchemist"]},{"damage_healed":50,"gold_gain":0,"player_choice":"Heal","damage_taken":0,"max_hp_gain":0,"max_hp_loss":0,"event_name":"MindBloom","floor":44,"gold_loss":0,"cards_obtained":["Doubt"]},{"damage_healed":0,"gold_gain":0,"player_choice":"Leave","damage_taken":0,"max_hp_gain":0,"max_hp_loss":0,"event_name":"conspire:Investor","floor":47,"gold_loss":0}],"is_beta":false,"boss_relics":[{"not_picked":["Replay:Wanted Poster","animator:CursedBlade"],"picked":"energizedSpire:HugeHouse"},{"not_picked":["Coffee Dripper","Replay:Grab Bag"],"picked":"hubris:Backtick"}],"items_purged_floors":[],"is_endless":false,"potions_floor_spawned":[1,4,8,27,29,33,41,45,48],"killed_by":"Time Eater","ascension_level":2}}