{"host":"d50bw6kybq14xu1u","time":1609037468,"event":{"mods":["BaseMod","Colored Map","Colored Powertips","Minty Spire (QoL Compilation)","Quick Restart"],"gold_per_floor":[18,33,43,43,60,92,109,141,219,246,246,266,266,286,286,390,390,408,408,420,420,440,474,474,503,576,576,113,147,147,166,166,263,263,276,288,306,356,356,356,384,0,47,47,80,80,80,98,98,98],"floor_reached":51,"playtime":2091,"items_purged":["Defend_G"],"score":1019,"play_id":"7010b7af-8a7c-4124-9f35-0eaaefe4b89d","local_time":"20201227105108","is_ascension_mode":true,"campfire_choices":[{"data":"1","floor":11,"key":"LIFT"},{"data":"2","floor":13,"key":"LIFT"},{"data":"3","floor":15,"key":"LIFT"},{"data":"Phantasmal Killer","floor":27,"key":"SMITH"},{"data":"Storm of Steel","floor":30,"key":"SMITH"},{"data":"Adrenaline","floor":32,"key":"SMITH"},{"data":"A Thousand Cuts","floor":40,"key":"SMITH"},{"data":"Envenom","floor":47,"key":"SMITH"},{"data":"Infinite Blades","floor":49,"key":"SMITH"}],"circlet_count":0,"master_deck":["Strike_G","Strike_G","Strike_G","Strike_G","Strike_G","Defend_G","Defend_G","Defend_G+1","Defend_G","Survivor","Neutralize","Dagger Throw","Dagger Throw","Dark Shackles","PiercingWail","Prepared+1","Flying Knee","Adrenaline+1","Infinite Blades+1","Slice","Phantasmal Killer+1","Blade Dance","Blade Dance+1","Bandage Up","Storm of Steel+1","Infinite Blades+1","A Thousand Cuts+1","Envenom+1","Accuracy+1"],"relics":["Ring of the Snake","Girya","Pear","Eternal Feather","Unceasing Top","WristBlade","Nloth\u0027s Gift","Nunchaku","Ninja Scroll","Omamori","Sundial","Orichalcum","Medical Kit","War Paint","Calling Bell","Regal Pillow","Kunai","Thread and Needle","Gambling Chip","Bag of Marbles","Red Mask","Snake Skull","Bronze Scales"],"acts_visited":["Exordium","TheCity","TheBeyond"],"potions_floor_usage":[6,10,16,41,50],"damage_taken":[{"damage":5,"enemies":"Jaw Worm","floor":1,"turns":5},{"damage":0,"enemies":"Cultist","floor":2,"turns":4},{"damage":2,"enemies":"2 Louse","floor":3,"turns":3},{"damage":0,"enemies":"Gremlin Gang","floor":5,"turns":4},{"damage":29,"enemies":"Lagavulin","floor":6,"turns":8},{"damage":8,"enemies":"Exordium Wildlife","floor":7,"turns":6},{"damage":19,"enemies":"3 Sentries","floor":8,"turns":10},{"damage":14,"enemies":"Lagavulin","floor":10,"turns":7},{"damage":8,"enemies":"Red Slaver","floor":12,"turns":4},{"damage":0,"enemies":"Lots of Slimes","floor":14,"turns":4},{"damage":7,"enemies":"The Guardian","floor":16,"turns":12},{"damage":0,"enemies":"Chosen","floor":18,"turns":3},{"damage":5,"enemies":"Shell Parasite","floor":20,"turns":3},{"damage":8,"enemies":"Snecko","floor":22,"turns":3},{"damage":15,"enemies":"Book of Stabbing","floor":23,"turns":4},{"damage":0,"enemies":"Gremlin Leader","floor":25,"turns":3},{"damage":0,"enemies":"Book of Stabbing","floor":29,"turns":3},{"damage":2,"enemies":"Cultist and Chosen","floor":31,"turns":2},{"damage":4,"enemies":"Collector","floor":33,"turns":4},{"damage":0,"enemies":"Orb Walker","floor":35,"turns":1},{"damage":18,"enemies":"3 Shapes","floor":36,"turns":3},{"damage":0,"enemies":"Jaw Worm Horde","floor":37,"turns":2},{"damage":0,"enemies":"Mind Bloom Boss Battle","floor":38,"turns":4},{"damage":0,"enemies":"Reptomancer","floor":41,"turns":3},{"damage":0,"enemies":"Giant Head","floor":45,"turns":4},{"damage":0,"enemies":"Transient","floor":48,"turns":5},{"damage":9,"enemies":"Donu and Deca","floor":50,"turns":3}],"seed_played":"-8807620233879792116","potions_obtained":[{"floor":3,"key":"Fire Potion"},{"floor":8,"key":"Weak Potion"},{"floor":10,"key":"PowerPotion"},{"floor":14,"key":"DistilledChaos"},{"floor":16,"key":"SteroidPotion"},{"floor":22,"key":"Ancient Potion"},{"floor":25,"key":"AttackPotion"},{"floor":31,"key":"Regen Potion"},{"floor":38,"key":"Fruit Juice"}],"is_trial":false,"path_per_floor":["M","M","M","?","M","E","M","E","T","E","R","M","R","M","R","B",null,"M","?","M","?","M","E","T","E","T","R","$","E","R","M","R","B",null,"M","M","M","?","?","R","E","?","T","$","E","?","R","M","R","B",null],"character_chosen":"THE_SILENT","items_purchased":["Bandage Up","Orichalcum","Medical Kit"],"campfire_rested":0,"item_purchase_floors":[28,28,28],"current_hp_per_floor":[65,65,63,63,63,44,36,17,17,3,15,7,19,19,31,24,80,80,80,75,69,61,46,46,46,46,58,58,58,73,71,80,76,80,80,62,62,66,80,80,85,85,85,85,85,85,85,85,85,76],"gold":98,"neow_bonus":"ONE_RARE_RELIC","is_daily":false,"chose_seed":false,"campfire_upgraded":6,"win_rate":0.0,"timestamp":1609037468,"path_taken":["M","M","M","?","M","E","M","E","T","E","R","M","R","?","R","BOSS","M","?","?","?","?","E","?","E","T","R","$","E","R","?","R","BOSS","M","?","M","?","?","R","E","?","T","?","E","?","R","?","R","BOSS"],"items_purchased_type":["Card","Relic","Relic"],"build_version":"2020-12-22","purchased_purges":1,"victory":true,"max_hp_per_floor":[70,70,70,70,70,80,80,80,80,80,80,80,80,80,80,80,80,80,80,80,80,80,80,80,80,80,80,80,80,80,80,80,80,80,80,80,80,80,80,80,85,85,85,85,85,85,85,85,85,85],"card_choices":[{"not_picked":["Dodge and Roll","PiercingWail"],"picked":"Dagger Throw","floor":1},{"not_picked":["Endless Agony","Escape Plan","Choke"],"picked":"SKIP","floor":2},{"not_picked":["Dodge and Roll","Masterful Stab"],"picked":"Dagger Throw","floor":3},{"not_picked":["Heel Hook","Escape Plan"],"picked":"PiercingWail","floor":5},{"not_picked":["Outmaneuver","Acrobatics"],"picked":"Prepared","floor":6},{"not_picked":["Escape Plan","Acrobatics"],"picked":"Flying Knee","floor":7},{"not_picked":["Endless Agony","Acrobatics"],"picked":"Adrenaline","floor":8},{"not_picked":["Dodge and Roll","Distraction"],"picked":"Infinite Blades","floor":10},{"not_picked":["Acrobatics","PiercingWail","Dodge and Roll"],"picked":"SKIP","floor":12},{"not_picked":["Poisoned Stab","Escape Plan"],"picked":"Slice","floor":14},{"not_picked":["Venomology","Wraith Form v2"],"picked":"Phantasmal Killer","floor":16},{"not_picked":["Poisoned Stab+1","Quick Slash+1"],"picked":"Blade Dance","floor":18},{"not_picked":["Masterful Stab","Expertise","Blur+1"],"picked":"SKIP","floor":20},{"not_picked":["Leg Sweep","Underhanded Strike+1"],"picked":"Blade Dance+1","floor":22},{"not_picked":["Dodge and Roll","Deadly Poison+1","Venomology"],"picked":"SKIP","floor":23},{"not_picked":["Tactician","PiercingWail","Flying Knee"],"picked":"SKIP","floor":25},{"not_picked":["Terror+1","Burst"],"picked":"Storm of Steel","floor":29},{"not_picked":["PiercingWail+1","Calculated Gamble"],"picked":"Infinite Blades+1","floor":31},{"not_picked":["Burst","After Image"],"picked":"A Thousand Cuts","floor":33},{"not_picked":["Bane","Underhanded Strike","Cloak And Dagger"],"picked":"SKIP","floor":35},{"not_picked":["Endless Agony+1","Riddle With Holes","Acrobatics+1"],"picked":"SKIP","floor":36},{"not_picked":["Footwork+1","Underhanded Strike","Blade Dance"],"picked":"SKIP","floor":37},{"not_picked":["Heel Hook+1","Poisoned Stab+1","Dodge and Roll"],"picked":"SKIP","floor":41},{"not_picked":["Cloak And Dagger+1","Catalyst+1"],"picked":"Envenom","floor":45},{"not_picked":["Dagger Throw","Sucker Punch"],"picked":"Accuracy+1","floor":48}],"player_experience":25997,"relics_obtained":[{"floor":6,"key":"Pear"},{"floor":8,"key":"TungstenRod"},{"floor":9,"key":"Eternal Feather"},{"floor":10,"key":"Unceasing Top"},{"floor":23,"key":"Nunchaku"},{"floor":24,"key":"Ninja Scroll"},{"floor":25,"key":"Omamori"},{"floor":26,"key":"Sundial"},{"floor":29,"key":"War Paint"},{"floor":34,"key":"Regal Pillow"},{"floor":34,"key":"Kunai"},{"floor":34,"key":"Thread and Needle"},{"floor":38,"key":"Gambling Chip"},{"floor":41,"key":"Bag of Marbles"},{"floor":43,"key":"Snake Skull"},{"floor":45,"key":"Bronze Scales"}],"event_choices":[{"damage_healed":0,"gold_gain":0,"player_choice":"1 cards matched","damage_taken":0,"max_hp_gain":0,"max_hp_loss":0,"event_name":"Match and Keep!","floor":4,"gold_loss":0,"cards_obtained":["Dark Shackles"]},{"damage_healed":0,"gold_gain":0,"player_choice":"Traded Relic","damage_taken":0,"relics_obtained":["Nloth\u0027s Gift"],"max_hp_gain":0,"max_hp_loss":0,"event_name":"N\u0027loth","floor":19,"relics_lost":["TungstenRod"],"gold_loss":0},{"damage_healed":0,"gold_gain":0,"player_choice":"","damage_taken":6,"max_hp_gain":0,"max_hp_loss":0,"event_name":"Knowing Skull","floor":21,"potions_obtained":[],"gold_loss":0,"cards_obtained":[]},{"damage_healed":0,"gold_gain":0,"player_choice":"Fight","damage_taken":0,"max_hp_gain":0,"max_hp_loss":0,"event_name":"MindBloom","floor":38,"gold_loss":0},{"damage_healed":20,"gold_gain":0,"player_choice":"Writhe","damage_taken":0,"max_hp_gain":0,"max_hp_loss":0,"event_name":"Winding Halls","floor":39,"gold_loss":0,"cards_obtained":["Writhe"]},{"damage_healed":0,"gold_gain":0,"player_choice":"Paid","damage_taken":0,"relics_obtained":["Red Mask"],"max_hp_gain":0,"max_hp_loss":0,"event_name":"Tomb of Lord Red Mask","floor":42,"gold_loss":384},{"damage_healed":0,"gold_gain":0,"player_choice":"Memory 1","damage_taken":0,"max_hp_gain":0,"max_hp_loss":0,"event_name":"SensoryStone","floor":46,"gold_loss":0}],"is_beta":false,"boss_relics":[{"not_picked":["Fusion Hammer","Coffee Dripper"],"picked":"WristBlade"},{"not_picked":["Busted Crown","Snecko Eye"],"picked":"Calling Bell"}],"items_purged_floors":[28],"is_endless":false,"potions_floor_spawned":[3,8,10,14,16,22,25,29,31,37,38],"ascension_level":2}}