{"host":"a1eatafr7pisesky","time":1609082820,"event":{"mods":["BaseMod","Colored Map","DeckTracker","Highlight Path","Keyboard Shortcuts","Minty Spire (QoL Compilation)","Permanent Neow","Random Character Button","StSLib","SuperFastMode","everything is the same but u backflip on backflip"],"gold_per_floor":[114,130,55,70,83,83,114,128,128,128,28,53,53,73,73,169,169,188,202,215,90,100,100,129,129,129],"floor_reached":25,"playtime":611,"items_purged":["Strike_R","Strike_R","Strike_R"],"score":353,"play_id":"fb8c8c6b-7783-4aa9-a3a8-e2a9bede72e3","local_time":"20201228002700","is_ascension_mode":true,"campfire_choices":[{"data":"Blood for Blood","floor":6.0,"key":"SMITH"},{"data":"1","floor":10.0,"key":"LIFT"},{"data":"2","floor":15.0,"key":"LIFT"},{"floor":23.0,"key":"REST"}],"circlet_count":0,"master_deck":["AscendersBane","Strike_R","Defend_R","Defend_R","Defend_R","Defend_R","Bash","Immolate","Blood for Blood+1","Fire Breathing","Armaments","Warcry","Feed","Power Through","Body Slam","Sentinel+1","Burning Pact"],"relics":["Burning Blood","Shuriken","Girya","Magic Flower","Philosopher\u0027s Stone","Gambling Chip"],"acts_visited":["Exordium","TheCity"],"potions_floor_usage":[],"damage_taken":[{"damage":0.0,"enemies":"2 Louse","floor":1.0,"turns":1.0},{"damage":1.0,"enemies":"Cultist","floor":2.0,"turns":3.0},{"damage":0.0,"enemies":"Small Slimes","floor":4.0,"turns":2.0},{"damage":12.0,"enemies":"Looter","floor":5.0,"turns":3.0},{"damage":34.0,"enemies":"Gremlin Nob","floor":7.0,"turns":4.0},{"damage":1.0,"enemies":"2 Fungi Beasts","floor":8.0,"turns":2.0},{"damage":32.0,"enemies":"Lagavulin","floor":12.0,"turns":5.0},{"damage":0.0,"enemies":"3 Louse","floor":14.0,"turns":1.0},{"damage":18.0,"enemies":"Slime Boss","floor":16.0,"turns":7.0},{"damage":12.0,"enemies":"Chosen","floor":18.0,"turns":4.0},{"damage":19.0,"enemies":"2 Thieves","floor":19.0,"turns":4.0},{"damage":34.0,"enemies":"Centurion and Healer","floor":20.0,"turns":5.0},{"damage":3.0,"enemies":"Sentry and Sphere","floor":22.0,"turns":4.0},{"damage":61.0,"enemies":"Slavers","floor":24.0,"turns":5.0},{"damage":11,"enemies":"Chosen and Byrds","floor":25,"turns":1}],"seed_played":"-8397355255519393609","potions_obtained":[{"floor":2.0,"key":"ColorlessPotion"},{"floor":5.0,"key":"DuplicationPotion"},{"floor":8.0,"key":"Explosive Potion"},{"floor":12.0,"key":"AttackPotion"},{"floor":20.0,"key":"ColorlessPotion"},{"floor":24.0,"key":"Ancient Potion"}],"is_trial":false,"path_per_floor":["M","M","$","M","M","R","E","M","T","R","$","E","?","M","R","B",null,"M","M","M","$","M","R","E","M"],"character_chosen":"IRONCLAD","items_purchased":[],"campfire_rested":1,"item_purchase_floors":[],"current_hp_per_floor":[78,80,80,80,74,74,46,51,51,51,51,25,25,34,34,25,66,63,53,33,33,39,63,11,0,0],"gold":129,"neow_bonus":"ONE_RANDOM_RARE_CARD","is_daily":false,"chose_seed":false,"campfire_upgraded":1,"win_rate":0.0,"timestamp":1609082820,"path_taken":["M","M","$","M","M","R","E","M","T","R","$","E","?","M","R","BOSS","M","?","M","$","M","R","E","M"],"items_purchased_type":[],"build_version":"2020-12-22","purchased_purges":3,"victory":false,"max_hp_per_floor":[80,80,80,80,80,80,80,80,80,80,80,80,80,80,80,80,80,80,80,83,83,83,83,83,83,83],"card_choices":[{"not_picked":["Iron Wave","Dropkick","Clothesline"],"picked":"SKIP","floor":1.0},{"not_picked":["Sword Boomerang","Shrug It Off"],"picked":"Blood for Blood","floor":2.0},{"not_picked":["Wild Strike","Searing Blow"],"picked":"Fire Breathing","floor":4.0},{"not_picked":["Heavy Blade","Iron Wave","Sword Boomerang"],"picked":"SKIP","floor":5.0},{"not_picked":["Metallicize","Perfected Strike"],"picked":"Armaments","floor":7.0},{"not_picked":["Whirlwind","Perfected Strike","Sword Boomerang"],"picked":"SKIP","floor":8.0},{"not_picked":["Reckless Charge","Sentinel"],"picked":"Warcry","floor":12.0},{"not_picked":["Hemokinesis","Warcry","Anger"],"picked":"SKIP","floor":14.0},{"not_picked":["Brutality","Exhume"],"picked":"Feed","floor":16.0},{"not_picked":["Intimidate+1","Hemokinesis+1"],"picked":"Power Through","floor":18.0},{"not_picked":["Combust","Havoc"],"picked":"Body Slam","floor":19.0},{"not_picked":["Seeing Red+1","Body Slam"],"picked":"Sentinel+1","floor":20.0},{"not_picked":["Uppercut+1","Wild Strike+1"],"picked":"Burning Pact","floor":22.0},{"not_picked":["Rupture","Uppercut","Clothesline"],"picked":"SKIP","floor":24.0}],"player_experience":262121,"relics_obtained":[{"floor":7.0,"key":"Shuriken"},{"floor":9.0,"key":"Girya"},{"floor":12.0,"key":"Magic Flower"},{"floor":24.0,"key":"Gambling Chip"}],"event_choices":[{"cards_removed":["Strike_R"],"damage_healed":0.0,"max_hp_gain":0.0,"max_hp_loss":0.0,"gold_gain":0.0,"event_name":"Purifier","player_choice":"Purged","floor":13.0,"gold_loss":0.0,"damage_taken":0.0}],"is_beta":false,"boss_relics":[{"not_picked":["Sozu","Cursed Key"],"picked":"Philosopher\u0027s Stone"}],"items_purged_floors":[3,11,21],"is_endless":false,"potions_floor_spawned":[2,5,8,12,20,24],"killed_by":"Chosen and Byrds","ascension_level":10}}