{"host":"po0gzr6h085cygwo","time":1609071876,"event":{"mods":["AchievementEnabler","BaseMod","Colored Map","DeckTracker","KOR Keyword Fix","Minty Spire (QoL Compilation)","Rare Cards Sparkle","Replay The Spire","StSLib","SuperFastMode","The Cursed"],"gold_per_floor":[114,39,39,55,70,102,102,138,188,188,217,89,118,150,150,233,242,264,273,273,273],"floor_reached":20,"playtime":1234,"items_purged":["Defend_G"],"score":600,"play_id":"b8c204a6-cce2-4eff-86b6-ae72231a2f79","local_time":"20201227212436","daily_mods":["Heirloom","Flight"],"is_ascension_mode":true,"campfire_choices":[{"data":"Replay:Bag of Tricks","floor":7,"key":"SMITH"},{"floor":15,"key":"REST"}],"circlet_count":0,"master_deck":["AscendersBane","Strike_G","Strike_G","Strike_G","Strike_G","Defend_G","Defend_G","Defend_G","Survivor","Neutralize","Terror","Replay:Bag of Tricks+1","Blade Dance","Distraction","Caltrops","ReplayTheSpireMod:Scrap Shanks","Unload","AbeCurse","Cloak And Dagger","Replay:Hysterical Blindness"],"relics":["Ring of the Snake","Durian","ReplayTheSpireMod:Ninjato","CeramicFish","Smiling Mask","Mirror","Happy Flower","Boot","Abe\u0027s Treasure","Ring of Hypnosis","Ring of Fangs"],"acts_visited":["Exordium","TheCity"],"potions_floor_usage":[4,6,16],"damage_taken":[{"damage":4.0,"enemies":"2 Louse","floor":1.0,"turns":4.0},{"damage":3,"enemies":"Jaw Worm","floor":4,"turns":3},{"damage":0,"enemies":"Cultist","floor":5,"turns":3},{"damage":20,"enemies":"3 Sentries","floor":6,"turns":11},{"damage":35,"enemies":"Replay:BlueRogue","floor":8,"turns":4},{"damage":10,"enemies":"3 Louse","floor":11,"turns":2},{"damage":17,"enemies":"3 Sentries","floor":13,"turns":8},{"damage":7,"enemies":"Lagavulin","floor":14,"turns":6},{"damage":4,"enemies":"Hexaghost","floor":16,"turns":7},{"damage":16,"enemies":"2 Thieves","floor":18,"turns":4},{"damage":0,"enemies":"3 Byrds","floor":20,"turns":1}],"seed_played":"-4871346747438680844","potions_obtained":[{"floor":1.0,"key":"CunningPotion"},{"floor":5,"key":"SkillPotion"},{"floor":14,"key":"Languid Potion"},{"floor":18,"key":"Poison Potion"}],"is_trial":true,"path_per_floor":["M","?","?","M","M","E","R","E","T","?","M","$","E","E","R","B",null,"M","?","M"],"character_chosen":"THE_SILENT","items_purchased":["ReplayTheSpireMod:Scrap Shanks"],"campfire_rested":1,"item_purchase_floors":[12],"current_hp_per_floor":[60,60,60,57,57,37,37,52,52,47,37,37,20,13,34,30,61,45,45,45,45],"gold":273,"neow_bonus":"","is_daily":false,"chose_seed":false,"campfire_upgraded":1,"win_rate":0.0,"timestamp":1609071876,"path_taken":["M","?","WH","M","?","E","R","E","T","?","M","$","E","E","R","BOSS","M","?","M"],"items_purchased_type":["Card"],"build_version":"2020-12-22","purchased_purges":1,"victory":false,"max_hp_per_floor":[71,71,71,71,71,71,71,71,71,71,71,71,71,71,71,71,71,71,71,71,71],"card_choices":[{"not_picked":["All Out Attack","Dodge and Roll"],"picked":"Terror","floor":1.0},{"not_picked":["Predator","Underhanded Strike","Deflect"],"picked":"SKIP","floor":4},{"not_picked":["Distraction","Hidden Blade"],"picked":"Replay:Bag of Tricks","floor":5},{"not_picked":["Sucker Punch","Deadly Poison"],"picked":"Blade Dance","floor":6},{"not_picked":["Acrobatics","Tactician"],"picked":"Distraction","floor":8},{"not_picked":["Deflect","Prepared"],"picked":"Caltrops","floor":11},{"not_picked":["Flying Knee","Bane","Deflect"],"picked":"SKIP","floor":13},{"not_picked":["Endless Agony","Prepared","Caltrops"],"picked":"SKIP","floor":14},{"not_picked":["Replay:Bag of Tricks","Glass Knife"],"picked":"Unload","floor":16},{"not_picked":["Dodge and Roll+1","Poisoned Stab"],"picked":"Cloak And Dagger","floor":18}],"player_experience":57411,"relics_obtained":[{"floor":6,"key":"ReplayTheSpireMod:Ninjato"},{"floor":8,"key":"CeramicFish"},{"floor":9,"key":"Smiling Mask"},{"floor":13,"key":"Happy Flower"},{"floor":14,"key":"Boot"},{"floor":19,"key":"Ring of Hypnosis"},{"floor":19,"key":"Ring of Fangs"}],"event_choices":[{"cards_removed":["Strike_G"],"damage_healed":0.0,"max_hp_gain":0.0,"max_hp_loss":0.0,"gold_gain":0.0,"event_name":"The Cleric","player_choice":"Card Removal","floor":2.0,"gold_loss":75.0,"damage_taken":0.0},{"cards_removed":["Defend_G"],"damage_healed":0,"gold_gain":0,"player_choice":"Offered Basic","damage_taken":0,"max_hp_gain":0,"max_hp_loss":0,"event_name":"Bonfire Elementals","floor":3,"gold_loss":0},{"damage_healed":0,"gold_gain":0,"player_choice":"Success","damage_taken":5,"relics_obtained":["Mirror"],"max_hp_gain":0,"max_hp_loss":0,"event_name":"Scrap Ooze","floor":10,"gold_loss":0}],"is_beta":false,"boss_relics":[{"not_picked":["Astrolabe","Philosopher\u0027s Stone"],"picked":"Abe\u0027s Treasure"}],"items_purged_floors":[12],"is_endless":true,"potions_floor_spawned":[1,5,14,18],"killed_by":"3 Byrds","ascension_level":20}}