{"host":"f1miojwxaupu79sp","time":1609070847,"event":{"mods":["BaseMod","Better Vampires","Minty Spire (QoL Compilation)","Shop Mod"],"gold_per_floor":[119,119,119,140,140,140,183,183,230,273,273,291,316,2,2,92,392,406,429,429,454,114,114,155,175,201,244,41,41,59,79,79,172,172,188,203,264,597,616,646,646,657,657,216,41,41,41,59,59,59],"floor_reached":51,"playtime":8012,"items_purged":["Strike_G","Strike_G","Strike_G","Strike_G+1","Defend_G"],"score":1221,"play_id":"a60d138d-4341-44f4-b8d9-2c870b3f4ba9","local_time":"20201227070727","is_ascension_mode":true,"campfire_choices":[{"data":"Footwork","floor":6,"key":"SMITH"},{"data":"Noxious Fumes","floor":8,"key":"SMITH"},{"data":"Footwork","floor":15,"key":"SMITH"},{"data":"Deadly Poison","floor":23,"key":"SMITH"},{"data":"Crippling Poison","floor":29,"key":"SMITH"},{"floor":32,"key":"REST"},{"data":"Tools of the Trade","floor":41,"key":"SMITH"},{"data":"Blur","floor":47,"key":"SMITH"},{"data":"A Thousand Cuts","floor":49,"key":"SMITH"}],"circlet_count":0,"master_deck":["AscendersBane","Defend_G","Defend_G","Defend_G","Survivor+1","Neutralize","Noxious Fumes+1","Footwork+1","Escape Plan","Poisoned Stab","Crippling Poison+1","Footwork+1","Corpse Explosion+1","CurseOfTheBell","Leg Sweep","Deadly Poison+1","Unload","Backstab+1","Escape Plan","Caltrops","Blur+1","Tools of the Trade+1","Escape Plan","Deflect","Backflip","Sucker Punch","A Thousand Cuts+1"],"relics":["Ring of the Snake","NeowsBlessing","Thread and Needle","Vajra","MealTicket","Mercury Hourglass","Calling Bell","Dream Catcher","Paper Crane","Old Coin","Mummified Hand","Darkstone Periapt","Oddly Smooth Stone","White Beast Statue","Black Star","WingedGreaves","Bottled Tornado","Whetstone","Question Card","Tough Bandages"],"acts_visited":["Exordium","TheCity","TheBeyond"],"potions_floor_usage":[10,16,16,24,27,33,37,39,40,50],"damage_taken":[{"damage":0,"enemies":"2 Louse","floor":1,"turns":1},{"damage":0,"enemies":"Small Slimes","floor":4,"turns":1},{"damage":0,"enemies":"Lagavulin","floor":7,"turns":1},{"damage":6,"enemies":"Gremlin Nob","floor":10,"turns":6},{"damage":0,"enemies":"Cultist","floor":12,"turns":4},{"damage":0,"enemies":"Exordium Wildlife","floor":13,"turns":4},{"damage":4,"enemies":"The Guardian","floor":16,"turns":9},{"damage":0,"enemies":"3 Byrds","floor":18,"turns":3},{"damage":0,"enemies":"Spheric Guardian","floor":19,"turns":6},{"damage":8,"enemies":"Snake Plant","floor":21,"turns":5},{"damage":3,"enemies":"Book of Stabbing","floor":24,"turns":6},{"damage":24,"enemies":"Shelled Parasite and Fungi","floor":25,"turns":6},{"damage":16,"enemies":"Slavers","floor":27,"turns":4},{"damage":4,"enemies":"Centurion and Healer","floor":30,"turns":3},{"damage":20,"enemies":"Snake Plant","floor":31,"turns":4},{"damage":24,"enemies":"Automaton","floor":33,"turns":10},{"damage":0,"enemies":"3 Darklings","floor":35,"turns":4},{"damage":0,"enemies":"3 Shapes","floor":36,"turns":4},{"damage":0,"enemies":"2 Orb Walkers","floor":37,"turns":3},{"damage":0,"enemies":"Transient","floor":39,"turns":5},{"damage":11,"enemies":"Giant Head","floor":40,"turns":11},{"damage":6,"enemies":"Spire Growth","floor":42,"turns":6},{"damage":5,"enemies":"Sphere and 2 Shapes","floor":48,"turns":6},{"damage":11,"enemies":"Donu and Deca","floor":50,"turns":9}],"seed_played":"4946660496540383074","potions_obtained":[{"floor":1,"key":"Ancient Potion"},{"floor":7,"key":"LiquidMemories"},{"floor":13,"key":"Explosive Potion"},{"floor":18,"key":"Dexterity Potion"},{"floor":19,"key":"CunningPotion"},{"floor":30,"key":"Fire Potion"},{"floor":31,"key":"SneckoOil"},{"floor":33,"key":"Swift Potion"},{"floor":35,"key":"FearPotion"},{"floor":36,"key":"DistilledChaos"},{"floor":37,"key":"DuplicationPotion"},{"floor":39,"key":"Explosive Potion"},{"floor":40,"key":"Explosive Potion"},{"floor":42,"key":"Energy Potion"}],"is_trial":false,"path_per_floor":["M","?","?","M","?","R","E","R","T","E","?","M","M","$","R","B",null,"M","M","?","M","$","R","E","M","T","E","$","R","M","M","R","B",null,"M","M","?","?","M","E","R","M","T","$","$","?","R","M","R","B",null],"character_chosen":"THE_SILENT","items_purchased":["Mercury Hourglass","Mummified Hand","Escape Plan","Tough Bandages"],"campfire_rested":1,"item_purchase_floors":[14,22,28,44],"current_hp_per_floor":[63,49,49,49,49,49,49,49,49,43,43,43,43,58,58,54,62,62,62,62,54,65,65,62,38,38,22,37,37,33,13,32,8,51,51,51,51,51,51,40,40,34,34,49,64,64,64,59,59,48],"gold":59,"neow_bonus":"THREE_ENEMY_KILL","is_daily":false,"chose_seed":false,"campfire_upgraded":8,"win_rate":0.0,"timestamp":1609070847,"path_taken":["M","?","?","M","?","R","E","R","T","E","?","M","M","$","R","BOSS","M","M","?","M","$","R","E","?","T","E","$","R","M","M","R","BOSS","M","M","?","?","M","E","R","M","T","$","$","?","R","?","R","BOSS"],"items_purchased_type":["Relic","Relic","Card","Relic"],"build_version":"2020-12-22","purchased_purges":5,"victory":true,"max_hp_per_floor":[70,70,65,65,65,65,65,65,65,65,65,65,65,65,65,65,65,65,65,65,65,65,65,65,65,65,65,65,65,65,65,65,65,65,65,65,65,65,65,65,65,65,65,65,65,65,65,65,65,65],"card_choices":[{"not_picked":["Riddle With Holes","Choke"],"picked":"Noxious Fumes","floor":1},{"not_picked":["Prepared","Infinite Blades"],"picked":"Footwork","floor":4},{"not_picked":["Storm of Steel","Choke"],"picked":"Escape Plan","floor":7},{"not_picked":["Blade Dance","Concentrate"],"picked":"Poisoned Stab","floor":10},{"not_picked":["Cloak And Dagger","Sucker Punch"],"picked":"Crippling Poison","floor":12},{"not_picked":["Acrobatics","Dodge and Roll"],"picked":"Footwork","floor":13},{"not_picked":["Burst","After Image"],"picked":"Corpse Explosion","floor":16},{"not_picked":["Cloak And Dagger","Finisher"],"picked":"Leg Sweep","floor":18},{"not_picked":["Accuracy","Prepared"],"picked":"Deadly Poison","floor":19},{"not_picked":["Quick Slash","Backflip"],"picked":"Unload","floor":21},{"not_picked":["Slice","Concentrate","Expertise"],"picked":"SKIP","floor":24},{"not_picked":["Prepared","All Out Attack","PiercingWail"],"picked":"SKIP","floor":25},{"not_picked":["Distraction","Acrobatics+1"],"picked":"Backstab","floor":27},{"not_picked":["Blade Dance","Quick Slash","Dagger Spray"],"picked":"SKIP","floor":30},{"not_picked":["Flying Knee","Slice"],"picked":"Caltrops","floor":31},{"not_picked":["Underhanded Strike","Bane"],"picked":"Blur","floor":32},{"not_picked":["Corpse Explosion","Doppelganger"],"picked":"Tools of the Trade","floor":33},{"not_picked":["Prepared+1","PiercingWail+1","Heel Hook"],"picked":"SKIP","floor":35},{"not_picked":["Backflip","Dagger Spray","Flechettes"],"picked":"SKIP","floor":36},{"not_picked":["Dagger Spray","Outmaneuver"],"picked":"Escape Plan","floor":39},{"not_picked":["All Out Attack","Backflip"],"picked":"Deflect","floor":40},{"not_picked":["Acrobatics+1","Finisher+1"],"picked":"Backflip","floor":42},{"not_picked":["Terror","Dodge and Roll","Accuracy+1"],"picked":"A Thousand Cuts","floor":48}],"player_experience":869217,"relics_obtained":[{"floor":7,"key":"Thread and Needle"},{"floor":9,"key":"Vajra"},{"floor":10,"key":"MealTicket"},{"floor":17,"key":"Dream Catcher"},{"floor":17,"key":"Paper Crane"},{"floor":17,"key":"Old Coin"},{"floor":24,"key":"Darkstone Periapt"},{"floor":26,"key":"Oddly Smooth Stone"},{"floor":27,"key":"White Beast Statue"},{"floor":37,"key":"WingedGreaves"},{"floor":40,"key":"Bottled Tornado"},{"floor":40,"key":"Whetstone"},{"floor":43,"key":"Question Card"}],"event_choices":[{"damage_healed":0,"gold_gain":0,"player_choice":"Entered Light","damage_taken":14,"max_hp_gain":0,"max_hp_loss":0,"event_name":"Shining Light","floor":2,"gold_loss":0,"cards_upgraded":["Survivor","Strike_G"]},{"damage_healed":0,"gold_gain":0,"player_choice":"Lose Max HP","damage_taken":0,"relics_obtained":["Golden Idol"],"max_hp_gain":0,"max_hp_loss":5,"event_name":"Golden Idol","floor":3,"gold_loss":0},{"cards_removed":["Strike_G"],"damage_healed":0,"gold_gain":0,"player_choice":"Forget","damage_taken":0,"max_hp_gain":0,"max_hp_loss":0,"event_name":"Living Wall","floor":5,"gold_loss":0},{"damage_healed":0,"gold_gain":0,"player_choice":"Ignored","damage_taken":0,"max_hp_gain":0,"max_hp_loss":0,"event_name":"Liars Game","floor":11,"gold_loss":0},{"damage_healed":0,"gold_gain":0,"player_choice":"Upgraded","damage_taken":0,"max_hp_gain":0,"max_hp_loss":0,"event_name":"Upgrade Shrine","floor":20,"gold_loss":0,"cards_upgraded":["Corpse Explosion"]},{"damage_healed":0,"gold_gain":0,"player_choice":"Fight","damage_taken":0,"max_hp_gain":0,"max_hp_loss":0,"event_name":"Mysterious Sphere","floor":37,"gold_loss":0},{"damage_healed":0,"gold_gain":333,"player_choice":"Gave Idol","damage_taken":0,"max_hp_gain":0,"max_hp_loss":0,"event_name":"The Moai Head","floor":38,"relics_lost":["Golden Idol"],"gold_loss":0},{"damage_healed":0,"gold_gain":0,"cards_transformed":["Defend_G"],"player_choice":"Transformed","damage_taken":0,"max_hp_gain":0,"max_hp_loss":0,"event_name":"Transmorgrifier","floor":46,"gold_loss":0,"cards_obtained":["Sucker Punch"]}],"is_beta":false,"boss_relics":[{"not_picked":["Snecko Eye","Pandora\u0027s Box"],"picked":"Calling Bell"},{"not_picked":["Astrolabe","Coffee Dripper"],"picked":"Black Star"}],"items_purged_floors":[14,22,28,44,45],"is_endless":false,"potions_floor_spawned":[1,7,13,18,19,30,31,33,35,36,37,39,40,42,48],"ascension_level":13}}