{"host":"nljp4tk11zt4gqcq","time":1609070725,"event":{"mods":["2.2 Compatiblity","Bard","BaseMod","Beaked The Cultist","Better Third Choice","Conspire","Downfall","Friendly Minions","Hermit","Hubris","Jorbs\u0027s Wanderer Trilogy","Minty Spire (QoL Compilation)","Rare Cards Sparkle","Relic Stats","Replay The Spire","Robot Space Explorer","Spicy Shops","StSLib","The Bladedancer","The Construct","The Cursed","The Disciple","The Forsaken","The Hierophant","The Jungle","The Runesmith","The Servant 0.9.4","UnlockEverythingMod"],"gold_per_floor":[113,113,127,141,141,141,141,141,141,141,211,266,266,289,289,413,413,437,461,399,399,412,412,412],"floor_reached":23,"playtime":3312,"items_purged":[],"score":179,"play_id":"aab636b0-efa2-4601-bda7-ee84d1396807","local_time":"20201227040525","is_ascension_mode":false,"campfire_choices":[{"floor":6,"key":"REST"},{"floor":8,"key":"REST"},{"data":"KidneyShot","floor":10,"key":"SMITH"},{"data":"Hightail","floor":13,"key":"SMITH"},{"data":"Potential","floor":15,"key":"SMITH"}],"circlet_count":0,"master_deck":["Strike_S","Strike_S","Strike_S","Strike_S","Defend_S","Defend_S","Defend_S","Defend_S","KidneyShot+1","Exchange","Potential+1","KidneyShot","Alleviate","Hightail+1","BottledTime","RealityMarble","Rearm","Initiator","Foresight","Shuttle+1","Luminosity"],"relics":["Uniform","Golden Idol","Regal Pillow","Blood Vial","Oddly Smooth Stone","Honey Jar","Akabeko"],"acts_visited":["Exordium","TheCity"],"potions_floor_usage":[16,16,18,22,23],"damage_taken":[{"damage":0,"enemies":"Cultist","floor":1,"turns":4},{"damage":11,"enemies":"conspire:RoseBush","floor":3,"turns":4},{"damage":14,"enemies":"Small Slimes","floor":4,"turns":4},{"damage":7,"enemies":"3 Sentries","floor":11,"turns":15},{"damage":0,"enemies":"Looter","floor":14,"turns":3},{"damage":15,"enemies":"Hexaghost","floor":16,"turns":19},{"damage":24,"enemies":"Shell Parasite","floor":18,"turns":5},{"damage":25,"enemies":"3 Byrds","floor":19,"turns":6},{"damage":22,"enemies":"Shelled Parasite and Fungi","floor":22,"turns":4},{"damage":40,"enemies":"Slavers","floor":23,"turns":3}],"seed_played":"8669025957119945946","potions_obtained":[{"floor":3,"key":"AttackPotion"},{"floor":11,"key":"SkillPotion"},{"floor":14,"key":"Fire Potion"},{"floor":19,"key":"construct:ShiftPotion"},{"floor":22,"key":"PowerPotion"}],"is_trial":false,"path_per_floor":["M","?","M","M","?","R","?","R","T","R","?","T","R","M","R","B",null,"M","M","?","?","M","E"],"character_chosen":"THE_SERVANT","items_purchased":[],"campfire_rested":2,"item_purchase_floors":[],"current_hp_per_floor":[59,59,48,34,34,57,57,77,77,77,70,70,70,72,72,59,77,53,30,50,50,30,0,0],"gold":412,"neow_bonus":"TWENTY_PERCENT_HP_BONUS","is_daily":false,"chose_seed":false,"campfire_upgraded":3,"win_rate":0.0,"timestamp":1609070725,"path_taken":["M","?","?","M","?","R","?","R","T","R","?","?","R","?","R","BOSS","M","M","?","?","?","E"],"items_purchased_type":[],"build_version":"2020-12-22","purchased_purges":0,"victory":false,"max_hp_per_floor":[77,77,77,77,77,77,77,77,77,77,77,77,77,77,77,77,77,77,77,77,77,77,77,77],"relic_stats":{"Blood Vial":10,"Regal Pillow":0,"counters":[10,67],"Golden Idol":51,"obtain_stats":[{"Blood Vial":11,"Regal Pillow":9,"Golden Idol":5,"Oddly Smooth Stone":12,"Honey Jar":17,"Uniform":0,"Akabeko":21},{"Blood Vial":4,"Regal Pillow":3,"Golden Idol":3,"Oddly Smooth Stone":4,"Honey Jar":6,"Uniform":0,"Akabeko":8},{"Blood Vial":27,"Regal Pillow":12,"Golden Idol":12,"Oddly Smooth Stone":27,"Honey Jar":49,"Uniform":0,"Akabeko":60}]},"card_choices":[{"not_picked":["Unruled","DoubleEdge"],"picked":"Potential","floor":1},{"not_picked":["Advance","FastForward"],"picked":"Hightail","floor":3},{"not_picked":["ReturningBlade","WasteNot"],"picked":"BottledTime","floor":4},{"not_picked":["Replace","Hightail"],"picked":"RealityMarble","floor":11},{"not_picked":["DoubleEdge","Rewind"],"picked":"Rearm","floor":14},{"not_picked":["LightFlow","FloweringNight"],"picked":"Initiator","floor":16},{"not_picked":["ShatteredReality","Hightail","FastForward"],"picked":"Foresight","floor":18},{"not_picked":["BottledTime","Barrier","Rewind+1"],"picked":"Shuttle+1","floor":19},{"not_picked":["BottledTime","Potential","Spin"],"picked":"Luminosity","floor":22}],"player_experience":273871,"relics_obtained":[{"floor":9,"key":"Regal Pillow"},{"floor":11,"key":"Blood Vial"},{"floor":12,"key":"Oddly Smooth Stone"},{"floor":21,"key":"Akabeko"}],"event_choices":[{"damage_healed":0,"gold_gain":0,"player_choice":"2 cards matched","damage_taken":0,"max_hp_gain":0,"max_hp_loss":0,"event_name":"Match and Keep!","floor":2,"gold_loss":0,"cards_obtained":["KidneyShot","Alleviate"]},{"damage_healed":0,"gold_gain":0,"player_choice":"Take Wound","damage_taken":0,"relics_obtained":["Golden Idol"],"max_hp_gain":0,"max_hp_loss":0,"event_name":"Golden Idol","floor":5,"gold_loss":0,"cards_obtained":["Injury"]},{"cards_removed":["Injury"],"damage_healed":0,"gold_gain":0,"player_choice":"Forget","damage_taken":0,"max_hp_gain":0,"max_hp_loss":0,"event_name":"Living Wall","floor":7,"gold_loss":0},{"damage_healed":0,"gold_gain":30,"player_choice":"Searched \u00273\u0027 times","damage_taken":0,"max_hp_gain":0,"max_hp_loss":0,"event_name":"Dead Adventurer","floor":11,"gold_loss":0},{"damage_healed":0,"gold_gain":0,"player_choice":"Relic","damage_taken":0,"max_hp_gain":0,"max_hp_loss":0,"event_name":"Wheel of Change","floor":21,"gold_loss":0}],"is_beta":false,"boss_relics":[{"not_picked":["hubris:TerracottaHorce","Replay:Bronze Core"],"picked":"Honey Jar"}],"items_purged_floors":[],"is_endless":false,"potions_floor_spawned":[3,11,14,19,22],"killed_by":"Slavers","ascension_level":0}}