{"host":"rkizb0bayd67deyv","time":1609049166,"event":{"mods":["2.2 Compatiblity","AchievementEnabler","Astrologer","BaseMod","Beaked The Cultist","BetterRewards","CapriCore","Colored Map","Colored Powertips","GifTheSpireLib","Gremlin Mod","KinomotoSakuraMod(ñÿîVñ{?)","Koishi","Mad Scientist","MarisaÅiñ∂âJÅ@ñÇóùçπÅj","Minty Spire (QoL Compilation)","Quick Restart","StSLib","SuperFastMode","The Bladedancer","The Cursed","The Death Knight","The Immortal","The Mystic","The Poker Player","Unknown Chances","YoumuÅiç∞ÈÆódöÎÅj"],"gold_per_floor":[116,116,135,26,26,58,78,78,131,148,178,192,207,177,177,280,280,297,54,67,67,67,67,97,108,108,108,108],"floor_reached":27,"playtime":1921,"items_purged":["MadScienceMod:Strike_MadScience","MadScienceMod:Strike_MadScience"],"score":280,"play_id":"d2250908-37e3-4ca5-8964-94b4a3741d33","local_time":"20201227150606","is_ascension_mode":true,"campfire_choices":[{"floor":8,"key":"REST"},{"floor":15,"key":"REST"},{"data":"MadScienceMod:PowerArmor","floor":23,"key":"SMITH"}],"circlet_count":0,"master_deck":["MadScienceMod:Strike_MadScience","MadScienceMod:Strike_MadScience","MadScienceMod:Defend_MadScience","MadScienceMod:Defend_MadScience","MadScienceMod:Defend_MadScience","MadScienceMod:Defend_MadScience","MadScienceMod:PoweredStrike","MadScienceMod:HideBehindJunk","MadScienceMod:CloneVats","MadScienceMod:OilDrum","MadScienceMod:Refuel","MadScienceMod:RecyclingStation","MadScienceMod:Reconstitute","MadScienceMod:Probe","MadScienceMod:EnergyBarrier","MadScienceMod:FlexibleSpear","MadScienceMod:RadioactiveSword","MadScienceMod:PowerArmor+1","MadScienceMod:Redesign+1","MadScienceMod:GlassCannon+1","MadScienceMod:EnergyBarrier","MadScienceMod:GlassCannon+1","Ghostly","Ghostly","Ghostly","Ghostly","Ghostly","MadScienceMod:Browse","MadScienceMod:ParticleBeam"],"relics":["MadScienceMod:FuelTank","Ancient Tea Set","DeathKnight:PutricidesVial","Centennial Puzzle","MadScienceMod:PortablePumpjack","DollysMirror","Nunchaku","Question Card"],"acts_visited":["Exordium","TheCity"],"potions_floor_usage":[10,11,13,14,16,16,20,24],"damage_taken":[{"damage":8,"enemies":"2 Louse","floor":1,"turns":5},{"damage":6,"enemies":"Jaw Worm","floor":3,"turns":5},{"damage":32,"enemies":"Lagavulin","floor":6,"turns":11},{"damage":5,"enemies":"Cultist","floor":7,"turns":6},{"damage":7,"enemies":"Gremlin Gang","floor":10,"turns":5},{"damage":12,"enemies":"3 Sentries","floor":11,"turns":4},{"damage":1,"enemies":"3 Louse","floor":12,"turns":6},{"damage":16,"enemies":"Exordium Wildlife","floor":13,"turns":8},{"damage":0,"enemies":"Looter","floor":14,"turns":4},{"damage":19,"enemies":"Slime Boss","floor":16,"turns":14},{"damage":11,"enemies":"Shell Parasite","floor":18,"turns":10},{"damage":2,"enemies":"3 Byrds","floor":20,"turns":12},{"damage":5,"enemies":"Book of Stabbing","floor":24,"turns":9},{"damage":6,"enemies":"Centurion and Healer","floor":25,"turns":9},{"damage":36,"enemies":"Gremlin Leader","floor":27,"turns":8}],"seed_played":"-6006016039636703841","potions_obtained":[{"floor":5,"key":"Weak Potion"},{"floor":5,"key":"ColorlessPotion"},{"floor":5,"key":"Strength Potion"},{"floor":12,"key":"ColorlessPotion"},{"floor":13,"key":"Weak Potion"},{"floor":16,"key":"SkillPotion"}],"is_trial":false,"path_per_floor":["M","?","M","$","?","E","M","R","T","M","E","M","M","M","R","B",null,"M","$","M","?","?","R","E","M","T","E"],"character_chosen":"MAD_SCIENTIST","items_purchased":["MadScienceMod:RecyclingStation","DollysMirror"],"campfire_rested":2,"item_purchase_floors":[4,19],"current_hp_per_floor":[60,60,54,54,54,22,17,37,37,30,18,17,1,1,21,2,68,57,57,55,35,34,34,29,23,23,0,0],"gold":108,"neow_bonus":"THREE_RARE_CARDS","is_daily":false,"chose_seed":false,"campfire_upgraded":1,"win_rate":0.0,"timestamp":1609049166,"path_taken":["M","?","M","?","?","E","?","R","T","M","E","M","?","M","R","BOSS","M","$","M","?","?","R","E","M","T","E"],"items_purchased_type":["Card","Relic"],"build_version":"2020-12-22","purchased_purges":2,"victory":false,"max_hp_per_floor":[68,68,68,68,68,68,68,68,68,68,68,68,68,68,68,68,68,68,68,68,68,34,34,34,34,34,34,34],"card_choices":[{"not_picked":["MadScienceMod:Jetpack","MadScienceMod:CondenseVapors"],"picked":"MadScienceMod:CloneVats","floor":0},{"not_picked":["MadScienceMod:NowOrNever","MadScienceMod:BandageBot"],"picked":"MadScienceMod:OilDrum","floor":1},{"not_picked":["MadScienceMod:AutoStrike","MadScienceMod:FlammableWall"],"picked":"MadScienceMod:Refuel","floor":3},{"not_picked":["MadScienceMod:Bayonet","MadScienceMod:Inflate"],"picked":"MadScienceMod:Reconstitute","floor":6},{"not_picked":["MadScienceMod:FumeBlast","MadScienceMod:Retarget"],"picked":"MadScienceMod:Probe","floor":7},{"not_picked":["MadScienceMod:NowOrNever","MadScienceMod:ShrinkRay"],"picked":"MadScienceMod:EnergyBarrier","floor":10},{"not_picked":["MadScienceMod:Strafe","MadScienceMod:LightOnFire"],"picked":"MadScienceMod:FlexibleSpear","floor":11},{"not_picked":["MadScienceMod:Detonate","MadScienceMod:MechanicalClaw"],"picked":"MadScienceMod:RadioactiveSword","floor":12},{"not_picked":["MadScienceMod:Strafe","MadScienceMod:Reconstitute"],"picked":"MadScienceMod:PowerArmor","floor":13},{"not_picked":["MadScienceMod:Bayonet","MadScienceMod:MakeOrBreak"],"picked":"MadScienceMod:Redesign","floor":14},{"not_picked":["MadScienceMod:CloneVats","MadScienceMod:Booster"],"picked":"MadScienceMod:GlassCannon","floor":16},{"not_picked":["MadScienceMod:AssemblyLine","MadScienceMod:AntimatterBomb"],"picked":"MadScienceMod:EnergyBarrier","floor":18},{"not_picked":["MadScienceMod:FragmentationGrenade","MadScienceMod:Strafe","MadScienceMod:AntimatterBomb+1"],"picked":"SKIP","floor":20},{"not_picked":["MadScienceMod:LightOnFire+1","MadScienceMod:Virus+1"],"picked":"MadScienceMod:Browse","floor":24},{"not_picked":["MadScienceMod:Detonate+1","MadScienceMod:BandageBot"],"picked":"MadScienceMod:ParticleBeam","floor":25}],"player_experience":289850,"relics_obtained":[{"floor":6,"key":"Ancient Tea Set"},{"floor":9,"key":"DeathKnight:PutricidesVial"},{"floor":11,"key":"Centennial Puzzle"},{"floor":24,"key":"Nunchaku"},{"floor":26,"key":"Question Card"}],"event_choices":[{"damage_healed":0,"gold_gain":0,"player_choice":"Ignored","damage_taken":0,"max_hp_gain":0,"max_hp_loss":0,"event_name":"Liars Game","floor":2,"gold_loss":0},{"damage_healed":0,"gold_gain":0,"player_choice":"Got Potions","damage_taken":0,"max_hp_gain":0,"max_hp_loss":0,"event_name":"Lab","floor":5,"gold_loss":0},{"damage_healed":0,"gold_gain":0,"player_choice":"Became a Ghost","damage_taken":0,"max_hp_gain":0,"max_hp_loss":34,"event_name":"Ghosts","floor":22,"gold_loss":0,"cards_obtained":["Ghostly","Ghostly","Ghostly","Ghostly","Ghostly"]}],"is_beta":false,"boss_relics":[{"not_picked":["Ectoplasm","Sozu"],"picked":"MadScienceMod:PortablePumpjack"}],"items_purged_floors":[4,19],"is_endless":false,"potions_floor_spawned":[7,12,13,16],"killed_by":"Gremlin Leader","ascension_level":1}}