{"host":"sh8ot41fo7a0kahq","time":1609076860,"event":{"mods":["ATMod(°¢èªMod)","BaseMod","Better Third Choice","Colored Powertips","Displayed Cursed Tome","Minty Spire (QoL Compilation)","Quick Restart","Spicy Shops","StSLib","UnlockEverythingMod","¡¾ÒÅÎï¿¨ÅÆ¡¿REMEMod"],"gold_per_floor":[119,119,119,139,158,158,178,178,204,129,94,94,148,217,217,366,366,406,441,366,411,411,565,565,635,712,712,778,830,920,920,920],"floor_reached":31,"playtime":966,"items_purged":["Strike_B"],"score":413,"play_id":"75c3bb30-95d8-4c7b-9f47-c97321b3e938","local_time":"20201227214740","is_ascension_mode":true,"campfire_choices":[{"data":"AT_RealColorLess","floor":6.0,"key":"SMITH"},{"data":"AT_RightCognition","floor":12.0,"key":"SMITH"},{"floor":15.0,"key":"REST"},{"floor":24.0,"key":"REST"},{"data":"AT_RobotInSpace","floor":27.0,"key":"SMITH"}],"circlet_count":0,"master_deck":["Strike_B","Strike_B","Defend_B","Defend_B","Defend_B","Defend_B","Zap","Dualcast","AT_DivineConfetti","AT_RealColorLess+1","Turbo","EmptyMind","Cold Snap","Hologram","AT_RightCognition+1","Coolheaded","AT_WaterDrop","Capacitor+1","Ball Lightning+1","AT_ThunderBolt","AT_RobotInSpace+1","White Noise"],"relics":["Cracked Core","AT_ATBox","REME_ComplimentaryCards","NeowsBlessing","Regal Pillow","REME_PuzzleBoxRelic","AT_MibuBalloonWealth","Mercury Hourglass","AT_TrinityForce","Smiling Mask","Singing Bowl"],"acts_visited":["Exordium","TheCity"],"potions_floor_usage":[31],"damage_taken":[{"damage":0.0,"enemies":"Small Slimes","floor":1.0,"turns":1.0},{"damage":0.0,"enemies":"Jaw Worm","floor":4.0,"turns":1.0},{"damage":0.0,"enemies":"2 Louse","floor":5.0,"turns":1.0},{"damage":12.0,"enemies":"Looter","floor":7.0,"turns":4.0},{"damage":20.0,"enemies":"Gremlin Nob","floor":13.0,"turns":5.0},{"damage":17.0,"enemies":"2 Fungi Beasts","floor":14.0,"turns":3.0},{"damage":31.0,"enemies":"The Guardian","floor":16.0,"turns":8.0},{"damage":10.0,"enemies":"Spheric Guardian","floor":18.0,"turns":4.0},{"damage":2.0,"enemies":"Shell Parasite","floor":19.0,"turns":5.0},{"damage":5.0,"enemies":"Snake Plant","floor":21.0,"turns":6.0},{"damage":28.0,"enemies":"Gremlin Leader","floor":23.0,"turns":5.0},{"damage":10.0,"enemies":"Centurion and Healer","floor":25.0,"turns":6.0},{"damage":8.0,"enemies":"Cultist and Chosen","floor":28.0,"turns":6.0},{"damage":53.0,"enemies":"Book of Stabbing","floor":29.0,"turns":5.0},{"damage":0.0,"enemies":"3 Cultists","floor":30.0,"turns":2.0},{"damage":7,"enemies":"Snake Plant","floor":31,"turns":1}],"seed_played":"486842987526704001","potions_obtained":[{"floor":1.0,"key":"GamblersBrew"},{"floor":5.0,"key":"LiquidBronze"},{"floor":13.0,"key":"Explosive Potion"}],"is_trial":false,"path_per_floor":["M","?","?","M","M","R","M","?","T","$","?","R","E","M","R","B",null,"M","M","$","M","?","E","R","M","T","R","M","E","M","M"],"character_chosen":"DEFECT","items_purchased":["AT_MibuBalloonWealth"],"campfire_rested":2,"item_purchase_floors":[10],"current_hp_per_floor":[68,48,48,48,48,48,36,36,36,36,54,54,34,17,54,27,63,53,51,51,46,46,18,55,65,65,65,57,6,6,0,0],"gold":920,"neow_bonus":"THREE_ENEMY_KILL","is_daily":false,"chose_seed":false,"campfire_upgraded":3,"win_rate":0.0,"timestamp":1609076860,"path_taken":["M","?","?","M","M","R","?","?","T","$","?","R","E","M","R","BOSS","M","M","$","M","?","E","R","M","T","R","M","E","M","M"],"items_purchased_type":["Relic"],"build_version":"2020-12-22","purchased_purges":1,"victory":false,"max_hp_per_floor":[75,75,75,75,75,75,75,75,75,75,75,75,75,75,75,75,75,75,75,75,75,75,75,75,75,75,75,75,77,77,77,77],"card_choices":[{"not_picked":["Stack","Gash"],"picked":"Turbo","floor":1.0},{"not_picked":["Leap","Redo"],"picked":"Cold Snap","floor":4.0},{"not_picked":["Sweeping Beam","Gash"],"picked":"Hologram","floor":5.0},{"not_picked":["AT_HeatAcrobatics","Static Discharge","Consume"],"picked":"SKIP","floor":7.0},{"not_picked":["Hologram","Cold Snap"],"picked":"Coolheaded","floor":13.0},{"not_picked":["Rebound","Conserve Battery","Redo"],"picked":"SKIP","floor":14.0},{"not_picked":["Core Surge","Amplify"],"picked":"AT_WaterDrop","floor":16.0},{"not_picked":["Heatsinks","Sweeping Beam","Conserve Battery"],"picked":"SKIP","floor":18.0},{"not_picked":["Gash","AT_HeatAcrobatics"],"picked":"Capacitor+1","floor":19.0},{"not_picked":["Gash","Reinforced Body+1"],"picked":"Ball Lightning+1","floor":21.0},{"not_picked":["Rebound","Conserve Battery"],"picked":"AT_RobotInSpace","floor":23.0},{"not_picked":["Chaos+1","Capacitor","Darkness"],"picked":"SKIP","floor":25.0},{"not_picked":["Reinforced Body","Consume+1","Machine Learning"],"picked":"SKIP","floor":28.0},{"not_picked":["Turbo","Beam Cell","Capacitor"],"picked":"Singing Bowl","floor":29.0},{"not_picked":["Hologram","Turbo"],"picked":"White Noise","floor":30.0}],"player_experience":294657,"relics_obtained":[{"floor":9.0,"key":"REME_PuzzleBoxRelic"},{"floor":13.0,"key":"Mercury Hourglass"},{"floor":23.0,"key":"Smiling Mask"},{"floor":29.0,"key":"Singing Bowl"}],"event_choices":[{"damage_healed":0.0,"max_hp_gain":0.0,"max_hp_loss":0.0,"gold_gain":0.0,"event_name":"betterThird:BetterSerpent","player_choice":"Ignored","floor":3.0,"gold_loss":0.0,"damage_taken":119.0},{"damage_healed":0.0,"max_hp_gain":0.0,"max_hp_loss":0.0,"gold_gain":0.0,"cards_transformed":["Strike_B"],"event_name":"Living Wall","player_choice":"Change","floor":8.0,"gold_loss":0.0,"damage_taken":0.0,"cards_obtained":["AT_RightCognition"]},{"damage_healed":18.0,"max_hp_gain":0.0,"max_hp_loss":0.0,"gold_gain":0.0,"event_name":"The Cleric","player_choice":"Healed","floor":11.0,"gold_loss":35.0,"damage_taken":0.0},{"damage_healed":0.0,"max_hp_gain":0.0,"max_hp_loss":0.0,"gold_gain":0.0,"event_name":"The Library","player_choice":"Read","floor":22.0,"gold_loss":0.0,"damage_taken":0.0,"cards_obtained":["AT_ThunderBolt"]}],"is_beta":false,"boss_relics":[{"not_picked":["Runic Dome","Busted Crown"],"picked":"AT_TrinityForce"}],"items_purged_floors":[20],"is_endless":false,"potions_floor_spawned":[1,5,13,18],"killed_by":"Snake Plant","ascension_level":8}}