{"host":"ow9msrs9p2ctkx99","time":1609102575,"event":{"mods":["AchievementEnabler","BaseMod","Colored Map","Colored Powertips","Minty Spire (QoL Compilation)","Permanent Neow","Quick Restart","SuperFastMode"],"gold_per_floor":[117,136,136,152,14,14,41,41,86,86,111,125,125,153,153,247,247,260,185,365,177,160,191,191,201,269,269,281,314,314,334,334,334,334],"floor_reached":33,"playtime":1045,"items_purged":["Strike_G"],"score":545,"play_id":"76efadec-6158-4787-a3f6-de6e3e3634d1","local_time":"20201227215615","is_ascension_mode":true,"campfire_choices":[{"data":"Well Laid Plans","floor":6.0,"key":"SMITH"},{"floor":10.0,"key":"REST"},{"data":"Phantasmal Killer","floor":15.0,"key":"SMITH"},{"floor":24,"key":"REST"},{"data":"Cloak And Dagger","floor":27,"key":"SMITH"},{"data":"Sadistic Nature","floor":30,"key":"SMITH"},{"data":"Blade Dance","floor":32,"key":"SMITH"}],"circlet_count":0,"master_deck":["AscendersBane","Strike_G","Strike_G+1","Strike_G","Strike_G","Defend_G+1","Defend_G","Defend_G","Defend_G","Defend_G+1","Survivor","Neutralize","Jack Of All Trades","Blade Dance+1","Cloak And Dagger+1","Escape Plan","Well Laid Plans+1","Sucker Punch","Phantasmal Killer+1","Crippling Poison","PiercingWail","Night Terror","CurseOfTheBell","PiercingWail+1","Sadistic Nature+1","Blade Dance+1","Adrenaline","Dagger Spray","Wraith Form v2","Acrobatics"],"relics":["Ring of the Snake","War Paint","Bronze Scales","Anchor","Ancient Tea Set","Calling Bell","Vajra","Meat on the Bone","StoneCalendar","Question Card","Kunai","Smiling Mask"],"acts_visited":["Exordium","TheCity"],"potions_floor_usage":[18,29,29,29,33,33],"damage_taken":[{"damage":8.0,"enemies":"2 Louse","floor":1.0,"turns":4.0},{"damage":1.0,"enemies":"Cultist","floor":2.0,"turns":3.0},{"damage":1.0,"enemies":"Small Slimes","floor":4.0,"turns":4.0},{"damage":17.0,"enemies":"Gremlin Nob","floor":7.0,"turns":4.0},{"damage":10.0,"enemies":"Lagavulin","floor":11.0,"turns":8.0},{"damage":0.0,"enemies":"Looter","floor":12.0,"turns":3.0},{"damage":10.0,"enemies":"3 Sentries","floor":14.0,"turns":8.0},{"damage":36,"enemies":"Hexaghost","floor":16,"turns":11},{"damage":1,"enemies":"Chosen","floor":18,"turns":5},{"damage":6,"enemies":"2 Thieves","floor":22,"turns":4},{"damage":32,"enemies":"Book of Stabbing","floor":23,"turns":7},{"damage":0,"enemies":"Snake Plant","floor":25,"turns":5},{"damage":16,"enemies":"3 Cultists","floor":28,"turns":7},{"damage":17,"enemies":"Gremlin Leader","floor":29,"turns":5},{"damage":3,"enemies":"Cultist and Chosen","floor":31,"turns":4},{"damage":38,"enemies":"Champ","floor":33,"turns":7}],"seed_played":"-4827567237706127557","potions_obtained":[{"floor":1.0,"key":"SpeedPotion"},{"floor":12.0,"key":"EntropicBrew"},{"floor":14.0,"key":"CunningPotion"},{"floor":22,"key":"Dexterity Potion"},{"floor":29,"key":"DuplicationPotion"}],"is_trial":false,"path_per_floor":["M","M","?","M","$","R","E","?","T","R","E","M","?","E","R","B",null,"M","$","?","$","M","E","R","M","T","R","M","E","R","M","R","B"],"character_chosen":"THE_SILENT","items_purchased":["Well Laid Plans","Sucker Punch","Sadistic Nature"],"campfire_rested":2,"item_purchase_floors":[5,5,21],"current_hp_per_floor":[51,50,66,65,65,65,48,28,28,47,37,37,59,49,49,13,53,52,52,33,33,39,19,38,38,38,38,34,29,29,38,38,0,0],"gold":334,"neow_bonus":"RANDOM_COLORLESS","is_daily":false,"chose_seed":false,"campfire_upgraded":5,"win_rate":0.0,"timestamp":1609102575,"path_taken":["M","M","?","M","?","R","E","?","T","R","E","M","?","E","R","BOSS","M","$","?","?","M","E","R","M","T","R","M","E","R","?","R","BOSS"],"items_purchased_type":["Card","Card","Card"],"build_version":"2020-12-22","purchased_purges":1,"victory":false,"max_hp_per_floor":[66,66,66,66,66,66,66,66,66,66,66,66,66,66,66,66,66,66,66,66,66,66,66,66,66,66,66,66,66,66,66,66,66,66],"card_choices":[{"not_picked":["Forethought","Blind"],"picked":"Jack Of All Trades","floor":0.0},{"not_picked":["Riddle With Holes","Flechettes"],"picked":"Blade Dance","floor":1.0},{"not_picked":["Sucker Punch","Quick Slash"],"picked":"Cloak And Dagger","floor":2.0},{"not_picked":["Calculated Gamble","Slice"],"picked":"Escape Plan","floor":4.0},{"not_picked":["Backflip","Sucker Punch"],"picked":"Phantasmal Killer","floor":7.0},{"not_picked":["Dagger Spray","Flying Knee"],"picked":"Crippling Poison","floor":11.0},{"not_picked":["Dodge and Roll","Setup","Cloak And Dagger"],"picked":"SKIP","floor":12.0},{"not_picked":["Deadly Poison","Bullet Time"],"picked":"PiercingWail","floor":14.0},{"not_picked":["Storm of Steel","Envenom"],"picked":"Night Terror","floor":16},{"not_picked":["Tactician","Heel Hook"],"picked":"PiercingWail+1","floor":18},{"not_picked":["Slice","Dodge and Roll+1"],"picked":"Blade Dance","floor":22},{"not_picked":["Expertise","Blur"],"picked":"Adrenaline","floor":23},{"not_picked":["Dagger Throw","Quick Slash","Slice","Dodge and Roll"],"picked":"SKIP","floor":25},{"not_picked":["Bane","Caltrops","PiercingWail"],"picked":"Dagger Spray","floor":28},{"not_picked":["PiercingWail","Escape Plan","Outmaneuver+1"],"picked":"Wraith Form v2","floor":29},{"not_picked":["Flying Knee","Expertise","Endless Agony"],"picked":"Acrobatics","floor":31}],"player_experience":1100334,"relics_obtained":[{"floor":7.0,"key":"War Paint"},{"floor":9.0,"key":"Bronze Scales"},{"floor":11.0,"key":"Anchor"},{"floor":14.0,"key":"Ancient Tea Set"},{"floor":17,"key":"Vajra"},{"floor":17,"key":"Meat on the Bone"},{"floor":17,"key":"StoneCalendar"},{"floor":23,"key":"Question Card"},{"floor":26,"key":"Kunai"},{"floor":29,"key":"Smiling Mask"}],"event_choices":[{"damage_healed":16.0,"max_hp_gain":0.0,"max_hp_loss":0.0,"gold_gain":0.0,"event_name":"Wheel of Change","player_choice":"Full Heal","floor":3.0,"gold_loss":0.0,"damage_taken":0.0},{"damage_healed":0.0,"max_hp_gain":0.0,"max_hp_loss":0.0,"gold_gain":0.0,"event_name":"Shining Light","player_choice":"Entered Light","floor":8.0,"gold_loss":0.0,"damage_taken":20.0,"cards_upgraded":["Defend_G","Strike_G"]},{"damage_healed":22.0,"max_hp_gain":0.0,"max_hp_loss":0.0,"gold_gain":0.0,"event_name":"Big Fish","player_choice":"Banana","floor":13.0,"gold_loss":0.0,"damage_taken":0.0},{"damage_healed":0,"gold_gain":180,"player_choice":"GOLD GOLD ","damage_taken":19,"max_hp_gain":0,"max_hp_loss":0,"event_name":"Knowing Skull","floor":20,"potions_obtained":[],"gold_loss":0,"cards_obtained":[]}],"is_beta":false,"boss_relics":[{"not_picked":["Velvet Choker","Black Star"],"picked":"Calling Bell"}],"items_purged_floors":[19],"is_endless":false,"potions_floor_spawned":[1,12,14,22,23,28,29],"killed_by":"Champ","ascension_level":16}}