{"host":"udzsrhbqdxqtlypj","time":1609107773,"event":{"mods":["BaseMod","Minty Spire (QoL Compilation)","Relic Stats"],"gold_per_floor":[214,24,35,55,130,160,160,192,245,260,260,273,273,298,298,403,403,413,460,475,400,400,400,400],"floor_reached":23,"playtime":848,"items_purged":[],"score":314,"play_id":"8260733b-7d92-46b4-8c73-608d90287d1d","local_time":"20201227162253","is_ascension_mode":true,"campfire_choices":[{"data":"Perfected Strike","floor":7,"key":"SMITH"},{"data":"Armaments","floor":11,"key":"SMITH"},{"data":"Perfected Strike","floor":13,"key":"SMITH"},{"data":"Bash","floor":15,"key":"SMITH"}],"circlet_count":0,"master_deck":["AscendersBane","Strike_R","Strike_R","Strike_R","Strike_R","Defend_R","Defend_R","Defend_R","Defend_R","Bash+1","Twin Strike","Perfected Strike+1","Perfected Strike+1","Intimidate","Cleave","Armaments+1","Offering","Shrug It Off+1","Dark Embrace+1","RitualDagger"],"relics":["Burning Blood","OrangePellets","StrikeDummy","Centennial Puzzle","MealTicket","Unceasing Top","Runic Pyramid","Juzu Bracelet"],"acts_visited":["Exordium","TheCity"],"potions_floor_usage":[6,16,18,18,23],"damage_taken":[{"damage":4,"enemies":"2 Louse","floor":1,"turns":4},{"damage":1,"enemies":"Cultist","floor":3,"turns":3},{"damage":0,"enemies":"Small Slimes","floor":4,"turns":2},{"damage":8,"enemies":"Gremlin Nob","floor":6,"turns":3},{"damage":10,"enemies":"3 Sentries","floor":8,"turns":5},{"damage":1,"enemies":"Blue Slaver","floor":10,"turns":3},{"damage":7,"enemies":"Exordium Wildlife","floor":12,"turns":4},{"damage":13,"enemies":"Gremlin Nob","floor":14,"turns":3},{"damage":32,"enemies":"Hexaghost","floor":16,"turns":7},{"damage":18,"enemies":"Shell Parasite","floor":18,"turns":2},{"damage":6,"enemies":"Spheric Guardian","floor":20,"turns":3},{"damage":57,"enemies":"Book of Stabbing","floor":23,"turns":5}],"seed_played":"1450853805144409685","potions_obtained":[{"floor":1,"key":"EntropicBrew"},{"floor":4,"key":"SteroidPotion"},{"floor":12,"key":"LiquidBronze"},{"floor":20,"key":"SpeedPotion"}],"is_trial":false,"path_per_floor":["M","$","M","M","?","E","R","E","T","M","R","M","R","E","R","B",null,"M","T","M","?","?","E"],"character_chosen":"IRONCLAD","items_purchased":["OrangePellets","Perfected Strike"],"campfire_rested":0,"item_purchase_floors":[2,2],"current_hp_per_floor":[74,74,79,80,72,70,70,66,66,71,71,70,70,63,63,37,69,57,57,57,57,51,0,0],"gold":400,"neow_bonus":"HUNDRED_GOLD","is_daily":false,"chose_seed":false,"campfire_upgraded":4,"win_rate":0.0,"timestamp":1609107773,"path_taken":["M","$","M","M","?","E","R","E","T","M","R","M","R","E","R","BOSS","M","?","M","?","?","E"],"items_purchased_type":["Relic","Card"],"build_version":"2020-12-22","purchased_purges":0,"victory":false,"max_hp_per_floor":[80,80,80,80,80,80,80,80,80,80,80,80,80,80,80,80,80,80,80,80,80,80,80,80],"relic_stats":{"OrangePellets":[0],"Centennial Puzzle":[21],"counters":[12,44],"MealTicket":0,"Juzu Bracelet":1,"obtain_stats":[{"OrangePellets":2,"Centennial Puzzle":8,"MealTicket":9,"Juzu Bracelet":19,"StrikeDummy":6,"Burning Blood":0,"Unceasing Top":14,"Runic Pyramid":17},{"OrangePellets":1,"Centennial Puzzle":5,"MealTicket":5,"Juzu Bracelet":10,"StrikeDummy":4,"Burning Blood":0,"Unceasing Top":8,"Runic Pyramid":9},{"OrangePellets":4,"Centennial Puzzle":17,"MealTicket":17,"Juzu Bracelet":36,"StrikeDummy":12,"Burning Blood":0,"Unceasing Top":27,"Runic Pyramid":34}],"Burning Blood":61,"Unceasing Top":[0]},"card_choices":[{"not_picked":["Sever Soul","Inflame"],"picked":"Twin Strike","floor":1},{"not_picked":["Body Slam","Clothesline"],"picked":"Perfected Strike","floor":3},{"not_picked":["Shrug It Off","Ghostly Armor"],"picked":"Intimidate","floor":4},{"not_picked":["Fiend Fire","Sever Soul"],"picked":"Cleave","floor":6},{"not_picked":["Demon Form","Disarm"],"picked":"Armaments","floor":8},{"not_picked":["Combust","Burning Pact","Bloodletting"],"picked":"SKIP","floor":10},{"not_picked":["Sentinel","Body Slam","Wild Strike"],"picked":"SKIP","floor":12},{"not_picked":["Anger","Feel No Pain","Combust"],"picked":"SKIP","floor":14},{"not_picked":["Brutality","Demon Form"],"picked":"Offering","floor":16},{"not_picked":["Body Slam+1","Clash+1"],"picked":"Shrug It Off+1","floor":18},{"not_picked":["True Grit","Anger"],"picked":"Dark Embrace+1","floor":20}],"player_experience":2751754,"relics_obtained":[{"floor":6,"key":"StrikeDummy"},{"floor":8,"key":"Centennial Puzzle"},{"floor":9,"key":"MealTicket"},{"floor":14,"key":"Unceasing Top"},{"floor":19,"key":"Juzu Bracelet"}],"event_choices":[{"damage_healed":0,"gold_gain":75,"player_choice":"Touch","damage_taken":8,"max_hp_gain":0,"max_hp_loss":0,"event_name":"FaceTrader","floor":5,"gold_loss":0},{"cards_removed":["Strike_R"],"damage_healed":0,"gold_gain":0,"player_choice":"Gave Gold","damage_taken":0,"max_hp_gain":0,"max_hp_loss":0,"event_name":"Beggar","floor":21,"gold_loss":75},{"damage_healed":0,"gold_gain":0,"player_choice":"Joined the Cult","damage_taken":6,"max_hp_gain":0,"max_hp_loss":0,"event_name":"Nest","floor":22,"gold_loss":0,"cards_obtained":["RitualDagger"]}],"is_beta":false,"boss_relics":[{"not_picked":["Black Blood","Pandora\u0027s Box"],"picked":"Runic Pyramid"}],"items_purged_floors":[],"is_endless":false,"potions_floor_spawned":[1,4,12,20],"killed_by":"Book of Stabbing","ascension_level":10}}