{"host":"8u40nq559zpgb6zp","time":1609081557,"event":{"mods":["Aspiration","Bard","BaseMod","Beaked The Cultist","Better Altar","Better Match","Better Note","Better Sensory Stone","Better Skull","Better Third Choice","BetterRewards","CCEM","Clawfect","Conspire","Duelist Mod","Googly Eyes","Halation","Hermit","Highlight Path","Infinite Spire","Jedi Mod","Jorbs\u0027s Wanderer Trilogy","Mad Scientist","Marisa（霧雨　魔理沙）","Minty Spire (QoL Compilation)","Permanent Neow","Replay The Spire","Shade Mod","Shop Mod","Spicy Shops","StSLib","The Bladedancer","The Construct","The Cursed","The Disciple","The Druid","The Gatherer","The Hierophant","The IronCluck","The Jungle","The Mystic","The Necromancer","The Runesmith","The Senshi","The Servant 0.9.4","The Spell Scribe","The Witch","slay the spire mod where everything is the same but ironclad has a cowboy hat"],"gold_per_floor":[111,111,123,143,159,159,191,191,191,191,203,219,230,230,230,244,244],"floor_reached":16,"playtime":798,"items_purged":[],"score":129,"play_id":"190328bf-e67c-497a-b76f-b11283825e7b","local_time":"20201227100557","is_ascension_mode":false,"campfire_choices":[{"data":"Clawfect:ClawCell","floor":6,"key":"SMITH"},{"data":"Clawfect:ClawLightning","floor":8,"key":"SMITH"},{"data":"Clawfect:Clawrage","floor":10,"key":"SMITH"},{"data":"Clawfect:Clawrage","floor":15,"key":"SMITH"}],"circlet_count":0,"master_deck":["Gash","Gash","Gash","Gash","Gash","Defend_B","Defend_B","Defend_B","Defend_B","Defend_B","Clawfect:Clawline+1","Heatsinks","Clawfect:ClawLightning+1","Clawfect:ClawCell+1","Clawfect:Clawrage+1","Loop","FIFO Queue","Clawfect:Clawrage+1"],"relics":["Coffee Dripper","InkBottle","halation:BottledLove","Replay:Bandana"],"acts_visited":["Exordium"],"potions_floor_usage":[5,7,7],"damage_taken":[{"damage":1,"enemies":"Small Slimes","floor":1,"turns":4},{"damage":0,"enemies":"Cultist","floor":3,"turns":4},{"damage":2,"enemies":"Jaw Worm","floor":4,"turns":4},{"damage":3,"enemies":"2 Fungi Beasts","floor":5,"turns":3},{"damage":15,"enemies":"3 Sentries","floor":7,"turns":6},{"damage":11,"enemies":"Lots of Slimes","floor":11,"turns":4},{"damage":1,"enemies":"conspire:2 RoseBushes","floor":12,"turns":7},{"damage":6,"enemies":"Exordium Wildlife","floor":13,"turns":3},{"damage":30,"enemies":"The Guardian","floor":16,"turns":5}],"seed_played":"5396618072154240359","potions_obtained":[{"floor":1,"key":"Strength Potion"},{"floor":4,"key":"Dexterity Potion"},{"floor":5,"key":"ColorlessPotion"},{"floor":11,"key":"Elixir"}],"is_trial":false,"path_per_floor":["M","?","M","M","M","R","E","R","T","R","M","M","M","?","R","B"],"character_chosen":"DEFECT","items_purchased":[],"campfire_rested":0,"item_purchase_floors":[],"current_hp_per_floor":[74,74,74,72,69,69,54,54,54,54,43,42,36,29,29,0,0],"gold":244,"neow_bonus":"BOSS_RELIC","is_daily":false,"chose_seed":false,"campfire_upgraded":4,"win_rate":0.0,"timestamp":1609081557,"path_taken":["M","?","M","M","?","R","E","R","T","R","M","M","M","?","R","BOSS"],"items_purchased_type":[],"build_version":"2020-12-22","purchased_purges":0,"victory":false,"max_hp_per_floor":[75,75,75,75,75,75,75,75,75,75,75,75,75,75,75,75,75],"card_choices":[{"not_picked":["Rebound","BasicCrystalCard"],"picked":"Clawfect:Clawline","floor":1},{"not_picked":["Clawfect:Clawrage","Leap"],"picked":"Heatsinks","floor":3},{"not_picked":["Redo","ReplayGash"],"picked":"Clawfect:ClawLightning","floor":4},{"not_picked":["Clawfect:ClawpileDriver","ReplayGash"],"picked":"Clawfect:ClawCell","floor":5},{"not_picked":["Clawfect:ClawingBeam","ReplayTheSpireMod:Reroute Power"],"picked":"Clawfect:Clawrage","floor":7},{"not_picked":["jedi:BurstFrost","Clawfect:ClawForTheEyes"],"picked":"Loop","floor":11},{"not_picked":["Tempest","Clawfect:Clawter"],"picked":"FIFO Queue","floor":12},{"not_picked":["Clawfect:ScrapingClaw","Rebound"],"picked":"Clawfect:Clawrage","floor":13}],"player_experience":993418,"relics_obtained":[{"floor":7,"key":"InkBottle"},{"floor":9,"key":"halation:BottledLove"}],"event_choices":[{"damage_healed":0,"gold_gain":0,"player_choice":"Upgraded","damage_taken":0,"max_hp_gain":0,"max_hp_loss":0,"event_name":"Upgrade Shrine","floor":2,"gold_loss":0,"cards_upgraded":["Clawfect:Clawline"]},{"damage_healed":0,"gold_gain":0,"player_choice":"Relic ","damage_taken":7,"max_hp_gain":0,"max_hp_loss":0,"event_name":"betterThird:BetterScrap","floor":14,"gold_loss":0,"cards_obtained":["Replay:Poison Smokescreen"]}],"is_beta":false,"boss_relics":[],"items_purged_floors":[],"is_endless":false,"potions_floor_spawned":[1,4,5,11],"killed_by":"The Guardian","ascension_level":0}}