{"host":"xln8clu5n7caxmc3","time":1609099765,"event":{"mods":["AchievementEnabler","BaseMod","Better Altar","Better Match","Better Note","Better Sensory Stone","Better Skull","Better Third Choice","BetterRewards","Colored Map","Colored Powertips","Downfall","Hubris","Infinite Spire","Minty Spire (QoL Compilation)","Quick Restart","Replay The Spire","StSLib","The Jungle"],"gold_per_floor":[113,113,2,12,30,59,72,2,28,56,68,78,88,103,103,207,207,227,243,243,243,254,274,290,317,317,333,333,353,353,382,382,486,486,509,509,524,151,175,210,210,225,252,273,308,327,80,120,120,220,220,228,234,230,230,52,52,52,63,63,66,69,86,86,75,75,102,102,98,84,84,77,65,56,56,63,63,65,76,78,104,90,90,157,157,161,168,18,52,28,26,26,26,26,11,29,11,28,28,28,98,98,92,94,194,197,197,203,203,203,203,195,189,183,204,206,206,283,283,286,9,9,9,9,9,40,31,58,58,60,62,62,61,61,143,143,127,2,14,65,56,56,56,56,109,109,145,138,76,77,77,183,183,183,183,170,202],"floor_reached":158,"playtime":30472,"items_purged":["Wraith Form v2","Bullet Time","Grand Finale","Grand Finale","Die Die Die","PiercingWail","Bane"],"score":4909,"play_id":"30f94eb4-50ba-4364-b0c0-34dcaaa4a050","local_time":"20201227210925","is_ascension_mode":true,"campfire_choices":[{"floor":15.0,"key":"RECALL"},{"floor":28.0,"key":"REST"},{"floor":30.0,"key":"REST"},{"floor":32.0,"key":"DIG"},{"floor":41.0,"key":"REST"},{"floor":49.0,"key":"REST"},{"floor":57.0,"key":"REST"},{"floor":64.0,"key":"REST"},{"data":"Venomology","floor":66.0,"key":"SMITH"},{"floor":83.0,"key":"REST"},{"floor":92.0,"key":"REST"},{"floor":100.0,"key":"REST"},{"data":"hubris:InfiniteBlow","floor":109.0,"key":"SMITH"},{"floor":117.0,"key":"REST"},{"data":"hubris:InfiniteBlow+1","floor":117.0,"key":"SMITH"},{"data":"hubris:InfiniteBlow+6","floor":125.0,"key":"SMITH"},{"data":"Concentrate","floor":129.0,"key":"SMITH"},{"data":"hubris:SlightOfHand","floor":132.0,"key":"SMITH"},{"data":"Adrenaline","floor":134.0,"key":"SMITH"},{"data":"Terror","floor":142.0,"key":"SMITH"},{"data":"Outmaneuver","floor":142.0,"key":"SMITH"},{"data":"infinitespire:Neurotoxin","floor":151,"key":"SMITH"},{"data":"infinitespire:Collect","floor":151,"key":"SMITH"},{"data":"After Image","floor":154,"key":"SMITH"},{"data":"Tactician","floor":154,"key":"SMITH"}],"circlet_count":0,"master_deck":["Survivor","Neutralize","expansioncontent:Chronoboost","Terror+1","Accuracy","Hidden Blade+1","Dagger Throw","Cloak And Dagger","Dagger Spray","Blade Dance","hubris:Sniper","Dagger Spray","Backflip","Calculated Gamble","Adrenaline+1","hubris:SlightOfHand+1","Venomology+1","Dagger Spray","Accuracy","Noxious Fumes+1","Outmaneuver+1","infinitespire:Collect+1","Hidden Blade","Underhanded Strike","Hidden Blade","Blade Dance+1","Atom Bomb","hubris:SlightOfHand+1","Concentrate+1","Tools of the Trade","CurseOfTheBell","Accuracy","Dagger Throw+1","Accuracy","Cloak And Dagger+1","Backflip","Distraction+1","Noxious Fumes","Concentrate+1","Blur","Fluid Movement+1","Panache","Tactician","Tactician+1","Draining Mist","After Image+1","ReplayTheSpireMod:Shiv Toss","Noxious Fumes","Infinite Blades+1","Outmaneuver+1","Outmaneuver","Noxious Fumes","hubris:InfiniteBlow+42","infinitespire:UltimateForm","Underhanded Strike+1","Accuracy","Infinite Blades+1","Deflect","Backflip+1","infinitespire:Gouge+1","Tools of the Trade","Underhanded Strike+1","Prepared+1","Outmaneuver+1","Catalyst+1","Backflip+1","Sneak Up","Blade Dance+1","ReplayTheSpireMod:Necrosis","infinitespire:Starlight","expansioncontent:Chronoboost","Deflect","infinitespire:Fortify","infinitespire:Neurotoxin+1","Deflect","Accuracy+1","ReplayTheSpireMod:Chaos Vortex+1","Footwork+1","Envenom+1","Catalyst+1","Prepared+1","ReplayTheSpireMod:Book of Names+1","infinitespire:UltimateForm+1","Noxious Fumes+1","hubris:SlightOfHand+1","Underhanded Strike+1","Infinite Blades+1","Backflip+1","Atom Bomb+1"],"relics":["CaptainsWheel","infinitespire:WardingShard","Pandora\u0027s Box","Incense Burner","Toy Ornithopter","infinitespire:Midas Blood","hubris:ToyBattleship","Vajra","Calling Bell","Centennial Puzzle","infinitespire:FocusingShard","Durian","hubris:Towel","Bronze Scales","Shuriken","Nunchaku","hubris:MysteriousPyramids","hubris:Spice","SlaversCollar","Odd Mushroom","White Beast Statue","Counterbalance","ChewingGum","infinitespire:Golems Mask","Molten Egg 2","hubris:SphereOfDissonance","Du-Vu Doll","OrangePellets","infinitespire:Joker Card","Smiling Mask","Calipers","hubris:FunFungus","InkBottle","ReplayTheSpireMod:Ninjato","Garlic","infinitespire:EmpoweringShard","infinitespire:Magic Flask","Golden Idol","HoveringKite","Frozen Egg 2","Membership Card","theJungle:BirthdayCakeSlice","Pet Ghost","ReplayFunnel","Replay:Baseball","Blood Vial","Replay:Arrowhead","hubris:Icosahedron","Prayer Wheel","Replay:Wax Seal","infinitespire:PuzzleCube","Replay:Fungal Core","Replay:Towering Pillar of Hats"],"acts_visited":["Exordium","Exordium","TheBeyond","Exordium","TheCity","TheBeyond","Exordium","Exordium","TheBeyond","TheEnding"],"potions_floor_usage":[148,148,148,150,152,152,156,157,157],"damage_taken":[{"damage":7.0,"enemies":"Cultist","floor":1.0,"turns":6.0},{"damage":2.0,"enemies":"Jaw Worm","floor":4.0,"turns":4.0},{"damage":8.0,"enemies":"infinitespire:Voidling","floor":5.0,"turns":3.0},{"damage":1.0,"enemies":"Replay:BlueRogue","floor":6.0,"turns":6.0},{"damage":13.0,"enemies":"Lots of Slimes","floor":7.0,"turns":7.0},{"damage":4.0,"enemies":"Lagavulin","floor":10.0,"turns":6.0},{"damage":7.0,"enemies":"Red Slaver","floor":11.0,"turns":4.0},{"damage":0.0,"enemies":"Gremlin Gang","floor":12.0,"turns":6.0},{"damage":14.0,"enemies":"Large Slime","floor":13.0,"turns":4.0},{"damage":1.0,"enemies":"Looter","floor":14.0,"turns":4.0},{"damage":3.0,"enemies":"The Guardian","floor":16.0,"turns":11.0},{"damage":9.0,"enemies":"Shell Parasite","floor":18.0,"turns":5.0},{"damage":0.0,"enemies":"theJungle:Flameango_and_Byrd","floor":19.0,"turns":4.0},{"damage":13.0,"enemies":"Snake Plant","floor":22.0,"turns":7.0},{"damage":24.0,"enemies":"theJungle:2_Snecko_Cultists","floor":23.0,"turns":5.0},{"damage":24.0,"enemies":"theJungle:2_Flameangoes","floor":24.0,"turns":6.0},{"damage":3.0,"enemies":"theJungle:MamaSnecko","floor":25.0,"turns":5.0},{"damage":0.0,"enemies":"theJungle:Snecko_Cultist_And_Trap","floor":27.0,"turns":6.0},{"damage":0.0,"enemies":"Snake Plant","floor":29.0,"turns":4.0},{"damage":0.0,"enemies":"theJungle:Cassacara","floor":31.0,"turns":4.0},{"damage":1.0,"enemies":"theJungle:QueenSpyder","floor":33.0,"turns":6.0},{"damage":24.0,"enemies":"3 Darklings","floor":35.0,"turns":6.0},{"damage":2.0,"enemies":"Orb Walker","floor":37.0,"turns":2.0},{"damage":18.0,"enemies":"4 Shapes","floor":39.0,"turns":7.0},{"damage":2.0,"enemies":"Reptomancer","floor":40.0,"turns":7.0},{"damage":13.0,"enemies":"Jaw Worm Horde","floor":42.0,"turns":3.0},{"damage":21.0,"enemies":"Maw","floor":44.0,"turns":5.0},{"damage":37.0,"enemies":"Nightmare","floor":45.0,"turns":6.0},{"damage":7.0,"enemies":"Writhing Mass","floor":46.0,"turns":5.0},{"damage":8.0,"enemies":"Giant Head","floor":48.0,"turns":7.0},{"damage":7.0,"enemies":"Replay:Hell Engine","floor":50.0,"turns":6.0},{"damage":16.0,"enemies":"Jaw Worm","floor":52.0,"turns":2.0},{"damage":20.0,"enemies":"The Mushroom Lair","floor":53.0,"turns":3.0},{"damage":0.0,"enemies":"infinitespire:Voidling","floor":54.0,"turns":3.0},{"damage":4.0,"enemies":"Replay:BlueRogue","floor":59.0,"turns":3.0},{"damage":13.0,"enemies":"2 Louse","floor":61.0,"turns":3.0},{"damage":8.0,"enemies":"2 Fungi Beasts","floor":62.0,"turns":3.0},{"damage":0.0,"enemies":"Gremlin Nob","floor":63.0,"turns":2.0},{"damage":17.0,"enemies":"Gremlin Gang","floor":65.0,"turns":5.0},{"damage":1.0,"enemies":"Fading Forest","floor":67.0,"turns":7.0},{"damage":0.0,"enemies":"3 Byrds","floor":69.0,"turns":1.0},{"damage":15.0,"enemies":"2 Thieves","floor":70.0,"turns":3.0},{"damage":0.0,"enemies":"Sentry and Sphere","floor":72.0,"turns":2.0},{"damage":7.0,"enemies":"Snecko","floor":73.0,"turns":4.0},{"damage":21.0,"enemies":"Gremlin Leader","floor":74.0,"turns":4.0},{"damage":13.0,"enemies":"Book of Stabbing","floor":76.0,"turns":3.0},{"damage":21.0,"enemies":"Snake Plant","floor":78.0,"turns":2.0},{"damage":51.0,"enemies":"Slavers","floor":79.0,"turns":3.0},{"damage":10.0,"enemies":"Centurion and Healer","floor":80.0,"turns":2.0},{"damage":0.0,"enemies":"Gremlin Leader","floor":81.0,"turns":1.0},{"damage":19.0,"enemies":"Chosen and Byrds","floor":82.0,"turns":4.0},{"damage":22.0,"enemies":"hubris:MusketHawk","floor":84.0,"turns":4.0},{"damage":41.0,"enemies":"3 Darklings","floor":86.0,"turns":3.0},{"damage":3.0,"enemies":"Orb Walker","floor":87.0,"turns":2.0},{"damage":5.0,"enemies":"Mind Bloom Boss Battle","floor":89.0,"turns":3.0},{"damage":0.0,"enemies":"Maw","floor":90.0,"turns":4.0},{"damage":5.0,"enemies":"Reptomancer","floor":91.0,"turns":4.0},{"damage":2.0,"enemies":"Sphere and 2 Shapes","floor":95.0,"turns":3.0},{"damage":59.0,"enemies":"Nemesis","floor":96.0,"turns":3.0},{"damage":1.0,"enemies":"Spire Growth","floor":97.0,"turns":3.0},{"damage":10.0,"enemies":"Nightmare","floor":98.0,"turns":5.0},{"damage":7.0,"enemies":"Replay:Hell Engine","floor":101.0,"turns":4.0},{"damage":0.0,"enemies":"infinitespire:Voidling","floor":103.0,"turns":2.0},{"damage":0.0,"enemies":"Cultist","floor":106.0,"turns":2.0},{"damage":0.0,"enemies":"Lagavulin","floor":108.0,"turns":3.0},{"damage":9.0,"enemies":"Small Slimes","floor":110.0,"turns":2.0},{"damage":87.0,"enemies":"Nightmare","floor":112.0,"turns":5.0},{"damage":0.0,"enemies":"Looter","floor":113.0,"turns":3.0},{"damage":0.0,"enemies":"Lots of Slimes","floor":114.0,"turns":2.0},{"damage":0.0,"enemies":"Gremlin Nob","floor":115.0,"turns":3.0},{"damage":0.0,"enemies":"Slime Boss","floor":118.0,"turns":4.0},{"damage":0.0,"enemies":"theJungle:GiantWrat","floor":120.0,"turns":2.0},{"damage":5.0,"enemies":"theJungle:Cassacara","floor":126.0,"turns":3.0},{"damage":0.0,"enemies":"Shell Parasite","floor":127.0,"turns":3.0},{"damage":0.0,"enemies":"Nightmare","floor":131.0,"turns":5.0},{"damage":16.0,"enemies":"theJungle:Lyon","floor":133.0,"turns":3.0},{"damage":0.0,"enemies":"theJungle:FunGuy","floor":135.0,"turns":5.0},{"damage":0.0,"enemies":"3 Shapes","floor":137.0,"turns":3.0},{"damage":9.0,"enemies":"3 Darklings","floor":139.0,"turns":3.0},{"damage":7.0,"enemies":"Mind Bloom Boss Battle","floor":140.0,"turns":3.0},{"damage":4.0,"enemies":"Sphere and 2 Shapes","floor":141.0,"turns":4.0},{"damage":1.0,"enemies":"infinitespire:Three Voidlings","floor":147.0,"turns":4.0},{"damage":0.0,"enemies":"Nightmare_Alpha","floor":147.0,"turns":6.0},{"damage":0,"enemies":"Nightmare","floor":148,"turns":3},{"damage":6,"enemies":"4 Shapes","floor":150,"turns":3},{"damage":0,"enemies":"infinitespire:MassOfShapes","floor":152,"turns":2},{"damage":0,"enemies":"Shield and Spear","floor":156,"turns":5},{"damage":1,"enemies":"The Heart","floor":157,"turns":7}],"seed_played":"-4939720043439072585","potions_obtained":[{"floor":1.0,"key":"SneckoOil"},{"floor":4.0,"key":"LiquidMemories"},{"floor":11.0,"key":"EntropicBrew"},{"floor":13.0,"key":"Explosive Potion"},{"floor":16.0,"key":"Weak Potion"},{"floor":25.0,"key":"SpeedPotion"},{"floor":27.0,"key":"BlessingOfTheForge"},{"floor":39.0,"key":"Adrenaline Potion"},{"floor":40.0,"key":"ColorlessPotion"},{"floor":44.0,"key":"CunningPotion"},{"floor":46.0,"key":"SkillPotion"},{"floor":48.0,"key":"ColorlessPotion"},{"floor":53.0,"key":"Weak Potion"},{"floor":61.0,"key":"ColorlessPotion"},{"floor":62.0,"key":"Weak Potion"},{"floor":63.0,"key":"AttackPotion"},{"floor":65.0,"key":"SkillPotion"},{"floor":67.0,"key":"Strength Potion"},{"floor":69.0,"key":"ColorlessPotion"},{"floor":73.0,"key":"Venom Potion"},{"floor":74.0,"key":"ColorlessPotion"},{"floor":76.0,"key":"Venom Potion"},{"floor":78.0,"key":"Swift Potion"},{"floor":79.0,"key":"Languid Potion"},{"floor":80.0,"key":"SmokeBomb"},{"floor":81.0,"key":"Energy Potion"},{"floor":82.0,"key":"Weak Potion"},{"floor":84.0,"key":"EntropicBrew"},{"floor":90.0,"key":"Energy Potion"},{"floor":91.0,"key":"DistilledChaos"},{"floor":93.0,"key":"DuplicationPotion"},{"floor":95.0,"key":"Block Potion"},{"floor":96.0,"key":"SkillPotion"},{"floor":97.0,"key":"Guardian:BlockOnCardUsePotion"},{"floor":98.0,"key":"Weak Potion"},{"floor":101.0,"key":"GamblersBrew"},{"floor":103.0,"key":"Reflective Coating"},{"floor":108.0,"key":"AttackPotion"},{"floor":113.0,"key":"Reflective Coating"},{"floor":114.0,"key":"Ancient Potion"},{"floor":115.0,"key":"hexamod:EctoCoolerPotion"},{"floor":118.0,"key":"Poison Potion"},{"floor":120.0,"key":"Fruit Juice"},{"floor":126.0,"key":"Flashbang"},{"floor":127.0,"key":"champ:CounterPotion"},{"floor":133.0,"key":"Adrenaline Potion"},{"floor":135.0,"key":"ColorlessPotion"},{"floor":137.0,"key":"Strength Potion"},{"floor":139.0,"key":"DistilledChaos"},{"floor":147.0,"key":"ColorlessPotion"},{"floor":150,"key":"Weak Potion"},{"floor":152,"key":"SteroidPotion"},{"floor":156,"key":"DistilledChaos"},{"floor":157,"key":"Reflective Coating"}],"is_trial":false,"path_per_floor":["M","?","$","M","M","E","M","$","T","E","M","M","M","M","R","B",null,"M","M","AVR","?","M","M","M","E","T","M","R","M","R","E","R_BF","B",null,"M","?","M","$","M","E","R","M","T","M","NM","M","$","E","R","B",null,"M","?","M","?","$","R","?","E","T","M","M","E","R","M","R","B",null,"M","M","?","M","M","E","AVR","E","T","M","E","M","E","M","R","B",null,"M","M","$","?","M","E","R","?","T","M","E","M","NM","$","R","B",null,"M","?","?","M","?","E","R","M","T","NM","M","M","E","?","R","B",null,"M","$","?","AVR","?","R","E","M","T","R","?","NM","R","M","R","B",null,"M","$","M","?","M","R","?","T","T","AVR","?","NM","$","M","R","B",null,"R","$","E","B",null],"character_chosen":"THE_SILENT","items_purchased":["expansioncontent:Chronoboost","Accuracy","Hidden Blade+1","Dagger Spray","Blade Dance","Bronze Scales","Accuracy","Cloak And Dagger+1","Backflip","Panache","Tactician","Infinite Blades","OrangePellets","Frozen Egg 2","Accuracy+1","Blood Vial","Underhanded Strike+1","Infinite Blades+1"],"campfire_rested":10,"item_purchase_floors":[0,3,3,8,8,38,38,38,38,47,47,56,88,121,121,138,149,149],"current_hp_per_floor":[63,63,63,61,57,56,43,43,43,39,32,32,18,17,17,14,70,61,61,61,49,36,12,28,25,25,30,51,51,70,70,70,69,75,51,51,54,54,41,44,66,62,62,41,19,17,17,22,46,59,83,67,47,47,47,47,71,71,80,80,67,59,59,86,74,74,78,91,91,76,81,81,79,68,68,60,60,44,27,27,32,13,40,28,91,55,52,52,52,57,52,79,79,79,87,32,41,47,47,74,74,91,91,69,69,69,69,83,83,84,84,22,22,22,39,17,44,57,91,96,96,96,96,101,101,96,101,101,101,91,101,101,89,89,101,101,101,101,96,92,97,97,97,97,97,97,101,101,101,99,99,101,101,101,101,101,101],"gold":202,"neow_bonus":"","is_daily":false,"chose_seed":false,"campfire_upgraded":13,"win_rate":0.0,"timestamp":1609099765,"path_taken":["M","?","?","M","M","E","M","$","T","E","M","M","?","?","R","BOSS","M","M","AVR","?","?","M","M","E","T","M","R","M","R","E","R_BF","BOSS","M","?","M","$","M","E","R","M","T","M","NM","M","$","E","R","BOSS","M","?","M","?","$","R","?","E","T","M","M","E","R","M","R","BOSS","M","M","?","M","M","E","AVR","E","T","M","E","?","E","M","R","BOSS","M","M","$","?","M","E","R","?","T","M","E","?","NM","?","R","BOSS","M","?","?","?","?","E","R","M","T","NM","M","M","E","?","R","BOSS","M","$","?","AVR","?","R","E","M","T","R","?","NM","R","M","R","BOSS","M","$","M","?","M","R","?","?","T","AVR","?","NM","$","M","R","BOSS","R","$","E","BOSS"],"items_purchased_type":["Card","Card","Card","Card","Card","Relic","Card","Card","Card","Card","Card","Card","Relic","Relic","Card","Relic","Card","Card"],"build_version":"2020-12-22","purchased_purges":7,"victory":true,"max_hp_per_floor":[70,70,70,70,70,70,70,70,70,70,70,70,70,70,70,70,70,70,70,70,70,70,70,70,70,70,70,70,70,70,70,70,70,75,75,75,75,75,75,75,75,75,75,75,75,75,75,83,83,83,83,83,83,83,83,83,83,83,91,91,91,91,91,91,91,91,91,91,91,91,91,91,91,91,91,91,91,91,91,91,91,91,91,91,91,91,91,91,91,91,91,91,91,91,91,91,91,91,91,91,91,91,91,91,91,91,91,91,91,91,91,91,91,91,91,91,91,91,91,96,96,96,96,101,101,101,101,101,101,101,101,101,101,101,101,101,101,101,101,101,101,101,101,101,101,101,101,101,101,101,101,101,101,101,101,101,101],"card_choices":[{"not_picked":["Outmaneuver","Hidden Blade"],"picked":"Terror","floor":1.0},{"not_picked":["Sucker Punch","Poisoned Stab"],"picked":"Bane","floor":4.0},{"not_picked":["Slice","Backflip"],"picked":"Dagger Throw","floor":5.0},{"not_picked":["Calculated Gamble","ReplayTheSpireMod:Scrap Shanks"],"picked":"PiercingWail","floor":6.0},{"not_picked":["Deflect","hubris:SlightOfHand"],"picked":"Cloak And Dagger","floor":7.0},{"not_picked":["Poisoned Stab","A Thousand Cuts"],"picked":"hubris:Sniper","floor":10.0},{"not_picked":["Setup","Flying Knee","PiercingWail"],"picked":"SKIP","floor":11.0},{"not_picked":["hubris:SlightOfHand","Skewer"],"picked":"Dagger Spray","floor":12.0},{"not_picked":["Quick Slash","Bane"],"picked":"Backflip","floor":13.0},{"not_picked":["Crippling Poison","Quick Slash"],"picked":"Calculated Gamble","floor":14.0},{"not_picked":["Malaise","Replay:Bag of Tricks"],"picked":"Adrenaline","floor":16.0},{"not_picked":["Sucker Punch","Blade Dance+1"],"picked":"Noxious Fumes","floor":18.0},{"not_picked":["Hidden Blade","Fluid Movement"],"picked":"Outmaneuver+1","floor":19.0},{"not_picked":["Toxin Wave","Flying Knee"],"picked":"Hidden Blade","floor":22.0},{"not_picked":["PiercingWail+1","Setup"],"picked":"Underhanded Strike","floor":23.0},{"not_picked":["PiercingWail+1","Poisoned Stab+1"],"picked":"Hidden Blade","floor":24.0},{"not_picked":["Flying Knee","Finisher+1"],"picked":"Blade Dance+1","floor":25.0},{"not_picked":["Deadly Poison","Dagger Throw"],"picked":"Atom Bomb","floor":27.0},{"not_picked":["Slice","Venomology"],"picked":"hubris:SlightOfHand+1","floor":29.0},{"not_picked":["Blade Dance+1","hubris:SlightOfHand+1"],"picked":"Concentrate+1","floor":31.0},{"not_picked":["ReplayTheSpireMod:Necrosis","Night Terror"],"picked":"Tools of the Trade","floor":33.0},{"not_picked":["Leg Sweep","Quick Slash+1"],"picked":"Accuracy","floor":35.0},{"not_picked":["All Out Attack","Reflex+1"],"picked":"Dagger Throw+1","floor":37.0},{"not_picked":["Quick Slash","Dagger Throw+1"],"picked":"Distraction+1","floor":39.0},{"not_picked":["Sucker Punch+1","Accuracy"],"picked":"Noxious Fumes","floor":40.0},{"not_picked":["Flechettes+1","Underhanded Strike"],"picked":"Concentrate","floor":42.0},{"not_picked":["Sucker Punch","Dagger Throw+1"],"picked":"Blur","floor":44.0},{"not_picked":["Underhanded Strike+1","Poisoned Stab+1"],"picked":"Fluid Movement+1","floor":45.0},{"not_picked":["Deadly Poison","Hidden Blade","Flying Knee"],"picked":"SKIP","floor":46.0},{"not_picked":["Bane","Dagger Spray+1"],"picked":"Draining Mist","floor":48.0},{"not_picked":["Burst","Malaise"],"picked":"After Image","floor":50.0},{"not_picked":["Terror","Deadly Poison","Sucker Punch"],"picked":"SKIP","floor":52.0},{"not_picked":["Sucker Punch","Quick Slash"],"picked":"ReplayTheSpireMod:Shiv Toss","floor":53.0},{"not_picked":["ReplayTheSpireMod:Exploit Weakness","Terror"],"picked":"Noxious Fumes","floor":54.0},{"not_picked":["PiercingWail","Underhanded Strike","hubris:SlightOfHand"],"picked":"SKIP","floor":59.0},{"not_picked":["Choke","Dodge and Roll","Quick Slash"],"picked":"SKIP","floor":61.0},{"not_picked":["Heel Hook","Dodge and Roll","Burst"],"picked":"SKIP","floor":62.0},{"not_picked":["Leg Sweep","Slice","Flechettes"],"picked":"SKIP","floor":63.0},{"not_picked":["Underhanded Strike","Dodge and Roll"],"picked":"Outmaneuver","floor":65.0},{"not_picked":["Finisher+1","Acrobatics"],"picked":"Outmaneuver","floor":69.0},{"not_picked":["hubris:Counter","Deadly Poison"],"picked":"Noxious Fumes","floor":70.0},{"not_picked":["ReplayTheSpireMod:Tripwire","Riddle With Holes","Sucker Punch"],"picked":"SKIP","floor":72.0},{"not_picked":["Sucker Punch+1","Dagger Throw","Toxin Wave"],"picked":"SKIP","floor":73.0},{"not_picked":["Dodge and Roll","Cloak And Dagger","hubris:Sniper"],"picked":"SKIP","floor":74.0},{"not_picked":["Choke+1","Endless Agony+1","hubris:SlightOfHand"],"picked":"SKIP","floor":76.0},{"not_picked":["Expertise","Hidden Blade+1"],"picked":"Underhanded Strike+1","floor":78.0},{"not_picked":["Well Laid Plans","Phantasmal Killer"],"picked":"Accuracy","floor":79.0},{"not_picked":["Setup","Flechettes+1"],"picked":"Infinite Blades+1","floor":80.0},{"not_picked":["Grand Finale+1","Quick Slash+1"],"picked":"Deflect","floor":81.0},{"not_picked":["Slice+1","Caltrops+1"],"picked":"Backflip+1","floor":82.0},{"not_picked":["infinitespire:DeathsTouch","hubris:InfiniteBlow"],"picked":"infinitespire:Gouge","floor":84.0},{"not_picked":["Replay:Bag of Tricks","Storm of Steel"],"picked":"Tools of the Trade","floor":84.0},{"not_picked":["Sucker Punch+1","hubris:SpiceAddiction"],"picked":"Underhanded Strike+1","floor":86.0},{"not_picked":["PiercingWail+1","Expertise+1"],"picked":"Prepared+1","floor":87.0},{"not_picked":["Dash+1","PiercingWail+1"],"picked":"Outmaneuver+1","floor":89.0},{"not_picked":["Dodge and Roll","Bane+1","Underhanded Strike+1"],"picked":"SKIP","floor":90.0},{"not_picked":["Reflex+1","Unload+1","Cloak And Dagger+1"],"picked":"SKIP","floor":91.0},{"not_picked":["Prepared+1","Bane+1"],"picked":"Catalyst+1","floor":95.0},{"not_picked":["Prepared","ReplayTheSpireMod:Speed Training"],"picked":"Backflip+1","floor":96.0},{"not_picked":["Concentrate+1","Sucker Punch+1"],"picked":"Sneak Up","floor":97.0},{"not_picked":["hubris:SpiceAddiction","hubris:SpiceAddiction"],"picked":"Blade Dance+1","floor":98.0},{"not_picked":["Poison Darts","Die Die Die+1"],"picked":"ReplayTheSpireMod:Necrosis","floor":101.0},{"not_picked":["Skewer+1","Masterful Stab+1","Caltrops"],"picked":"SKIP","floor":103.0},{"not_picked":["infinitespire:Menacing","ReplayTheSpireMod:Black Plague"],"picked":"infinitespire:Starlight","floor":104.0},{"not_picked":["Toxin Wave","Accuracy","Outmaneuver"],"picked":"SKIP","floor":106.0},{"not_picked":["Dodge and Roll","Distraction"],"picked":"Deflect","floor":108.0},{"not_picked":["hubris:SlightOfHand","hubris:SpiceAddiction","hubris:SpiceAddiction"],"picked":"SKIP","floor":110.0},{"not_picked":["infinitespire:Menacing","infinitespire:UltimateForm"],"picked":"infinitespire:Fortify","floor":112.0},{"not_picked":["Underhanded Strike+1","Masterful Stab+1","Setup"],"picked":"SKIP","floor":112.0},{"not_picked":["Underhanded Strike+1","Masterful Stab+1","Setup"],"picked":"SKIP","floor":112.0},{"not_picked":["Leg Sweep","Bane+1","Skewer+1"],"picked":"SKIP","floor":113.0},{"not_picked":["Poisoned Stab+1","hubris:SlightOfHand","Hidden Blade"],"picked":"SKIP","floor":114.0},{"not_picked":["hubris:SpiceAddiction","Acrobatics","Sucker Punch+1"],"picked":"SKIP","floor":115.0},{"not_picked":["Night Terror","Adrenaline"],"picked":"infinitespire:Neurotoxin","floor":118.0},{"not_picked":["Skewer+1","Noxious Fumes"],"picked":"Deflect","floor":120.0},{"not_picked":["Accuracy+1","hubris:SpiceAddiction"],"picked":"Footwork+1","floor":126.0},{"not_picked":["Predator+1","Quick Slash+1","Hidden Blade+1"],"picked":"SKIP","floor":127.0},{"not_picked":["Bouncing Flask","ReplayTheSpireMod:Exploit Weakness","Deadly Poison+1"],"picked":"SKIP","floor":131.0},{"not_picked":["Draining Mist+1","Blade Dance","Catalyst"],"picked":"SKIP","floor":133.0},{"not_picked":["Phantasmal Killer","A Thousand Cuts+1"],"picked":"Envenom+1","floor":135.0},{"not_picked":["Hidden Blade+1","Poisoned Stab+1"],"picked":"Catalyst+1","floor":137.0},{"not_picked":["ReplayTheSpireMod:Shiv Toss+1","infinitespire:Neurotoxin"],"picked":"Prepared+1","floor":139.0},{"not_picked":["Flechettes+1","Masterful Stab+1","Caltrops+1"],"picked":"SKIP","floor":141.0},{"not_picked":["infinitespire:SealOfDarkness+","infinitespire:DeathsTouch"],"picked":"infinitespire:UltimateForm","floor":147.0},{"not_picked":["Prepared","Expertise"],"picked":"Noxious Fumes+1","floor":147.0},{"not_picked":["Dagger Spray+1","Reflex"],"picked":"hubris:SlightOfHand+1","floor":148},{"not_picked":["Acrobatics","hubris:SpiceAddiction","hubris:SlightOfHand+1"],"picked":"SKIP","floor":150},{"not_picked":["All Out Attack+1","hubris:SlightOfHand+1","Dagger Spray+1"],"picked":"SKIP","floor":150},{"not_picked":["Bouncing Flask","Acrobatics+1"],"picked":"Backflip+1","floor":156},{"not_picked":["Doppelganger","Unload+1"],"picked":"Atom Bomb+1","floor":157}],"player_experience":92083,"relics_obtained":[{"floor":6.0,"key":"CaptainsWheel"},{"floor":10.0,"key":"infinitespire:WardingShard"},{"floor":25.0,"key":"Toy Ornithopter"},{"floor":26.0,"key":"infinitespire:Midas Blood"},{"floor":31.0,"key":"hubris:ToyBattleship"},{"floor":32.0,"key":"Vajra"},{"floor":34.0,"key":"Centennial Puzzle"},{"floor":34.0,"key":"infinitespire:FocusingShard"},{"floor":34.0,"key":"Durian"},{"floor":40.0,"key":"Shuriken"},{"floor":43.0,"key":"Nunchaku"},{"floor":45.0,"key":"hubris:MysteriousPyramids"},{"floor":48.0,"key":"hubris:Spice"},{"floor":53.0,"key":"Odd Mushroom"},{"floor":59.0,"key":"hubris:Spice"},{"floor":60.0,"key":"White Beast Statue"},{"floor":63.0,"key":"Counterbalance"},{"floor":74.0,"key":"infinitespire:Golems Mask"},{"floor":77.0,"key":"hubris:SphereOfDissonance"},{"floor":81.0,"key":"Du-Vu Doll"},{"floor":89.0,"key":"infinitespire:Joker Card"},{"floor":91.0,"key":"Smiling Mask"},{"floor":94.0,"key":"Calipers"},{"floor":96.0,"key":"hubris:FunFungus"},{"floor":98.0,"key":"InkBottle"},{"floor":108.0,"key":"ReplayTheSpireMod:Ninjato"},{"floor":111.0,"key":"Garlic"},{"floor":112.0,"key":"infinitespire:EmpoweringShard"},{"floor":115.0,"key":"infinitespire:Magic Flask"},{"floor":126.0,"key":"Pet Ghost"},{"floor":128.0,"key":"ReplayFunnel"},{"floor":131.0,"key":"Replay:Baseball"},{"floor":140.0,"key":"Replay:Arrowhead"},{"floor":144.0,"key":"Prayer Wheel"},{"floor":145.0,"key":"Replay:Wax Seal"},{"floor":156,"key":"Replay:Towering Pillar of Hats"}],"event_choices":[{"cards_removed":["expansioncontent:Chronoboost"],"damage_healed":0.0,"max_hp_gain":0.0,"max_hp_loss":0.0,"gold_gain":0.0,"event_name":"betterNote:BetterNote","player_choice":"Give","floor":2.0,"gold_loss":0.0,"damage_taken":0.0,"cards_obtained":["None"]},{"damage_healed":0.0,"max_hp_gain":0.0,"max_hp_loss":0.0,"gold_gain":0.0,"event_name":"betterSkull:BetterSkull","player_choice":"UP ","floor":21.0,"gold_loss":0.0,"damage_taken":14.0,"cards_upgraded":["Noxious Fumes"],"relics_obtained":[]},{"damage_healed":0.0,"max_hp_gain":0.0,"max_hp_loss":0.0,"gold_gain":0.0,"event_name":"Mushrooms","player_choice":"Fought Mushrooms","floor":53.0,"gold_loss":0.0,"damage_taken":0.0},{"damage_healed":0.0,"max_hp_gain":0.0,"max_hp_loss":0.0,"gold_gain":0.0,"event_name":"Living Wall","player_choice":"Grow","floor":58.0,"gold_loss":0.0,"damage_taken":0.0,"cards_upgraded":["Infinite Blades"]},{"damage_healed":5.0,"max_hp_gain":0.0,"max_hp_loss":0.0,"gold_gain":0.0,"event_name":"betterSkull:BetterSkull","player_choice":"LEAVE ","floor":71.0,"gold_loss":0.0,"damage_taken":0.0,"cards_upgraded":[],"relics_obtained":[]},{"damage_healed":0.0,"max_hp_gain":0.0,"max_hp_loss":0.0,"gold_gain":0.0,"event_name":"MindBloom","player_choice":"Fight","floor":89.0,"gold_loss":0.0,"damage_taken":0.0},{"damage_healed":0.0,"max_hp_gain":0.0,"max_hp_loss":0.0,"gold_gain":0.0,"event_name":"Lab","player_choice":"Got Potions","floor":93.0,"gold_loss":0.0,"damage_taken":0.0},{"damage_healed":0.0,"max_hp_gain":0.0,"max_hp_loss":0.0,"gold_gain":100.0,"event_name":"Golden Shrine","player_choice":"Pray","floor":105.0,"gold_loss":0.0,"damage_taken":0.0},{"damage_healed":0.0,"max_hp_gain":0.0,"max_hp_loss":0.0,"gold_gain":7.0,"event_name":"betterStone:BetterStone","player_choice":"4","floor":107.0,"gold_loss":0.0,"damage_taken":0.0,"cards_obtained":["expansioncontent:Chronoboost"]},{"damage_healed":0.0,"max_hp_gain":0.0,"max_hp_loss":0.0,"gold_gain":0.0,"event_name":"Golden Idol","player_choice":"Take Damage","floor":116.0,"gold_loss":0.0,"damage_taken":22.0,"relics_obtained":["Golden Idol"]},{"damage_healed":0.0,"max_hp_gain":0.0,"max_hp_loss":0.0,"gold_gain":0.0,"event_name":"MindBloom","player_choice":"Fight","floor":140.0,"gold_loss":0.0,"damage_taken":0.0}],"is_beta":false,"boss_relics":[{"not_picked":["SacredBark","ChewingGum"],"picked":"Pandora\u0027s Box"},{"not_picked":["hubris:CrackedHourglass","Astrolabe"],"picked":"Calling Bell"},{"not_picked":["hubris:RunicObelisk","Kintsugi"],"picked":"SlaversCollar"},{"not_picked":["Painkiller Herb","hubris:Spice"],"picked":"ChewingGum"},{"not_picked":["Snecko Eye","hubris:Spice","Sozu"]},{"not_picked":["hubris:Spice","hubris:Spice","hubris:Spice"]},{"not_picked":["hubris:Spice","Fusion Hammer"],"picked":"HoveringKite"},{"not_picked":["Replay:Drink Me","hubris:Spice","hubris:Spice"]},{"not_picked":["Kintsugi","Tiny House"],"picked":"Replay:Fungal Core"}],"items_purged_floors":[20,38,56,75,123,138,146],"is_endless":true,"potions_floor_spawned":[1,4,11,13,14,16,22,23,25,27,33,39,40,44,46,48,53,61,62,63,65,67,69,70,72,73,74,76,78,79,80,81,82,84,86,87,89,90,91,95,96,97,98,101,103,106,108,110,113,114,115,118,120,126,127,131,133,135,137,139,140,141,147,147,148,150,152,156,157],"ascension_level":1}}