{"host":"uyrebrj0204enqpc","time":1609095027,"event":{"mods":["Act Like it!","Bard","BaseMod","Block Reminder","Challenge The Spire","Colored Map","Colored Powertips","DeckTracker","Downfall","GifTheSpireLib","HexUI Lib","Highlight Path","Hubris","Infinite Spire","Minty Spire (QoL Compilation)","Pale of the Ancients","Quick Restart","Random Character Button","Relic Sorter","Relic Stats","Replay The Spire","Shop Mod","StSLib","The Blue Laboratory","The Bug Knight","The Cursed","The Jungle","The Marked","Wandering Minibosses"],"gold_per_floor":[118,130,130,130,144,169,169,202,278,278,378,390,402,420,420,521,521,540,540,540,555,555,582,523,523,523,523,523,540,574,591,591,692,692,710,620,639,654,665,665,678,706,706,725,725,725,725,743,743,743],"floor_reached":51,"playtime":2025,"items_purged":["Strike_R"],"score":939,"play_id":"c448f97d-4f20-4d1c-9255-9a5c0c657a6d","local_time":"20201227135027","is_ascension_mode":true,"campfire_choices":[{"data":"Heavy Blade","floor":7.0,"key":"SMITH"},{"floor":10.0,"key":"REST"},{"data":"Defend_R","floor":15.0,"key":"SMITH"},{"data":"Feed","floor":25.0,"key":"SMITH"},{"data":"RitualDagger","floor":28.0,"key":"SMITH"},{"floor":32.0,"key":"REST"},{"floor":40.0,"key":"REST"},{"floor":45.0,"key":"REST"},{"floor":47.0,"key":"REST"},{"data":"Shrug It Off","floor":49.0,"key":"SMITH"}],"circlet_count":0,"master_deck":["Strike_R+1","Strike_R","Defend_R","Defend_R","Defend_R","Defend_R+1","Bash","Demon Form","Twin Strike","Heavy Blade+1","Flex","infinitespire:OneForAll+1","Feed+1","Shrug It Off+1","RitualDagger+1","Impervious","hubris:ReadiedAction+1","Demonic Infusion"],"relics":["Black Blood","Replay:Bottled Flurry","Mercury Hourglass","Blue Doll","Sundial","infinitespire:Burning Sword","Bag of Marbles","MealTicket","Boot","Eternal Feather","Singing Bowl","Ancient Tea Set","Replay:Grab Bag","Velvet Choker","ReplayTheSpireMod:DimensionalGlitch","Black Star","Iron Hammer","Darkstone Periapt","Snack Pack"],"acts_visited":["Exordium","TheCity","TheBeyond"],"potions_floor_usage":[50,50],"damage_taken":[{"damage":13.0,"enemies":"Jaw Worm","floor":1.0,"turns":3.0},{"damage":1.0,"enemies":"Cultist","floor":2.0,"turns":3.0},{"damage":12.0,"enemies":"Small Slimes","floor":5.0,"turns":4.0},{"damage":35.0,"enemies":"3 Sentries","floor":6.0,"turns":9.0},{"damage":27.0,"enemies":"Replay:BlueRogue","floor":8.0,"turns":4.0},{"damage":10.0,"enemies":"Looter","floor":12.0,"turns":3.0},{"damage":13.0,"enemies":"2 Fungi Beasts","floor":13.0,"turns":3.0},{"damage":9.0,"enemies":"Blue Slaver","floor":14.0,"turns":3.0},{"damage":4.0,"enemies":"Hexaghost","floor":16.0,"turns":6.0},{"damage":16.0,"enemies":"2 Thieves","floor":18.0,"turns":3.0},{"damage":29.0,"enemies":"3 Byrds","floor":21.0,"turns":4.0},{"damage":41.0,"enemies":"Book of Stabbing","floor":23.0,"turns":4.0},{"damage":35.0,"enemies":"Centurion and Healer","floor":29.0,"turns":4.0},{"damage":5.0,"enemies":"Gremlin Leader","floor":30.0,"turns":4.0},{"damage":15.0,"enemies":"Snake Plant","floor":31.0,"turns":2.0},{"damage":34.0,"enemies":"hubris:MusketHawk","floor":33.0,"turns":6.0},{"damage":34.0,"enemies":"3 Darklings","floor":35.0,"turns":3.0},{"damage":11.0,"enemies":"Orb Walker","floor":37.0,"turns":3.0},{"damage":28.0,"enemies":"Maw","floor":38.0,"turns":6.0},{"damage":38.0,"enemies":"Transient","floor":39.0,"turns":5.0},{"damage":12.0,"enemies":"4 Shapes","floor":41.0,"turns":3.0},{"damage":54.0,"enemies":"Reptomancer","floor":42.0,"turns":4.0},{"damage":10.0,"enemies":"Sphere and 2 Shapes","floor":44.0,"turns":3.0},{"damage":0.0,"enemies":"Spire Growth","floor":48.0,"turns":3.0},{"damage":114,"enemies":"infinitespire:MassOfShapes","floor":50,"turns":9}],"seed_played":"-9106506113715336250","potions_obtained":[{"floor":2.0,"key":"blueLaboratory:IronCompound"},{"floor":5.0,"key":"Dexterity Potion"},{"floor":6.0,"key":"blueLaboratory:FrostheartPotion"},{"floor":13.0,"key":"ColorlessPotion"},{"floor":21.0,"key":"blueLaboratory:RememoryPotion"},{"floor":29.0,"key":"CultistPotion"},{"floor":31.0,"key":"Block Potion"},{"floor":37.0,"key":"blueLaboratory:BottleOfRum"},{"floor":39.0,"key":"Guardian:BlockOnCardUsePotion"},{"floor":48.0,"key":"ColorlessPotion"}],"is_trial":false,"path_per_floor":["M","M","?","T","M","E","R","E","T","R","?","M","M","M","R","B",null,"M","?","?","M","AVR","E","?","R","T","T","R","M","E","M","R","B",null,"M","?","M","M","M","R","M","E","T","M","R","?","R","M","R","B",null],"character_chosen":"IRONCLAD","items_purchased":[],"campfire_rested":5,"item_purchase_floors":[],"current_hp_per_floor":[73,78,78,78,72,43,43,22,22,46,46,42,35,32,32,34,80,73,73,67,44,44,12,32,32,32,32,41,18,21,18,57,29,100,74,74,71,53,21,63,59,13,13,14,59,59,104,114,123,17],"gold":743,"neow_bonus":"ONE_RANDOM_RARE_CARD","is_daily":false,"chose_seed":false,"campfire_upgraded":5,"win_rate":0.0,"timestamp":1609095027,"path_taken":["M","M","?","?","?","E","R","E","T","R","?","M","M","?","R","BOSS","M","?","?","M","AVR","E","?","R","T","?","R","?","E","?","R","BOSS","M","?","M","M","?","R","M","E","T","M","R","?","R","M","R","BOSS"],"items_purchased_type":[],"build_version":"2020-12-22","purchased_purges":1,"victory":true,"max_hp_per_floor":[80,80,80,80,80,80,80,80,80,80,80,80,80,80,80,80,80,83,83,83,83,83,86,86,86,86,86,86,92,94,100,100,100,100,104,104,106,112,112,112,114,116,116,122,122,122,122,128,128,128],"relic_stats":{"Darkstone Periapt":0,"Singing Bowl":18,"counters":[25,103],"Sundial":[10],"Black Blood":150,"MealTicket":0,"Eternal Feather":54,"Black Star":1,"Boot":[0],"obtain_stats":[{"Darkstone Periapt":42,"Singing Bowl":27,"Replay:Grab Bag":34,"Velvet Choker":34,"Black Blood":34,"Blue Doll":8,"Eternal Feather":26,"Boot":23,"Ancient Tea Set":30,"Burning Blood":0,"Mercury Hourglass":6,"Sundial":9,"MealTicket":22,"Iron Hammer":42,"Replay:Bottled Flurry":4,"infinitespire:Burning Sword":17,"Bag of Marbles":19,"Black Star":34,"Snack Pack":43,"ReplayTheSpireMod:DimensionalGlitch":34},{"Darkstone Periapt":22,"Singing Bowl":12,"Replay:Grab Bag":16,"Velvet Choker":16,"Black Blood":16,"Blue Doll":5,"Eternal Feather":12,"Boot":12,"Ancient Tea Set":14,"Burning Blood":0,"Mercury Hourglass":4,"Sundial":5,"MealTicket":11,"Iron Hammer":22,"Replay:Bottled Flurry":2,"infinitespire:Burning Sword":9,"Bag of Marbles":10,"Black Star":16,"Snack Pack":22,"ReplayTheSpireMod:DimensionalGlitch":16},{"Darkstone Periapt":88,"Singing Bowl":48,"Replay:Grab Bag":64,"Velvet Choker":64,"Black Blood":64,"Blue Doll":23,"Eternal Feather":48,"Boot":48,"Ancient Tea Set":56,"Burning Blood":0,"Mercury Hourglass":19,"Sundial":23,"MealTicket":44,"Iron Hammer":88,"Replay:Bottled Flurry":6,"infinitespire:Burning Sword":37,"Bag of Marbles":40,"Black Star":64,"Snack Pack":88,"ReplayTheSpireMod:DimensionalGlitch":64}],"Mercury Hourglass":[223]},"card_choices":[{"not_picked":["ReplayTheSpireMod:Strike From Hell","Run Through"],"picked":"Twin Strike","floor":1.0},{"not_picked":["ReplayTheSpireMod:LeadingStrike","Armaments","Twin Strike"],"picked":"SKIP","floor":2.0},{"not_picked":["Battle Trance","Spot Weakness","Clash"],"picked":"SKIP","floor":5.0},{"not_picked":["True Grit","ReplayTheSpireMod:Strike From Hell"],"picked":"Heavy Blade","floor":6.0},{"not_picked":["Abandon","Exhume"],"picked":"Flex","floor":8.0},{"not_picked":["Combust","Iron Wave"],"picked":"infinitespire:OneForAll","floor":12.0},{"not_picked":["Warcry","Infernal Blade","Heavy Blade"],"picked":"SKIP","floor":13.0},{"not_picked":["Armaments","Life Link","True Grit"],"picked":"SKIP","floor":14.0},{"not_picked":["Barricade","Bludgeon"],"picked":"Feed","floor":16.0},{"not_picked":["Cleave","Sword Boomerang"],"picked":"Shrug It Off","floor":18.0},{"not_picked":["Rampage","Headbutt","Combust+1"],"picked":"SKIP","floor":21.0},{"not_picked":["Heavy Blade","Pummel","Combust"],"picked":"SKIP","floor":23.0},{"not_picked":["Entrench","Warcry","Dark Embrace+1"],"picked":"Singing Bowl","floor":29.0},{"not_picked":["Searing Blow+1","Clothesline","Reckless Charge"],"picked":"Singing Bowl","floor":30.0},{"not_picked":["Replay:Undeath\u0027s Touch+1","Havoc","Flex"],"picked":"Singing Bowl","floor":31.0},{"not_picked":["Hemogenesis","Feed"],"picked":"Impervious","floor":33.0},{"not_picked":["Heavy Blade","ReplayTheSpireMod:Stacked+1"],"picked":"hubris:ReadiedAction+1","floor":35.0},{"not_picked":["Clothesline+1","Heavy Blade+1","Thunderclap"],"picked":"Singing Bowl","floor":37.0},{"not_picked":["Wild Strike","hubris:ReadiedAction","Armaments"],"picked":"Singing Bowl","floor":38.0},{"not_picked":["Uppercut+1","ReplayTheSpireMod:Strike From Hell"],"picked":"Demonic Infusion","floor":39.0},{"not_picked":["Combust+1","Flex","Sword Boomerang"],"picked":"Singing Bowl","floor":41.0},{"not_picked":["Rampage+1","Headbutt","Pummel+1"],"picked":"Singing Bowl","floor":42.0},{"not_picked":["ReplayTheSpireMod:Strike From Hell","Sword Boomerang","Clothesline+1"],"picked":"Singing Bowl","floor":44.0},{"not_picked":["Thunderclap+1","Anger","Rage"],"picked":"Singing Bowl","floor":48.0}],"player_experience":952245,"relics_obtained":[{"floor":4.0,"key":"Replay:Bottled Flurry"},{"floor":6.0,"key":"Mercury Hourglass"},{"floor":8.0,"key":"Blue Doll"},{"floor":9.0,"key":"Sundial"},{"floor":23.0,"key":"Boot"},{"floor":26.0,"key":"Eternal Feather"},{"floor":27.0,"key":"Singing Bowl"},{"floor":30.0,"key":"Ancient Tea Set"},{"floor":42.0,"key":"Iron Hammer"},{"floor":42.0,"key":"Darkstone Periapt"},{"floor":43.0,"key":"Snack Pack"}],"event_choices":[{"damage_healed":0.0,"max_hp_gain":0.0,"max_hp_loss":0.0,"gold_gain":100.0,"event_name":"Wheel of Change","player_choice":"Gold","floor":11.0,"gold_loss":0.0,"damage_taken":0.0},{"damage_healed":0.0,"max_hp_gain":0.0,"max_hp_loss":0.0,"gold_gain":0.0,"event_name":"The Mausoleum","player_choice":"Opened","floor":19.0,"gold_loss":0.0,"damage_taken":0.0,"relics_obtained":["Bag of Marbles"]},{"damage_healed":0.0,"max_hp_gain":0.0,"max_hp_loss":0.0,"gold_gain":0.0,"event_name":"Nest","player_choice":"Joined the Cult","floor":20.0,"gold_loss":0.0,"damage_taken":6.0,"cards_obtained":["RitualDagger"]},{"cards_removed":["Strike_R"],"damage_healed":0.0,"max_hp_gain":0.0,"max_hp_loss":0.0,"gold_gain":0.0,"event_name":"Designer","player_choice":"Upgrade and Remove","floor":36.0,"gold_loss":90.0,"damage_taken":0.0,"cards_upgraded":["Strike_R"]}],"is_beta":false,"boss_relics":[{"not_picked":["Ring of Chaos","hubris:Stopwatch"],"picked":"infinitespire:Burning Sword"},{"not_picked":["hubris:VirtuousBlindfold","Replay:Bronze Core"],"picked":"Replay:Grab Bag"},{"not_picked":["Mark of Pain","Sozu"],"picked":"Velvet Choker"},{"not_picked":["Cursed Key","Coffee Dripper"],"picked":"ReplayTheSpireMod:DimensionalGlitch"},{"not_picked":["hubris:HollowSoul","hubris:BlackHole"],"picked":"Black Blood"},{"not_picked":["Astrolabe","Runic Cube"],"picked":"Black Star"}],"items_purged_floors":[22],"is_endless":false,"potions_floor_spawned":[2,5,6,13,21,29,31,37,39,48],"ascension_level":1}}