{"host":"tzyzz5n7hg2ni9q2","time":1609072834,"event":{"mods":["BaseMod","Minty Spire (QoL Compilation)","Quick Restart"],"gold_per_floor":[215,62,62,62,82,82,114,114,114,146,1,21,21,34,34,34,34],"floor_reached":16,"playtime":433,"items_purged":[],"score":148,"play_id":"71ed8396-5b41-454c-bb03-dcf692d1138c","local_time":"20201227134034","is_ascension_mode":true,"campfire_choices":[{"data":"Shrug It Off","floor":6,"key":"SMITH"},{"floor":8,"key":"REST"},{"data":"Feed","floor":13,"key":"SMITH"},{"data":"Twin Strike","floor":15,"key":"SMITH"}],"circlet_count":0,"master_deck":["Strike_R+1","Strike_R","Strike_R","Strike_R","Defend_R","Defend_R","Defend_R","Defend_R","Bash+1","Shrug It Off+1","Twin Strike+1","Feed+1","Dropkick"],"relics":["Burning Blood","Boot","Sundial","Dream Catcher","Art of War","MealTicket","Odd Mushroom"],"acts_visited":["Exordium"],"potions_floor_usage":[7,10],"damage_taken":[{"damage":10.0,"enemies":"Jaw Worm","floor":1.0,"turns":5.0},{"damage":1,"enemies":"2 Louse","floor":5,"turns":2},{"damage":25,"enemies":"3 Sentries","floor":7,"turns":13},{"damage":16,"enemies":"Gremlin Nob","floor":10,"turns":3},{"damage":22,"enemies":"The Mushroom Lair","floor":12,"turns":5},{"damage":0,"enemies":"Small Slimes","floor":14,"turns":2},{"damage":44,"enemies":"The Guardian","floor":16,"turns":11}],"seed_played":"-3434953180003503369","potions_obtained":[{"floor":5,"key":"SteroidPotion"},{"floor":7,"key":"Fire Potion"},{"floor":10,"key":"SneckoOil"}],"is_trial":false,"path_per_floor":["M","$","?","?","M","R","E","R","T","E","$","?","R","M","R","B"],"character_chosen":"IRONCLAD","items_purchased":["Boot","MealTicket"],"campfire_rested":1,"item_purchase_floors":[2,11],"current_hp_per_floor":[68,68,52,45,50,50,31,55,55,45,45,32,32,42,42,0,0],"gold":34,"neow_bonus":"HUNDRED_GOLD","is_daily":false,"chose_seed":false,"campfire_upgraded":3,"win_rate":0.0,"timestamp":1609072834,"path_taken":["M","$","?","?","M","R","E","R","T","E","$","?","R","M","R","BOSS"],"items_purchased_type":["Relic","Relic"],"build_version":"2020-12-22","purchased_purges":0,"victory":false,"max_hp_per_floor":[80,80,80,80,80,80,80,80,80,80,80,83,83,87,87,87,87],"card_choices":[{"not_picked":["Thunderclap","Entrench","Warcry"],"picked":"SKIP","floor":1.0},{"not_picked":["Warcry","Cleave"],"picked":"Shrug It Off","floor":5},{"not_picked":["Sentinel","Rage"],"picked":"Twin Strike","floor":7},{"not_picked":["Havoc","Armaments"],"picked":"Feed","floor":10},{"not_picked":["Clothesline","Iron Wave"],"picked":"Dropkick","floor":14}],"player_experience":200124,"relics_obtained":[{"floor":7,"key":"Sundial"},{"floor":9,"key":"Dream Catcher"},{"floor":10,"key":"Art of War"},{"floor":12,"key":"Odd Mushroom"}],"event_choices":[{"damage_healed":0.0,"max_hp_gain":0.0,"max_hp_loss":0.0,"gold_gain":0.0,"event_name":"Shining Light","player_choice":"Entered Light","floor":3.0,"gold_loss":0.0,"damage_taken":16.0,"cards_upgraded":["Strike_R","Bash"]},{"cards_removed":["Strike_R"],"damage_healed":0,"gold_gain":0,"player_choice":"Card Removal","damage_taken":7,"max_hp_gain":0,"max_hp_loss":0,"event_name":"Golden Wing","floor":4,"gold_loss":0},{"damage_healed":0,"gold_gain":0,"player_choice":"Fought Mushrooms","damage_taken":0,"max_hp_gain":0,"max_hp_loss":0,"event_name":"Mushrooms","floor":12,"gold_loss":0}],"is_beta":false,"boss_relics":[],"items_purged_floors":[],"is_endless":false,"potions_floor_spawned":[5,7,10],"killed_by":"The Guardian","ascension_level":8}}