{"host":"dntw6kil9p09eemm","time":1609060835,"event":{"mods":["Alarm Clock","Aspiration","BaseMod","Colored Powertips","Downfall","Hermit","Hubris","Minty Spire (QoL Compilation)","Permanent Neow","Shop Mod","Spicy Shops","StSLib","The Runesmith"],"gold_per_floor":[119,134,134,146,163,163,163,163],"floor_reached":6,"playtime":277,"items_purged":[],"score":38,"play_id":"df869f84-74e9-42c2-b48b-01ba8fe600c9","local_time":"20201227182035","is_ascension_mode":false,"campfire_choices":[],"circlet_count":0,"master_deck":["Guardian:Strike_Guardian","Guardian:Strike_Guardian","Guardian:Strike_Guardian","Guardian:Strike_Guardian","Guardian:Defend_Guardian","Guardian:Defend_Guardian","Guardian:Defend_Guardian","Guardian:Defend_Guardian","Guardian:CurlUp","Guardian:TwinSlam","Guardian:ChargeUp","Guardian:Gem_Blue","Guardian:TemporalShield"],"relics":["Guardian:ModeShifter","aspiration:Nostalgia","Cracked Core"],"acts_visited":["Exordium"],"potions_floor_usage":[6],"damage_taken":[{"damage":0,"enemies":"Small Slimes","floor":1,"turns":3},{"damage":0,"enemies":"Jaw Worm","floor":2,"turns":4},{"damage":0,"enemies":"Cultist","floor":4,"turns":3},{"damage":6,"enemies":"Exordium Wildlife","floor":5,"turns":6},{"damage":15,"enemies":"Gremlin Nob","floor":6,"turns":4}],"seed_played":"-4303042141621996653","potions_obtained":[{"floor":1,"key":"PowerPotion"},{"floor":5,"key":"DuplicationPotion"}],"is_trial":false,"path_per_floor":["M","M","?","M","M","E"],"character_chosen":"GUARDIAN","items_purchased":[],"campfire_rested":0,"item_purchase_floors":[],"current_hp_per_floor":[80,80,80,80,74,59,59,59],"gold":163,"neow_bonus":"NOSTALGIA","is_daily":false,"chose_seed":false,"campfire_upgraded":0,"win_rate":0.0,"timestamp":1609060835,"path_taken":["M","M","?","M","M","E"],"items_purchased_type":[],"build_version":"2020-12-22","purchased_purges":0,"victory":false,"max_hp_per_floor":[80,80,80,80,80,80,80,80],"card_choices":[{"not_picked":["Guardian:Recover","Guardian:ShieldCharger"],"picked":"Guardian:ChargeUp","floor":1},{"not_picked":["Guardian:Gem_Red","Guardian:PrimingBeam"],"picked":"Guardian:Gem_Blue","floor":2},{"not_picked":["Guardian:Repulse","Guardian:Suspension"],"picked":"Guardian:TemporalShield","floor":4},{"not_picked":["Guardian:Planning","Guardian:BronzeOrb","Guardian:Reroute"],"picked":"SKIP","floor":5}],"player_experience":477238,"relics_obtained":[],"event_choices":[{"damage_healed":0,"gold_gain":0,"player_choice":"Ignored","damage_taken":0,"max_hp_gain":0,"max_hp_loss":0,"event_name":"Shining Light","floor":3,"gold_loss":0}],"is_beta":false,"boss_relics":[],"items_purged_floors":[],"is_endless":false,"potions_floor_spawned":[1,5],"killed_by":"Gremlin Nob","ascension_level":0}}