{"host":"gkh5j5k5w4qf7k7n","time":1609061004,"event":{"mods":["2.2 Compatiblity","AchievementEnabler","BaseMod","Colored Map","Colored Powertips","GifTheSpireLib","Keyboard Shortcuts","Minty Spire (QoL Compilation)","Quick Restart","StSLib","SuperFastMode","The Construct","The Dragon Tamer","The Marked","TheBandit","¡¼?Úª?ø«¡½REMEMod"],"gold_per_floor":[118,118,193,193,203,203,222,49,49,224,236,236,266,266,266,365,365,384,384,200,216,19,35,50,50,77,97,109,109,208,242,242,340,340,359,378,391,391,391],"floor_reached":38,"playtime":3564,"items_purged":["construct:Strike_Gold","Doubt","construct:Strike_Gold"],"score":676,"play_id":"a3113735-9792-4340-93bf-215f34e0da95","local_time":"20201227182324","is_ascension_mode":true,"campfire_choices":[{"data":"construct:Autoturret","floor":6.0,"key":"SMITH"},{"data":"construct:CreateCores","floor":12.0,"key":"SMITH"},{"data":"construct:DefenseMode","floor":15.0,"key":"SMITH"},{"data":"construct:SpinDrive","floor":25.0,"key":"SMITH"},{"floor":29.0,"key":"REST"},{"data":"construct:SpinDrive+1","floor":32.0,"key":"SMITH"}],"circlet_count":0,"master_deck":["AscendersBane","construct:Defend_Gold","construct:Defend_Gold","construct:Defend_Gold","construct:Defend_Gold","construct:Defend_Gold","construct:AttackMode","construct:DefenseMode+1","Apotheosis+1","construct:Autoturret+1","construct:CreateCores+1","Purity","construct:SpinDrive+2","Finesse","construct:Synchronize","construct:BatteryCore","construct:HeavyBolt+1","construct:FlameCore+1","construct:Hazardproof+1","construct:ReactiveShield+1","construct:SuppressiveFire"],"relics":["construct:ClockworkPhoenix","construct:Challenge1","REME_ComplimentaryCards","Oddly Smooth Stone","White Beast Statue","Odd Mushroom","construct:FoamFinger","construct:ClawGrip","Nilry\u0027s Codex","Letter Opener","Astrolabe"],"acts_visited":["Exordium","TheCity","TheBeyond"],"potions_floor_usage":[33,37,38],"damage_taken":[{"damage":12.0,"enemies":"Jaw Worm","floor":1.0,"turns":4.0},{"damage":12.0,"enemies":"Small Slimes","floor":5.0,"turns":4.0},{"damage":8.0,"enemies":"2 Louse","floor":7.0,"turns":3.0},{"damage":15.0,"enemies":"2 Fungi Beasts","floor":11.0,"turns":5.0},{"damage":20.0,"enemies":"The Mushroom Lair","floor":13.0,"turns":7.0},{"damage":18.0,"enemies":"The Guardian","floor":16.0,"turns":8.0},{"damage":16.0,"enemies":"2 Thieves","floor":18.0,"turns":4.0},{"damage":0.0,"enemies":"Chosen","floor":21.0,"turns":6.0},{"damage":12.0,"enemies":"Shelled Parasite and Fungi","floor":23.0,"turns":6.0},{"damage":0.0,"enemies":"Snecko","floor":24.0,"turns":7.0},{"damage":12.0,"enemies":"Snake Plant","floor":27.0,"turns":4.0},{"damage":5.0,"enemies":"Shelled Parasite and Fungi","floor":28.0,"turns":7.0},{"damage":0.0,"enemies":"REME_1_Revenger","floor":31.0,"turns":7.0},{"damage":11,"enemies":"Champ","floor":33,"turns":8},{"damage":2,"enemies":"3 Shapes","floor":35,"turns":4},{"damage":12,"enemies":"Orb Walker","floor":36,"turns":3},{"damage":48,"enemies":"Transient","floor":37,"turns":5},{"damage":18,"enemies":"3 Darklings","floor":38,"turns":2}],"seed_played":"1581863018038826346","potions_obtained":[{"floor":11.0,"key":"Fruit Juice"},{"floor":13.0,"key":"FearPotion"},{"floor":16.0,"key":"PowerPotion"},{"floor":18.0,"key":"Block Potion"},{"floor":24.0,"key":"SpeedPotion"},{"floor":28.0,"key":"GamblersBrew"},{"floor":31.0,"key":"DuplicationPotion"},{"floor":33,"key":"SteroidPotion"},{"floor":37,"key":"Swift Potion"}],"is_trial":false,"path_per_floor":["M","?","?","?","M","R","M","$","T","?","M","R","?","?","R","B",null,"M","?","$","M","$","M","M","R","T","M","M","R","?","E","R","B",null,"M","M","M","M"],"character_chosen":"THE_CONSTRUCT_MOD","items_purchased":["Purity","Finesse","construct:Synchronize"],"campfire_rested":1,"item_purchase_floors":[8,20,22],"current_hp_per_floor":[65,53,42,70,58,58,50,50,50,50,35,35,20,20,20,2,68,52,36,36,36,36,24,24,24,24,12,7,34,34,34,34,23,73,71,59,11,0,0],"gold":391,"neow_bonus":"UPGRADE_CARD","is_daily":false,"chose_seed":false,"campfire_upgraded":5,"win_rate":0.0,"timestamp":1609061004,"path_taken":["M","?","?","?","M","R","?","$","T","?","M","R","?","?","R","BOSS","M","?","$","M","$","M","M","R","T","M","M","R","?","E","R","BOSS","M","M","M","M"],"items_purchased_type":["Card","Card","Card"],"build_version":"2020-12-22","purchased_purges":3,"victory":false,"max_hp_per_floor":[85,85,85,85,85,85,85,85,85,85,85,85,90,90,90,90,90,90,90,90,90,90,90,90,90,90,90,90,90,90,90,90,90,90,90,90,90,90,90],"card_choices":[{"not_picked":["construct:Reinforce","construct:OilSpill","construct:Disrupt"],"picked":"SKIP","floor":1.0},{"not_picked":["construct:PhosphorStorm","construct:SuppressiveFire"],"picked":"construct:Autoturret","floor":5.0},{"not_picked":["construct:NuclearCore","construct:BlazingSpeed"],"picked":"construct:CreateCores","floor":7.0},{"not_picked":["construct:SweepLaser","construct:Accumulate","construct:Autoturret"],"picked":"SKIP","floor":11.0},{"not_picked":["construct:LongRangeLance","construct:Meltdown"],"picked":"construct:SpinDrive","floor":16.0},{"not_picked":["construct:Versatility","construct:ModeShift","construct:PhosphorStorm+1"],"picked":"SKIP","floor":18.0},{"not_picked":["construct:Forcefield","construct:HeavyBolt+1","construct:Dampening"],"picked":"SKIP","floor":21.0},{"not_picked":["construct:Accumulate","construct:Autoturret","construct:Rollout"],"picked":"SKIP","floor":23.0},{"not_picked":["construct:Forcefield","construct:ClusterMines+1","construct:ForceCore"],"picked":"SKIP","floor":24.0},{"not_picked":["construct:Anticipate","construct:MoltenSmash","construct:ClusterMines"],"picked":"SKIP","floor":27.0},{"not_picked":["construct:ClusterMines","construct:Reinforce+1","construct:BatteryCore"],"picked":"SKIP","floor":28.0},{"not_picked":["construct:Implosion+1","construct:Forcefield","construct:PhosphorStorm"],"picked":"SKIP","floor":31.0},{"not_picked":["construct:DarkFlames","construct:ShiftingStance"],"picked":"construct:BatteryCore","floor":33},{"not_picked":["construct:CriticalHit+1","construct:SaveState+1"],"picked":"construct:ReactiveShield+1","floor":35},{"not_picked":["construct:ShiftStrike","construct:Autoturret"],"picked":"construct:SuppressiveFire","floor":36},{"not_picked":["construct:CreateCores","construct:ScrapCannon+1","construct:Stasis"],"picked":"SKIP","floor":37}],"player_experience":934462,"relics_obtained":[{"floor":9.0,"key":"White Beast Statue"},{"floor":13.0,"key":"Odd Mushroom"},{"floor":19.0,"key":"Nilry\u0027s Codex"},{"floor":31.0,"key":"Letter Opener"}],"event_choices":[{"damage_healed":0.0,"max_hp_gain":0.0,"max_hp_loss":0.0,"gold_gain":0.0,"event_name":"Scrap Ooze","player_choice":"Success","floor":2.0,"gold_loss":0.0,"damage_taken":12.0,"relics_obtained":["Oddly Smooth Stone"]},{"damage_healed":0.0,"max_hp_gain":0.0,"max_hp_loss":0.0,"gold_gain":75.0,"event_name":"World of Goop","player_choice":"Gather Gold","floor":3.0,"gold_loss":0.0,"damage_taken":11.0},{"damage_healed":28.0,"max_hp_gain":0.0,"max_hp_loss":0.0,"gold_gain":0.0,"event_name":"Big Fish","player_choice":"Banana","floor":4.0,"gold_loss":0.0,"damage_taken":0.0},{"damage_healed":0.0,"max_hp_gain":0.0,"max_hp_loss":0.0,"gold_gain":175.0,"event_name":"Liars Game","player_choice":"AGREE","floor":10.0,"gold_loss":0.0,"damage_taken":0.0,"cards_obtained":["Doubt"]},{"damage_healed":0.0,"max_hp_gain":0.0,"max_hp_loss":0.0,"gold_gain":0.0,"event_name":"Mushrooms","player_choice":"Fought Mushrooms","floor":13.0,"gold_loss":0.0,"damage_taken":0.0},{"damage_healed":0.0,"max_hp_gain":0.0,"max_hp_loss":0.0,"gold_gain":0.0,"event_name":"Dead Adventurer","player_choice":"Searched \u00271\u0027 times","floor":14.0,"gold_loss":0.0,"damage_taken":0.0,"relics_obtained":["construct:FoamFinger"]},{"damage_healed":0.0,"max_hp_gain":0.0,"max_hp_loss":0.0,"gold_gain":0.0,"event_name":"Cursed Tome","player_choice":"Obtained Book","floor":19.0,"gold_loss":0.0,"damage_taken":16.0},{"damage_healed":0.0,"max_hp_gain":0.0,"max_hp_loss":0.0,"gold_gain":99.0,"event_name":"Nest","player_choice":"Stole From Cult","floor":30.0,"gold_loss":0.0,"damage_taken":0.0}],"is_beta":false,"boss_relics":[{"not_picked":["SacredBark","SlaversCollar"],"picked":"construct:ClawGrip"},{"not_picked":["Tiny House","Calling Bell"],"picked":"Astrolabe"}],"items_purged_floors":[8,20,22],"is_endless":false,"potions_floor_spawned":[11,13,16,18,21,23,24,27,28,31,33,35,36,37],"killed_by":"3 Darklings","ascension_level":11}}