{"host":"tknto047uabgu3zm","time":1609093584,"event":{"mods":["AchievementEnabler","BaseMod","Bestiary","Block Reminder","Colored Map","Colored Powertips","Highlight Path","Minty Spire (QoL Compilation)","MonsterHotkey","Permanent Neow","Random Character Button","Rare Cards Sparkle","Relic Sorter","Relic Stats","StSLib"],"gold_per_floor":[215,226,24,43,43,43,75,75,101,121,121,154,154,185,185,257,257,269,319,1,11,27,27,27],"floor_reached":23,"playtime":1073,"items_purged":[],"score":387,"play_id":"4cbf78f1-343c-4cf3-a3e6-41e040b16621","local_time":"20201227102624","is_ascension_mode":true,"campfire_choices":[{"data":"Bash","floor":6,"key":"SMITH"},{"floor":11,"key":"REST"},{"floor":15,"key":"REST"}],"circlet_count":0,"master_deck":["AscendersBane","Strike_R","Strike_R","Strike_R","Strike_R+1","Strike_R","Defend_R+1","Defend_R","Defend_R","Bash+1","Thunderclap","Sword Boomerang","Dark Embrace","Feel No Pain","Wild Strike","Bloodletting","Juggernaut","Fiend Fire","Clash+1","Dark Shackles","True Grit","Feed","Anger","Spot Weakness"],"relics":["Burning Blood","Medical Kit","Regal Pillow","Akabeko","Pantograph","Bottled Flame","Runic Pyramid"],"acts_visited":["Exordium","TheCity"],"potions_floor_usage":[7,14,16,22,23],"damage_taken":[{"damage":15,"enemies":"Small Slimes","floor":1,"turns":3},{"damage":3,"enemies":"2 Louse","floor":2,"turns":2},{"damage":0,"enemies":"Cultist","floor":4,"turns":3},{"damage":30,"enemies":"3 Sentries","floor":7,"turns":7},{"damage":0,"enemies":"3 Louse","floor":10,"turns":2},{"damage":28,"enemies":"Gremlin Nob","floor":12,"turns":4},{"damage":18,"enemies":"3 Sentries","floor":14,"turns":7},{"damage":34,"enemies":"Hexaghost","floor":16,"turns":10},{"damage":51,"enemies":"2 Thieves","floor":18,"turns":4},{"damage":0,"enemies":"Spheric Guardian","floor":21,"turns":1},{"damage":26,"enemies":"Shelled Parasite and Fungi","floor":22,"turns":3},{"damage":19,"enemies":"Slavers","floor":23,"turns":1}],"seed_played":"3668117144428378652","potions_obtained":[{"floor":2,"key":"CultistPotion"},{"floor":12,"key":"ColorlessPotion"},{"floor":14,"key":"ColorlessPotion"},{"floor":21,"key":"Ancient Potion"},{"floor":22,"key":"SpeedPotion"}],"is_trial":false,"path_per_floor":["M","M","$","M","?","R","E","$","T","M","R","E","?","E","R","B",null,"M","?","$","M","M","E"],"character_chosen":"IRONCLAD","items_purchased":["Dark Embrace","Medical Kit","Dark Shackles","True Grit","Feed"],"campfire_rested":2,"item_purchase_floors":[3,3,20,20,20],"current_hp_per_floor":[59,62,62,68,61,61,37,37,37,43,75,53,30,18,55,47,68,23,23,23,29,9,0,0],"gold":27,"neow_bonus":"HUNDRED_GOLD","is_daily":false,"chose_seed":false,"campfire_upgraded":1,"win_rate":0.0,"timestamp":1609093584,"path_taken":["M","M","$","M","?","R","E","$","T","M","R","E","?","E","R","BOSS","M","?","$","M","?","E"],"items_purchased_type":["Card","Relic","Card","Card","Card"],"build_version":"2020-12-22","purchased_purges":0,"victory":false,"max_hp_per_floor":[75,75,75,75,75,75,75,75,75,75,75,75,75,75,75,75,75,75,75,75,75,75,75,75],"relic_stats":{"Regal Pillow":25,"counters":[12,47],"Pantograph":20,"Medical Kit":[7],"obtain_stats":[{"Regal Pillow":7,"Bottled Flame":14,"Pantograph":12,"Medical Kit":3,"Burning Blood":0,"Akabeko":9,"Runic Pyramid":17},{"Regal Pillow":4,"Bottled Flame":7,"Pantograph":6,"Medical Kit":2,"Burning Blood":0,"Akabeko":4,"Runic Pyramid":8},{"Regal Pillow":15,"Bottled Flame":28,"Pantograph":21,"Medical Kit":5,"Burning Blood":0,"Akabeko":15,"Runic Pyramid":38}],"Burning Blood":66},"card_choices":[{"not_picked":["Iron Wave","Sword Boomerang"],"picked":"Thunderclap","floor":1},{"not_picked":["Thunderclap","Heavy Blade"],"picked":"Sword Boomerang","floor":2},{"not_picked":["Body Slam","Cleave"],"picked":"Feel No Pain","floor":4},{"not_picked":["Thunderclap","Searing Blow"],"picked":"Wild Strike","floor":7},{"not_picked":["Havoc","Sentinel"],"picked":"Bloodletting","floor":10},{"not_picked":["Flex","Armaments"],"picked":"Juggernaut","floor":12},{"not_picked":["Body Slam","Warcry","Brutality"],"picked":"SKIP","floor":14},{"not_picked":["Limit Break","Brutality"],"picked":"Fiend Fire","floor":16},{"not_picked":["Clothesline","Iron Wave+1"],"picked":"Clash+1","floor":18},{"not_picked":["Perfected Strike","Flex"],"picked":"Anger","floor":21},{"not_picked":["Clash","Hemokinesis"],"picked":"Spot Weakness","floor":22}],"player_experience":485453,"relics_obtained":[{"floor":7,"key":"Regal Pillow"},{"floor":9,"key":"Akabeko"},{"floor":12,"key":"Pantograph"},{"floor":14,"key":"Bottled Flame"}],"event_choices":[{"cards_removed":["Defend_R"],"damage_healed":0,"gold_gain":0,"player_choice":"Card Removal","damage_taken":7,"max_hp_gain":0,"max_hp_loss":0,"event_name":"Golden Wing","floor":5,"gold_loss":0},{"damage_healed":0,"gold_gain":0,"player_choice":"Entered Light","damage_taken":23,"max_hp_gain":0,"max_hp_loss":0,"event_name":"Shining Light","floor":13,"gold_loss":0,"cards_upgraded":["Strike_R","Defend_R"]},{"damage_healed":0,"gold_gain":100,"player_choice":"Bet on Murderer","damage_taken":0,"max_hp_gain":0,"max_hp_loss":0,"event_name":"The Joust","floor":19,"gold_loss":50}],"is_beta":false,"boss_relics":[{"not_picked":["Calling Bell","Tiny House"],"picked":"Runic Pyramid"}],"items_purged_floors":[],"is_endless":false,"potions_floor_spawned":[2,12,14,21,22],"killed_by":"Slavers","ascension_level":17}}