{"host":"5gc11emcm5chfr5t","time":1609032789,"event":{"mods":["2.2 Compatiblity","AchievementEnabler","BaseMod","Bestiary","Better Note","Colored Map","Colored Powertips","Downfall","Googly Eyes","Minty Spire (QoL Compilation)","Rare Cards Sparkle","StSLib"],"gold_per_floor":[99,111,127,277,290,310,310,326,326,326],"floor_reached":9,"playtime":366,"items_purged":[],"score":110,"play_id":"e4e16962-c612-4bf5-a12b-5c1458c855fd","local_time":"20201226203309","is_ascension_mode":true,"campfire_choices":[{"floor":1,"key":"RECALL"}],"circlet_count":0,"master_deck":["AscendersBane","sneckomod:Strike","sneckomod:Strike","sneckomod:Strike","sneckomod:Defend","sneckomod:Defend","sneckomod:Defend","sneckomod:TailWhip","sneckomod:SnekBite","sneckomod:Unknown","sneckomod:Unknown","sneckomod:SoulRoll","sneckomod:QuickMove","Doubt","sneckomod:IronFang","sneckomod:UnknownStrength","sneckomod:UnknownClassPURPLE"],"relics":["Black Star"],"acts_visited":["Exordium"],"potions_floor_usage":[3,6,9],"damage_taken":[{"damage":11,"enemies":"Jaw Worm","floor":2,"turns":3},{"damage":0,"enemies":"2 Louse","floor":3,"turns":2},{"damage":17,"enemies":"Small Slimes","floor":5,"turns":5},{"damage":11,"enemies":"2 Fungi Beasts","floor":6,"turns":4},{"damage":12,"enemies":"Exordium Thugs","floor":8,"turns":5},{"damage":46,"enemies":"Lagavulin","floor":9,"turns":8}],"seed_played":"-6089316478436766219","potions_obtained":[{"floor":2,"key":"Explosive Potion"},{"floor":3,"key":"SteroidPotion"},{"floor":8,"key":"Guardian:BlockOnCardUsePotion"}],"is_trial":false,"path_per_floor":["R","M","M","?","M","M","T","M","E"],"character_chosen":"THE_SNECKO","items_purchased":[],"campfire_rested":0,"item_purchase_floors":[],"current_hp_per_floor":[75,64,64,64,47,36,36,24,0,0],"gold":326,"neow_bonus":"BOSS_RELIC","is_daily":false,"chose_seed":false,"campfire_upgraded":0,"win_rate":0.0,"timestamp":1609032789,"path_taken":["R","M","M","?","M","M","T","M","E"],"items_purchased_type":[],"build_version":"2020-12-22","purchased_purges":0,"victory":false,"max_hp_per_floor":[83,83,83,83,83,83,83,83,83,83],"card_choices":[{"not_picked":["sneckomod:UnknownEthereal","sneckomod:UnknownVulnerable"],"picked":"sneckomod:SoulRoll","floor":2},{"not_picked":["sneckomod:Nope","sneckomod:SoulRoll"],"picked":"sneckomod:QuickMove","floor":3},{"not_picked":["sneckomod:UnknownBlock","sneckomod:UnknownExhaust"],"picked":"sneckomod:IronFang","floor":5},{"not_picked":["sneckomod:RainOfDice","sneckomod:DiceBlock"],"picked":"sneckomod:UnknownStrength","floor":6},{"not_picked":["sneckomod:UnknownClassHEXA_GHOST_PURPLE","sneckomod:MasterEye"],"picked":"sneckomod:UnknownClassPURPLE","floor":8}],"player_experience":498026,"relics_obtained":[],"event_choices":[],"is_beta":false,"boss_relics":[],"items_purged_floors":[],"is_endless":false,"potions_floor_spawned":[2,3,8],"killed_by":"Lagavulin","ascension_level":20}}