{"host":"yd6hhqps9de4qmof","time":1609104110,"event":{"mods":["BaseMod","Downfall","Hermit","Highlight Path","Jorbs\u0027s Wanderer Trilogy","Minty Spire (QoL Compilation)","Relic Stats","Shade Mod","StSLib","The Construct","The Cursed","The Runesmith","The Servant 0.9.4"],"gold_per_floor":[99,99,399,499,155,155,155,155,80,80,91,126,126,126,144,241,241,241,255,271,54,64,49,100,112,125,125,75,105,105,123,143,143,143,143],"floor_reached":33,"playtime":7685,"items_purged":[],"score":263,"play_id":"94acc145-0028-4772-8e80-d511ae356312","local_time":"20201227222150","is_ascension_mode":false,"campfire_choices":[{"floor":1.0,"key":"RECALL"},{"data":"expansioncontent:DashGenerateEvil","floor":9.0,"key":"SMITH"},{"data":"champ:Haymaker","floor":13.0,"key":"SMITH"},{"data":"champ:HoldFirm","floor":18,"key":"SMITH"},{"data":"champ:MurderStrike","floor":27,"key":"SMITH"},{"data":"champ:ShieldWall","floor":30,"key":"SMITH"}],"circlet_count":0,"master_deck":["champ:Strike","champ:Strike","champ:Strike","champ:Defend","champ:Defend","champ:Defend","champ:Defend","champ:Execute","champ:Taunt","champ:GladiatorsShout","champ:Haymaker+1","expansioncontent:DashGenerateEvil+1","champ:ShieldWall+1","champ:FightOn","champ:ArenaPreparation","champ:FocusedGladiator","champ:BerserkerStyle","champ:HoldFirm+1","champ:DefensiveShout+1","champ:Circumvent+1","champ:RecklessLeap","champ:FanOfKnives","champ:ShieldWall+1","champ:MurderStrike+1","champ:CrookedStrike+1"],"relics":["champ:ChampionCrown","downfall:HeartsMalice","Old Coin","Bag of Marbles","Dead Branch","downfall:HeartBlessingRed","PreservedInsect","Coffee Dripper","Vajra","Smiling Mask","Art of War"],"acts_visited":["Exordium","TheCity"],"potions_floor_usage":[16,16,22,33],"damage_taken":[{"damage":0.0,"enemies":"Cultist","floor":2.0,"turns":1.0},{"damage":0.0,"enemies":"downfall:FleeingMerchant","floor":5.0,"turns":1.0},{"damage":0.0,"enemies":"Jaw Worm","floor":8.0,"turns":1.0},{"damage":10.0,"enemies":"Small Slimes","floor":11.0,"turns":2.0},{"damage":25.0,"enemies":"Gremlin Nob","floor":12.0,"turns":4.0},{"damage":15.0,"enemies":"Gremlin Gang","floor":15.0,"turns":2.0},{"damage":34,"enemies":"downfall:Silent","floor":16,"turns":8},{"damage":23,"enemies":"Shell Parasite","floor":19,"turns":6},{"damage":10,"enemies":"3 Byrds","floor":20,"turns":4},{"damage":33,"enemies":"downfall:FleeingMerchant","floor":21,"turns":4},{"damage":15,"enemies":"3 Cultists","floor":22,"turns":6},{"damage":31,"enemies":"downfall:FleeingMerchant","floor":23,"turns":4},{"damage":5,"enemies":"Shelled Parasite and Fungi","floor":25,"turns":4},{"damage":20,"enemies":"Centurion and Healer","floor":26,"turns":4},{"damage":9,"enemies":"Book of Stabbing","floor":29,"turns":3},{"damage":9,"enemies":"Snecko","floor":31,"turns":3},{"damage":24,"enemies":"Shelled Parasite and Fungi","floor":32,"turns":5},{"damage":85,"enemies":"downfall:Ironclad","floor":33,"turns":7}],"seed_played":"6947102255747190040","potions_obtained":[{"floor":11.0,"key":"champ:TechniquePotion"},{"floor":12.0,"key":"DistilledChaos"},{"floor":14.0,"key":"DistilledChaos"},{"floor":14.0,"key":"SkillPotion"},{"floor":20,"key":"Weak Potion"},{"floor":22,"key":"SpeedPotion"}],"is_trial":false,"path_per_floor":["R","M","T","?","$","?","T","M","R","?","M","E","R","?","M","B",null,"R","M","M","$","M","$","T","M","M","R","?","E","R","M","M","B"],"character_chosen":"THE_CHAMP","items_purchased":["Bag of Marbles","expansioncontent:DashGenerateEvil","Vajra","Energy Potion"],"campfire_rested":0,"item_purchase_floors":[5,5,21,21],"current_hp_per_floor":[90,90,90,90,90,90,90,90,90,90,85,65,65,65,65,46,90,90,83,83,86,86,76,76,76,76,76,90,81,81,75,56,0,0,0],"gold":143,"neow_bonus":"THREE_ENEMY_KILL","is_daily":false,"chose_seed":false,"campfire_upgraded":5,"win_rate":0.0,"timestamp":1609104110,"path_taken":["R","M","?","?","$","?","T","?","R","?","?","E","R","?","M","BOSS","R","M","M","$","M","?","T","M","M","R","?","E","R","M","M","BOSS"],"items_purchased_type":["Relic","Card","Relic","Potion"],"build_version":"2020-12-22","purchased_purges":0,"victory":false,"max_hp_per_floor":[90,90,90,90,90,90,90,90,90,90,90,90,90,90,90,90,90,90,90,90,90,90,90,90,90,90,90,90,90,90,90,90,90,90,90],"relic_stats":{"counters":[18,66],"Dead Branch":[42],"PreservedInsect":141,"Art of War":[3],"Smiling Mask":0,"obtain_stats":[{"downfall:HeartBlessingRed":9,"Dead Branch":7,"Vajra":21,"champ:ChampionCrown":0,"downfall:HeartsMalice":0,"PreservedInsect":12,"Bag of Marbles":5,"Coffee Dripper":17,"Art of War":29,"Smiling Mask":24,"Old Coin":3},{"downfall:HeartBlessingRed":3,"Dead Branch":2,"Vajra":10,"champ:ChampionCrown":0,"downfall:HeartsMalice":0,"PreservedInsect":5,"Bag of Marbles":2,"Coffee Dripper":7,"Art of War":15,"Smiling Mask":12,"Old Coin":1},{"downfall:HeartBlessingRed":0,"Dead Branch":0,"Vajra":30,"champ:ChampionCrown":0,"downfall:HeartsMalice":0,"PreservedInsect":6,"Bag of Marbles":0,"Coffee Dripper":16,"Art of War":51,"Smiling Mask":40,"Old Coin":0}]},"card_choices":[{"not_picked":["champ:BladeFlurry","champ:GutPunch"],"picked":"champ:GladiatorsShout","floor":2.0},{"not_picked":["champ:GladiatorsShout","champ:FocusedBerserking"],"picked":"champ:Haymaker","floor":5.0},{"not_picked":["champ:BladeFlurry","champ:FightOn"],"picked":"champ:ShieldWall","floor":8.0},{"not_picked":["champ:GutPunch","champ:Duel"],"picked":"champ:ArenaPreparation","floor":11.0},{"not_picked":["champ:FlashCut","champ:CrookedStrike"],"picked":"champ:FocusedGladiator","floor":12.0},{"not_picked":["champ:BerserkersShout","champ:GladiatorsShout"],"picked":"champ:BerserkerStyle","floor":15},{"not_picked":["champ:Improvising","champ:ShieldThrow"],"picked":"champ:HoldFirm","floor":16},{"not_picked":["champ:DefensiveStyle","champ:BladeFlurry"],"picked":"champ:DefensiveShout+1","floor":19},{"not_picked":["champ:GladiatorsShout","champ:RisingSlash+1"],"picked":"champ:Circumvent+1","floor":20},{"not_picked":["champ:GladiatorsShout+1","champ:GutPunch"],"picked":"champ:RecklessLeap","floor":21},{"not_picked":["champ:GutPunch","champ:CrookedStrike"],"picked":"champ:FanOfKnives","floor":22},{"not_picked":["champ:PreciseThrust","champ:AdrenalArmor"],"picked":"champ:ShieldWall+1","floor":23},{"not_picked":["champ:GutPunch","champ:Circumvent"],"picked":"champ:MurderStrike","floor":25},{"not_picked":["champ:BringItOn","champ:PerfectedStrike","champ:Haymaker"],"picked":"SKIP","floor":26},{"not_picked":["champ:GutPunch","champ:PreciseThrust","champ:PerfectedStrike"],"picked":"SKIP","floor":29},{"not_picked":["champ:Shatter","champ:SkillfulDodge","champ:Backstep"],"picked":"SKIP","floor":31},{"not_picked":["champ:Duel","champ:Riposte"],"picked":"champ:CrookedStrike+1","floor":32}],"player_experience":1022597,"relics_obtained":[{"floor":3.0,"key":"Old Coin"},{"floor":7.0,"key":"Dead Branch"},{"floor":12.0,"key":"PreservedInsect"},{"floor":24,"key":"Smiling Mask"},{"floor":29,"key":"Art of War"}],"event_choices":[{"damage_healed":0.0,"max_hp_gain":0.0,"max_hp_loss":0.0,"gold_gain":0.0,"cards_transformed":["champ:Strike"],"event_name":"Transmorgrifier","player_choice":"Transformed","floor":10.0,"gold_loss":0.0,"damage_taken":0.0,"cards_obtained":["champ:FightOn"]},{"damage_healed":0.0,"max_hp_gain":0.0,"max_hp_loss":0.0,"gold_gain":0.0,"event_name":"Lab","player_choice":"Got Potions","floor":14.0,"gold_loss":0.0,"damage_taken":0.0}],"is_beta":false,"boss_relics":[{"not_picked":["Runic Pyramid","Philosopher\u0027s Stone"],"picked":"Coffee Dripper"}],"items_purged_floors":[],"is_endless":false,"potions_floor_spawned":[11,12,20,22,25,29],"killed_by":"downfall:Ironclad","ascension_level":0}}