{"host":"9ndbo4kgsfoemf7y","time":1609078543,"event":{"mods":["AchievementEnabler","BaseMod","Colored Map","DeckTracker","Keyboard Shortcuts","Minty Spire (QoL Compilation)","Permanent Neow","Quick Restart","Relic Stats","StSLib","SuperFastMode"],"gold_per_floor":[117,135,153,168,12,12,42,42,42,42,57,17,43,43,43,43,43],"floor_reached":16,"playtime":513,"items_purged":["Strike_B"],"score":132,"play_id":"a1862daf-638a-4e6d-b25f-b6d2b60bda12","local_time":"20201227231543","is_ascension_mode":true,"campfire_choices":[{"data":"Glacier","floor":6,"key":"SMITH"},{"data":"Genetic Algorithm","floor":8,"key":"SMITH"},{"data":"Loop","floor":15,"key":"SMITH"}],"circlet_count":0,"master_deck":["Strike_B","Strike_B","Defend_B","Defend_B","Defend_B","Defend_B","Zap","Dualcast","Heatsinks","Skim","Hologram","Glacier+1","Melter","Blizzard","Genetic Algorithm+1","Cold Snap","Loop+1"],"relics":["Cracked Core","Pear","Symbiotic Virus","GremlinMask","Anchor"],"acts_visited":["Exordium"],"potions_floor_usage":[],"damage_taken":[{"damage":0,"enemies":"Small Slimes","floor":1,"turns":3},{"damage":1,"enemies":"Cultist","floor":2,"turns":4},{"damage":17,"enemies":"2 Louse","floor":3,"turns":3},{"damage":5,"enemies":"Blue Slaver","floor":4,"turns":4},{"damage":37,"enemies":"Lagavulin","floor":7,"turns":11},{"damage":0,"enemies":"Looter","floor":11,"turns":4},{"damage":13,"enemies":"3 Sentries","floor":13,"turns":8},{"damage":41,"enemies":"The Guardian","floor":16,"turns":10}],"seed_played":"5727359682604124734","potions_obtained":[{"floor":1,"key":"SteroidPotion"},{"floor":4,"key":"Energy Potion"},{"floor":7,"key":"FearPotion"},{"floor":11,"key":"ColorlessPotion"}],"is_trial":false,"path_per_floor":["M","M","M","M","$","R","E","R","T","?","M","$","E","?","R","B"],"character_chosen":"DEFECT","items_purchased":["Blizzard","Loop"],"campfire_rested":0,"item_purchase_floors":[5,12],"current_hp_per_floor":[75,74,57,52,52,52,25,25,25,25,25,25,12,40,40,0,0],"gold":43,"neow_bonus":"TRANSFORM_CARD","is_daily":false,"chose_seed":false,"campfire_upgraded":3,"win_rate":0.0,"timestamp":1609078543,"path_taken":["M","M","M","M","$","R","E","R","T","?","?","?","E","?","R","BOSS"],"items_purchased_type":["Card","Card"],"build_version":"2020-12-22","purchased_purges":1,"victory":false,"max_hp_per_floor":[75,75,75,75,75,75,85,85,85,85,85,85,85,85,85,85,85],"relic_stats":{"counters":[8,47],"obtain_stats":[{"Anchor":13,"Pear":7,"GremlinMask":10,"Cracked Core":0,"Symbiotic Virus":9},{"Anchor":7,"Pear":5,"GremlinMask":5,"Cracked Core":0,"Symbiotic Virus":5},{"Anchor":37,"Pear":25,"GremlinMask":25,"Cracked Core":0,"Symbiotic Virus":25}]},"card_choices":[{"not_picked":["Gash","Steam"],"picked":"Skim","floor":1},{"not_picked":["Auto Shields","Heatsinks"],"picked":"Hologram","floor":2},{"not_picked":["FTL","Blizzard"],"picked":"Glacier","floor":3},{"not_picked":["Rebound","Ball Lightning"],"picked":"Melter","floor":4},{"not_picked":["Cold Snap","Barrage"],"picked":"Genetic Algorithm","floor":7},{"not_picked":["Sweeping Beam","Tempest"],"picked":"Cold Snap","floor":11},{"not_picked":["Barrage","Go for the Eyes","Static Discharge"],"picked":"SKIP","floor":13}],"player_experience":757364,"relics_obtained":[{"floor":7,"key":"Pear"},{"floor":9,"key":"Symbiotic Virus"},{"floor":13,"key":"Anchor"}],"event_choices":[{"damage_healed":0,"gold_gain":0,"player_choice":"Trade","damage_taken":0,"relics_obtained":["GremlinMask"],"max_hp_gain":0,"max_hp_loss":0,"event_name":"FaceTrader","floor":10,"gold_loss":0},{"damage_healed":28,"gold_gain":0,"player_choice":"Banana","damage_taken":0,"max_hp_gain":0,"max_hp_loss":0,"event_name":"Big Fish","floor":14,"gold_loss":0}],"is_beta":false,"boss_relics":[],"items_purged_floors":[5],"is_endless":false,"potions_floor_spawned":[1,4,7,11],"killed_by":"The Guardian","ascension_level":4}}