{"host":"2cyf8dghbnnkmltz","time":1609085167,"event":{"mods":["BaseMod","Hermit","Minty Spire (QoL Compilation)","StSLib","The Servant 0.9.4"],"gold_per_floor":[109,34,34,34,34,34,50,61,107,119,161,173,216,228,240,252,252],"floor_reached":16,"playtime":1225,"items_purged":["Strike_S"],"score":106,"play_id":"7f5d40ed-6213-4817-8e92-41c75814ae05","local_time":"20201228000607","is_ascension_mode":false,"campfire_choices":[{"data":"KidneyShot","floor":6.0,"key":"SMITH"},{"data":"Contraction","floor":10.0,"key":"SMITH"},{"data":"Spin","floor":12.0,"key":"SMITH"},{"data":"Rearm","floor":15.0,"key":"SMITH"}],"circlet_count":0,"master_deck":["Strike_S","Defend_S","Defend_S","Defend_S","Defend_S","KidneyShot+1","Exchange","Contraction+1","FastForward","WasteNot","Spin+1","Rearm+1"],"relics":["Uniform","NeowsBlessing","MawBank","Frozen Egg 2","TungstenRod"],"acts_visited":[],"potions_floor_usage":[16],"damage_taken":[{"damage":0.0,"enemies":"Small Slimes","floor":1.0,"turns":2.0},{"damage":0.0,"enemies":"Jaw Worm","floor":7.0,"turns":1.0},{"damage":0.0,"enemies":"2 Louse","floor":8.0,"turns":1.0},{"damage":13.0,"enemies":"3 Sentries","floor":11.0,"turns":26.0},{"damage":4.0,"enemies":"Lagavulin","floor":13.0,"turns":8.0},{"damage":43,"enemies":"Hexaghost","floor":16,"turns":21}],"seed_played":"3838368989566458678","potions_obtained":[{"floor":7.0,"key":"Strength Potion"},{"floor":8.0,"key":"Fire Potion"},{"floor":11.0,"key":"SteroidPotion"}],"is_trial":false,"path_per_floor":["M","$","?","$","?","R","M","M","T","R","E","R","E","?","R","B"],"character_chosen":"THE_SERVANT","items_purchased":[],"campfire_rested":0,"item_purchase_floors":[],"current_hp_per_floor":[65,65,58,58,58,58,58,58,58,58,45,45,41,41,41,0,0],"gold":252,"neow_bonus":"THREE_ENEMY_KILL","is_daily":false,"chose_seed":false,"campfire_upgraded":4,"win_rate":0.0,"timestamp":1609085167,"path_taken":["M","$","?","?","?","R","?","M","T","R","E","R","E","?","R","BOSS"],"items_purchased_type":[],"build_version":"2020-12-22","purchased_purges":1,"victory":false,"max_hp_per_floor":[65,65,65,65,65,65,65,65,65,65,65,65,65,65,65,65,65],"card_choices":[{"not_picked":["Rewind","Spin"],"picked":"Contraction","floor":1.0},{"not_picked":["Desolation","ShiftingGears"],"picked":"FastForward","floor":7.0},{"not_picked":["InstantArmor","Starlight"],"picked":"WasteNot","floor":8.0},{"not_picked":["Replace","BottledTime"],"picked":"Spin","floor":11.0},{"not_picked":["FastForward","Sabotage"],"picked":"Rearm","floor":13.0}],"player_experience":1119568,"relics_obtained":[{"floor":9.0,"key":"MawBank"},{"floor":11.0,"key":"Frozen Egg 2"},{"floor":13.0,"key":"TungstenRod"}],"event_choices":[{"cards_removed":["Strike_S"],"damage_healed":0.0,"max_hp_gain":0.0,"max_hp_loss":0.0,"gold_gain":0.0,"event_name":"Golden Wing","player_choice":"Card Removal","floor":3.0,"gold_loss":0.0,"damage_taken":7.0},{"cards_removed":["Strike_S"],"damage_healed":0.0,"max_hp_gain":0.0,"max_hp_loss":0.0,"gold_gain":0.0,"event_name":"Purifier","player_choice":"Purged","floor":5.0,"gold_loss":0.0,"damage_taken":0.0},{"damage_healed":0.0,"max_hp_gain":0.0,"max_hp_loss":0.0,"gold_gain":0.0,"event_name":"NoteForYourself","player_choice":"Ignored","floor":14.0,"gold_loss":0.0,"damage_taken":0.0}],"is_beta":false,"boss_relics":[],"items_purged_floors":[2],"is_endless":false,"potions_floor_spawned":[7,8,11],"killed_by":"Hexaghost","ascension_level":0}}