{"host":"tx5rs9w5gu6e5gf0","time":1609087400,"event":{"mods":["BaseMod","Colored Map","Minty Spire (QoL Compilation)","Relic Stats","StSLib"],"gold_per_floor":[117,117,15,15,15,49,49,76,130,159,171,171,171,186,186,290,290,261,536,212,225,243,262,295,307,319,359,382,422,434,546,558,666,678,706,734,1745,1757,948,974,974,974,974,1009,1028,1042,1071,1071,1071,1071,1071,1071,102,137,137],"floor_reached":56,"playtime":3345,"items_purged":["Decay","Strike_G","Normality","Strike_G"],"score":1730,"play_id":"a6cdfa2a-6093-4558-b652-199abf8a466f","local_time":"20201227174320","is_ascension_mode":true,"campfire_choices":[{"floor":12,"key":"DIG"},{"data":"Leg Sweep","floor":15,"key":"SMITH"},{"data":"Sadistic Nature","floor":25,"key":"SMITH"},{"data":"PiercingWail","floor":30,"key":"SMITH"},{"floor":32,"key":"REST"},{"floor":42,"key":"DIG"},{"floor":49,"key":"RECALL"},{"floor":52,"key":"DIG"}],"circlet_count":0,"master_deck":["Strike_G","Defend_G","Defend_G","Defend_G","Defend_G","Defend_G","Survivor","Neutralize","Poisoned Stab","Blade Dance","After Image","Leg Sweep+1","Infinite Blades","Prepared","Tools of the Trade","Noxious Fumes","Sadistic Nature+1","Bane","PiercingWail+1","Blur","Sucker Punch","Sucker Punch+1","Blade Dance","Envenom","Prepared+1","Crippling Poison","Blade Dance","Catalyst+1","Reflex+1","Well Laid Plans","Acrobatics","PanicButton"],"relics":["Ring of the Snake","Shovel","Omamori","Anchor","PreservedInsect","Bag of Preparation","Lantern","Paper Crane","HoveringKite","MawBank","White Beast Statue","FossilizedHelix","Darkstone Periapt","The Specimen","Sundial","WristBlade","Medical Kit","HornCleat","Matryoshka","Blood Vial","InkBottle","Question Card","Mummified Hand","StoneCalendar","Pantograph","TwistedFunnel","Nunchaku","CaptainsWheel","Pear"],"acts_visited":["Exordium","TheCity","TheBeyond","TheEnding"],"potions_floor_usage":[10,18,22,23,24,29,31,33,35,45,50,55,55],"damage_taken":[{"damage":0.0,"enemies":"Jaw Worm","floor":1.0,"turns":5.0},{"damage":16,"enemies":"Gremlin Nob","floor":6,"turns":4},{"damage":10,"enemies":"3 Sentries","floor":8,"turns":12},{"damage":1,"enemies":"Lagavulin","floor":10,"turns":6},{"damage":0,"enemies":"Small Slimes","floor":11,"turns":4},{"damage":0,"enemies":"Cultist","floor":14,"turns":3},{"damage":0,"enemies":"Hexaghost","floor":16,"turns":10},{"damage":0,"enemies":"2 Thieves","floor":18,"turns":5},{"damage":2,"enemies":"Spheric Guardian","floor":21,"turns":4},{"damage":22,"enemies":"Snecko","floor":22,"turns":5},{"damage":10,"enemies":"3 Cultists","floor":23,"turns":6},{"damage":5,"enemies":"Gremlin Leader","floor":24,"turns":5},{"damage":0,"enemies":"Book of Stabbing","floor":27,"turns":4},{"damage":0,"enemies":"Snake Plant","floor":28,"turns":5},{"damage":10,"enemies":"Slavers","floor":29,"turns":5},{"damage":0,"enemies":"Colosseum Slavers","floor":31,"turns":3},{"damage":1,"enemies":"Colosseum Nobs","floor":31,"turns":5},{"damage":1,"enemies":"Champ","floor":33,"turns":9},{"damage":0,"enemies":"3 Darklings","floor":35,"turns":5},{"damage":0,"enemies":"3 Shapes","floor":36,"turns":4},{"damage":0,"enemies":"Nemesis","floor":40,"turns":7},{"damage":0,"enemies":"Giant Head","floor":44,"turns":5},{"damage":0,"enemies":"Transient","floor":45,"turns":5},{"damage":0,"enemies":"Spire Growth","floor":46,"turns":3},{"damage":0,"enemies":"Nemesis","floor":47,"turns":3},{"damage":11,"enemies":"Time Eater","floor":50,"turns":7},{"damage":0,"enemies":"Shield and Spear","floor":54,"turns":3},{"damage":0,"enemies":"The Heart","floor":55,"turns":8}],"seed_played":"-3295492578583116735","potions_obtained":[{"floor":8,"key":"Weak Potion"},{"floor":10,"key":"Energy Potion"},{"floor":11,"key":"SmokeBomb"},{"floor":14,"key":"Energy Potion"},{"floor":21,"key":"Fire Potion"},{"floor":23,"key":"DuplicationPotion"},{"floor":27,"key":"Dexterity Potion"},{"floor":28,"key":"FearPotion"},{"floor":29,"key":"LiquidMemories"},{"floor":31,"key":"Weak Potion"},{"floor":33,"key":"AttackPotion"},{"floor":35,"key":"Fire Potion"},{"floor":36,"key":"DuplicationPotion"},{"floor":40,"key":"GamblersBrew"},{"floor":44,"key":"Dexterity Potion"},{"floor":45,"key":"Fruit Juice"},{"floor":46,"key":"CunningPotion"}],"is_trial":false,"path_per_floor":["M","?","$","?","$","E","?","E","T","E","M","R","?","M","R","B",null,"M","?","$","M","M","M","E","R","T","E","M","E","R","?","R","B",null,"M","M","?","?","$","E","?","R","T","E","M","M","E","?","R","B",null,"R","$","E","B",null],"character_chosen":"THE_SILENT","items_purchased":["Blade Dance","Sadistic Nature","Bane","Medical Kit","Blade Dance","HornCleat","Matryoshka","Well Laid Plans","TwistedFunnel","Nunchaku","CaptainsWheel","Dexterity Potion","Acrobatics","PanicButton"],"campfire_rested":1,"item_purchase_floors":[3,20,20,39,39,39,39,53,53,53,53,53,53,53],"current_hp_per_floor":[70,70,70,70,70,54,54,44,44,43,43,43,43,43,43,43,70,70,70,70,68,46,36,31,31,31,31,31,21,21,20,41,40,70,70,70,76,76,76,76,76,76,76,76,81,81,81,81,81,70,81,81,81,91,91],"gold":137,"neow_bonus":"ONE_RARE_RELIC","is_daily":false,"chose_seed":false,"campfire_upgraded":3,"win_rate":0.0,"timestamp":1609087400,"path_taken":["M","?","$","?","$","E","?","E","T","E","?","R","?","M","R","BOSS","M","?","$","?","M","M","E","R","T","E","M","E","R","?","R","BOSS","M","M","?","?","$","E","?","R","T","E","M","?","E","?","R","BOSS","R","$","E","BOSS"],"items_purchased_type":["Card","Card","Card","Relic","Card","Relic","Relic","Card","Relic","Relic","Relic","Potion","Card","Card"],"build_version":"2020-12-22","purchased_purges":4,"victory":true,"max_hp_per_floor":[70,70,70,70,70,70,70,70,70,70,70,70,70,70,70,70,70,70,70,70,70,70,70,70,70,70,70,70,70,70,70,70,70,70,70,70,76,76,76,76,76,76,76,76,81,81,81,81,81,81,81,81,81,91,91],"relic_stats":{"Darkstone Periapt":6,"counters":[28,150],"HoveringKite":[82],"StoneCalendar":[104],"PreservedInsect":480,"Bag of Preparation":[48],"MawBank":180,"Medical Kit":[5],"Question Card":5,"Blood Vial":0,"Nunchaku":[3],"Shovel":3,"Sundial":[6],"Mummified Hand":[37],"Pantograph":0,"obtain_stats":[{"Darkstone Periapt":29,"TwistedFunnel":53,"Lantern":12,"HoveringKite":17,"StoneCalendar":47,"Bag of Preparation":10,"Blood Vial":40,"Nunchaku":53,"Shovel":0,"HornCleat":39,"Matryoshka":39,"WristBlade":34,"Sundial":31,"Mummified Hand":44,"Pantograph":52,"InkBottle":42,"Ring of the Snake":0,"Pear":54,"The Specimen":31,"PreservedInsect":9,"Omamori":6,"Paper Crane":13,"MawBank":24,"Medical Kit":39,"Question Card":43,"White Beast Statue":26,"Anchor":8,"CaptainsWheel":53,"FossilizedHelix":27},{"Darkstone Periapt":15,"TwistedFunnel":26,"Lantern":5,"HoveringKite":7,"StoneCalendar":25,"Bag of Preparation":4,"Blood Vial":21,"Nunchaku":26,"Shovel":0,"HornCleat":20,"Matryoshka":20,"WristBlade":18,"Sundial":17,"Mummified Hand":22,"Pantograph":26,"InkBottle":21,"Ring of the Snake":0,"Pear":27,"The Specimen":17,"PreservedInsect":3,"Omamori":2,"Paper Crane":5,"MawBank":12,"Medical Kit":20,"Question Card":21,"White Beast Statue":12,"Anchor":3,"CaptainsWheel":26,"FossilizedHelix":13},{"Darkstone Periapt":83,"TwistedFunnel":139,"Lantern":31,"HoveringKite":44,"StoneCalendar":132,"Bag of Preparation":27,"Blood Vial":116,"Nunchaku":139,"Shovel":0,"HornCleat":109,"Matryoshka":109,"WristBlade":100,"Sundial":91,"Mummified Hand":121,"Pantograph":139,"InkBottle":116,"Ring of the Snake":0,"Pear":142,"The Specimen":91,"PreservedInsect":21,"Omamori":9,"Paper Crane":31,"MawBank":69,"Medical Kit":109,"Question Card":116,"White Beast Statue":69,"Anchor":21,"CaptainsWheel":139,"FossilizedHelix":73}],"InkBottle":[25],"Ring of the Snake":[56]},"card_choices":[{"not_picked":["Dodge and Roll","Expertise"],"picked":"Poisoned Stab","floor":1.0},{"not_picked":["Terror","Leg Sweep"],"picked":"After Image","floor":6},{"not_picked":["Poisoned Stab","Dagger Spray"],"picked":"Deadly Poison","floor":8},{"not_picked":["Dagger Spray","Accuracy"],"picked":"Leg Sweep","floor":10},{"not_picked":["Sucker Punch","Deflect"],"picked":"Infinite Blades","floor":11},{"not_picked":["Flying Knee","Dagger Throw"],"picked":"Prepared","floor":14},{"not_picked":["Night Terror","Storm of Steel"],"picked":"Tools of the Trade","floor":16},{"not_picked":["Skewer+1","Predator"],"picked":"Noxious Fumes","floor":18},{"not_picked":["Acrobatics","Leg Sweep"],"picked":"PiercingWail","floor":21},{"not_picked":["Endless Agony","Deadly Poison"],"picked":"Blur","floor":22},{"not_picked":["Dagger Spray","Noxious Fumes+1"],"picked":"Sucker Punch","floor":23},{"not_picked":["Dagger Spray","Sucker Punch","Flying Knee+1"],"picked":"SKIP","floor":24},{"not_picked":["Dagger Throw","Masterful Stab","Riddle With Holes"],"picked":"SKIP","floor":27},{"not_picked":["Underhanded Strike","Noxious Fumes"],"picked":"Sucker Punch+1","floor":28},{"not_picked":["Dagger Spray","Infinite Blades+1","Dagger Throw"],"picked":"SKIP","floor":29},{"not_picked":["Expertise","Backstab"],"picked":"Blade Dance","floor":31},{"not_picked":["Malaise","Wraith Form v2"],"picked":"Envenom","floor":33},{"not_picked":["Deadly Poison","Outmaneuver"],"picked":"Prepared+1","floor":35},{"not_picked":["Prepared","Leg Sweep+1"],"picked":"Crippling Poison","floor":36},{"not_picked":["Prepared+1","Eviscerate+1"],"picked":"Catalyst","floor":40},{"not_picked":["PiercingWail","Bane","Backflip+1","Deadly Poison"],"picked":"SKIP","floor":44},{"not_picked":["Blade Dance+1","Masterful Stab+1","Eviscerate+1"],"picked":"Reflex+1","floor":45},{"not_picked":["Bane","Bullet Time","Dagger Throw+1","Dodge and Roll+1"],"picked":"SKIP","floor":46},{"not_picked":["Dagger Spray","Masterful Stab","Deadly Poison+1","Underhanded Strike+1"],"picked":"SKIP","floor":47},{"not_picked":["Heel Hook+1","Outmaneuver+1","Night Terror","Dash"],"picked":"SKIP","floor":54}],"player_experience":18109,"relics_obtained":[{"floor":6,"key":"Omamori"},{"floor":8,"key":"Anchor"},{"floor":9,"key":"PreservedInsect"},{"floor":10,"key":"Bag of Preparation"},{"floor":12,"key":"Lantern"},{"floor":24,"key":"MawBank"},{"floor":26,"key":"White Beast Statue"},{"floor":27,"key":"FossilizedHelix"},{"floor":29,"key":"Darkstone Periapt"},{"floor":31,"key":"The Specimen"},{"floor":31,"key":"Sundial"},{"floor":40,"key":"Blood Vial"},{"floor":42,"key":"InkBottle"},{"floor":43,"key":"Question Card"},{"floor":44,"key":"Mummified Hand"},{"floor":47,"key":"StoneCalendar"},{"floor":52,"key":"Pantograph"},{"floor":54,"key":"Pear"}],"event_choices":[{"damage_healed":0.0,"max_hp_gain":0.0,"max_hp_loss":0.0,"gold_gain":0.0,"event_name":"Liars Game","player_choice":"Ignored","floor":2.0,"gold_loss":0.0,"damage_taken":0.0},{"cards_removed":["Strike_G"],"damage_healed":0,"gold_gain":0,"player_choice":"Forget","damage_taken":0,"max_hp_gain":0,"max_hp_loss":0,"event_name":"Living Wall","floor":4,"gold_loss":0},{"cards_removed":["Strike_G"],"damage_healed":0,"gold_gain":0,"player_choice":"Purged","damage_taken":0,"max_hp_gain":0,"max_hp_loss":0,"event_name":"Purifier","floor":7,"gold_loss":0},{"damage_healed":0,"gold_gain":0,"player_choice":"Searched \u00271\u0027 times","damage_taken":0,"relics_obtained":["Paper Crane"],"max_hp_gain":0,"max_hp_loss":0,"event_name":"Dead Adventurer","floor":13,"gold_loss":0},{"damage_healed":0,"gold_gain":275,"player_choice":"Desecrate","damage_taken":0,"max_hp_gain":0,"max_hp_loss":0,"event_name":"Golden Shrine","floor":19,"gold_loss":0,"cards_obtained":["Regret"]},{"damage_healed":0,"gold_gain":0,"player_choice":"Fight","damage_taken":0,"max_hp_gain":0,"max_hp_loss":0,"event_name":"Colosseum","floor":31,"gold_loss":0},{"damage_healed":0,"gold_gain":0,"player_choice":"Fought Nobs","damage_taken":0,"max_hp_gain":0,"max_hp_loss":0,"event_name":"Colosseum","floor":31,"gold_loss":0},{"damage_healed":0,"gold_gain":999,"player_choice":"Gold","damage_taken":0,"max_hp_gain":0,"max_hp_loss":0,"event_name":"MindBloom","floor":37,"gold_loss":0,"cards_obtained":["Normality","Normality"]},{"cards_removed":["Deadly Poison"],"damage_healed":0,"gold_gain":0,"player_choice":"Removed Skill","damage_taken":0,"max_hp_gain":0,"max_hp_loss":0,"event_name":"Falling","floor":38,"gold_loss":0},{"damage_healed":0,"gold_gain":0,"player_choice":"Upgraded","damage_taken":0,"max_hp_gain":0,"max_hp_loss":0,"event_name":"Upgrade Shrine","floor":41,"gold_loss":0,"cards_upgraded":["Catalyst"]},{"damage_healed":0,"gold_gain":0,"player_choice":"0 cards matched","damage_taken":0,"max_hp_gain":0,"max_hp_loss":0,"event_name":"Match and Keep!","floor":48,"gold_loss":0,"cards_obtained":[]}],"is_beta":false,"boss_relics":[{"not_picked":["Cursed Key","Tiny House"],"picked":"HoveringKite"},{"not_picked":["Calling Bell","Snecko Eye"],"picked":"WristBlade"}],"items_purged_floors":[3,20,39,53],"is_endless":false,"potions_floor_spawned":[8,10,11,14,21,23,27,28,29,31,31,33,35,36,40,44,45,46,47,54],"ascension_level":2}}