{"host":"vydapxfau6612551","time":1609059627,"event":{"mods":["AchievementEnabler","BaseMod","Minty Spire (QoL Compilation)","StSLib","SuperFastMode"],"gold_per_floor":[118,118,134,134,134,134,168,168,468,485,503,569,583,249,249,354,354,373,423,442,80,95,95,125,141,167,178,228,228],"floor_reached":28,"playtime":1500,"items_purged":["Defend_R","Strike_R"],"score":374,"play_id":"b8415cfc-92e2-44c8-b0f6-ec04a438e0a1","local_time":"20201227180027","is_ascension_mode":true,"campfire_choices":[{"floor":6.0,"key":"RECALL"},{"data":"Clothesline","floor":8.0,"key":"SMITH"},{"data":"Combust","floor":15.0,"key":"SMITH"},{"floor":23.0,"key":"REST"}],"circlet_count":0,"master_deck":["Strike_R","Strike_R","Strike_R","Defend_R","Defend_R","Defend_R","Bash+1","Shrug It Off","Clothesline+1","Hemokinesis","Disarm","Twin Strike","Thunderclap","Combust+1","Feed","Dropkick+1","Disarm","Blood for Blood","Bloodletting","Intimidate+1"],"relics":["Burning Blood","NeowsBlessing","SsserpentHead","Paper Frog","Old Coin","Bottled Tornado","Runic Cube","Matryoshka","White Beast Statue","Toxic Egg 2"],"acts_visited":["Exordium","TheCity"],"potions_floor_usage":[27],"damage_taken":[{"damage":0.0,"enemies":"Cultist","floor":1.0,"turns":1.0},{"damage":0.0,"enemies":"Jaw Worm","floor":3.0,"turns":1.0},{"damage":0.0,"enemies":"Lagavulin","floor":7.0,"turns":1.0},{"damage":2.0,"enemies":"2 Louse","floor":10.0,"turns":3.0},{"damage":29.0,"enemies":"Lots of Slimes","floor":11.0,"turns":5.0},{"damage":5.0,"enemies":"Looter","floor":12.0,"turns":3.0},{"damage":9.0,"enemies":"3 Louse","floor":13.0,"turns":2.0},{"damage":25.0,"enemies":"Slime Boss","floor":16.0,"turns":7.0},{"damage":34.0,"enemies":"Shell Parasite","floor":18.0,"turns":6.0},{"damage":20.0,"enemies":"2 Thieves","floor":20.0,"turns":3.0},{"damage":33.0,"enemies":"Centurion and Healer","floor":22.0,"turns":5.0},{"damage":28.0,"enemies":"Gremlin Leader","floor":24.0,"turns":7.0},{"damage":14.0,"enemies":"Snecko","floor":25.0,"turns":6.0},{"damage":16,"enemies":"3 Cultists","floor":27,"turns":4},{"damage":0,"enemies":"Snake Plant","floor":28,"turns":1}],"seed_played":"-5708711025461835254","potions_obtained":[{"floor":12.0,"key":"Ancient Potion"},{"floor":16.0,"key":"BlessingOfTheForge"},{"floor":18.0,"key":"AttackPotion"},{"floor":20.0,"key":"Regen Potion"},{"floor":22.0,"key":"EssenceOfSteel"},{"floor":25.0,"key":"DuplicationPotion"},{"floor":27,"key":"DuplicationPotion"}],"is_trial":false,"path_per_floor":["M","?","M","?","?","R","E","R","T","M","M","M","M","$","R","B",null,"M","?","M","$","M","R","E","M","T","M","M"],"character_chosen":"IRONCLAD","items_purchased":["Bottled Tornado","Matryoshka"],"campfire_rested":1,"item_purchase_floors":[14,21],"current_hp_per_floor":[78,78,80,80,80,80,80,80,80,80,57,58,55,55,55,36,69,44,44,30,30,20,45,23,18,18,11,11,11],"gold":228,"neow_bonus":"THREE_ENEMY_KILL","is_daily":false,"chose_seed":false,"campfire_upgraded":2,"win_rate":0.0,"timestamp":1609059627,"path_taken":["M","?","?","?","?","R","E","R","T","M","M","?","M","$","R","BOSS","M","?","M","$","M","R","E","M","T","M","?"],"items_purchased_type":["Relic","Relic"],"build_version":"2020-12-22","purchased_purges":2,"victory":false,"max_hp_per_floor":[80,80,80,80,80,80,80,80,80,80,80,80,80,80,80,80,80,83,83,83,83,86,86,86,89,89,92,92,92],"card_choices":[{"not_picked":["Flex","Armaments"],"picked":"Shrug It Off","floor":1.0},{"not_picked":["Fire Breathing","Flex"],"picked":"Clothesline","floor":3.0},{"not_picked":["Sever Soul","Twin Strike"],"picked":"Disarm","floor":7.0},{"not_picked":["Shockwave","Flex"],"picked":"Twin Strike","floor":10.0},{"not_picked":["Clash","Intimidate"],"picked":"Thunderclap","floor":11.0},{"not_picked":["Shockwave","Iron Wave","Burning Pact"],"picked":"SKIP","floor":12.0},{"not_picked":["Inflame","Headbutt"],"picked":"Combust","floor":13.0},{"not_picked":["Corruption","Berserk"],"picked":"Feed","floor":16.0},{"not_picked":["Heavy Blade","Flex"],"picked":"Dropkick+1","floor":18.0},{"not_picked":["Sentinel","Perfected Strike+1"],"picked":"Blood for Blood","floor":20.0},{"not_picked":["Warcry","Havoc","Sword Boomerang"],"picked":"SKIP","floor":22.0},{"not_picked":["Body Slam+1","Dual Wield"],"picked":"Bloodletting","floor":24.0},{"not_picked":["Dark Embrace","True Grit","Perfected Strike"],"picked":"SKIP","floor":25.0},{"not_picked":["Evolve","Wild Strike"],"picked":"Intimidate+1","floor":27}],"player_experience":388334,"relics_obtained":[{"floor":7.0,"key":"Paper Frog"},{"floor":9.0,"key":"Old Coin"},{"floor":24.0,"key":"White Beast Statue"},{"floor":26.0,"key":"Toxic Egg 2"}],"event_choices":[{"damage_healed":0.0,"max_hp_gain":0.0,"max_hp_loss":0.0,"gold_gain":0.0,"event_name":"Upgrade Shrine","player_choice":"Upgraded","floor":2.0,"gold_loss":0.0,"damage_taken":0.0,"cards_upgraded":["Bash"]},{"damage_healed":0.0,"max_hp_gain":0.0,"max_hp_loss":0.0,"gold_gain":0.0,"cards_transformed":["Strike_R"],"event_name":"Living Wall","player_choice":"Change","floor":4.0,"gold_loss":0.0,"damage_taken":0.0,"cards_obtained":["Hemokinesis"]},{"damage_healed":0.0,"max_hp_gain":0.0,"max_hp_loss":0.0,"gold_gain":0.0,"event_name":"FaceTrader","player_choice":"Trade","floor":5.0,"gold_loss":0.0,"damage_taken":0.0,"relics_obtained":["SsserpentHead"]},{"damage_healed":0.0,"max_hp_gain":0.0,"max_hp_loss":0.0,"gold_gain":0.0,"event_name":"Match and Keep!","player_choice":"1 cards matched","floor":19.0,"gold_loss":0.0,"damage_taken":0.0,"cards_obtained":["Disarm"]}],"is_beta":false,"boss_relics":[{"not_picked":["Empty Cage","Busted Crown"],"picked":"Runic Cube"}],"items_purged_floors":[14,21],"is_endless":false,"potions_floor_spawned":[12,16,18,20,22,25,27],"killed_by":"Snake Plant","ascension_level":8}}