{"host":"qc1sjgtdjonvdsd8","time":1609063266,"event":{"mods":["BaseMod","Colored Map","Colored Powertips","Curses Come First","Downfall","Minty Spire (QoL Compilation)","Replay The Spire","StSLib","The Cursed","The Disciple","The Necromancer","The Servant 0.9.4"],"gold_per_floor":[99,99,99,99,109,123,123,123,123,143,155,182,202,8,18,18,18],"floor_reached":16,"playtime":1537,"items_purged":["sneckomod:Defend"],"score":102,"play_id":"9768e5ea-de28-4cb4-8250-05837d779a6d","local_time":"20201227020106","is_ascension_mode":false,"campfire_choices":[{"data":"sneckomod:Unknown","floor":1,"key":"SMITH"}],"circlet_count":0,"master_deck":["sneckomod:Strike","sneckomod:Defend","sneckomod:Defend","sneckomod:TailWhip","sneckomod:SnekBite","sneckomod:Unknown+1","sneckomod:Unknown","sneckomod:Unknown0Cost","sneckomod:Unknown1Cost","sneckomod:QuickBite","sneckomod:UnknownRareAttack","sneckomod:UnknownUncommonPower","sneckomod:TrashToTreasure","sneckomod:SoulCleanse","sneckomod:SnekBeam","sneckomod:UnknownRarePower","sneckomod:SnakeSap+1","sneckomod:UnknownEthereal","sneckomod:UnknownUncommonPower+1","sneckomod:DiceCrush+1","sneckomod:UnknownClassWHITE"],"relics":["sneckomod:SneckoSoul","downfall:HeartsMalice","Molten Egg 2"],"acts_visited":["Exordium"],"potions_floor_usage":[16,16,16],"damage_taken":[{"damage":0,"enemies":"Cultist","floor":2,"turns":1},{"damage":0,"enemies":"2 Louse","floor":3,"turns":1},{"damage":0,"enemies":"Small Slimes","floor":4,"turns":1},{"damage":2,"enemies":"Blue Slaver","floor":5,"turns":2},{"damage":5,"enemies":"Exordium Thugs","floor":6,"turns":2},{"damage":23,"enemies":"Lots of Slimes","floor":10,"turns":4},{"damage":0,"enemies":"Gremlin Gang","floor":11,"turns":3},{"damage":30,"enemies":"3 Sentries","floor":12,"turns":5},{"damage":12,"enemies":"3 Louse","floor":13,"turns":4},{"damage":6,"enemies":"downfall:FleeingMerchant","floor":14,"turns":4},{"damage":14,"enemies":"Lots of Slimes","floor":15,"turns":5},{"damage":17,"enemies":"downfall:Defect","floor":16,"turns":3}],"seed_played":"-4553141263072910894","potions_obtained":[{"floor":5,"key":"CultistPotion"},{"floor":10,"key":"Venom Potion"},{"floor":11,"key":"Strength Potion"},{"floor":13,"key":"Languid Potion"}],"is_trial":false,"path_per_floor":["R","M","M","M","M","M","T","?","?","M","M","E","M","$","M","B"],"character_chosen":"THE_SNECKO","items_purchased":["sneckomod:UnknownUncommonPower+1","sneckomod:DiceCrush+1"],"campfire_rested":0,"item_purchase_floors":[14,14],"current_hp_per_floor":[90,91,92,92,91,87,87,87,87,64,71,42,34,30,17,0,0],"gold":18,"neow_bonus":"THREE_ENEMY_KILL","is_daily":false,"chose_seed":false,"campfire_upgraded":1,"win_rate":0.0,"timestamp":1609063266,"path_taken":["R","M","M","M","?","M","T","?","?","?","?","E","M","$","M","BOSS"],"items_purchased_type":["Card","Card"],"build_version":"2020-12-22","purchased_purges":1,"victory":false,"max_hp_per_floor":[90,91,92,92,93,94,94,94,94,94,94,95,95,97,98,98,98],"card_choices":[{"not_picked":["sneckomod:Unknown1Cost","sneckomod:Nope"],"picked":"sneckomod:Unknown0Cost","floor":2},{"not_picked":["sneckomod:UnknownClassTHE_CHAMP_GRAY","sneckomod:WideSting"],"picked":"sneckomod:Unknown1Cost","floor":3},{"not_picked":["sneckomod:UnknownBlock","sneckomod:UnknownWeak"],"picked":"sneckomod:QuickBite","floor":4},{"not_picked":["sneckomod:CheapStock","sneckomod:UnknownClassTHE_CHAMP_GRAY"],"picked":"sneckomod:UnknownRareAttack","floor":5},{"not_picked":["sneckomod:UnknownStrike","sneckomod:RainOfDice"],"picked":"sneckomod:UnknownUncommonPower","floor":6},{"not_picked":["sneckomod:UnknownCommonSkill","sneckomod:UnknownClassBLUE"],"picked":"sneckomod:SoulCleanse","floor":10},{"not_picked":["sneckomod:QuickBite","sneckomod:UnknownClassTHE_CURSED_PURPLE"],"picked":"sneckomod:SnekBeam","floor":11},{"not_picked":["sneckomod:UnknownCommonSkill","sneckomod:QuickBite+1"],"picked":"sneckomod:UnknownRarePower","floor":12},{"not_picked":["sneckomod:Unknown1Cost","sneckomod:QuickMove"],"picked":"sneckomod:SnakeSap+1","floor":13},{"not_picked":["sneckomod:UnknownUncommonSkill","sneckomod:Nope"],"picked":"sneckomod:UnknownEthereal","floor":14},{"not_picked":["sneckomod:UnknownClassSLIMEBOUND","sneckomod:UnknownWeak"],"picked":"sneckomod:UnknownClassWHITE","floor":15}],"player_experience":241273,"relics_obtained":[{"floor":12,"key":"Molten Egg 2"}],"event_choices":[{"cards_removed":["sneckomod:Strike"],"damage_healed":0,"gold_gain":0,"player_choice":"Forget","damage_taken":0,"max_hp_gain":0,"max_hp_loss":0,"event_name":"Living Wall","floor":8,"gold_loss":0},{"damage_healed":0,"gold_gain":0,"cards_transformed":["sneckomod:Strike"],"player_choice":"Transformed","damage_taken":0,"max_hp_gain":0,"max_hp_loss":0,"event_name":"Transmorgrifier","floor":9,"gold_loss":0,"cards_obtained":["sneckomod:TrashToTreasure"]}],"is_beta":false,"boss_relics":[],"items_purged_floors":[14],"is_endless":false,"potions_floor_spawned":[5,10,11,13,15],"killed_by":"downfall:Defect","ascension_level":0}}