{"host":"z34yzn8hj4ic20ef","time":1609062256,"event":{"mods":["AchievementEnabler","BaseMod","Minty Spire (QoL Compilation)","StSLib","SuperFastMode"],"gold_per_floor":[115,115,40,115,40,40,60,85,132,132,167,179,191,22,22,96,96,112,112,144,144,164,164,64,80,80,80,100,135,60,75,75,151,151,168,168,193,193,96,124,159,173,173,191,219,233,263,94,94,94,94],"floor_reached":52,"playtime":2629,"items_purged":["Regret","Strike_G"],"score":2567,"play_id":"896aadea-bb92-42e0-9d38-902df29db474","local_time":"20201227184416","is_ascension_mode":true,"campfire_choices":[{"data":"Eviscerate","floor":6.0,"key":"SMITH"},{"data":"Terror","floor":10.0,"key":"SMITH"},{"data":"Calculated Gamble","floor":15.0,"key":"SMITH"},{"data":"Tactician","floor":23.0,"key":"SMITH"},{"data":"Well Laid Plans","floor":32.0,"key":"SMITH"},{"data":"Impatience","floor":49,"key":"SMITH"}],"circlet_count":0,"master_deck":["AscendersBane","Defend_G","Defend_G","Defend_G","Survivor","Neutralize","Eviscerate+1","Terror+1","Noxious Fumes","Acrobatics+1","Tactician+1","Calculated Gamble+1","Backflip","Prepared","Tools of the Trade","Corpse Explosion+1","Crippling Poison+1","Adrenaline+1","Blur+1","Acrobatics","Acrobatics+1","Well Laid Plans+1","Adrenaline","Madness","Madness","Reflex+1","Impatience+1","Reflex+1","Calculated Gamble+1"],"relics":["Ring of the Serpent","NeowsBlessing","Toy Ornithopter","Shuriken","Bag of Preparation","Gambling Chip","Orrery","Astrolabe","Enchiridion","Red Mask","Eternal Feather","StrikeDummy","Singing Bowl","WingedGreaves","Vajra","Pen Nib","Paper Crane","Orichalcum","Torii","War Paint"],"acts_visited":["Exordium","TheCity","TheBeyond"],"potions_floor_usage":[],"damage_taken":[{"damage":0.0,"enemies":"2 Louse","floor":1.0,"turns":1.0},{"damage":0.0,"enemies":"Jaw Worm","floor":7.0,"turns":1.0},{"damage":0.0,"enemies":"Lagavulin","floor":8.0,"turns":1.0},{"damage":19.0,"enemies":"Gremlin Nob","floor":11.0,"turns":4.0},{"damage":0.0,"enemies":"Cultist","floor":12.0,"turns":1.0},{"damage":0.0,"enemies":"Red Slaver","floor":13.0,"turns":1.0},{"damage":11.0,"enemies":"Hexaghost","floor":16.0,"turns":5.0},{"damage":0.0,"enemies":"Spheric Guardian","floor":18.0,"turns":3.0},{"damage":0.0,"enemies":"Masked Bandits","floor":20.0,"turns":1.0},{"damage":0.0,"enemies":"Shell Parasite","floor":22.0,"turns":2.0},{"damage":0.0,"enemies":"Snake Plant","floor":25.0,"turns":1.0},{"damage":0.0,"enemies":"Snecko","floor":28.0,"turns":3.0},{"damage":0.0,"enemies":"Gremlin Leader","floor":29.0,"turns":3.0},{"damage":0.0,"enemies":"Centurion and Healer","floor":31.0,"turns":1.0},{"damage":2.0,"enemies":"Champ","floor":33.0,"turns":4.0},{"damage":0,"enemies":"3 Shapes","floor":35,"turns":1},{"damage":0,"enemies":"Mind Bloom Boss Battle","floor":37,"turns":2},{"damage":0,"enemies":"Nemesis","floor":40,"turns":3},{"damage":0,"enemies":"Reptomancer","floor":41,"turns":2},{"damage":0,"enemies":"Orb Walker","floor":42,"turns":1},{"damage":0,"enemies":"Writhing Mass","floor":44,"turns":2},{"damage":0,"enemies":"Giant Head","floor":45,"turns":1},{"damage":0,"enemies":"Jaw Worm Horde","floor":46,"turns":1},{"damage":0,"enemies":"Reptomancer","floor":47,"turns":1},{"damage":0,"enemies":"Awakened One","floor":50,"turns":2},{"damage":0,"enemies":"Donu and Deca","floor":51,"turns":2}],"seed_played":"-948994720575713335","potions_obtained":[{"floor":1.0,"key":"FairyPotion"},{"floor":16.0,"key":"Dexterity Potion"}],"is_trial":false,"path_per_floor":["M","?","$","?","?","R","M","E","T","R","E","M","M","$","R","B",null,"M","?","?","?","M","R","$","M","T","T","M","E","?","M","R","B",null,"M","?","?","?","$","E","E","M","T","M","E","M","E","$","R","B","B",null],"character_chosen":"THE_SILENT","items_purchased":["Orrery","Impatience","War Paint"],"campfire_rested":0,"item_purchase_floors":[14,39,48],"current_hp_per_floor":[59,59,59,48,48,48,48,48,48,48,29,29,29,29,29,18,54,54,33,33,33,33,33,33,33,33,33,33,35,35,35,47,45,62,64,51,51,51,51,51,53,55,55,57,59,59,61,61,76,76,76],"gold":94,"neow_bonus":"THREE_ENEMY_KILL","is_daily":false,"chose_seed":false,"campfire_upgraded":6,"win_rate":0.0,"timestamp":1609062256,"path_taken":["M","?","$","?","?","R","?","E","T","R","E","?","M","?","R","BOSS","M","?","?","?","M","R","$","M","T","?","?","E","?","M","R","BOSS","M","?","?","?","$","E","E","M","T","M","E","M","E","?","R","BOSS","BOSS"],"items_purchased_type":["Relic","Card","Relic"],"build_version":"2020-12-22","purchased_purges":2,"victory":true,"max_hp_per_floor":[66,66,66,66,66,66,66,66,66,66,66,66,66,66,66,66,66,66,66,66,66,66,66,66,66,66,66,66,68,68,68,68,68,68,70,70,70,70,70,70,72,74,74,76,78,78,80,80,80,80,80],"card_choices":[{"not_picked":["Bane","Caltrops"],"picked":"Eviscerate","floor":1.0},{"not_picked":["Dodge and Roll","Sucker Punch","Outmaneuver"],"picked":"SKIP","floor":7.0},{"not_picked":["Deflect","Sucker Punch"],"picked":"Terror","floor":8.0},{"not_picked":["Eviscerate","Backflip"],"picked":"Noxious Fumes","floor":11.0},{"not_picked":["PiercingWail","Slice"],"picked":"Acrobatics","floor":12.0},{"not_picked":["Catalyst","Underhanded Strike"],"picked":"Tactician","floor":13.0},{"not_picked":["Riddle With Holes","Dodge and Roll"],"picked":"Calculated Gamble","floor":14.0},{"not_picked":["Dodge and Roll","Bane"],"picked":"Backflip","floor":14.0},{"not_picked":["Cloak And Dagger","Flechettes"],"picked":"Prepared","floor":14.0},{"not_picked":["Envenom","Night Terror"],"picked":"Tools of the Trade","floor":16.0},{"not_picked":["Blade Dance","Sucker Punch","Poisoned Stab"],"picked":"SKIP","floor":18.0},{"not_picked":["Underhanded Strike","Leg Sweep"],"picked":"Blur+1","floor":20.0},{"not_picked":["Sucker Punch","Caltrops","Cloak And Dagger"],"picked":"SKIP","floor":22.0},{"not_picked":["Eviscerate","Sucker Punch","Riddle With Holes"],"picked":"SKIP","floor":25.0},{"not_picked":["Eviscerate","Sucker Punch","Riddle With Holes"],"picked":"SKIP","floor":25.0},{"not_picked":["Backflip","Poisoned Stab"],"picked":"Acrobatics+1","floor":28.0},{"not_picked":["Dagger Throw","Dash","Backstab"],"picked":"Singing Bowl","floor":29.0},{"not_picked":["Dodge and Roll","Choke"],"picked":"Well Laid Plans","floor":31.0},{"not_picked":["Bullet Time","Wraith Form v2"],"picked":"Adrenaline","floor":33.0},{"not_picked":["Dagger Spray","Sucker Punch+1","Acrobatics"],"picked":"Singing Bowl","floor":35},{"not_picked":["Heel Hook","Cloak And Dagger+1"],"picked":"Reflex","floor":37},{"not_picked":["Accuracy+1","Flechettes"],"picked":"Reflex+1","floor":40},{"not_picked":["Reflex","Poisoned Stab+1","Heel Hook"],"picked":"Singing Bowl","floor":41},{"not_picked":["Outmaneuver","Distraction+1","Prepared"],"picked":"Singing Bowl","floor":42},{"not_picked":["Outmaneuver","PiercingWail","Underhanded Strike"],"picked":"Singing Bowl","floor":44},{"not_picked":["Backflip+1","Phantasmal Killer","Underhanded Strike"],"picked":"Singing Bowl","floor":45},{"not_picked":["Tactician+1","Underhanded Strike"],"picked":"Calculated Gamble+1","floor":46},{"not_picked":["Cloak And Dagger","Deadly Poison","Blur"],"picked":"Singing Bowl","floor":47}],"player_experience":677797,"relics_obtained":[{"floor":8.0,"key":"Shuriken"},{"floor":9.0,"key":"Bag of Preparation"},{"floor":11.0,"key":"Gambling Chip"},{"floor":19.0,"key":"Enchiridion"},{"floor":20.0,"key":"Red Mask"},{"floor":26.0,"key":"Eternal Feather"},{"floor":27.0,"key":"StrikeDummy"},{"floor":29.0,"key":"Singing Bowl"},{"floor":37,"key":"WingedGreaves"},{"floor":40,"key":"Vajra"},{"floor":41,"key":"Pen Nib"},{"floor":43,"key":"Paper Crane"},{"floor":45,"key":"Orichalcum"},{"floor":47,"key":"Torii"}],"event_choices":[{"damage_healed":0.0,"max_hp_gain":0.0,"max_hp_loss":0.0,"gold_gain":0.0,"event_name":"Big Fish","player_choice":"Box","floor":2.0,"gold_loss":0.0,"damage_taken":0.0,"relics_obtained":["Toy Ornithopter"],"cards_obtained":["Regret"]},{"damage_healed":0.0,"max_hp_gain":0.0,"max_hp_loss":0.0,"gold_gain":75.0,"event_name":"World of Goop","player_choice":"Gather Gold","floor":4.0,"gold_loss":0.0,"damage_taken":11.0},{"cards_removed":["Strike_G"],"damage_healed":0.0,"max_hp_gain":0.0,"max_hp_loss":0.0,"gold_gain":0.0,"event_name":"The Cleric","player_choice":"Card Removal","floor":5.0,"gold_loss":75.0,"damage_taken":0.0},{"damage_healed":0.0,"max_hp_gain":0.0,"max_hp_loss":0.0,"gold_gain":0.0,"event_name":"Cursed Tome","player_choice":"Obtained Book","floor":19.0,"gold_loss":0.0,"damage_taken":21.0},{"damage_healed":0.0,"max_hp_gain":0.0,"max_hp_loss":0.0,"gold_gain":0.0,"event_name":"Masked Bandits","player_choice":"Fought Bandits","floor":20.0,"gold_loss":0.0,"damage_taken":0.0},{"damage_healed":0.0,"max_hp_gain":0.0,"max_hp_loss":0.0,"gold_gain":0.0,"event_name":"The Library","player_choice":"Read","floor":21.0,"gold_loss":0.0,"damage_taken":0.0,"cards_obtained":["Acrobatics"]},{"cards_removed":["Strike_G"],"damage_healed":0.0,"max_hp_gain":0.0,"max_hp_loss":0.0,"gold_gain":0.0,"event_name":"Beggar","player_choice":"Gave Gold","floor":30.0,"gold_loss":75.0,"damage_taken":0.0},{"damage_healed":0,"gold_gain":0,"player_choice":"Embrace Madness","damage_taken":13,"max_hp_gain":0,"max_hp_loss":0,"event_name":"Winding Halls","floor":36,"gold_loss":0,"cards_obtained":["Madness","Madness"]},{"damage_healed":0,"gold_gain":0,"player_choice":"Fight","damage_taken":0,"max_hp_gain":0,"max_hp_loss":0,"event_name":"MindBloom","floor":37,"gold_loss":0},{"cards_removed":["Strike_G"],"damage_healed":0,"gold_gain":0,"player_choice":"Removed Attack","damage_taken":0,"max_hp_gain":0,"max_hp_loss":0,"event_name":"Falling","floor":38,"gold_loss":0}],"is_beta":false,"boss_relics":[{"not_picked":["Calling Bell","Black Star"],"picked":"Astrolabe"},{"not_picked":["Pandora\u0027s Box","SacredBark"],"picked":"Ring of the Serpent"}],"items_purged_floors":[3,24],"is_endless":false,"potions_floor_spawned":[1,16,22,29,31,33,35,37,44],"ascension_level":20}}