{"host":"k4et7hlhlqy8fuoz","time":1609069714,"event":{"mods":["2.2 Compatiblity","AchievementEnabler","BaseMod","Colored Map","DeckTracker","Highlight Path","Minty Spire (QoL Compilation)","Random Character Button","Rare Cards Sparkle"],"gold_per_floor":[117,127,143,72,72,72,86,86,113,148,165,235,21,21,21,125,125,140,157,157,16,16,16,115,115,115,133,151,33,33,33],"floor_reached":30,"playtime":1653,"items_purged":[],"score":228,"play_id":"63aad486-a026-4de8-acf4-fd64a6dd052f","local_time":"20201227124834","is_ascension_mode":false,"campfire_choices":[{"floor":6,"key":"REST"},{"floor":8,"key":"REST"},{"floor":15,"key":"REST"},{"floor":23,"key":"REST"}],"circlet_count":0,"master_deck":["Strike_G","Strike_G","Strike_G","Strike_G","Strike_G","Defend_G","Defend_G","Defend_G","Defend_G","Survivor","Neutralize","Underhanded Strike+1","Skewer+1","Envenom","Flying Knee","Blade Dance+1","Flechettes","Flying Knee","Dagger Spray","Thinking Ahead","Backflip","Masterful Stab","Night Terror","Dodge and Roll","Escape Plan","Unload","Backstab","Dagger Spray","Outmaneuver","Sucker Punch","Deflect","Skewer"],"relics":["Ring of the Snake","Dream Catcher","Lantern","WristBlade","Orichalcum"],"acts_visited":["Exordium","TheCity"],"potions_floor_usage":[16],"damage_taken":[{"damage":4,"enemies":"Cultist","floor":1,"turns":4},{"damage":1,"enemies":"2 Louse","floor":2,"turns":3},{"damage":16,"enemies":"Jaw Worm","floor":3,"turns":4},{"damage":8,"enemies":"Large Slime","floor":7,"turns":5},{"damage":31,"enemies":"Lagavulin","floor":10,"turns":6},{"damage":0,"enemies":"Looter","floor":11,"turns":2},{"damage":58,"enemies":"Hexaghost","floor":16,"turns":8},{"damage":25,"enemies":"Spheric Guardian","floor":18,"turns":4},{"damage":19,"enemies":"2 Thieves","floor":19,"turns":4},{"damage":18,"enemies":"Snake Plant","floor":27,"turns":3},{"damage":7,"enemies":"Chosen and Byrds","floor":28,"turns":5},{"damage":32,"enemies":"Shelled Parasite and Fungi","floor":30,"turns":2}],"seed_played":"-2958381538471272635","potions_obtained":[{"floor":3,"key":"Strength Potion"},{"floor":7,"key":"AttackPotion"},{"floor":11,"key":"ColorlessPotion"},{"floor":27,"key":"SpeedPotion"}],"is_trial":false,"path_per_floor":["M","M","M","$","?","R","M","R","T","E","M","?","$","?","R","B",null,"M","M","?","$","?","R","?","?","T","M","M","$","M"],"character_chosen":"THE_SILENT","items_purchased":["Flying Knee","Blade Dance","Thinking Ahead","Backflip","Unload","Backstab","Deflect","Skewer"],"campfire_rested":4,"item_purchase_floors":[4,4,13,13,21,21,29,29],"current_hp_per_floor":[73,72,56,56,41,64,56,77,77,46,46,46,46,46,69,11,77,52,33,33,33,33,56,56,56,56,38,31,31,0,0],"gold":33,"neow_bonus":"TEN_PERCENT_HP_BONUS","is_daily":false,"chose_seed":false,"campfire_upgraded":0,"win_rate":0.0,"timestamp":1609069714,"path_taken":["M","?","M","$","?","R","M","R","T","E","M","?","$","?","R","BOSS","M","M","?","$","?","R","?","?","T","M","M","$","M"],"items_purchased_type":["Card","Card","Card","Card","Card","Card","Card","Card"],"build_version":"2020-12-22","purchased_purges":0,"victory":false,"max_hp_per_floor":[77,77,77,77,77,77,77,77,77,77,77,77,77,77,77,77,77,77,77,77,77,77,77,77,77,77,77,77,77,77,77],"card_choices":[{"not_picked":["Backflip","Blur"],"picked":"Underhanded Strike","floor":1},{"not_picked":["Choke","Riddle With Holes"],"picked":"Skewer","floor":2},{"not_picked":["Underhanded Strike","PiercingWail"],"picked":"Envenom","floor":3},{"not_picked":["Underhanded Strike","Distraction"],"picked":"Flechettes","floor":7},{"not_picked":["Acrobatics","Footwork"],"picked":"Flying Knee","floor":10},{"not_picked":["Acrobatics","Dagger Throw"],"picked":"Dagger Spray","floor":11},{"not_picked":["Envenom","Quick Slash"],"picked":"Masterful Stab","floor":15},{"not_picked":["Tools of the Trade","Adrenaline"],"picked":"Night Terror","floor":16},{"not_picked":["Riddle With Holes","Outmaneuver"],"picked":"Dodge and Roll","floor":18},{"not_picked":["Acrobatics+1","Outmaneuver"],"picked":"Escape Plan","floor":19},{"not_picked":["Tactician+1","Well Laid Plans+1"],"picked":"Dagger Spray","floor":23},{"not_picked":["Heel Hook","Calculated Gamble+1"],"picked":"Outmaneuver","floor":27},{"not_picked":["Choke","Backflip+1"],"picked":"Sucker Punch","floor":28}],"player_experience":3120,"relics_obtained":[{"floor":9,"key":"Dream Catcher"},{"floor":10,"key":"Lantern"},{"floor":26,"key":"Orichalcum"}],"event_choices":[{"damage_healed":0,"gold_gain":0,"player_choice":"Entered Light","damage_taken":15,"max_hp_gain":0,"max_hp_loss":0,"event_name":"Shining Light","floor":5,"gold_loss":0,"cards_upgraded":["Blade Dance","Skewer"]},{"damage_healed":0,"gold_gain":70,"player_choice":"Gained Gold","damage_taken":0,"max_hp_gain":0,"max_hp_loss":0,"event_name":"Golden Wing","floor":12,"gold_loss":0},{"damage_healed":0,"gold_gain":0,"player_choice":"Grow","damage_taken":0,"max_hp_gain":0,"max_hp_loss":0,"event_name":"Living Wall","floor":14,"gold_loss":0,"cards_upgraded":["Underhanded Strike"]},{"cards_removed":["Defend_G"],"damage_healed":0,"gold_gain":0,"player_choice":"Purged","damage_taken":0,"max_hp_gain":0,"max_hp_loss":0,"event_name":"Purifier","floor":20,"gold_loss":0},{"damage_healed":0,"gold_gain":0,"player_choice":"Ignored","damage_taken":0,"max_hp_gain":0,"max_hp_loss":0,"event_name":"Vampires","floor":22,"gold_loss":0},{"damage_healed":0,"gold_gain":99,"player_choice":"Stole From Cult","damage_taken":0,"max_hp_gain":0,"max_hp_loss":0,"event_name":"Nest","floor":24,"gold_loss":0},{"damage_healed":0,"gold_gain":0,"player_choice":"Ignored","damage_taken":0,"max_hp_gain":0,"max_hp_loss":0,"event_name":"Ghosts","floor":25,"gold_loss":0}],"is_beta":false,"boss_relics":[{"not_picked":["Fusion Hammer","Ectoplasm"],"picked":"WristBlade"}],"items_purged_floors":[],"is_endless":false,"potions_floor_spawned":[3,7,11,27],"killed_by":"Shelled Parasite and Fungi","ascension_level":0}}