{"host":"vdf1n25tgqc7msgq","time":1609029184,"event":{"mods":["ATMod(阿瑾Mod)","AchievementEnabler","BaseMod","BetterRewards","Colored Powertips","KinomotoSakuraMod(木之本樱)","Marisa（F雨　魔理沙）","Minty Spire (QoL Compilation)","Quick Restart","Remilia（蕾米莉亚）","Replay The Spire","StSLib","The Servant 0.9.4","UnlockEverythingMod","Yakumo Yukari mod","Youmu（魂魄妖梦）","Yuyuko","[功能]商店购物价格优惠80%","simple"],"gold_per_floor":[2590,2680,496,561,561,631,140,140,260,320,410,570,570,635,635,1110,1110,1195,1290,154,649,1004,1004,1524,1749,1864,2214,2214,2559,3069,3529,3529,4404,4404,4879,4006,4711,4896,4896,4896,5106,5481,5481,5671,5856,6141,6861,7361,7361,7486,7486,7486,6879,8264,8889],"floor_reached":56,"playtime":1729,"items_purged":["Bash","Defend_R","Defend_R","Defend_R","Defend_R","Strike_R","Strike_R","Strike_R","Strike_R"],"score":1832,"play_id":"6586d397-97f7-4984-9786-f347fed6bffc","local_time":"20201226193304","is_ascension_mode":false,"campfire_choices":[{"data":"Cleave","floor":8,"key":"SMITH"},{"data":"Strike_R","floor":8,"key":"SMITH"},{"floor":8,"key":"RECALL"},{"floor":15,"key":"REST"},{"data":"Heavy Blade","floor":23,"key":"SMITH"},{"data":"AT_IchimonjiDouble","floor":23,"key":"SMITH"},{"floor":23,"key":"REST"},{"floor":32,"key":"REST"},{"data":"1","floor":49,"key":"LIFT"},{"floor":52,"key":"REST"}],"circlet_count":0,"master_deck":["Strike_R+1","Cleave+1","Flex+1","Shrug It Off+1","Flex+1","Shrug It Off+1","Heavy Blade+1","AT_IchimonjiDouble+1","Flex+1"],"relics":["Burning Blood","Peace Pipe","Ginger","Turnip","Unceasing Top","Omamori","Ice Cream","The Courier","AT_ATBox","Matryoshka","Incense Burner","MealTicket","Self Forming Clay","AT_Manta","Letter Opener","Frozen Eye","Replay:Mystery Machine","Iron Hammer","AT_Kusabimaru","Ancient Tea Set","Orichalcum","AT_LudenTempest","Toxic Egg 2","Golden Egg","Torii","Oddly Smooth Stone","Singing Bowl","Boot","Regal Pillow","AT_PhaseBoots","AT_BellowingDragoncrestRing","SacredBark","Centennial Puzzle","Bottled Flame","AT_MibuBalloonWealth","Chameleon Ring","CeramicFish","Blue Candle","Lizard Tail","AT_SunfireAegis","Lantern","Meat on the Bone","Blood Vial","Enchiridion","Replay:Kaleidoscope","SlaversCollar","FossilizedHelix","InkBottle","Chemical X","ReplayTheSpireMod:Lightbulb","Anchor","ReplayTheSpireMod:Ninjato","Akabeko","Onion Ring","Girya","AT_RedNoBalance","Champion Belt","AT_BladeRuinedKing","HandDrill","Mummified Hand","Replay:Wax Seal","Blue Doll","AT_ForceNature","AT_TheCollector","Mercury Hourglass"],"acts_visited":["Exordium","TheCity","TheBeyond","TheEnding"],"potions_floor_usage":[2],"damage_taken":[{"damage":2,"enemies":"Jaw Worm","floor":1,"turns":3},{"damage":0,"enemies":"Small Slimes","floor":2,"turns":2},{"damage":0,"enemies":"2 Louse","floor":4,"turns":1},{"damage":0,"enemies":"Looter","floor":6,"turns":1},{"damage":0,"enemies":"Exordium Thugs","floor":10,"turns":1},{"damage":0,"enemies":"Red Slaver","floor":11,"turns":1},{"damage":0,"enemies":"Gremlin Nob","floor":12,"turns":1},{"damage":0,"enemies":"Lots of Slimes","floor":14,"turns":1},{"damage":0,"enemies":"Hexaghost","floor":16,"turns":1},{"damage":0,"enemies":"Spheric Guardian","floor":18,"turns":1},{"damage":0,"enemies":"2 Thieves","floor":19,"turns":1},{"damage":0,"enemies":"Shelled Parasite and Fungi","floor":22,"turns":1},{"damage":0,"enemies":"Gremlin Leader","floor":24,"turns":1},{"damage":0,"enemies":"Snake Plant","floor":25,"turns":1},{"damage":0,"enemies":"Centurion and Healer","floor":27,"turns":1},{"damage":0,"enemies":"Chosen and Byrds","floor":29,"turns":1},{"damage":0,"enemies":"Slavers","floor":30,"turns":1},{"damage":0,"enemies":"3 Cultists","floor":31,"turns":1},{"damage":0,"enemies":"Automaton","floor":33,"turns":2},{"damage":0,"enemies":"3 Shapes","floor":35,"turns":1},{"damage":0,"enemies":"3 Darklings","floor":37,"turns":1},{"damage":0,"enemies":"Writhing Mass","floor":38,"turns":1},{"damage":0,"enemies":"Transient","floor":41,"turns":3},{"damage":0,"enemies":"Mind Bloom Boss Battle","floor":42,"turns":1},{"damage":0,"enemies":"Spire Growth","floor":44,"turns":1},{"damage":0,"enemies":"Maw","floor":45,"turns":1},{"damage":0,"enemies":"R_Hoarder","floor":46,"turns":1},{"damage":0,"enemies":"3 Darklings","floor":47,"turns":1},{"damage":0,"enemies":"Reptomancer","floor":48,"turns":1},{"damage":0,"enemies":"Time Eater","floor":50,"turns":3},{"damage":0,"enemies":"Shield and Spear","floor":54,"turns":1},{"damage":0,"enemies":"The Heart","floor":55,"turns":3}],"seed_played":"3716255883566815454","potions_obtained":[{"floor":2,"key":"EntropicBrew"},{"floor":2,"key":"Fruit Juice"},{"floor":4,"key":"Swift Potion"},{"floor":4,"key":"Languid Potion"},{"floor":12,"key":"LifebloodPotion"},{"floor":22,"key":"Strength Potion"},{"floor":24,"key":"SteroidPotion"}],"is_trial":false,"path_per_floor":["M","M","$","M","?","M","$","R","T","M","M","E","?","M","R","B",null,"M","M","$","?","M","R","E","M","T","M","?","M","E","M","R","B",null,"M","$","M","M","?","R","M","?","T","M","M","E","M","E","R","B",null,"R","$","E","B",null],"character_chosen":"IRONCLAD","items_purchased":["Matryoshka","Incense Burner","MealTicket","Self Forming Clay","AT_Manta","Letter Opener","Frozen Eye","Replay:Mystery Machine","Iron Hammer","AT_Kusabimaru","Ancient Tea Set","Orichalcum","AT_LudenTempest","Toxic Egg 2","Flex+1","Shrug It Off+1","Torii","Oddly Smooth Stone","Singing Bowl","Boot","Regal Pillow","Centennial Puzzle","Bottled Flame","AT_MibuBalloonWealth","Chameleon Ring","CeramicFish","Blue Candle","Lizard Tail","AT_SunfireAegis","FossilizedHelix","InkBottle","Chemical X","ReplayTheSpireMod:Lightbulb","Anchor","ReplayTheSpireMod:Ninjato","Akabeko","Onion Ring","Flex+1","HandDrill","Mummified Hand","Replay:Wax Seal","Blue Doll","AT_ForceNature","AT_TheCollector"],"campfire_rested":4,"item_purchase_floors":[3,3,3,3,3,3,3,3,3,3,3,3,3,3,3,3,7,7,7,7,7,20,20,20,20,20,20,20,20,36,36,36,36,36,36,36,36,36,53,53,53,53,53,53],"current_hp_per_floor":[80,85,85,85,67,73,85,85,85,87,89,91,96,98,98,100,100,102,102,102,102,102,102,104,106,106,108,92,102,112,114,114,116,116,118,118,120,122,122,122,124,126,126,73,83,93,103,113,113,121,136,136,136,136,136],"gold":8889,"neow_bonus":"HUNDRED_GOLD","is_daily":false,"chose_seed":false,"campfire_upgraded":4,"win_rate":0.0,"timestamp":1609029184,"path_taken":["M","M","$","M","?","M","$","R","T","M","M","E","?","M","R","BOSS","M","M","$","?","M","R","E","M","T","M","?","M","E","M","R","BOSS","M","$","M","M","?","R","M","?","T","?","M","E","M","E","R","BOSS","R","$","E","BOSS"],"items_purchased_type":["Relic","Relic","Relic","Relic","Relic","Relic","Relic","Relic","Relic","Relic","Relic","Relic","Relic","Relic","Card","Card","Relic","Relic","Relic","Relic","Relic","Relic","Relic","Relic","Relic","Relic","Relic","Relic","Relic","Relic","Relic","Relic","Relic","Relic","Relic","Relic","Relic","Card","Relic","Relic","Relic","Relic","Relic","Relic"],"build_version":"2020-12-22","purchased_purges":9,"victory":true,"max_hp_per_floor":[80,85,85,85,85,85,85,85,85,87,89,91,96,98,98,100,100,102,102,102,102,102,102,104,106,106,108,108,110,112,114,114,116,116,118,118,120,122,122,122,124,126,126,128,130,132,134,136,136,136,136,136,136,136,136],"card_choices":[{"not_picked":["Sword Boomerang","Whirlwind","Searing Blow"],"picked":"SKIP","floor":1},{"not_picked":["Heavy Blade","ReplayTheSpireMod:LeadingStrike"],"picked":"Cleave","floor":2},{"not_picked":["Feel No Pain","Second Wind+1"],"picked":"Flex+1","floor":4},{"not_picked":["Heavy Blade","Iron Wave"],"picked":"Shrug It Off+1","floor":6},{"not_picked":["Armaments+1","Havoc+1","Life Link"],"picked":"Singing Bowl","floor":10},{"not_picked":["Run Through","Body Slam","Shockwave+1"],"picked":"Singing Bowl","floor":11},{"not_picked":["Seeing Red+1","Searing Blow","AT_DrawKnifeCut"],"picked":"Singing Bowl","floor":12},{"not_picked":["Life Link","Clothesline","Defy Death+1"],"picked":"Singing Bowl","floor":14},{"not_picked":["Reaper","Juggernaut","Demonic Infusion+1"],"picked":"Singing Bowl","floor":16},{"not_picked":["Armaments+1","Headbutt+1","Combust+1"],"picked":"Singing Bowl","floor":18},{"not_picked":["ReplayTheSpireMod:Strike From Hell","Headbutt"],"picked":"Heavy Blade","floor":19},{"not_picked":["Clash+1","Shrug It Off+1"],"picked":"AT_IchimonjiDouble","floor":22},{"not_picked":["Clothesline","AT_Dispersion","Warcry+1"],"picked":"Singing Bowl","floor":24},{"not_picked":["True Grit+1","ReplayTheSpireMod:Muscle Training+1","ReplayReversal+1"],"picked":"Singing Bowl","floor":25},{"not_picked":["Twin Strike","Inflame","Cleave"],"picked":"Singing Bowl","floor":27},{"not_picked":["Heavy Blade","Pommel Strike","Battle Trance+1"],"picked":"Singing Bowl","floor":29},{"not_picked":["Replay:Many Hands+1","ReplayTheSpireMod:Limb From Limb","AT_BodySlamDance+1"],"picked":"Singing Bowl","floor":30},{"not_picked":["Havoc+1","AT_CaressingTears+1","Sentinel+1"],"picked":"Singing Bowl","floor":31},{"not_picked":["Juggernaut","Brutality","Corruption"],"picked":"Singing Bowl","floor":33},{"not_picked":["Whirlwind","Burning Pact+1","True Grit+1"],"picked":"Singing Bowl","floor":35},{"not_picked":["Blood for Blood+1","ReplayTheSpireMod:Muscle Training+1","AT_BodySlamDance+1"],"picked":"Singing Bowl","floor":37},{"not_picked":["Havoc+1","Body Slam+1","Clothesline+1"],"picked":"Singing Bowl","floor":38},{"not_picked":["Warcry+1","Sentinel+1","Second Wind+1"],"picked":"Singing Bowl","floor":41},{"not_picked":["Rampage","Pommel Strike","Clothesline"],"picked":"Singing Bowl","floor":42},{"not_picked":["Anger+1","AT_IchimonjiDouble+1","Replay:Undeath\u0027s Touch+1"],"picked":"Singing Bowl","floor":44},{"not_picked":["Shockwave+1","Disarm+1","Rampage"],"picked":"Singing Bowl","floor":45},{"not_picked":["Shrug It Off+1","Massacre","Body Slam"],"picked":"Singing Bowl","floor":46},{"not_picked":["ReplayTheSpireMod:Stacked+1","Infernal Blade+1","Shrug It Off+1"],"picked":"Singing Bowl","floor":47},{"not_picked":["Second Wind+1","Entrench+1","Corruption"],"picked":"Singing Bowl","floor":48},{"not_picked":["ReplayTheSpireMod:Muscle Training+1","Searing Blow+1","True Grit+1"],"picked":"SKIP","floor":54}],"player_experience":12596,"relics_obtained":[{"floor":9,"key":"AT_SpeedBoots"},{"floor":12,"key":"AT_BellowingDragoncrestRing"},{"floor":24,"key":"Lantern"},{"floor":26,"key":"Meat on the Bone"},{"floor":26,"key":"Blood Vial"},{"floor":28,"key":"Enchiridion"},{"floor":30,"key":"Replay:Kaleidoscope"},{"floor":42,"key":"Girya"},{"floor":43,"key":"AT_SilverBalance"},{"floor":46,"key":"Champion Belt"},{"floor":48,"key":"AT_BladeRuinedKing"},{"floor":54,"key":"Mercury Hourglass"}],"event_choices":[{"damage_healed":0,"gold_gain":0,"player_choice":"Success","damage_taken":18,"relics_obtained":["Golden Egg"],"max_hp_gain":0,"max_hp_loss":0,"event_name":"Scrap Ooze","floor":5,"gold_loss":0},{"damage_healed":0,"gold_gain":0,"player_choice":"Donut","damage_taken":0,"max_hp_gain":5,"max_hp_loss":0,"event_name":"Big Fish","floor":13,"gold_loss":0},{"damage_healed":0,"gold_gain":99,"player_choice":"Stole From Cult","damage_taken":0,"max_hp_gain":0,"max_hp_loss":0,"event_name":"Nest","floor":21,"gold_loss":0},{"damage_healed":0,"gold_gain":0,"player_choice":"Obtained Book","damage_taken":16,"max_hp_gain":0,"max_hp_loss":0,"event_name":"Cursed Tome","floor":28,"gold_loss":0},{"damage_healed":0,"gold_gain":0,"player_choice":"Fight","damage_taken":0,"max_hp_gain":0,"max_hp_loss":0,"event_name":"MindBloom","floor":42,"gold_loss":0}],"is_beta":false,"boss_relics":[{"not_picked":["Empty Cage","Black Star"],"picked":"SacredBark"},{"not_picked":["Philosopher\u0027s Stone","Astrolabe"],"picked":"SlaversCollar"}],"items_purged_floors":[3,3,3,3,3,3,3,3,3],"is_endless":false,"potions_floor_spawned":[2,2,4,4,6,11,12,14,16,19,22,24,24,25,27,30,31,31,33,37,37,38,41,44,45,45,46,47,48,48,54,54],"ascension_level":0}}