{"host":"vc42n08di9czm3e7","time":1609095856,"event":{"mods":["AchievementEnabler","Act Like it!","BaseMod","Colored Powertips","Conspire","Downfall","Friendly Minions","GifTheSpireLib","Gremlin Mod","Hermit","Jorbs\u0027s Wanderer Trilogy","Minty Spire (QoL Compilation)","Quick Restart","Rare Cards Sparkle","StSLib","The Jungle"],"gold_per_floor":[118,43,58,73,87,113,113,125,173,198,98,98,116,135,135,238,238,261,261,261],"floor_reached":19,"playtime":1518,"items_purged":["hermit:Strike_Hermit","hermit:Defend_Hermit"],"score":225,"play_id":"a301a559-abd5-4e91-9a95-7abed61c40a1","local_time":"20201227140416","is_ascension_mode":false,"campfire_choices":[{"data":"hermit:Ricochet","floor":15,"key":"SMITH"}],"circlet_count":0,"master_deck":["hermit:Strike_Hermit","hermit:Strike_Hermit","hermit:Defend_Hermit","hermit:Defend_Hermit","hermit:Snapshot","hermit:Covet","hermit:Ricochet+1","hermit:Dive","hermit:Headshot","hermit:Dive","hermit:GhostlyPresence","hermit:Scavenge","hermit:EyeOfTheStorm","hermit:Dive","hermit:EternalForm","hermit:Brawl"],"relics":["hermit:Momento","Tiny Chest","Toy Ornithopter","Empty Cage"],"acts_visited":["Exordium","TheCity"],"potions_floor_usage":[6,7,16,16],"damage_taken":[{"damage":1,"enemies":"Cultist","floor":1,"turns":4},{"damage":3,"enemies":"Small Slimes","floor":3,"turns":3},{"damage":0,"enemies":"2 Louse","floor":4,"turns":4},{"damage":3,"enemies":"Gremlin Gang","floor":5,"turns":6},{"damage":25,"enemies":"Gremlin Nob","floor":6,"turns":4},{"damage":0,"enemies":"Lots of Slimes","floor":7,"turns":2},{"damage":3,"enemies":"2 Fungi Beasts","floor":8,"turns":4},{"damage":0,"enemies":"Exordium Thugs","floor":10,"turns":6},{"damage":15,"enemies":"Lots of Slimes","floor":13,"turns":5},{"damage":0,"enemies":"2 Fungi Beasts","floor":14,"turns":5},{"damage":0,"enemies":"The Guardian","floor":16,"turns":15},{"damage":18,"enemies":"3 Byrds","floor":18,"turns":10},{"damage":0,"enemies":"2 Thieves","floor":19,"turns":1}],"seed_played":"-1042780457347258417","potions_obtained":[{"floor":4,"key":"PowerPotion"},{"floor":5,"key":"FairyPotion"},{"floor":6,"key":"SmokeBomb"},{"floor":8,"key":"Guardian:BlockOnCardUsePotion"},{"floor":12,"key":"Block Potion"}],"is_trial":false,"path_per_floor":["M","$","M","M","M","E","M","M","T","M","$","?","M","M","R","B",null,"M","M"],"character_chosen":"HERMIT","items_purchased":[],"campfire_rested":0,"item_purchase_floors":[],"current_hp_per_floor":[81,81,78,78,75,50,50,47,47,47,47,47,32,32,32,42,82,64,64,64],"gold":261,"neow_bonus":"TEN_PERCENT_HP_BONUS","is_daily":false,"chose_seed":false,"campfire_upgraded":1,"win_rate":0.0,"timestamp":1609095856,"path_taken":["M","$","?","M","M","E","M","M","T","M","$","?","M","M","R","BOSS","M","M"],"items_purchased_type":[],"build_version":"2020-12-22","purchased_purges":2,"victory":false,"max_hp_per_floor":[82,82,82,82,82,82,82,82,82,82,82,82,82,82,82,82,82,82,82,82],"card_choices":[{"not_picked":["hermit:SprayPray","hermit:PistolWhip"],"picked":"hermit:Ricochet","floor":1},{"not_picked":["hermit:ItchyTrigger","hermit:LuckOfTheDraw"],"picked":"hermit:Dive","floor":3},{"not_picked":["hermit:HoleUp","hermit:BigShot"],"picked":"hermit:Headshot","floor":4},{"not_picked":["hermit:Manifest","hermit:HighCaliber"],"picked":"hermit:Dive","floor":5},{"not_picked":["hermit:Roughhouse","hermit:ItchyTrigger"],"picked":"hermit:GhostlyPresence","floor":6},{"not_picked":["hermit:TakeAim","hermit:Roulette"],"picked":"hermit:Scavenge","floor":8},{"not_picked":["hermit:Midnight","hermit:HighCaliber"],"picked":"hermit:EyeOfTheStorm","floor":10},{"not_picked":["hermit:TakeAim","hermit:LowProfile","hermit:HighCaliber"],"picked":"SKIP","floor":13},{"not_picked":["hermit:Quickdraw","hermit:LuckOfTheDraw"],"picked":"hermit:Dive","floor":14},{"not_picked":["hermit:Adapt","hermit:Dissolve"],"picked":"hermit:EternalForm","floor":16},{"not_picked":["hermit:Snipe","hermit:Quickdraw"],"picked":"hermit:Brawl","floor":18}],"player_experience":266125,"relics_obtained":[{"floor":6,"key":"Tiny Chest"},{"floor":9,"key":"Toy Ornithopter"}],"event_choices":[{"damage_healed":0,"gold_gain":0,"player_choice":"Got Potions","damage_taken":0,"max_hp_gain":0,"max_hp_loss":0,"event_name":"Lab","floor":12,"gold_loss":0}],"is_beta":false,"boss_relics":[{"not_picked":["conspire:SeveredTorchhead","Coffee Dripper"],"picked":"Empty Cage"}],"items_purged_floors":[2,11],"is_endless":false,"potions_floor_spawned":[4,5,6,8,13],"killed_by":"2 Thieves","ascension_level":0}}