{"host":"erxdo5czqejbiu49","time":1609037860,"event":{"mods":["Act Like it!","Aspiration","BaseMod","Better Third Choice","Conspire","Downfall-Rebalance","Elementarium","Hermit","Hubris","Minty Spire (QoL Compilation)","Replay The Spire","Shop Mod","StSLib","The Disciple","The Hierophant"],"gold_per_floor":[117,130,149,159,177,177,177,193,193,209,209,209,235,251,251,352,352,372,262,276,290,301,327,339,367,413,413,426,426,426,97,97,195,195,215,2,55,55,74,74,100,100,100,114,128,128,145,164,164,164],"floor_reached":51,"playtime":5145,"items_purged":["Normality","hubris:Envy","Sickly"],"score":625,"play_id":"dc4fbac9-e661-4c8d-ab7d-fc04656fbe9a","local_time":"20201226215740","is_ascension_mode":false,"campfire_choices":[{"data":"Hello World","floor":6,"key":"SMITH"},{"data":"ReplayTheSpireMod:Dual Polarity","floor":12,"key":"SMITH"},{"data":"BasicCrystalCard","floor":15,"key":"SMITH"},{"data":"Storm","floor":29,"key":"SMITH"},{"data":"Creative AI","floor":30,"key":"SMITH"},{"floor":40,"key":"REST"},{"floor":42,"key":"REST"},{"data":"ReplayTheSpireMod:Fabricate Wheel","floor":46,"key":"SMITH"},{"data":"hubris:PowerSurge","floor":49,"key":"SMITH"}],"circlet_count":0,"master_deck":["Strike_B","Strike_B","Strike_B","Strike_B","Defend_B","Defend_B","Defend_B","Defend_B","Zap","Dualcast","Barrage","Self Repair","Hello World+1","ReplayTheSpireMod:Dual Polarity+1","Sweeping Beam","BasicCrystalCard+1","Consume","Storm+1","hubris:PowerSurge+1","Multi-Cast","Creative AI+1","ReplaySolidLightProjector","Double Energy+1","Defragment+1","Cold Snap","Coolheaded","Self Repair+1","Lockon","ReplaySolidLightProjector","Conserve Battery","ReplaySort+1","Panic Button+1","Conserve Battery+1","Conserve Battery","Hello World+1","Storm+1","Multi-Cast","Loop+1","Doom and Gloom+1","aspiration:Polymerization+1","Self Repair+1","Time Bomb","ReplayTheSpireMod:Fabricate Wheel+1","hubris:Ukulele+1","aspiration:Polymerization","Storm+1","Capacitor+1","Turbo+1","Crystallizer+1","Turbo","Conserve Battery+1"],"relics":["Cracked Core","NeowsBlessing","WarpedTongs","Letter Opener","Mercury Hourglass","Prayer Wheel","DataDisk","Frozen Egg 2","StoneCalendar","MerchantsRug","WingedGreaves","Bottled Flame","conspire:TopHat","hubris:EmptyBottle","Honey Jar","Membership Card","Emotion Chip","Bag of Preparation","aspiration:FaultyCoupler"],"acts_visited":["Exordium","TheCity","TheBeyond"],"potions_floor_usage":[8,13,13,20,33,33,37,37,37,39,41,41,41,50,50,50,50,50],"damage_taken":[{"damage":0,"enemies":"Cultist","floor":1,"turns":1},{"damage":0,"enemies":"Jaw Worm","floor":2,"turns":1},{"damage":0,"enemies":"2 Louse","floor":3,"turns":1},{"damage":19,"enemies":"Exordium Thugs","floor":4,"turns":5},{"damage":9,"enemies":"Blue Slaver","floor":5,"turns":5},{"damage":10,"enemies":"2 Fungi Beasts","floor":8,"turns":3},{"damage":14,"enemies":"3 Louse","floor":10,"turns":2},{"damage":31,"enemies":"Lagavulin","floor":13,"turns":5},{"damage":8,"enemies":"Exordium Thugs","floor":14,"turns":4},{"damage":4,"enemies":"Fading Forest","floor":16,"turns":11},{"damage":15,"enemies":"conspire:FuzzyDice","floor":18,"turns":5},{"damage":10,"enemies":"2 Thieves","floor":20,"turns":2},{"damage":15,"enemies":"Chosen and Byrds","floor":21,"turns":4},{"damage":9,"enemies":"Snake Plant","floor":22,"turns":5},{"damage":0,"enemies":"conspire:Head Lice","floor":23,"turns":7},{"damage":22,"enemies":"Centurion and Healer","floor":24,"turns":6},{"damage":15,"enemies":"Replay:Snechameleon","floor":25,"turns":7},{"damage":13,"enemies":"conspire:HollyBat","floor":28,"turns":17},{"damage":6,"enemies":"Collector","floor":33,"turns":7},{"damage":11,"enemies":"Orb Walker","floor":35,"turns":3},{"damage":56,"enemies":"2 Orb Walkers","floor":37,"turns":3},{"damage":13,"enemies":"3 Darklings","floor":39,"turns":4},{"damage":27,"enemies":"Nemesis","floor":41,"turns":5},{"damage":24,"enemies":"Jaw Worm Horde","floor":44,"turns":3},{"damage":22,"enemies":"4 Shapes","floor":45,"turns":3},{"damage":7,"enemies":"Sphere and 2 Shapes","floor":47,"turns":2},{"damage":19,"enemies":"3 Darklings","floor":48,"turns":2},{"damage":36,"enemies":"Replay:Hell Engine","floor":50,"turns":4}],"seed_played":"3152117256968132365","potions_obtained":[{"floor":4,"key":"SkillPotion"},{"floor":5,"key":"Slimebound:ThreeZeroPotion"},{"floor":8,"key":"SteroidPotion"},{"floor":13,"key":"PowerPotion"},{"floor":14,"key":"Strength Potion"},{"floor":16,"key":"Languid Potion"},{"floor":21,"key":"Dexterity Potion"},{"floor":35,"key":"FocusPotion"},{"floor":39,"key":"Toxic Potion"},{"floor":45,"key":"Weak Potion"},{"floor":47,"key":"Swift Potion"}],"is_trial":false,"path_per_floor":["M","M","M","M","M","R","?","M","T","M","?","R","E","M","R","B",null,"M","$","M","M","M","E","M","E","T","?","M","R","R","$","R","B",null,"M","$","?","?","M","R","E","R","T","M","M","R","M","M","R","B",null],"character_chosen":"DEFECT","items_purchased":["Defragment+1","MerchantsRug","hubris:EmptyBottle","Storm+1","Membership Card"],"campfire_rested":2,"item_purchase_floors":[19,19,31,31,36],"current_hp_per_floor":[75,75,75,63,61,61,61,58,58,51,51,51,30,29,29,35,75,67,67,57,42,40,60,45,47,47,47,51,51,51,51,51,55,75,71,71,15,15,19,41,34,56,56,52,40,40,50,41,41,15],"gold":164,"neow_bonus":"THREE_ENEMY_KILL","is_daily":false,"chose_seed":false,"campfire_upgraded":7,"win_rate":0.0,"timestamp":1609037860,"path_taken":["M","M","M","M","?","R","?","?","T","M","?","R","E","M","R","BOSS","M","$","M","M","M","E","M","E","T","?","M","R","R","$","R","BOSS","M","$","?","?","M","R","E","R","T","M","M","R","M","M","R","BOSS"],"items_purchased_type":["Card","Relic","Relic","Card","Relic"],"build_version":"2020-12-22","purchased_purges":3,"victory":true,"max_hp_per_floor":[75,75,75,75,75,75,75,75,75,75,75,75,75,75,75,75,75,75,75,75,75,75,75,75,75,75,75,75,75,75,75,75,75,75,75,75,75,75,75,75,75,75,75,75,75,75,75,75,75,75],"card_choices":[{"not_picked":["Compile Driver","Coolheaded"],"picked":"Barrage","floor":1},{"not_picked":["Coolheaded","Compile Driver"],"picked":"Self Repair","floor":2},{"not_picked":["Leap","Force Field"],"picked":"Hello World","floor":3},{"not_picked":["Recycle","Beam Cell"],"picked":"ReplayTheSpireMod:Dual Polarity","floor":4},{"not_picked":["Gash","Reprogram"],"picked":"Sweeping Beam","floor":5},{"not_picked":["hubris:Prefetch","Rebound"],"picked":"BasicCrystalCard","floor":8},{"not_picked":["Compile Driver","Stack"],"picked":"Consume","floor":10},{"not_picked":["Beam Cell","Cold Snap"],"picked":"Storm","floor":13},{"not_picked":["Redo","Sweeping Beam"],"picked":"hubris:PowerSurge","floor":14},{"not_picked":["hubris:SpecializedCircuitry","Meteor Strike"],"picked":"Creative AI","floor":16},{"not_picked":["ReplayTheSpireMod:Restless Dread","ReplayTheSpireMod:IOU"],"picked":"Sickly","floor":17},{"not_picked":["hubris:Sloth","Guardian:Aged"],"picked":"Normality","floor":17},{"not_picked":["Spreading Infection","SwitchConfidence"],"picked":"hubris:Envy","floor":17},{"not_picked":["Coolheaded","Cold Snap"],"picked":"ReplaySolidLightProjector","floor":18},{"not_picked":["Reprogram","Beam Cell"],"picked":"Double Energy+1","floor":18},{"not_picked":["Sweeping Beam","Compile Driver"],"picked":"Cold Snap","floor":20},{"not_picked":["Go for the Eyes","Gash"],"picked":"Coolheaded","floor":20},{"not_picked":["Rebound","Core Surge"],"picked":"Self Repair+1","floor":21},{"not_picked":["Cold Snap","Stack"],"picked":"Lockon","floor":21},{"not_picked":["Compile Driver+1","Hologram"],"picked":"ReplaySolidLightProjector","floor":22},{"not_picked":["Gash","Sweeping Beam"],"picked":"Conserve Battery","floor":22},{"not_picked":["ReplayGash","Biased Cognition+1"],"picked":"ReplaySort+1","floor":23},{"not_picked":["Ball Lightning","Streamline+1"],"picked":"Panic Button+1","floor":24},{"not_picked":["Darkness","Leap+1"],"picked":"Conserve Battery+1","floor":24},{"not_picked":["Reprogram","ReplaySolidLightProjector+1","Echo Form+1"],"picked":"SKIP","floor":25},{"not_picked":["Compile Driver","Steam+1"],"picked":"Conserve Battery","floor":28},{"not_picked":["Conserve Battery+1","Undo"],"picked":"Hello World+1","floor":28},{"not_picked":["Reboot","hubris:SpecializedCircuitry+1"],"picked":"Multi-Cast","floor":33},{"not_picked":["Beam Cell","Gash+1","Glacier+1"],"picked":"Loop+1","floor":35},{"not_picked":["Rebound","Ball Lightning+1","hubris:Prefetch"],"picked":"Doom and Gloom+1","floor":35},{"not_picked":["Heatsinks+1","Steam","Redo"],"picked":"aspiration:Polymerization+1","floor":37},{"not_picked":["Aggregate","Tempest","BasicCrystalCard"],"picked":"Self Repair+1","floor":39},{"not_picked":["Self Repair+1","Barrage","Conserve Battery+1"],"picked":"Time Bomb","floor":39},{"not_picked":["Cold Snap","Streamline+1","Leap"],"picked":"ReplayTheSpireMod:Fabricate Wheel","floor":41},{"not_picked":["Steam","Sweeping Beam","Redo"],"picked":"hubris:Ukulele+1","floor":44},{"not_picked":["Aggregate","Streamline","Coolheaded+1"],"picked":"aspiration:Polymerization","floor":44},{"not_picked":["Steam","Hologram+1","Stack"],"picked":"Storm+1","floor":45},{"not_picked":["Coolheaded+1","Streamline","Conserve Battery+1"],"picked":"Capacitor+1","floor":45},{"not_picked":["Compile Driver+1","Fusion+1","ReplayTheSpireMod:Reroute Power+1"],"picked":"Turbo+1","floor":47},{"not_picked":["Lockon+1","hubris:SpecializedCircuitry+1","Conserve Battery"],"picked":"Crystallizer+1","floor":47},{"not_picked":["Stack","Beam Cell","Barrage"],"picked":"Turbo","floor":48},{"not_picked":["Go for the Eyes+1","Hologram","Barrage+1"],"picked":"Conserve Battery+1","floor":48}],"player_experience":407092,"relics_obtained":[{"floor":9,"key":"Letter Opener"},{"floor":13,"key":"Mercury Hourglass"},{"floor":23,"key":"WingedGreaves"},{"floor":25,"key":"Bottled Flame"},{"floor":26,"key":"conspire:TopHat"},{"floor":37,"key":"Emotion Chip"},{"floor":41,"key":"Bag of Preparation"},{"floor":43,"key":"aspiration:FaultyCoupler"}],"event_choices":[{"damage_healed":0,"gold_gain":0,"player_choice":"Rummage","damage_taken":0,"relics_obtained":["WarpedTongs"],"max_hp_gain":0,"max_hp_loss":0,"event_name":"Accursed Blacksmith","floor":7,"gold_loss":0,"cards_obtained":["Pain"]},{"cards_removed":["Pain"],"damage_healed":0,"gold_gain":0,"player_choice":"Purged","damage_taken":0,"max_hp_gain":0,"max_hp_loss":0,"event_name":"Purifier","floor":11,"gold_loss":0},{"damage_healed":0,"gold_gain":0,"player_choice":"Bought 0 Potions","damage_taken":0,"max_hp_gain":0,"max_hp_loss":0,"event_name":"The Woman in Blue","floor":27,"gold_loss":0},{"damage_healed":0,"gold_gain":0,"player_choice":"Fight","damage_taken":0,"max_hp_gain":0,"max_hp_loss":0,"event_name":"Mysterious Sphere","floor":37,"gold_loss":0}],"is_beta":false,"boss_relics":[{"not_picked":["Sozu","aspiration:BursterCore"],"picked":"Replay:Ancient Bell"},{"not_picked":["Replay:Antivirus Software","Anchor"],"picked":"DataDisk"},{"not_picked":["Replay:Accelerometer","InkBottle"],"picked":"aspiration:SeaSaltIceCream"},{"not_picked":["CaptainsWheel","Replay:Multitool"],"picked":"StoneCalendar"},{"not_picked":["Empty Cage","Replay:Drink Me"],"picked":"Honey Jar"}],"items_purged_floors":[19,31,36],"is_endless":false,"potions_floor_spawned":[4,5,8,13,14,16,21,24,28,33,35,39,45,47],"ascension_level":0}}