{"host":"dhyczjm99amxd3qx","time":1609086343,"event":{"mods":["BaseMod","Colored Map","Googly Eyes","Highlight Path","Minty Spire (QoL Compilation)","Quick Restart","StSLib"],"gold_per_floor":[366,316,491,491,501,515,527,561,616,326,344,344,376,404,416,524,536,568,592,215,140,167,167,196,211,211,239,239,251,251,264,264,264,264],"floor_reached":33,"playtime":1712,"items_purged":["Doubt","Strike_R"],"score":297,"play_id":"778752c1-9831-4410-992b-44c0b19f9e85","local_time":"20201227112542","is_ascension_mode":false,"campfire_choices":[{"data":"Blood for Blood","floor":12.0,"key":"SMITH"},{"data":"Carnage","floor":15.0,"key":"SMITH"},{"data":"Metallicize","floor":23.0,"key":"SMITH"},{"data":"Bludgeon","floor":30,"key":"SMITH"},{"data":"Defend_R","floor":32,"key":"SMITH"}],"circlet_count":0,"master_deck":["Strike_R","Strike_R","Strike_R+1","Defend_R+1","Defend_R","Defend_R+1","Bash","Blood for Blood+1","Carnage+1","Seeing Red","Inflame","Impervious","Demon Form","Thunderclap","Clash+1","Metallicize+1","Shrug It Off+1","Limit Break","Bludgeon+1"],"relics":["Burning Blood","Sundial","PreservedInsect","Sling","MawBank","Sozu","Gremlin Horn","Red Mask","Strawberry","Self Forming Clay","Letter Opener"],"acts_visited":["Exordium","TheCity"],"potions_floor_usage":[33],"damage_taken":[{"damage":6.0,"enemies":"2 Louse","floor":1.0,"turns":3.0},{"damage":0.0,"enemies":"Jaw Worm","floor":5.0,"turns":5.0},{"damage":1.0,"enemies":"Cultist","floor":6.0,"turns":3.0},{"damage":0.0,"enemies":"Large Slime","floor":7.0,"turns":6.0},{"damage":36.0,"enemies":"Lagavulin","floor":8.0,"turns":4.0},{"damage":3.0,"enemies":"3 Louse","floor":11.0,"turns":3.0},{"damage":9.0,"enemies":"3 Sentries","floor":13.0,"turns":5.0},{"damage":0.0,"enemies":"2 Fungi Beasts","floor":14.0,"turns":3.0},{"damage":13.0,"enemies":"Slime Boss","floor":16.0,"turns":8.0},{"damage":10.0,"enemies":"Spheric Guardian","floor":18.0,"turns":3.0},{"damage":10.0,"enemies":"Chosen","floor":19.0,"turns":5.0},{"damage":12.0,"enemies":"Masked Bandits","floor":22.0,"turns":4.0},{"damage":16.0,"enemies":"Book of Stabbing","floor":24.0,"turns":4.0},{"damage":11.0,"enemies":"Centurion and Healer","floor":25.0,"turns":4.0},{"damage":1,"enemies":"Slavers","floor":27,"turns":4},{"damage":16,"enemies":"Snecko","floor":29,"turns":4},{"damage":7,"enemies":"3 Cultists","floor":31,"turns":4},{"damage":55,"enemies":"Collector","floor":33,"turns":5}],"seed_played":"-5437791867332111962","potions_obtained":[{"floor":1.0,"key":"Regen Potion"},{"floor":5.0,"key":"DuplicationPotion"},{"floor":7.0,"key":"DuplicationPotion"},{"floor":13.0,"key":"DuplicationPotion"}],"is_trial":false,"path_per_floor":["M","?","?","?","M","M","M","E","T","$","M","R","E","M","R","B",null,"M","M","$","?","?","R","E","M","T","E","?","M","R","M","R","B"],"character_chosen":"IRONCLAD","items_purchased":["Sling","Inflame","Metallicize","Gremlin Horn"],"campfire_rested":0,"item_purchase_floors":[10,10,20,20],"current_hp_per_floor":[72,72,72,58,64,69,72,42,42,42,45,45,42,48,48,41,72,68,64,64,64,58,58,55,50,50,55,55,45,45,44,44,0,0],"gold":264,"neow_bonus":"TWO_FIFTY_GOLD","is_daily":false,"chose_seed":false,"campfire_upgraded":5,"win_rate":0.0,"timestamp":1609086342,"path_taken":["M","?","?","?","?","M","M","E","T","$","M","R","E","M","R","BOSS","M","M","$","?","?","R","E","M","T","E","?","M","R","M","R","BOSS"],"items_purchased_type":["Relic","Card","Card","Relic"],"build_version":"2020-12-22","purchased_purges":2,"victory":false,"max_hp_per_floor":[72,72,72,72,72,72,72,72,72,72,72,72,72,72,72,72,72,72,72,72,72,72,72,79,79,79,79,79,79,79,79,79,79,79],"card_choices":[{"not_picked":["Clothesline","Entrench"],"picked":"Blood for Blood","floor":1.0},{"not_picked":["Rampage","Spot Weakness"],"picked":"Carnage","floor":5.0},{"not_picked":["Iron Wave","Sentinel","Clothesline"],"picked":"SKIP","floor":6.0},{"not_picked":["Clothesline","Sword Boomerang"],"picked":"Seeing Red","floor":7.0},{"not_picked":["Warcry","Pommel Strike","Rampage"],"picked":"SKIP","floor":8.0},{"not_picked":["Flame Barrier","Twin Strike"],"picked":"Impervious","floor":11.0},{"not_picked":["Armaments","Dual Wield","Heavy Blade"],"picked":"SKIP","floor":13.0},{"not_picked":["Disarm","Clothesline","Clash"],"picked":"SKIP","floor":14.0},{"not_picked":["Berserk","Brutality"],"picked":"Demon Form","floor":16.0},{"not_picked":["Wild Strike","Iron Wave"],"picked":"Thunderclap","floor":18.0},{"not_picked":["Pommel Strike","Evolve"],"picked":"Clash+1","floor":19.0},{"not_picked":["Cleave","True Grit"],"picked":"Shrug It Off+1","floor":22.0},{"not_picked":["Warcry+1","Headbutt+1","Spot Weakness"],"picked":"SKIP","floor":24.0},{"not_picked":["Uppercut","Heavy Blade+1","Bloodletting"],"picked":"SKIP","floor":25.0},{"not_picked":["Fire Breathing","Body Slam","Blood for Blood"],"picked":"SKIP","floor":27},{"not_picked":["Cleave","Warcry"],"picked":"Bludgeon","floor":29},{"not_picked":["Burning Pact","Havoc","Wild Strike"],"picked":"SKIP","floor":31}],"player_experience":95585,"relics_obtained":[{"floor":8.0,"key":"Sundial"},{"floor":9.0,"key":"PreservedInsect"},{"floor":13.0,"key":"MawBank"},{"floor":22.0,"key":"Red Mask"},{"floor":24.0,"key":"Strawberry"},{"floor":26.0,"key":"Self Forming Clay"},{"floor":27,"key":"Letter Opener"}],"event_choices":[{"cards_removed":["Defend_R"],"damage_healed":0.0,"max_hp_gain":0.0,"max_hp_loss":0.0,"gold_gain":0.0,"event_name":"The Cleric","player_choice":"Card Removal","floor":2.0,"gold_loss":50.0,"damage_taken":0.0},{"damage_healed":0.0,"max_hp_gain":0.0,"max_hp_loss":0.0,"gold_gain":175.0,"event_name":"Liars Game","player_choice":"AGREE","floor":3.0,"gold_loss":0.0,"damage_taken":0.0,"cards_obtained":["Doubt"]},{"damage_healed":0.0,"max_hp_gain":0.0,"max_hp_loss":0.0,"gold_gain":0.0,"event_name":"Shining Light","player_choice":"Entered Light","floor":4.0,"gold_loss":0.0,"damage_taken":14.0,"cards_upgraded":["Defend_R","Strike_R"]},{"cards_removed":["Strike_R"],"damage_healed":0.0,"max_hp_gain":0.0,"max_hp_loss":0.0,"gold_gain":0.0,"event_name":"Beggar","player_choice":"Gave Gold","floor":21.0,"gold_loss":75.0,"damage_taken":0.0},{"damage_healed":0.0,"max_hp_gain":0.0,"max_hp_loss":0.0,"gold_gain":0.0,"event_name":"Masked Bandits","player_choice":"Fought Bandits","floor":22.0,"gold_loss":0.0,"damage_taken":0.0},{"damage_healed":0,"gold_gain":0,"player_choice":"Read","damage_taken":0,"max_hp_gain":0,"max_hp_loss":0,"event_name":"The Library","floor":28,"gold_loss":0,"cards_obtained":["Limit Break"]}],"is_beta":false,"boss_relics":[{"not_picked":["Runic Dome","SacredBark"],"picked":"Sozu"}],"items_purged_floors":[10,20],"is_endless":false,"potions_floor_spawned":[1,5,7,13,22,24],"killed_by":"Collector","ascension_level":0}}