{"host":"2b0fqapnd02ydmuo","time":1609106416,"event":{"mods":["AchievementEnabler","Aspiration","BaseMod","Better Altar","Better Match","Better Note","Better Sensory Stone","Better Skull","Better Third Choice","BetterRewards","CCEM","Clawfect","Colored Map","Conspire","GifTheSpireLib","Googly Eyes","Halation","Highlight Path","Hubris","Infinite Spire","Jedi Mod","Jorbs\u0027s Wanderer Trilogy","Marisa????????","Mimic Mod","Minty Spire (QoL Compilation)","Permanent Neow","Replay The Spire","Shade Mod","Shop Mod","Spicy Shops","StSLib","Stuff the Spire","The Blackbeard","The Bug Knight","The Elementalist","The Jungle","Unceasing Turn Reminder","everything is the same but u backflip on backflip","slay the spire mod where everything is the same but ironclad has a cowboy hat"],"gold_per_floor":[109,109,122,122,140,165,181,181,181,181,195,420,420,420,420,420,420,516,516,534,484,484,533,577,577,219,219,219,259,259,310,344,394,394,528,528,540,540,575,575,658,658,711,711,711,755,813,813,833,833,833],"floor_reached":49,"playtime":2311,"items_purged":["Regret"],"score":607,"play_id":"0aa4204a-0b96-4272-8f51-3e10b00e9641","local_time":"20201227230016","is_ascension_mode":false,"campfire_choices":[{"data":"blackbeard:ReapersScythe","floor":8,"key":"SMITH"},{"data":"blackbeard:Fencing","floor":10,"key":"SMITH"},{"floor":13,"key":"REST"},{"data":"blackbeard:Recklessness","floor":17,"key":"SMITH"},{"floor":25,"key":"REST"},{"floor":27,"key":"REST"},{"floor":34,"key":"REST"},{"data":"blackbeard:Salvager","floor":42,"key":"SMITH"},{"data":"blackbeard:BoostMorale","floor":44,"key":"SMITH"}],"circlet_count":0,"master_deck":["blackbeard:BlackbeardStrike","blackbeard:BlackbeardStrike","blackbeard:BlackbeardStrike","blackbeard:BlackbeardStrike","blackbeard:IntimidatingStrike","blackbeard:BlackbeardDefend","blackbeard:BlackbeardDefend","blackbeard:BlackbeardDefend","blackbeard:BlackbeardDefend","blackbeard:Cutlass","blackbeard:ReapersScythe+1","blackbeard:CatONineTails","blackbeard:Dagger","blackbeard:Fencing+1","blackbeard:Recklessness+1","blackbeard:BoostMorale+1","blackbeard:Bandana+1","blackbeard:SwordDance+1","blackbeard:GoldenStrike+1","blackbeard:RearmingStrike+1","blackbeard:Spear+1","blackbeard:Salvager+1","blackbeard:Shrapnel+1","Parasite"],"relics":["blackbeard:LoadTheCannons","StuffTheSpire:OldFever","halation:OrihimeAndHikoboshiSamaAndTears","ReplayTheSpireMod:Shallot","The Courier","Molten Egg 2","Runic Dome","jedi:crownofsimplicity","Happy Flower","aspiration:FrozenJewel","hubris:PeanutButter","StuffTheSpire:Wildfire","aspiration:FutureDiary","blackbeard:TreasureChest","Durian","Bottled Lightning","StuffTheSpire:ModemDavis"],"acts_visited":["Exordium","TheCity","TheBeyond"],"potions_floor_usage":[],"damage_taken":[{"damage":2,"enemies":"Jaw Worm","floor":1,"turns":4},{"damage":2,"enemies":"Small Slimes","floor":3,"turns":3},{"damage":6,"enemies":"Cultist","floor":5,"turns":3},{"damage":10,"enemies":"Gremlin Nob","floor":6,"turns":3},{"damage":5,"enemies":"Looter","floor":7,"turns":2},{"damage":12,"enemies":"Blue Slaver","floor":11,"turns":2},{"damage":0,"enemies":"Slime Boss","floor":18,"turns":2},{"damage":17,"enemies":"2 Thieves","floor":20,"turns":4},{"damage":10,"enemies":"3 Byrds","floor":23,"turns":5},{"damage":13,"enemies":"Snake Plant","floor":24,"turns":3},{"damage":5,"enemies":"3 Cultists","floor":29,"turns":4},{"damage":16,"enemies":"Gremlin Leader","floor":31,"turns":5},{"damage":0,"enemies":"Shelled Parasite and Fungi","floor":32,"turns":4},{"damage":0,"enemies":"Cultist and Chosen","floor":33,"turns":3},{"damage":0,"enemies":"Collector","floor":35,"turns":5},{"damage":0,"enemies":"Orb Walker","floor":37,"turns":3},{"damage":0,"enemies":"3 Shapes","floor":39,"turns":3},{"damage":0,"enemies":"Jaw Worm Horde","floor":41,"turns":5},{"damage":1,"enemies":"Jaw Worm Horde","floor":43,"turns":2},{"damage":0,"enemies":"Spire Growth","floor":46,"turns":2},{"damage":0,"enemies":"Writhing Mass","floor":47,"turns":4},{"damage":53,"enemies":"HollowMod:SlobberingHusk","floor":49,"turns":4}],"seed_played":"-1658285301304407443","potions_obtained":[{"floor":3,"key":"SteroidPotion"},{"floor":6,"key":"Elixir"},{"floor":11,"key":"SteroidPotion"},{"floor":31,"key":"PowerPotion"}],"is_trial":false,"path_per_floor":["M","?","M","?","M","E","M","R","T","R","M","?","R","T","PTL","PTL","R","B",null,"M","?","HB","M","M","R","$","R","T","M","T","E","M","M","R","B",null,"M","?","M","?","MIM","R","M","R","T","M","M","HB","M"],"character_chosen":"BLACKBEARD_CLASS","items_purchased":["jedi:crownofsimplicity","Happy Flower","blackbeard:GoldenStrike+1","blackbeard:RearmingStrike+1"],"campfire_rested":4,"item_purchase_floors":[26,26,26,26],"current_hp_per_floor":[73,73,71,71,65,55,50,50,50,50,38,38,60,60,60,60,60,60,75,58,58,38,28,15,26,26,37,37,32,32,16,16,16,27,27,38,38,38,38,38,43,43,42,42,42,42,42,42,0,0,0],"gold":833,"neow_bonus":"ONE_RANDOM_RARE_CARD","is_daily":false,"chose_seed":false,"campfire_upgraded":5,"win_rate":0.0,"timestamp":1609106416,"path_taken":["M","?","M","?","M","E","M","R","T","R","?","?","R","?","PTL","PTL","R","BOSS","M","?","HB","M","?","R","$","R","T","M","?","E","M","M","R","BOSS","M","?","?","?","?","R","?","R","T","M","M","HB","M"],"items_purchased_type":["Relic","Relic","Card","Card"],"build_version":"2020-12-22","purchased_purges":1,"victory":false,"max_hp_per_floor":[75,75,75,75,75,75,75,75,75,75,75,75,75,75,75,75,75,75,75,75,75,38,38,38,38,38,38,38,38,38,38,38,38,38,38,38,38,38,38,38,43,43,43,43,43,43,43,43,43,43,43],"card_choices":[{"not_picked":["blackbeard:GhostInTheRum","blackbeard:Spear"],"picked":"blackbeard:CatONineTails","floor":1},{"not_picked":["blackbeard:GoldenCannonball","blackbeard:GoldenStrike","blackbeard:PiratesWill"],"picked":"SKIP","floor":3},{"not_picked":["blackbeard:BrownPants","blackbeard:PiratesWill","blackbeard:WiseDefense"],"picked":"SKIP","floor":5},{"not_picked":["blackbeard:GhostInTheRum","blackbeard:DoubleCannonball"],"picked":"blackbeard:Dagger","floor":6},{"not_picked":["blackbeard:PirateEarring","blackbeard:WoodenLeg"],"picked":"blackbeard:Fencing","floor":7},{"not_picked":["blackbeard:DangerousBlow","blackbeard:DeadlyArsenal"],"picked":"blackbeard:Recklessness","floor":11},{"not_picked":["blackbeard:MegaUpgrade","blackbeard:Murder+1"],"picked":"blackbeard:BoostMorale","floor":18},{"not_picked":["blackbeard:Sharpening","blackbeard:Recklessness"],"picked":"blackbeard:Bandana+1","floor":20},{"not_picked":["blackbeard:GhostInTheRum","blackbeard:WoodenLeg"],"picked":"blackbeard:SwordDance+1","floor":23},{"not_picked":["blackbeard:FieryDefense","blackbeard:BeatUp+1","blackbeard:BlindAttacks+1"],"picked":"SKIP","floor":24},{"not_picked":["blackbeard:PiratesWill","blackbeard:SwordDance","blackbeard:Toast+1"],"picked":"SKIP","floor":29},{"not_picked":["blackbeard:BountyHunter+1","blackbeard:CloakAndCannonball+1","blackbeard:FieryDefense"],"picked":"SKIP","floor":31},{"not_picked":["blackbeard:DelayedPain","blackbeard:BeatUp+1","blackbeard:Bandana"],"picked":"SKIP","floor":32},{"not_picked":["blackbeard:CloakAndCannonball","blackbeard:TacticalRetreat"],"picked":"blackbeard:Spear+1","floor":33},{"not_picked":["blackbeard:UndeadForm","blackbeard:Lifeboat"],"picked":"blackbeard:Salvager","floor":35},{"not_picked":["blackbeard:PirateEarring","blackbeard:BrownPants+1","blackbeard:Sharpening"],"picked":"SKIP","floor":37},{"not_picked":["blackbeard:CannonballSupply","blackbeard:DelayedPain","blackbeard:ArmorUp"],"picked":"SKIP","floor":39},{"not_picked":["blackbeard:JollyRoger","blackbeard:VengefulSpirit+1"],"picked":"blackbeard:Shrapnel+1","floor":41},{"not_picked":["blackbeard:DeadlyArsenal","blackbeard:CloakAndCannonball+1","blackbeard:Sword+1"],"picked":"SKIP","floor":43},{"not_picked":["blackbeard:BeatUp+1","blackbeard:Fencing+1","blackbeard:RearmingStrike+1"],"picked":"SKIP","floor":46},{"not_picked":["blackbeard:Eyepatch","blackbeard:TerrorOfTheSeas+1","blackbeard:DeadlyArsenal"],"picked":"SKIP","floor":47}],"player_experience":76567,"relics_obtained":[{"floor":6,"key":"halation:OrihimeAndHikoboshiSamaAndTears"},{"floor":9,"key":"ReplayTheSpireMod:Shallot"},{"floor":14,"key":"Molten Egg 2"},{"floor":28,"key":"aspiration:FrozenJewel"},{"floor":30,"key":"hubris:PeanutButter"},{"floor":31,"key":"StuffTheSpire:Wildfire"},{"floor":38,"key":"blackbeard:TreasureChest"},{"floor":41,"key":"Durian"},{"floor":45,"key":"Bottled Lightning"}],"event_choices":[{"damage_healed":0,"gold_gain":0,"player_choice":"Box","damage_taken":0,"relics_obtained":["StuffTheSpire:OldFever"],"max_hp_gain":0,"max_hp_loss":0,"event_name":"Big Fish","floor":2,"gold_loss":0,"cards_obtained":["Regret"]},{"damage_healed":0,"gold_gain":0,"player_choice":"Ignored","damage_taken":0,"max_hp_gain":0,"max_hp_loss":0,"event_name":"betterNote:BetterNote","floor":4,"gold_loss":0,"cards_obtained":["elementalist:Defend_Elemblue"]},{"damage_healed":0,"gold_gain":225,"player_choice":"YARR","damage_taken":0,"relics_obtained":["The Courier"],"max_hp_gain":0,"max_hp_loss":0,"event_name":"blackbeard:Ssssserpent","floor":12,"gold_loss":0},{"damage_healed":0,"gold_gain":0,"player_choice":"Bet on Murderer","damage_taken":0,"max_hp_gain":0,"max_hp_loss":0,"event_name":"The Joust","floor":21,"gold_loss":50},{"damage_healed":0,"gold_gain":0,"player_choice":"Relic","damage_taken":0,"max_hp_gain":0,"max_hp_loss":0,"event_name":"Wheel of Change","floor":38,"gold_loss":0}],"is_beta":false,"boss_relics":[{"not_picked":["StuffTheSpire:ModemDavis","conspire:SeveredTorchhead"],"picked":"Runic Dome"},{"not_picked":["aspiration:PoetsPen_weak","halation:Yufonium"],"picked":"aspiration:FutureDiary"}],"items_purged_floors":[26],"is_endless":false,"potions_floor_spawned":[3,6,11,24,31,33,39,46,47],"killed_by":"HollowMod:SlobberingHusk","ascension_level":0}}