{"host":"bnl7o5cb2omwu7ka","time":1609061374,"event":{"mods":["AchievementEnabler","Alarm Clock","BaseMod","BetterRewards","Block Reminder","Colored Map","Colored Powertips","Conspire","Curses Come First","Defective Defect","Downfall","Energized Spire","Googly Eyes","Highlight Path","Hyrulean Relics","Infinite Spire","Ironclad Rager","Jedi Mod","Jess\u0027s Bottle","Mimic Mod","Minty Spire (QoL Compilation)","Permanent Neow","Quick Restart","Rare Cards Sparkle","Relic Stats","Replay The Spire","Spicy Shops","Spikes Relics","Spire Birthday Party","StSLib","The IronCluck","Wandering Minibosses","egg","everything is the same but u backflip on backflip","slay the spire mod where everything is the same but ironclad has a cowboy hat"],"gold_per_floor":[199,215,226,301,311,642,673,673,773,873,582,582,582,619,640,749,749,749,775,792,812,812,451,451,451,391,413,413,413,440,461,488,603,603,603,636,663,700,276,296,320,344,364,364,412,437,437,462,489,501,501,501],"floor_reached":50,"playtime":7060,"items_purged":["Slimebound:Defend_Slimebound","Slimebound:Defend_Slimebound+1","Regret"],"score":500,"play_id":"301b77fd-3e16-45a8-a56f-91298c2832f1","local_time":"20201227042934","is_ascension_mode":false,"campfire_choices":[{"floor":1,"key":"RECALL"},{"data":"Slimebound:Split","floor":8,"key":"SMITH"},{"data":"Slimebound:CorrosiveSpit","floor":13,"key":"SMITH"},{"data":"Slimebound:FirmFortitude","floor":18,"key":"SMITH"},{"data":"Slimebound:LivingWall","floor":25,"key":"SMITH"},{"data":"Slimebound:RallyTheTroops","floor":28,"key":"SMITH"},{"data":"Slimebound:SelfFormingGoo","floor":35,"key":"SMITH"},{"data":"Slimebound:GrowthPunch","floor":44,"key":"SMITH"}],"circlet_count":0,"master_deck":["Slimebound:Strike_Slimebound+1","Slimebound:Tackle","Slimebound:Defend_Slimebound+1","Slimebound:Defend_Slimebound+1","Slimebound:Split+1","Slimebound:CorrosiveSpit+1","Slimebound:LivingWall+1","Slimebound:FirmFortitude+1","Slimebound:ViciousTackle","Slimebound:RollThrough","Slimebound:LeechingTouch","Slimebound:SamplingLick","Slimebound:DouseInSlime+1","Slimebound:GrowthPunch+1","Slimebound:SplitBruiser","Slimebound:SlimeSpikes","Slimebound:SamplingLick+1","Slimebound:LeechEnergy","Slimebound:LeechingTouch","Slimebound:RallyTheTroops+1","Slimebound:SplitAcid","Slimebound:PressTheAttack","Slimebound:SplitMire","Slimebound:SlimeSpikes","Slimebound:Gluttony+1","Slimebound:Schlurp+1","Slimebound:Darklings","Slimebound:SelfFormingGoo+1","Slimebound:PressTheAttack","Slimebound:SplitLeeching","Slimebound:SamplingLick","Slimebound:OozeBath","Slimebound:SpikyOuterGoop+1","Slimebound:RejuvenatingLick","Slimebound:MegaLick+1","Parasite"],"relics":["Slimebound:AbsorbEndCombat","Old Coin","Membership Card","Replay:Bandana","Oddly Smooth Stone","energizedSpire:MagnifyingGlass","Pen Nib","Mango","infinitespire:BottledMercury","conspire:Dentures","jedi:battlestandard","RollingBoulder","TheAbacus","ReplayFunnel","Bag of Preparation","Replay:Baseball"],"acts_visited":["Exordium","TheCity","TheBeyond"],"potions_floor_usage":[],"damage_taken":[{"damage":18,"enemies":"Small Slimes","floor":2,"turns":4},{"damage":6,"enemies":"Jaw Worm","floor":3,"turns":4},{"damage":0,"enemies":"2 Louse","floor":5,"turns":3},{"damage":46,"enemies":"Lagavulin","floor":6,"turns":7},{"damage":7,"enemies":"2 Fungi Beasts","floor":7,"turns":8},{"damage":42,"enemies":"downfall:Heads","floor":9,"turns":6},{"damage":6,"enemies":"downfall:FleeingMerchant","floor":11,"turns":4},{"damage":11,"enemies":"2 Fungi Beasts","floor":14,"turns":3},{"damage":4,"enemies":"2 Fungi Beasts","floor":15,"turns":3},{"damage":18,"enemies":"downfall:Ironclad","floor":16,"turns":6},{"damage":12,"enemies":"Shell Parasite","floor":19,"turns":3},{"damage":9,"enemies":"Chosen and Byrds","floor":20,"turns":4},{"damage":27,"enemies":"Snake Plant","floor":21,"turns":3},{"damage":23,"enemies":"downfall:FleeingMerchant","floor":23,"turns":4},{"damage":9,"enemies":"Shelled Parasite and Fungi","floor":27,"turns":4},{"damage":9,"enemies":"Cultist and Chosen","floor":30,"turns":5},{"damage":22,"enemies":"3 Cultists","floor":31,"turns":5},{"damage":26,"enemies":"Shelled Parasite and Fungi","floor":32,"turns":4},{"damage":92,"enemies":"downfall:Watcher","floor":33,"turns":10},{"damage":54,"enemies":"3 Darklings","floor":36,"turns":5},{"damage":10,"enemies":"3 Shapes","floor":37,"turns":4},{"damage":23,"enemies":"3 Darklings","floor":38,"turns":5},{"damage":4,"enemies":"downfall:FleeingMerchant","floor":39,"turns":4},{"damage":29,"enemies":"Transient","floor":40,"turns":5},{"damage":9,"enemies":"Jaw Worm Horde","floor":42,"turns":5},{"damage":32,"enemies":"4 Shapes","floor":43,"turns":7},{"damage":25,"enemies":"conspire:MimicChest","floor":45,"turns":6},{"damage":4,"enemies":"3 Darklings","floor":46,"turns":5},{"damage":14,"enemies":"Writhing Mass","floor":48,"turns":4},{"damage":20,"enemies":"Maw","floor":49,"turns":8},{"damage":121,"enemies":"downfall:Defect","floor":50,"turns":10}],"seed_played":"5804890347371643966","potions_obtained":[{"floor":2,"key":"Explosive Potion"},{"floor":3,"key":"hexamod:EctoCoolerPotion"},{"floor":6,"key":"AttackPotion"},{"floor":15,"key":"Strength Potion"},{"floor":16,"key":"SkillPotion"}],"is_trial":false,"path_per_floor":["R","M","M","?","M","E","MIM","R","?","?","$","?","R","MIM","M","B",null,"R","M","M","M","?","$","T","R","?","M","R","?","M","M","M","B",null,"R","M","M","M","$","M","T","M","M","R","?","M","?","M","M","B"],"character_chosen":"SLIMEBOUND","items_purchased":["Slimebound:SplitBruiser","Membership Card","Slimebound:SlimeSpikes","Slimebound:ComboTackle","Replay:Bandana","Slimebound:SplitMire","Slimebound:SlimeSpikes","Pen Nib","Mango","infinitespire:BottledMercury","Slimebound:LevelUp","RollingBoulder","TheAbacus","ReplayFunnel","Slimebound:SamplingLick"],"campfire_rested":0,"item_purchase_floors":[11,11,11,11,11,23,23,23,23,23,39,39,39,39,39],"current_hp_per_floor":[60,50,56,56,60,30,39,39,41,41,55,55,55,60,60,60,60,60,60,60,49,49,64,64,64,64,74,74,74,74,73,70,40,74,74,56,74,71,74,74,74,74,74,74,72,74,74,72,74,0,0,0],"gold":501,"neow_bonus":"HUNDRED_GOLD","is_daily":false,"chose_seed":false,"campfire_upgraded":7,"win_rate":0.0,"timestamp":1609061374,"path_taken":["R","M","M","?","M","E","MIM","R","?","?","$","?","R","?","M","BOSS","R","M","M","M","?","$","T","R","?","M","R","?","M","M","M","BOSS","R","M","M","M","$","M","T","M","M","R","?","M","?","M","M","BOSS"],"items_purchased_type":["Card","Relic","Card","Card","Relic","Card","Card","Relic","Relic","Relic","Card","Relic","Relic","Relic","Card"],"build_version":"2020-12-22","purchased_purges":3,"victory":false,"max_hp_per_floor":[60,60,60,60,60,60,60,60,60,60,60,60,60,60,60,60,60,60,60,60,60,60,74,74,74,74,74,74,74,74,74,74,74,74,74,74,74,74,74,74,74,74,74,74,74,74,74,74,74,74,74,74],"relic_stats":{"TheAbacus":[12],"counters":[31,157],"Pen Nib":[15],"Bag of Preparation":[14],"obtain_stats":[{"conspire:Dentures":24,"ReplayFunnel":39,"infinitespire:BottledMercury":23,"Oddly Smooth Stone":14,"Mango":23,"Pen Nib":23,"Bag of Preparation":41,"jedi:battlestandard":34,"Old Coin":6,"Replay:Bandana":11,"Replay:Baseball":45,"TheAbacus":39,"RollingBoulder":39,"Slimebound:AbsorbEndCombat":0,"energizedSpire:MagnifyingGlass":17,"Membership Card":11},{"conspire:Dentures":14,"ReplayFunnel":23,"infinitespire:BottledMercury":14,"Oddly Smooth Stone":8,"Mango":14,"Pen Nib":14,"Bag of Preparation":24,"jedi:battlestandard":19,"Old Coin":4,"Replay:Bandana":7,"Replay:Baseball":27,"TheAbacus":23,"RollingBoulder":23,"Slimebound:AbsorbEndCombat":0,"energizedSpire:MagnifyingGlass":10,"Membership Card":7},{"conspire:Dentures":62,"ReplayFunnel":107,"infinitespire:BottledMercury":62,"Oddly Smooth Stone":39,"Mango":62,"Pen Nib":62,"Bag of Preparation":112,"jedi:battlestandard":90,"Old Coin":18,"Replay:Bandana":36,"Replay:Baseball":130,"TheAbacus":107,"RollingBoulder":107,"Slimebound:AbsorbEndCombat":0,"energizedSpire:MagnifyingGlass":48,"Membership Card":36}]},"card_choices":[{"not_picked":["Slimebound:RejuvenatingLick","Slimebound:GoopTackle"],"picked":"Slimebound:LivingWall","floor":2},{"not_picked":["Slimebound:RollThrough","Slimebound:DivideAndConquer"],"picked":"Slimebound:FirmFortitude","floor":3},{"not_picked":["Slimebound:SplitBruiser","Slimebound:ForwardTackle"],"picked":"Slimebound:ViciousTackle","floor":5},{"not_picked":["Slimebound:GoopSpray","Slimebound:AcidTongue"],"picked":"Slimebound:RollThrough","floor":6},{"not_picked":["Slimebound:Nibble","Slimebound:Replication"],"picked":"Slimebound:LeechingTouch","floor":7},{"not_picked":["Slimebound:Replication","Slimebound:Grow"],"picked":"Slimebound:SamplingLick","floor":9},{"not_picked":["Slimebound:Chomp","Slimebound:Equalize"],"picked":"Slimebound:GrowthPunch","floor":11},{"not_picked":["Slimebound:Dissolve","Slimebound:FinishingTackle"],"picked":"Slimebound:LeechEnergy","floor":14},{"not_picked":["Slimebound:FirmFortitude","Slimebound:DivideAndConquer"],"picked":"Slimebound:LeechingTouch","floor":15},{"not_picked":["Slimebound:CheckThePlaybook","Slimebound:MassFeed"],"picked":"Slimebound:RallyTheTroops","floor":16},{"not_picked":["Slimebound:ForwardTackle","Slimebound:PressTheAttack"],"picked":"Slimebound:SplitAcid","floor":19},{"not_picked":["Slimebound:Equalize+1","Slimebound:LeechingTouch"],"picked":"Slimebound:PressTheAttack","floor":20},{"not_picked":["Slimebound:PressTheAttack","Slimebound:FinishingTackle","Slimebound:Overexert"],"picked":"SKIP","floor":21},{"not_picked":["Slimebound:FinishingTackle","Slimebound:PrepareCrush","Slimebound:ServeAndProtect"],"picked":"SKIP","floor":23},{"not_picked":["Slimebound:ViciousTackle","Slimebound:GrowthPunch"],"picked":"Slimebound:Gluttony+1","floor":27},{"not_picked":["Slimebound:SlimeBarrage","Slimebound:Prepare","Slimebound:SplitAcid"],"picked":"SKIP","floor":30},{"not_picked":["Slimebound:SplitBruiser","Slimebound:LeechEnergy+1"],"picked":"Slimebound:Schlurp+1","floor":31},{"not_picked":["Slimebound:GoopSpray","Slimebound:TongueLash"],"picked":"Slimebound:Darklings","floor":32},{"not_picked":["Slimebound:WasteNot","Slimebound:DuplicatedForm"],"picked":"Slimebound:SelfFormingGoo","floor":33},{"not_picked":["Slimebound:SplitMire","Slimebound:Schlurp"],"picked":"Slimebound:PressTheAttack","floor":36},{"not_picked":["Slimebound:GoopSpray","Slimebound:ComboTackle","Slimebound:LeechEnergy"],"picked":"SKIP","floor":37},{"not_picked":["Slimebound:GrowthPunch+1","Slimebound:PressTheAttack+1"],"picked":"Slimebound:SplitLeeching","floor":38},{"not_picked":["Slimebound:ServeAndProtect+1","Slimebound:ViciousTackle+1","Slimebound:ComboTackle+1"],"picked":"SKIP","floor":39},{"not_picked":["Slimebound:ServeAndProtect","Slimebound:RollThrough+1"],"picked":"Slimebound:OozeBath","floor":40},{"not_picked":["Slimebound:Repurpose+1","Slimebound:ViciousTackle+1"],"picked":"Slimebound:SpikyOuterGoop+1","floor":42},{"not_picked":["Slimebound:GoopSpray","Slimebound:SplitBruiser+1"],"picked":"Slimebound:RejuvenatingLick","floor":43},{"not_picked":["Slimebound:DivideAndConquer","Slimebound:SlimeSpikes"],"picked":"Slimebound:MegaLick+1","floor":46},{"not_picked":["Slimebound:SlimeBarrage+1","Slimebound:PressTheAttack","Slimebound:GoopSpray+1"],"picked":"SKIP","floor":48},{"not_picked":["Slimebound:LeechEnergy+1","Slimebound:SplitAcid+1","Slimebound:GrowthPunch+1"],"picked":"SKIP","floor":49}],"player_experience":184499,"relics_obtained":[{"floor":6,"key":"Old Coin"},{"floor":14,"key":"Oddly Smooth Stone"},{"floor":24,"key":"conspire:Dentures"},{"floor":41,"key":"Bag of Preparation"},{"floor":45,"key":"Replay:Baseball"}],"event_choices":[{"damage_healed":0,"gold_gain":0,"player_choice":"Simplicity","damage_taken":0,"max_hp_gain":0,"max_hp_loss":0,"event_name":"Back to Basics","floor":22,"gold_loss":0,"cards_upgraded":["Slimebound:Strike_Slimebound","Slimebound:Defend_Slimebound","Slimebound:Defend_Slimebound","Slimebound:Defend_Slimebound"]},{"damage_healed":0,"gold_gain":0,"player_choice":"Ignored","damage_taken":0,"max_hp_gain":0,"max_hp_loss":0,"event_name":"Vampires","floor":29,"gold_loss":0},{"cards_removed":["Slimebound:LevelUp"],"damage_healed":0,"gold_gain":0,"player_choice":"Removed Power","damage_taken":0,"max_hp_gain":0,"max_hp_loss":0,"event_name":"Falling","floor":47,"gold_loss":0}],"is_beta":false,"boss_relics":[{"not_picked":["jedi:hotpepper","Abe\u0027s Treasure"],"picked":"energizedSpire:MagnifyingGlass"},{"not_picked":["Ring of Chaos","energizedSpire:RedRose"],"picked":"jedi:battlestandard"}],"items_purged_floors":[11,23,39],"is_endless":false,"potions_floor_spawned":[2,3,6,15,16,19,20,27,33,37,40,43,48],"killed_by":"downfall:Defect","ascension_level":0}}