{"host":"o4pit0n7y0vm2e4t","time":1609047264,"event":{"mods":["Aspiration","BaseMod","Better Altar","Better Match","Better Note","Better Sensory Stone","Better Skull","Better Third Choice","Colored Map","Conspire","Downfall","Friendly Minions","Googly Eyes","Halation","Hermit","HexUI Lib","Hubris","Minty Spire (QoL Compilation)","RatMod","Replay The Spire","Robot Space Explorer","Spikes Relics","StSLib","The Hierophant","The Jungle","The Necromancer"],"gold_per_floor":[114,114,114,114,114,114,127,154,154,179,33,51,51,84,84,188,188,200,215,230,230,241,241,274,274,274,294,313,329,239,250,250,353,403,415,427,200,250,19,19,60,88,138,138,157,172,172,201,201,201],"floor_reached":51,"playtime":4259,"items_purged":["Defend_B"],"score":1218,"play_id":"0ed547a0-c588-4bdf-812e-6ded6749eacd","local_time":"20201227003424","is_ascension_mode":true,"campfire_choices":[{"data":"Genetic Algorithm","floor":6.0,"key":"SMITH"},{"data":"ReplayTheSpireMod:Fabricate Wheel","floor":13.0,"key":"SMITH"},{"data":"Mirror Shield","floor":15,"key":"SMITH"},{"data":"Creative AI","floor":23,"key":"SMITH"},{"data":"Defragment","floor":25,"key":"SMITH"},{"data":"Blizzard","floor":32,"key":"SMITH"},{"data":"Mirror Shield","floor":40,"key":"SMITH"},{"data":"White Noise","floor":40,"key":"SMITH"},{"data":"Aggregate","floor":47,"key":"SMITH"},{"data":"Coolheaded","floor":47,"key":"SMITH"},{"data":"Heatsinks","floor":49,"key":"SMITH"},{"data":"Coolheaded","floor":49,"key":"SMITH"}],"circlet_count":0,"master_deck":["Grasp_Heart+1","Strike_B","Strike_B","Defend_B+1","Defend_B","Zap","Dualcast","Genetic Algorithm+1","Coolheaded+1","Self Repair+1","ReplayGash","ReplayGash","Mirror Shield+1","Leap","Creative AI+1","Coolheaded+1","Leap+1","Defragment+1","White Noise+1","Blizzard+1","Coolheaded+1","Mirror Shield+1","Heatsinks+1","Consume+1","Aggregate+1","Loop+1"],"relics":["Cracked Core","NeowsBlessing","hubris:Towel","halation:TwoAmDonut","Mercury Hourglass","aspiration:StickyExplosives_weak","BrokenLever","Prayer Wheel","Replay:Rubber Ducky","ChewingGum","Iron Hammer","aspiration:AnachronicSnailShell","Tiny House","OrangePellets","Replay:Arrowhead","Meat on the Bone","Lizard Tail","ReplayTheSpireMod:TigerMarble","Replay:Antivirus Software","Replay:Baseball"],"acts_visited":["Exordium","TheCity","TheBeyond"],"potions_floor_usage":[38,41,48,50,50],"damage_taken":[{"damage":0.0,"enemies":"Cultist","floor":1.0,"turns":1.0},{"damage":0.0,"enemies":"Jaw Worm","floor":7.0,"turns":1.0},{"damage":0.0,"enemies":"Gremlin Nob","floor":8.0,"turns":1.0},{"damage":26.0,"enemies":"Lagavulin","floor":10.0,"turns":5.0},{"damage":5.0,"enemies":"conspire:RoseBush","floor":12.0,"turns":4.0},{"damage":9.0,"enemies":"Gremlin Nob","floor":14.0,"turns":4.0},{"damage":0,"enemies":"The Guardian","floor":16,"turns":7},{"damage":0,"enemies":"3 Byrds","floor":18,"turns":4},{"damage":0,"enemies":"2 Thieves","floor":19,"turns":3},{"damage":0,"enemies":"Snake Plant","floor":20,"turns":4},{"damage":0,"enemies":"Centurion and Healer","floor":22,"turns":6},{"damage":0,"enemies":"conspire:Head Lice","floor":24,"turns":8},{"damage":0,"enemies":"conspire:HollyBat","floor":27,"turns":7},{"damage":0,"enemies":"Snecko","floor":28,"turns":4},{"damage":2,"enemies":"Snake Plant","floor":29,"turns":3},{"damage":0,"enemies":"Centurion and Healer","floor":31,"turns":6},{"damage":5,"enemies":"Collector","floor":33,"turns":11},{"damage":0,"enemies":"3 Shapes","floor":35,"turns":7},{"damage":9,"enemies":"3 Darklings","floor":36,"turns":5},{"damage":19,"enemies":"2 Orb Walkers","floor":38,"turns":9},{"damage":0,"enemies":"conspire:MimicChest","floor":41,"turns":11},{"damage":0,"enemies":"R_Hoarder","floor":42,"turns":10},{"damage":9,"enemies":"Transient","floor":45,"turns":5},{"damage":9,"enemies":"Writhing Mass","floor":46,"turns":5},{"damage":14,"enemies":"Reptomancer","floor":48,"turns":7},{"damage":0,"enemies":"Awakened One","floor":50,"turns":12}],"seed_played":"8569430671792159522","potions_obtained":[{"floor":1.0,"key":"Venom Potion"},{"floor":12.0,"key":"Flashbang"},{"floor":14.0,"key":"DistilledChaos"},{"floor":19,"key":"Strength Potion"},{"floor":24,"key":"Fire Potion"},{"floor":33,"key":"FocusPotion"},{"floor":41,"key":"DistilledChaos"},{"floor":45,"key":"FocusPotion"}],"is_trial":false,"path_per_floor":["M","?","$","?","?","R","M","E","T","E","$","M","R","E","R","B",null,"M","M","M","?","M","R","E","R","T","M","M","M","?","M","R","B",null,"M","M","$","?","$","R","?","E","T","T","M","M","R","E","R","B",null],"character_chosen":"DEFECT","items_purchased":["ReplayGash","ReplayTheSpireMod:Fabricate Wheel","OrangePellets","Mirror Shield","Heatsinks"],"campfire_rested":0,"item_purchase_floors":[11,11,37,39,39],"current_hp_per_floor":[68,68,68,68,68,68,68,68,68,49,49,51,51,49,49,49,69,75,75,75,75,75,75,75,75,75,75,75,73,73,75,75,75,80,80,80,80,71,71,71,80,80,80,80,80,80,80,80,80,80],"gold":201,"neow_bonus":"THREE_ENEMY_KILL","is_daily":false,"chose_seed":false,"campfire_upgraded":12,"win_rate":0.0,"timestamp":1609047264,"path_taken":["M","?","$","?","?","R","M","E","T","E","$","?","R","E","R","BOSS","M","M","M","?","?","R","E","R","T","M","M","?","?","?","R","BOSS","M","M","$","?","$","R","?","E","T","?","M","?","R","E","R","BOSS"],"items_purchased_type":["Card","Card","Relic","Card","Card"],"build_version":"2020-12-22","purchased_purges":1,"victory":true,"max_hp_per_floor":[75,75,75,75,75,75,75,75,75,75,75,75,75,75,75,75,75,75,75,75,75,75,75,75,75,75,75,75,75,75,75,75,75,80,80,80,80,80,80,80,80,80,80,80,80,80,80,80,80,80],"card_choices":[{"not_picked":["Cold Snap","Go for the Eyes"],"picked":"Genetic Algorithm","floor":1.0},{"not_picked":["Leap","Self Repair"],"picked":"Coolheaded","floor":7.0},{"not_picked":["Hologram","Lockon"],"picked":"Self Repair","floor":8.0},{"not_picked":["Gash","Undo"],"picked":"ReplayGash","floor":10.0},{"not_picked":["Ball Lightning","Doom and Gloom","ReplayTheSpireMod:Fabricate Wheel"],"picked":"SKIP","floor":12.0},{"not_picked":["Electrodynamics","ReplaySort"],"picked":"Leap","floor":14.0},{"not_picked":["Seek","Reboot"],"picked":"Creative AI","floor":16},{"not_picked":["Compile Driver","Steam","Streamline+1"],"picked":"SKIP","floor":18},{"not_picked":["Gash","Scrape","Beam Cell"],"picked":"SKIP","floor":18},{"not_picked":["Chaos+1","Rebound"],"picked":"Coolheaded","floor":19},{"not_picked":["Leap","ReplayTheSpireMod:Dual Polarity+1","Doom and Gloom"],"picked":"SKIP","floor":19},{"not_picked":["Beam Cell","aspiration:Polymerization"],"picked":"Leap+1","floor":20},{"not_picked":["Conserve Battery","Reprogram+1","Ball Lightning+1"],"picked":"SKIP","floor":20},{"not_picked":["Conserve Battery","Reprogram+1","Ball Lightning+1"],"picked":"SKIP","floor":20},{"not_picked":["Coolheaded","Beam Cell"],"picked":"Defragment","floor":22},{"not_picked":["Redo+1","Gash","Chill"],"picked":"SKIP","floor":22},{"not_picked":["Auto Shields","Turbo","Reinforced Body"],"picked":"SKIP","floor":24},{"not_picked":["Doom and Gloom+1","Ball Lightning","Streamline"],"picked":"SKIP","floor":27},{"not_picked":["ReplayTheSpireMod:Dual Polarity","Conserve Battery+1","Panic Button"],"picked":"SKIP","floor":27},{"not_picked":["Barrage","Coolheaded","Biased Cognition"],"picked":"SKIP","floor":28},{"not_picked":["ReplayTheSpireMod:Reroute Power","Redo","Gash+1"],"picked":"SKIP","floor":28},{"not_picked":["Panic Button","Barrage","Redo"],"picked":"SKIP","floor":29},{"not_picked":["Hologram","Rebound","Streamline+1"],"picked":"SKIP","floor":29},{"not_picked":["Go for the Eyes","Redo"],"picked":"White Noise","floor":31},{"not_picked":["BasicCrystalCard","Storm"],"picked":"Blizzard","floor":31},{"not_picked":["Go for the Eyes","Panic Button","BasicCrystalCard+1"],"picked":"SKIP","floor":35},{"not_picked":["Double Energy","Compile Driver","Electrodynamics"],"picked":"SKIP","floor":35},{"not_picked":["Ball Lightning+1","Force Field+1"],"picked":"Coolheaded+1","floor":36},{"not_picked":["Barrage","Sweeping Beam+1","Rebound"],"picked":"SKIP","floor":36},{"not_picked":["Glacier","Rebound+1"],"picked":"Consume+1","floor":41},{"not_picked":["Stack","Hyperbeam","Steam"],"picked":"SKIP","floor":42},{"not_picked":["Echo Form","Melter+1"],"picked":"Aggregate","floor":45},{"not_picked":["Turbo+1","Leap+1"],"picked":"Loop+1","floor":45},{"not_picked":["Lockon","Doom and Gloom","ReplaySort+1"],"picked":"SKIP","floor":46},{"not_picked":["Redo","Turbo+1","Sunder+1"],"picked":"SKIP","floor":46},{"not_picked":["Go for the Eyes","Creative AI","Gash+1"],"picked":"SKIP","floor":48}],"player_experience":221886,"relics_obtained":[{"floor":8.0,"key":"Mercury Hourglass"},{"floor":9.0,"key":"aspiration:StickyExplosives_weak"},{"floor":10.0,"key":"BrokenLever"},{"floor":14.0,"key":"Replay:Rubber Ducky"},{"floor":24,"key":"Iron Hammer"},{"floor":26,"key":"aspiration:AnachronicSnailShell"},{"floor":38,"key":"Replay:Arrowhead"},{"floor":41,"key":"Meat on the Bone"},{"floor":42,"key":"Lizard Tail"},{"floor":43,"key":"ReplayTheSpireMod:TigerMarble"},{"floor":44,"key":"Replay:Antivirus Software"},{"floor":48,"key":"Replay:Baseball"}],"event_choices":[{"cards_removed":["Strike_B"],"damage_healed":0.0,"max_hp_gain":0.0,"max_hp_loss":0.0,"gold_gain":0.0,"event_name":"Wheel of Change","player_choice":"Card Removal","floor":2.0,"gold_loss":0.0,"damage_taken":0.0},{"damage_healed":0.0,"max_hp_gain":0.0,"max_hp_loss":0.0,"gold_gain":0.0,"event_name":"WeMeetAgain","player_choice":"Gave Potion","floor":5.0,"gold_loss":0.0,"damage_taken":0.0,"relics_obtained":["halation:TwoAmDonut"]},{"cards_removed":["Strike_B"],"damage_healed":0,"gold_gain":0,"player_choice":"Purged","damage_taken":0,"max_hp_gain":0,"max_hp_loss":0,"event_name":"Purifier","floor":21,"gold_loss":0},{"cards_removed":["Defend_B"],"damage_healed":0,"gold_gain":0,"player_choice":"Upgrade and Remove","damage_taken":0,"max_hp_gain":0,"max_hp_loss":0,"event_name":"Designer","floor":30,"gold_loss":90,"cards_upgraded":["Defend_B"]},{"damage_healed":0,"gold_gain":0,"player_choice":"Fight","damage_taken":0,"max_hp_gain":0,"max_hp_loss":0,"event_name":"Mysterious Sphere","floor":38,"gold_loss":0}],"is_beta":false,"boss_relics":[{"not_picked":["halation:Prosthetics","hubris:BlackHole"],"picked":"ChewingGum"},{"not_picked":["Pandora\u0027s Box","halation:PinkAlligatorPlush"],"picked":"Tiny House"}],"items_purged_floors":[37],"is_endless":false,"potions_floor_spawned":[1,12,14,19,24,27,29,33,35,36,41,45],"ascension_level":8}}