{"host":"d8d3jqle49sogkjv","time":1609111937,"event":{"mods":["BaseMod","Colored Map","Colored Powertips","Minty Spire (QoL Compilation)","StSLib"],"gold_per_floor":[219,219,219,169,185,185,219,394,394,394,394,87,87,87,87,87,87],"floor_reached":16,"playtime":486,"items_purged":["Doubt"],"score":146,"play_id":"f0372889-ef10-4b15-b22f-0cd62474fbbe","local_time":"20201228003217","is_ascension_mode":true,"campfire_choices":[{"data":"Bash","floor":6,"key":"SMITH"},{"data":"True Grit","floor":11,"key":"SMITH"},{"data":"Metallicize","floor":13,"key":"SMITH"},{"floor":15,"key":"REST"}],"circlet_count":0,"master_deck":["AscendersBane","Strike_R","Strike_R","Strike_R","Strike_R","Strike_R","Defend_R","Defend_R+1","Defend_R","Defend_R+1","Bash+1","Metallicize+1","True Grit+1","Metallicize"],"relics":["Burning Blood","Golden Idol","CaptainsWheel","Magic Flower","War Paint"],"acts_visited":["Exordium"],"potions_floor_usage":[7],"damage_taken":[{"damage":8,"enemies":"2 Louse","floor":1,"turns":3},{"damage":4,"enemies":"Jaw Worm","floor":5,"turns":4},{"damage":42,"enemies":"Lagavulin","floor":7,"turns":8},{"damage":55,"enemies":"Slime Boss","floor":16,"turns":16}],"seed_played":"-973150123923659717","potions_obtained":[{"floor":5,"key":"Block Potion"}],"is_trial":false,"path_per_floor":["M","?","?","?","M","R","E","?","T","?","R","$","R","?","R","B"],"character_chosen":"IRONCLAD","items_purchased":["Metallicize","War Paint"],"campfire_rested":1,"item_purchase_floors":[12,12],"current_hp_per_floor":[70,50,50,50,52,52,16,16,16,36,36,36,36,29,52,0,0],"gold":87,"neow_bonus":"HUNDRED_GOLD","is_daily":false,"chose_seed":false,"campfire_upgraded":3,"win_rate":0.0,"timestamp":1609111937,"path_taken":["M","?","?","?","M","R","E","?","T","?","R","$","R","?","R","BOSS"],"items_purchased_type":["Card","Relic"],"build_version":"2020-12-22","purchased_purges":1,"victory":false,"max_hp_per_floor":[80,80,80,80,80,80,80,80,80,80,80,80,80,77,77,77,77],"card_choices":[{"not_picked":["Havoc","Anger","Headbutt"],"picked":"SKIP","floor":1},{"not_picked":["Evolve","Havoc"],"picked":"Metallicize","floor":5},{"not_picked":["Clash","Cleave"],"picked":"True Grit","floor":7}],"player_experience":333105,"relics_obtained":[{"floor":7,"key":"Magic Flower"}],"event_choices":[{"damage_healed":0,"gold_gain":0,"player_choice":"Take Damage","damage_taken":20,"relics_obtained":["Golden Idol"],"max_hp_gain":0,"max_hp_loss":0,"event_name":"Golden Idol","floor":2,"gold_loss":0},{"damage_healed":0,"gold_gain":0,"player_choice":"Box","damage_taken":0,"relics_obtained":["CaptainsWheel"],"max_hp_gain":0,"max_hp_loss":0,"event_name":"Big Fish","floor":3,"gold_loss":0,"cards_obtained":["Regret"]},{"cards_removed":["Regret"],"damage_healed":0,"gold_gain":0,"player_choice":"Card Removal","damage_taken":0,"max_hp_gain":0,"max_hp_loss":0,"event_name":"The Cleric","floor":4,"gold_loss":50},{"damage_healed":0,"gold_gain":175,"player_choice":"AGREE","damage_taken":0,"max_hp_gain":0,"max_hp_loss":0,"event_name":"Liars Game","floor":8,"gold_loss":0,"cards_obtained":["Doubt"]},{"damage_healed":20,"gold_gain":0,"player_choice":"Healed and dodged fight","damage_taken":0,"max_hp_gain":0,"max_hp_loss":0,"event_name":"Mushrooms","floor":10,"gold_loss":0,"cards_obtained":["Parasite"]},{"cards_removed":["Parasite"],"damage_healed":0,"gold_gain":0,"player_choice":"Card Removal","damage_taken":7,"max_hp_gain":0,"max_hp_loss":0,"event_name":"Golden Wing","floor":14,"gold_loss":0}],"is_beta":false,"boss_relics":[],"items_purged_floors":[12],"is_endless":false,"potions_floor_spawned":[5],"killed_by":"Slime Boss","ascension_level":11}}