{"host":"873t0y8ybyo38pfq","time":1609029751,"event":{"mods":["BaseMod","Bestiary","Colored Map","Colored Powertips","Highlight Path","Minty Spire (QoL Compilation)","Quick Restart","RNG Fix","Rare Cards Sparkle","Relic Stats","StSLib"],"gold_per_floor":[12,12,12,12,12,12,12,87,110,130,141,141,9,27,27,99,99,111,125,125,125,125,125,160,75,75,75,22,22,50,63,63,63,63],"floor_reached":33,"playtime":701,"items_purged":["Regret"],"score":588,"play_id":"cfd6a358-0f75-4fd4-a235-c03a181e2a31","local_time":"20201226194231","is_ascension_mode":true,"campfire_choices":[{"data":"Neutralize","floor":6,"key":"SMITH"},{"data":"Survivor","floor":7,"key":"SMITH"},{"data":"Eviscerate","floor":12,"key":"SMITH"},{"floor":15,"key":"REST"},{"floor":23,"key":"REST"},{"floor":29,"key":"REST"},{"floor":32,"key":"REST"}],"circlet_count":0,"master_deck":["AscendersBane","Strike_G+1","Strike_G+1","Defend_G+1","Defend_G+1","Defend_G+1","Defend_G+1","Defend_G+1","Survivor+1","Neutralize+1","Outmaneuver","Masterful Stab","Eviscerate+1","Dagger Throw","Adrenaline","Acrobatics","Doppelganger","Quick Slash","RitualDagger","Glass Knife","Underhanded Strike","Dagger Throw+1"],"relics":["Ring of the Snake","WingedGreaves","Strawberry","StrikeDummy","Bag of Marbles","Snecko Eye","Ginger","Mummified Hand","PreservedInsect","Shovel","Toy Ornithopter"],"acts_visited":["Exordium","TheCity"],"potions_floor_usage":[16,16,24,33,33],"damage_taken":[{"damage":2,"enemies":"Small Slimes","floor":1,"turns":4},{"damage":3,"enemies":"Jaw Worm","floor":10,"turns":5},{"damage":0,"enemies":"Cultist","floor":11,"turns":3},{"damage":3,"enemies":"3 Louse","floor":14,"turns":3},{"damage":8,"enemies":"Slime Boss","floor":16,"turns":8},{"damage":31,"enemies":"Shell Parasite","floor":18,"turns":6},{"damage":0,"enemies":"Chosen","floor":19,"turns":3},{"damage":28,"enemies":"Book of Stabbing","floor":24,"turns":5},{"damage":0,"enemies":"Gremlin Leader","floor":30,"turns":6},{"damage":18,"enemies":"Snake Plant","floor":31,"turns":4},{"damage":75,"enemies":"Collector","floor":33,"turns":7}],"seed_played":"-8565483478747860929","potions_obtained":[{"floor":10,"key":"Explosive Potion"},{"floor":11,"key":"Weak Potion"},{"floor":16,"key":"Energy Potion"},{"floor":19,"key":"Strength Potion"}],"is_trial":false,"path_per_floor":["M","?","?","?","$","R","R","?","T","M","M","R","$","M","R","B",null,"M","M","?","?","?","R","E","?","T","?","$","R","E","M","R","B"],"character_chosen":"THE_SILENT","items_purchased":["FearPotion","Explosive Potion"],"campfire_rested":4,"item_purchase_floors":[13,28],"current_hp_per_floor":[57,50,57,31,31,31,31,20,20,17,17,17,17,14,35,27,62,31,31,31,25,25,46,18,18,18,18,18,39,39,21,42,0,0],"gold":63,"neow_bonus":"ONE_RARE_RELIC","is_daily":false,"chose_seed":false,"campfire_upgraded":3,"win_rate":0.0,"timestamp":1609029751,"path_taken":["M","?","?","?","?","R","R","?","T","?","?","R","$","M","R","BOSS","M","M","?","?","?","R","E","?","T","?","?","R","E","?","R","BOSS"],"items_purchased_type":["Potion","Potion"],"build_version":"2020-12-22","purchased_purges":1,"victory":false,"max_hp_per_floor":[66,66,73,73,73,73,73,73,73,73,73,73,73,73,73,73,73,73,73,73,73,73,73,73,73,73,73,73,73,73,73,73,73,73],"relic_stats":{"Shovel":0,"counters":[11,54],"Mummified Hand":[0],"Snecko Eye":[69,69,57,73],"PreservedInsect":49,"Ginger":[8],"obtain_stats":[{"Shovel":26,"Mummified Hand":24,"Strawberry":3,"Snecko Eye":17,"WingedGreaves":0,"PreservedInsect":25,"Bag of Marbles":9,"Ginger":22,"StrikeDummy":4,"Toy Ornithopter":30,"Ring of the Snake":0},{"Shovel":8,"Mummified Hand":8,"Strawberry":1,"Snecko Eye":5,"WingedGreaves":0,"PreservedInsect":8,"Bag of Marbles":1,"Ginger":7,"StrikeDummy":1,"Toy Ornithopter":9,"Ring of the Snake":0},{"Shovel":37,"Mummified Hand":37,"Strawberry":4,"Snecko Eye":23,"WingedGreaves":0,"PreservedInsect":37,"Bag of Marbles":4,"Ginger":32,"StrikeDummy":4,"Toy Ornithopter":43,"Ring of the Snake":0}],"Toy Ornithopter":10,"Ring of the Snake":[22]},"card_choices":[{"not_picked":["Bane","Reflex"],"picked":"Outmaneuver","floor":1},{"not_picked":["Calculated Gamble","Outmaneuver"],"picked":"Masterful Stab","floor":10},{"not_picked":["Bane","Underhanded Strike"],"picked":"Eviscerate","floor":11},{"not_picked":["Infinite Blades","Slice"],"picked":"Dagger Throw","floor":14},{"not_picked":["Die Die Die","A Thousand Cuts"],"picked":"Adrenaline","floor":16},{"not_picked":["Backflip","Quick Slash"],"picked":"Acrobatics","floor":18},{"not_picked":["Setup","Prepared","Slice"],"picked":"SKIP","floor":19},{"not_picked":["Deflect","Outmaneuver"],"picked":"Glass Knife","floor":24},{"not_picked":["Slice","Endless Agony"],"picked":"Underhanded Strike","floor":30},{"not_picked":["Flying Knee","Tactician"],"picked":"Dagger Throw+1","floor":31}],"player_experience":1358342,"relics_obtained":[{"floor":9,"key":"Bag of Marbles"},{"floor":22,"key":"Ginger"},{"floor":24,"key":"Mummified Hand"},{"floor":26,"key":"Shovel"},{"floor":30,"key":"Toy Ornithopter"}],"event_choices":[{"cards_removed":["Strike_G"],"damage_healed":0,"gold_gain":0,"player_choice":"Card Removal","damage_taken":7,"max_hp_gain":0,"max_hp_loss":0,"event_name":"Golden Wing","floor":2,"gold_loss":0},{"damage_healed":0,"gold_gain":0,"player_choice":"Box","damage_taken":0,"relics_obtained":["Strawberry"],"max_hp_gain":0,"max_hp_loss":0,"event_name":"Big Fish","floor":3,"gold_loss":0,"cards_obtained":["Regret"]},{"damage_healed":0,"gold_gain":0,"player_choice":"Success","damage_taken":26,"relics_obtained":["StrikeDummy"],"max_hp_gain":0,"max_hp_loss":0,"event_name":"Scrap Ooze","floor":4,"gold_loss":0},{"damage_healed":0,"gold_gain":75,"player_choice":"Gather Gold","damage_taken":11,"max_hp_gain":0,"max_hp_loss":0,"event_name":"World of Goop","floor":8,"gold_loss":0},{"damage_healed":0,"gold_gain":0,"cards_transformed":["Strike_G","Strike_G"],"player_choice":"Became Test Subject","damage_taken":0,"max_hp_gain":0,"max_hp_loss":0,"event_name":"Drug Dealer","floor":20,"gold_loss":0,"cards_obtained":["Doppelganger","Quick Slash"]},{"damage_healed":0,"gold_gain":0,"player_choice":"Joined the Cult","damage_taken":6,"max_hp_gain":0,"max_hp_loss":0,"event_name":"Nest","floor":21,"gold_loss":0,"cards_obtained":["RitualDagger"]},{"damage_healed":0,"gold_gain":0,"player_choice":"Relic","damage_taken":0,"max_hp_gain":0,"max_hp_loss":0,"event_name":"Wheel of Change","floor":22,"gold_loss":0},{"damage_healed":0,"gold_gain":0,"player_choice":"Obtained Relic","damage_taken":0,"relics_obtained":["PreservedInsect"],"max_hp_gain":0,"max_hp_loss":0,"event_name":"Addict","floor":25,"gold_loss":85},{"damage_healed":0,"gold_gain":0,"player_choice":"Simplicity","damage_taken":0,"max_hp_gain":0,"max_hp_loss":0,"event_name":"Back to Basics","floor":27,"gold_loss":0,"cards_upgraded":["Strike_G","Strike_G","Defend_G","Defend_G","Defend_G","Defend_G","Defend_G"]}],"is_beta":false,"boss_relics":[{"not_picked":["Runic Dome","Coffee Dripper"],"picked":"Snecko Eye"}],"items_purged_floors":[13],"is_endless":false,"potions_floor_spawned":[10,11,16,19],"killed_by":"Collector","ascension_level":20}}