{"host":"7pe9xwx78c6nlay8","time":1609097860,"event":{"mods":["BaseMod","Minty Spire (QoL Compilation)"],"gold_per_floor":[364,39,4,18,93,125,138,168,193,193,368,399,399,14,14,14,14],"floor_reached":16,"playtime":499,"items_purged":["Defend_P"],"score":197,"play_id":"13e9c385-563d-4e65-83a8-e7388f079482","local_time":"20201228033740","is_ascension_mode":true,"campfire_choices":[{"floor":10.0,"key":"REST"},{"floor":15,"key":"REST"}],"circlet_count":0,"master_deck":["AscendersBane","Strike_P","Strike_P","Strike_P","Strike_P","Defend_P","Defend_P","Defend_P","Eruption","Vigilance","ThirdEye","The Bomb","Discovery","Evaluate","ReachHeaven","TalkToTheHand","Wallop","LikeWater"],"relics":["PureWater","Bronze Scales","Damaru","Boot","Omamori","Bird Faced Urn"],"acts_visited":["Exordium"],"potions_floor_usage":[16,16],"damage_taken":[{"damage":0.0,"enemies":"2 Louse","floor":1.0,"turns":2.0},{"damage":0.0,"enemies":"Small Slimes","floor":4.0,"turns":2.0},{"damage":28.0,"enemies":"Gremlin Nob","floor":6.0,"turns":3.0},{"damage":10.0,"enemies":"Cultist","floor":7.0,"turns":4.0},{"damage":9.0,"enemies":"Lagavulin","floor":8.0,"turns":7.0},{"damage":14,"enemies":"3 Sentries","floor":12,"turns":3},{"damage":33,"enemies":"The Guardian","floor":16,"turns":9}],"seed_played":"-6117982105447586293","potions_obtained":[{"floor":4.0,"key":"Swift Potion"},{"floor":8.0,"key":"FearPotion"}],"is_trial":false,"path_per_floor":["M","$","?","M","?","E","M","E","T","R","?","E","?","$","R","B"],"character_chosen":"WATCHER","items_purchased":["The Bomb","Discovery","Bird Faced Urn","LikeWater","Block Potion"],"campfire_rested":2,"item_purchase_floors":[2,2,14,14,14],"current_hp_per_floor":[43,43,60,60,49,21,11,2,2,22,22,8,8,8,28,0,0],"gold":14,"neow_bonus":"TWO_FIFTY_GOLD","is_daily":false,"chose_seed":false,"campfire_upgraded":0,"win_rate":0.0,"timestamp":1609097860,"path_taken":["M","$","?","M","?","E","M","E","T","R","?","E","?","$","R","BOSS"],"items_purchased_type":["Card","Card","Relic","Card","Potion"],"build_version":"2020-12-22","purchased_purges":1,"victory":false,"max_hp_per_floor":[68,68,68,68,68,68,68,68,68,68,68,68,68,68,68,68,68],"card_choices":[{"not_picked":["Perseverance","WreathOfFlame"],"picked":"ThirdEye","floor":1.0},{"not_picked":["LikeWater","CarveReality"],"picked":"Evaluate","floor":4.0},{"not_picked":["BowlingBash","Adaptation"],"picked":"ReachHeaven","floor":6.0},{"not_picked":["Perseverance","EmptyFist"],"picked":"TalkToTheHand","floor":7.0},{"not_picked":["PathToVictory","InnerPeace"],"picked":"Wallop","floor":8.0},{"not_picked":["SashWhip","Tantrum","Conclude"],"picked":"SKIP","floor":12}],"player_experience":1571868,"relics_obtained":[{"floor":6.0,"key":"Bronze Scales"},{"floor":8.0,"key":"Damaru"},{"floor":9.0,"key":"Boot"},{"floor":12,"key":"Omamori"}],"event_choices":[{"damage_healed":17.0,"max_hp_gain":0.0,"max_hp_loss":0.0,"gold_gain":0.0,"event_name":"The Cleric","player_choice":"Healed","floor":3.0,"gold_loss":35.0,"damage_taken":0.0},{"damage_healed":0.0,"max_hp_gain":0.0,"max_hp_loss":0.0,"gold_gain":75.0,"event_name":"World of Goop","player_choice":"Gather Gold","floor":5.0,"gold_loss":0.0,"damage_taken":11.0},{"damage_healed":0.0,"max_hp_gain":0.0,"max_hp_loss":0.0,"gold_gain":175.0,"event_name":"Liars Game","player_choice":"AGREE","floor":11.0,"gold_loss":0.0,"damage_taken":0.0,"cards_obtained":["Doubt"]},{"cards_removed":["Doubt"],"damage_healed":0,"gold_gain":0,"player_choice":"Card Removal","damage_taken":0,"max_hp_gain":0,"max_hp_loss":0,"event_name":"Wheel of Change","floor":13,"gold_loss":0}],"is_beta":false,"boss_relics":[],"items_purged_floors":[2],"is_endless":false,"potions_floor_spawned":[4,8],"killed_by":"The Guardian","ascension_level":14}}