{"host":"yer03dsd277nstsn","time":1609053280,"event":{"mods":["BaseMod","Minty Spire (QoL Compilation)"],"gold_per_floor":[114,134,146,162,162,190,190,221,221,252,266,266,278,353,353,455,455,474,492,492,504,221,221,221],"floor_reached":23,"playtime":1861,"items_purged":["Strike_P"],"score":276,"play_id":"99e50fc6-55f2-42a3-b2d2-a1669f36f220","local_time":"20201227011440","is_ascension_mode":true,"campfire_choices":[{"data":"Mayhem","floor":7,"key":"SMITH"},{"floor":15,"key":"REST"}],"circlet_count":0,"master_deck":["Strike_P+1","Strike_P","Strike_P","Defend_P","Defend_P+1","Defend_P+1","Defend_P","Eruption","Vigilance+1","Mayhem+1","CutThroughFate","CutThroughFate+1","JustLucky+1","SandsOfTime","Halt+1","LessonLearned+1","SandsOfTime","Crescendo","SpiritShield","Worship+1","ThirdEye","WindmillStrike","Scrawl"],"relics":["PureWater","Meat on the Bone","Dream Catcher","Akabeko","Ornamental Fan","Runic Pyramid"],"acts_visited":["Exordium","TheCity"],"potions_floor_usage":[23,23],"damage_taken":[{"damage":0,"enemies":"Jaw Worm","floor":1,"turns":5},{"damage":1,"enemies":"2 Louse","floor":2,"turns":4},{"damage":1,"enemies":"Cultist","floor":3,"turns":5},{"damage":0,"enemies":"Large Slime","floor":4,"turns":3},{"damage":14,"enemies":"3 Sentries","floor":6,"turns":10},{"damage":3,"enemies":"Lagavulin","floor":8,"turns":5},{"damage":13,"enemies":"3 Sentries","floor":10,"turns":7},{"damage":3,"enemies":"2 Fungi Beasts","floor":11,"turns":3},{"damage":2,"enemies":"Red Slaver","floor":13,"turns":4},{"damage":0,"enemies":"Slime Boss","floor":16,"turns":8},{"damage":1,"enemies":"Shell Parasite","floor":18,"turns":4},{"damage":0,"enemies":"Chosen","floor":19,"turns":5},{"damage":25,"enemies":"Centurion and Healer","floor":21,"turns":5},{"damage":41,"enemies":"Slavers","floor":23,"turns":4}],"seed_played":"-584654807192801719","potions_obtained":[{"floor":3,"key":"LiquidMemories"},{"floor":4,"key":"Strength Potion"},{"floor":10,"key":"Dexterity Potion"}],"is_trial":false,"path_per_floor":["M","M","M","M","?","E","R","E","T","E","M","?","M","?","R","B",null,"M","M","?","M","$","E"],"character_chosen":"WATCHER","items_purchased":["WindmillStrike","Scrawl"],"campfire_rested":1,"item_purchase_floors":[22,22],"current_hp_per_floor":[65,64,63,63,50,36,36,33,33,32,41,41,39,28,47,47,65,64,64,61,36,36,0,0],"gold":221,"neow_bonus":"RANDOM_COLORLESS_2","is_daily":false,"chose_seed":false,"campfire_upgraded":1,"win_rate":0.0,"timestamp":1609053280,"path_taken":["M","M","M","M","?","E","R","E","T","E","M","?","?","?","R","BOSS","M","M","?","M","$","E"],"items_purchased_type":["Card","Card"],"build_version":"2020-12-22","purchased_purges":1,"victory":false,"max_hp_per_floor":[65,65,65,65,65,65,65,65,65,65,65,65,65,65,65,65,65,65,65,65,65,65,65,65],"card_choices":[{"not_picked":["Sadistic Nature","Violence"],"picked":"Mayhem","floor":0},{"not_picked":["ClearTheMind","EmptyBody"],"picked":"CutThroughFate","floor":1},{"not_picked":["Prostrate","SashWhip"],"picked":"CutThroughFate","floor":2},{"not_picked":["BowlingBash","ClearTheMind"],"picked":"JustLucky","floor":3},{"not_picked":["Consecrate","Wallop","CutThroughFate"],"picked":"SKIP","floor":4},{"not_picked":["Tantrum","Pray"],"picked":"SandsOfTime","floor":6},{"not_picked":["CrushJoints","EmptyBody"],"picked":"Halt","floor":8},{"not_picked":["TalkToTheHand","BowlingBash"],"picked":"LessonLearned","floor":10},{"not_picked":["Pray","Conclude","CrushJoints"],"picked":"SKIP","floor":11},{"not_picked":["FlyingSleeves","PathToVictory"],"picked":"SandsOfTime","floor":13},{"not_picked":["WheelKick","Worship"],"picked":"Crescendo","floor":15},{"not_picked":["Alpha","Brilliance"],"picked":"SpiritShield","floor":16},{"not_picked":["Wireheading","CarveReality+1"],"picked":"Worship+1","floor":18},{"not_picked":["FlurryOfBlows+1","Tantrum","Evaluate"],"picked":"SKIP","floor":19},{"not_picked":["InnerPeace","Fasting2"],"picked":"ThirdEye","floor":21}],"player_experience":362798,"relics_obtained":[{"floor":6,"key":"Meat on the Bone"},{"floor":8,"key":"Dream Catcher"},{"floor":9,"key":"Akabeko"},{"floor":10,"key":"Ornamental Fan"}],"event_choices":[{"damage_healed":0,"gold_gain":0,"player_choice":"Entered Light","damage_taken":13,"max_hp_gain":0,"max_hp_loss":0,"event_name":"Shining Light","floor":5,"gold_loss":0,"cards_upgraded":["Defend_P","Defend_P"]},{"damage_healed":0,"gold_gain":0,"player_choice":"Forge","damage_taken":0,"max_hp_gain":0,"max_hp_loss":0,"event_name":"Accursed Blacksmith","floor":12,"gold_loss":0,"cards_upgraded":["LessonLearned"]},{"damage_healed":0,"gold_gain":75,"player_choice":"Gather Gold","damage_taken":11,"max_hp_gain":0,"max_hp_loss":0,"event_name":"World of Goop","floor":14,"gold_loss":0},{"damage_healed":0,"gold_gain":0,"player_choice":"Punched","damage_taken":3,"max_hp_gain":0,"max_hp_loss":0,"event_name":"Designer","floor":20,"gold_loss":0}],"is_beta":false,"boss_relics":[{"not_picked":["Coffee Dripper","Philosopher\u0027s Stone"],"picked":"Runic Pyramid"}],"items_purged_floors":[22],"is_endless":false,"potions_floor_spawned":[3,4,10,13,16,19],"killed_by":"Slavers","ascension_level":1}}