{"host":"ayh4nqhr0ddw4ozv","time":1609101023,"event":{"mods":["BaseMod","Minty Spire (QoL Compilation)","Relic Stats","Robot Space Explorer","StSLib"],"gold_per_floor":[119,133,144,219,237,237,264,277,300,311,346,346,346,370,370,502,502,525,538,463,232,232,232,270,303,303,328,328,352,352,352],"floor_reached":30,"playtime":1437,"items_purged":["RobotSpaceExplorer:Strike"],"score":409,"play_id":"df723fee-253e-437b-ac02-7d71e9478e70","local_time":"20201227123023","is_ascension_mode":true,"campfire_choices":[{"data":"RobotSpaceExplorer:StarLightning","floor":6,"key":"SMITH"},{"floor":13,"key":"REST"},{"floor":15,"key":"REST"},{"floor":23,"key":"REST"},{"floor":28,"key":"REST"}],"circlet_count":0,"master_deck":["AscendersBane","RobotSpaceExplorer:Strike","RobotSpaceExplorer:Defend","RobotSpaceExplorer:Defend","RobotSpaceExplorer:Defend","RobotSpaceExplorer:Defend","RobotSpaceExplorer:Scan","RobotSpaceExplorer:MiniLasers","RobotSpaceExplorer:MetalStrike","RobotSpaceExplorer:FranticSearch","RobotSpaceExplorer:BigMissile","RobotSpaceExplorer:StarLightning+1","RobotSpaceExplorer:Explosion","RobotSpaceExplorer:StunGrenade","RobotSpaceExplorer:StarDust","RobotSpaceExplorer:ShockMissile","RobotSpaceExplorer:TrailblazerForm","RobotSpaceExplorer:MiniDrones+1"],"relics":["Sozu","Turnip","CeramicFish","Toy Ornithopter","Golden Idol","Cursed Key","Omamori","RobotSpaceExplorer:FoglandsKnife","MealTicket"],"acts_visited":["Exordium","TheCity"],"potions_floor_usage":[],"damage_taken":[{"damage":7,"enemies":"Jaw Worm","floor":1,"turns":4},{"damage":2,"enemies":"Small Slimes","floor":2,"turns":4},{"damage":0,"enemies":"Cultist","floor":3,"turns":3},{"damage":16,"enemies":"Lots of Slimes","floor":5,"turns":6},{"damage":3,"enemies":"Lagavulin","floor":7,"turns":5},{"damage":5,"enemies":"Exordium Wildlife","floor":8,"turns":4},{"damage":0,"enemies":"Blue Slaver","floor":10,"turns":3},{"damage":17,"enemies":"3 Sentries","floor":11,"turns":5},{"damage":6,"enemies":"2 Fungi Beasts","floor":14,"turns":4},{"damage":19,"enemies":"The Guardian","floor":16,"turns":10},{"damage":14,"enemies":"Chosen","floor":18,"turns":5},{"damage":5,"enemies":"2 Thieves","floor":19,"turns":4},{"damage":43,"enemies":"Slavers","floor":24,"turns":5},{"damage":10,"enemies":"Snake Plant","floor":25,"turns":5},{"damage":0,"enemies":"Centurion and Healer","floor":27,"turns":6},{"damage":8,"enemies":"Snecko","floor":29,"turns":4},{"damage":20,"enemies":"Cultist and Chosen","floor":30,"turns":4}],"seed_played":"5109013252670435448","potions_obtained":[],"is_trial":false,"path_per_floor":["M","M","M","?","M","R","E","M","T","M","E","?","R","M","R","B",null,"M","M","?","$","?","R","E","M","T","M","R","M","M"],"character_chosen":"RobotSpaceExplorer","items_purchased":["Omamori"],"campfire_rested":4,"item_purchase_floors":[21],"current_hp_per_floor":[61,59,59,48,32,32,29,24,24,24,7,7,27,21,41,22,57,43,38,38,38,38,58,15,5,5,5,25,17,0,0],"gold":352,"neow_bonus":"BOSS_RELIC","is_daily":false,"chose_seed":false,"campfire_upgraded":1,"win_rate":0.0,"timestamp":1609101023,"path_taken":["M","M","M","?","M","R","E","M","T","M","E","?","R","M","R","BOSS","M","M","?","?","?","R","E","?","T","M","R","M","M"],"items_purchased_type":["Relic"],"build_version":"2020-12-22","purchased_purges":1,"victory":false,"max_hp_per_floor":[75,75,75,75,75,75,75,75,75,75,75,69,69,69,69,69,69,69,69,69,69,69,69,69,69,69,69,69,69,69,69],"relic_stats":{"Sozu":8,"counters":[17,81],"Golden Idol":59,"CeramicFish":36,"MealTicket":0,"Turnip":[8],"Cursed Key":1,"obtain_stats":[{"Sozu":0,"RobotSpaceExplorer:FoglandsKnife":24,"Golden Idol":12,"CeramicFish":9,"RobotSpaceExplorer:RoboCore":0,"MealTicket":26,"Turnip":7,"Omamori":21,"Cursed Key":17,"Toy Ornithopter":11},{"Sozu":0,"RobotSpaceExplorer:FoglandsKnife":13,"Golden Idol":8,"CeramicFish":6,"RobotSpaceExplorer:RoboCore":0,"MealTicket":14,"Turnip":5,"Omamori":12,"Cursed Key":10,"Toy Ornithopter":8},{"Sozu":0,"RobotSpaceExplorer:FoglandsKnife":62,"Golden Idol":34,"CeramicFish":26,"RobotSpaceExplorer:RoboCore":0,"MealTicket":67,"Turnip":22,"Omamori":57,"Cursed Key":48,"Toy Ornithopter":34}],"Toy Ornithopter":0},"card_choices":[{"not_picked":["RobotSpaceExplorer:MiniDrones","RobotSpaceExplorer:JunkDive"],"picked":"RobotSpaceExplorer:MetalStrike","floor":1},{"not_picked":["RobotSpaceExplorer:DualCore","RobotSpaceExplorer:StarDust"],"picked":"RobotSpaceExplorer:FranticSearch","floor":2},{"not_picked":["RobotSpaceExplorer:Probe","RobotSpaceExplorer:MetalStrike"],"picked":"RobotSpaceExplorer:BigMissile","floor":3},{"not_picked":["RobotSpaceExplorer:SurgingShield","RobotSpaceExplorer:SurgingStrike"],"picked":"RobotSpaceExplorer:StarLightning","floor":5},{"not_picked":["RobotSpaceExplorer:ShockKick","RobotSpaceExplorer:ImprovisedAttack"],"picked":"RobotSpaceExplorer:Explosion","floor":7},{"not_picked":["RobotSpaceExplorer:Pulsar","RobotSpaceExplorer:FrostMissile"],"picked":"RobotSpaceExplorer:StunGrenade","floor":8},{"not_picked":["RobotSpaceExplorer:FrostMissile","RobotSpaceExplorer:SlimeMissile","RobotSpaceExplorer:Probe"],"picked":"SKIP","floor":10},{"not_picked":["RobotSpaceExplorer:SlimeMissile","RobotSpaceExplorer:SelfCleaning"],"picked":"RobotSpaceExplorer:StarDust","floor":11},{"not_picked":["RobotSpaceExplorer:ShovelStrike","RobotSpaceExplorer:SurgingShield","RobotSpaceExplorer:ScrapMissile"],"picked":"SKIP","floor":14},{"not_picked":["RobotSpaceExplorer:DroneSwarm","RobotSpaceExplorer:Exploration"],"picked":"RobotSpaceExplorer:ShockMissile","floor":16},{"not_picked":["RobotSpaceExplorer:SwiftStep","RobotSpaceExplorer:ShockKick+1","RobotSpaceExplorer:SurgingStrike"],"picked":"SKIP","floor":18},{"not_picked":["RobotSpaceExplorer:SlimeMissile","RobotSpaceExplorer:ImprovisedAttack+1","RobotSpaceExplorer:ShockKick"],"picked":"SKIP","floor":19},{"not_picked":["RobotSpaceExplorer:Counterblock","RobotSpaceExplorer:GlueShot","RobotSpaceExplorer:GlueSpray"],"picked":"SKIP","floor":24},{"not_picked":["RobotSpaceExplorer:LaserBurst","RobotSpaceExplorer:SurgingStrike"],"picked":"RobotSpaceExplorer:TrailblazerForm","floor":25},{"not_picked":["RobotSpaceExplorer:ShovelStrike","RobotSpaceExplorer:MetalStrike","RobotSpaceExplorer:PowerCollector"],"picked":"SKIP","floor":27},{"not_picked":["RobotSpaceExplorer:SwiftStep","RobotSpaceExplorer:MetalStrike"],"picked":"RobotSpaceExplorer:MiniDrones+1","floor":29}],"player_experience":251227,"relics_obtained":[{"floor":7,"key":"Turnip"},{"floor":9,"key":"CeramicFish"},{"floor":11,"key":"Toy Ornithopter"},{"floor":24,"key":"RobotSpaceExplorer:FoglandsKnife"},{"floor":26,"key":"MealTicket"}],"event_choices":[{"damage_healed":0,"gold_gain":75,"player_choice":"Gather Gold","damage_taken":11,"max_hp_gain":0,"max_hp_loss":0,"event_name":"World of Goop","floor":4,"gold_loss":0},{"damage_healed":0,"gold_gain":0,"player_choice":"Lose Max HP","damage_taken":0,"relics_obtained":["Golden Idol"],"max_hp_gain":0,"max_hp_loss":6,"event_name":"Golden Idol","floor":12,"gold_loss":0},{"cards_removed":["RobotSpaceExplorer:Strike"],"damage_healed":0,"gold_gain":0,"player_choice":"Gave Gold","damage_taken":0,"max_hp_gain":0,"max_hp_loss":0,"event_name":"Beggar","floor":20,"gold_loss":75},{"cards_removed":["RobotSpaceExplorer:Strike"],"damage_healed":0,"gold_gain":0,"player_choice":"Purged","damage_taken":0,"max_hp_gain":0,"max_hp_loss":0,"event_name":"Purifier","floor":22,"gold_loss":0}],"is_beta":false,"boss_relics":[{"not_picked":["Velvet Choker","Ectoplasm"],"picked":"Cursed Key"}],"items_purged_floors":[21],"is_endless":false,"potions_floor_spawned":[3,7,8,10,14,18,27,29],"killed_by":"Cultist and Chosen","ascension_level":11}}