{"host":"s8k08j4eybfen9r6","time":1609057507,"event":{"mods":["Aspiration","BaseMod","Better Altar","Better Match","Better Note","Better Sensory Stone","Better Skull","Better Third Choice","BetterRewards","Downfall","Duelist Mod","Hubris","Minty Spire (QoL Compilation)","MostiFishMod","Rare Cards Sparkle","Shop Mod","Spicy Shops","StSLib"],"gold_per_floor":[244,260,22,22,22,50,50,61,61,77,77,106,124,157,157,157,157],"floor_reached":16,"playtime":1022,"items_purged":[],"score":144,"play_id":"a71637be-0a65-4545-b860-add80f653e0a","local_time":"20201227182507","is_ascension_mode":true,"campfire_choices":[{"data":"theDuelist:HeroRing","floor":7.0,"key":"SMITH"},{"data":"theDuelist:ZombieWarrior","floor":11.0,"key":"SMITH"},{"data":"theDuelist:Zektahawk","floor":15,"key":"SMITH"}],"circlet_count":0,"master_deck":["theDuelist:BeastTalwar","theDuelist:BerserkerSoul","theDuelist:BerserkerSoul","theDuelist:BlackBrutdrago","theDuelist:CrystalTree","theDuelist:Deskbot004","theDuelist:DoomShaman","theDuelist:GhostrickDoll","theDuelist:HeroRing+1","theDuelist:LegendaryFisherman","theDuelist:RedRisingDragon","theDuelist:RedHeadedOni","theDuelist:Sangan","theDuelist:VendreadReunion","theDuelist:ZombieWarrior+1","theDuelist:SuperheavySoulbuster","theDuelist:LightningRodLord","theDuelist:GilfordLegend","theDuelist:VampireRetainer","theDuelist:WightLady","theDuelist:Kuribohrn","theDuelist:CaveDragon","theDuelist:Zektahawk+1"],"relics":["theDuelist:MillenniumPuzzle","theDuelist:CardPoolRelic","theDuelist:CardPoolBasicRelic","theDuelist:BoosterPackPoolRelic","theDuelist:CardPoolAddRelic","theDuelist:CardPoolMinusRelic","theDuelist:CardPoolSaveRelic","theDuelist:CardPoolOptionsRelic","DaveBox","JellyFishMachine","SynthV:TestCard","hubris:SoftwareUpdate","theDuelist:SummonAnchor","Pantograph","hubris:CrystalStatue","hubris:Zylophone","theDuelist:MetronomeRelicB"],"acts_visited":["Exordium"],"potions_floor_usage":[],"damage_taken":[{"damage":1.0,"enemies":"Cultist","floor":1.0,"turns":5.0},{"damage":0.0,"enemies":"2 Louse","floor":2.0,"turns":2.0},{"damage":48.0,"enemies":"Gremlin Nob","floor":6.0,"turns":6.0},{"damage":0.0,"enemies":"Jaw Worm","floor":8.0,"turns":1.0},{"damage":0.0,"enemies":"3 Louse","floor":10.0,"turns":3.0},{"damage":1.0,"enemies":"3 Sentries","floor":12.0,"turns":5.0},{"damage":0.0,"enemies":"Large Slime","floor":13.0,"turns":3.0},{"damage":8.0,"enemies":"Lagavulin","floor":14.0,"turns":6.0},{"damage":0,"enemies":"The Guardian","floor":16,"turns":2}],"seed_played":"4366007792943370942","potions_obtained":[{"floor":6.0,"key":"AttackPotion"},{"floor":10.0,"key":"theDuelist:WhiteBottle"},{"floor":14,"key":"SmokeBomb"}],"is_trial":false,"path_per_floor":["M","M","$","?","?","E","R","M","T","M","R","E","M","E","R","B"],"character_chosen":"THE_DUELIST","items_purchased":["hubris:SoftwareUpdate"],"campfire_rested":0,"item_purchase_floors":[3],"current_hp_per_floor":[79,79,79,73,73,25,25,25,25,25,25,24,24,16,16,41,41],"gold":157,"neow_bonus":"HUNDRED_GOLD","is_daily":false,"chose_seed":false,"campfire_upgraded":3,"win_rate":0.0,"timestamp":1609057507,"path_taken":["M","?","$","?","?","E","R","M","T","M","R","E","M","E","R","BOSS"],"items_purchased_type":["Relic"],"build_version":"2020-12-22","purchased_purges":0,"victory":false,"max_hp_per_floor":[80,80,80,80,80,80,80,80,80,80,80,80,80,80,80,80,80],"card_choices":[{"not_picked":["theDuelist:SilverApples","theDuelist:NaturiaRagweed","theDuelist:ShiranuiSquire","theDuelist:UncommonAttackMetronome"],"picked":"theDuelist:SuperheavySoulbuster","floor":1.0},{"not_picked":["theDuelist:BigFire","theDuelist:Hinotama","theDuelist:LightningVortex","theDuelist:Mathematician"],"picked":"theDuelist:LightningRodLord","floor":2.0},{"not_picked":["theDuelist:Fissure","theDuelist:GauntletWarrior","theDuelist:MillenniumGolem","theDuelist:MudragonSwamp"],"picked":"theDuelist:GilfordLegend","floor":6.0},{"not_picked":["theDuelist:MagiciansRod","theDuelist:SphereKuriboh","theDuelist:CraniumFish"],"picked":"theDuelist:VampireRetainer","floor":8.0},{"not_picked":["theDuelist:GenexAllyBirdman","theDuelist:GhostrickSpecter","theDuelist:HazyFlameHydra","theDuelist:Frostosaurus"],"picked":"theDuelist:WightLady","floor":10.0},{"not_picked":["theDuelist:BattleOx","theDuelist:BattleFootballer","theDuelist:PotGreed","theDuelist:WormBarses"],"picked":"theDuelist:Kuribohrn","floor":12.0},{"not_picked":["theDuelist:RageDeepSea","theDuelist:GolemSentry","theDuelist:OniTankT34","theDuelist:MagicalBlast"],"picked":"theDuelist:CaveDragon","floor":13.0},{"not_picked":["theDuelist:FusionGuard","theDuelist:GlowUpBloom","theDuelist:DefensiveTactics","theDuelist:InsectQueen"],"picked":"theDuelist:Zektahawk","floor":14}],"player_experience":384602,"relics_obtained":[{"floor":1.0,"key":"SynthV:TestCard"},{"floor":6.0,"key":"Pantograph"},{"floor":9.0,"key":"hubris:CrystalStatue"},{"floor":12.0,"key":"hubris:Zylophone"},{"floor":14,"key":"theDuelist:MetronomeRelicB"}],"event_choices":[{"damage_healed":0.0,"max_hp_gain":0.0,"max_hp_loss":0.0,"gold_gain":0.0,"event_name":"Aknamkanon\u0027s Tomb","player_choice":"Dig - random Duelist relic","duelist":true,"floor":4.0,"gold_loss":0.0,"damage_taken":0.0},{"damage_healed":0.0,"max_hp_gain":0.0,"max_hp_loss":0.0,"gold_gain":0.0,"event_name":"Tomb of the Nameless","player_choice":"Leave","duelist":true,"floor":5.0,"gold_loss":0.0,"damage_taken":0.0}],"is_beta":false,"boss_relics":[],"items_purged_floors":[],"is_endless":false,"potions_floor_spawned":[6,10,14],"killed_by":"The Guardian","ascension_level":4}}