{"host":"97k5lqmr6aaz1p9r","time":1609089022,"event":{"mods":["BaseMod","Colored Map","Downfall","Jorbs\u0027s Wanderer Trilogy","Minty Spire (QoL Compilation)","StSLib"],"gold_per_floor":[99,114,131,151,326,339,362,379,409,409,423,435,285,314,333,333,333,333],"floor_reached":16,"playtime":1514,"items_purged":[],"score":141,"play_id":"2594f1ef-36f3-4ec2-901c-a20d07aff23b","local_time":"20201227171022","is_ascension_mode":false,"campfire_choices":[{"data":"champ:Taunt","floor":1,"key":"SMITH"},{"floor":13,"key":"REST"}],"circlet_count":0,"master_deck":["champ:Strike","champ:Strike","champ:Strike","champ:Strike","champ:Defend","champ:Defend","champ:Defend","champ:Defend","champ:Execute","champ:Taunt+1","champ:Circumvent","champ:DefensiveStyle","champ:RisingSlash","Doubt","champ:FocusedDefense","champ:BringItOn","Pain","champ:DefensiveShout","champ:CalledShot","champ:ShieldWall"],"relics":["champ:ChampionCrown","Tiny Chest","WarpedTongs","downfall:HeartBlessingGreen","downfall:HeartBlessingBlue","Art of War"],"acts_visited":["Exordium"],"potions_floor_usage":[9,16,16],"damage_taken":[{"damage":6,"enemies":"Cultist","floor":2,"turns":4},{"damage":8,"enemies":"2 Louse","floor":3,"turns":3},{"damage":7,"enemies":"Jaw Worm","floor":4,"turns":4},{"damage":13,"enemies":"Lots of Slimes","floor":6,"turns":6},{"damage":3,"enemies":"Red Slaver","floor":8,"turns":4},{"damage":38,"enemies":"Lagavulin","floor":9,"turns":11},{"damage":23,"enemies":"Exordium Thugs","floor":11,"turns":5},{"damage":9,"enemies":"Large Slime","floor":12,"turns":8},{"damage":16,"enemies":"3 Sentries","floor":14,"turns":8},{"damage":15,"enemies":"3 Louse","floor":15,"turns":4},{"damage":43,"enemies":"downfall:Ironclad","floor":16,"turns":12}],"seed_played":"-447353037170150314","potions_obtained":[{"floor":4,"key":"BlessingOfTheForge"},{"floor":8,"key":"hexamod:EctoCoolerPotion"},{"floor":11,"key":"Block Potion"},{"floor":14,"key":"champ:CounterPotion"}],"is_trial":false,"path_per_floor":["R","M","M","M","?","M","T","M","E","?","M","M","R","E","M","B"],"character_chosen":"THE_CHAMP","items_purchased":[],"campfire_rested":1,"item_purchase_floors":[],"current_hp_per_floor":[99,98,95,93,93,85,85,82,44,44,21,17,59,48,38,0,0,0],"gold":333,"neow_bonus":"TEN_PERCENT_HP_BONUS","is_daily":false,"chose_seed":false,"campfire_upgraded":1,"win_rate":0.0,"timestamp":1609089022,"path_taken":["R","M","M","M","?","M","T","M","E","?","?","M","R","E","M","BOSS"],"items_purchased_type":[],"build_version":"2020-12-22","purchased_purges":0,"victory":false,"max_hp_per_floor":[99,99,99,99,99,99,99,99,99,99,99,99,109,109,109,109,109,109],"card_choices":[{"not_picked":["champ:StanceDance","champ:CrookedStrike"],"picked":"champ:Circumvent","floor":2},{"not_picked":["champ:Backstep","champ:AdrenalArmor"],"picked":"champ:DefensiveStyle","floor":3},{"not_picked":["champ:GutPunch","champ:RapidStrikes"],"picked":"champ:RisingSlash","floor":4},{"not_picked":["champ:Backstep","champ:BerserkerStyle"],"picked":"champ:FocusedDefense","floor":6},{"not_picked":["champ:Backstep","champ:CrookedStrike"],"picked":"champ:BringItOn","floor":8},{"not_picked":["champ:BerserkerStyle","champ:EndlessRage","champ:StanceDance"],"picked":"SKIP","floor":9},{"not_picked":["champ:AdrenalArmor","champ:FanOfKnives"],"picked":"champ:DefensiveShout","floor":11},{"not_picked":["champ:RecklessLeap","champ:StanceDance"],"picked":"champ:CalledShot","floor":12},{"not_picked":["champ:CrookedStrike","champ:BringItOn"],"picked":"champ:ShieldWall","floor":14},{"not_picked":["champ:AdrenalArmor","champ:GutPunch","champ:ShieldWall"],"picked":"SKIP","floor":15}],"player_experience":555764,"relics_obtained":[{"floor":9,"key":"Tiny Chest"},{"floor":14,"key":"Art of War"}],"event_choices":[{"damage_healed":0,"gold_gain":0,"player_choice":"Rummage","damage_taken":0,"relics_obtained":["WarpedTongs"],"max_hp_gain":0,"max_hp_loss":0,"event_name":"Accursed Blacksmith","floor":10,"gold_loss":0,"cards_obtained":["Pain"]}],"is_beta":false,"boss_relics":[],"items_purged_floors":[],"is_endless":false,"potions_floor_spawned":[4,8,11,14],"killed_by":"downfall:Ironclad","ascension_level":0}}