{"host":"bg8va46pgqgvtzim","time":1609079632,"event":{"mods":["BaseMod","Minty Spire (QoL Compilation)","Quick Restart","StSLib","SuperFastMode"],"gold_per_floor":[114,114,126,146,163,163,182,215,238,271,271,284,312,332,332,436,436,450,375,375,474,492,527,467,492,517,517,551,551,584,602,602,706,706,716,251,265,283,303,303,335,335,335,364,380,400,400,429,429,429,429,429,4,32,32],"floor_reached":56,"playtime":3286,"items_purged":["Defend_P","DeceiveReality","BowlingBash"],"score":1443,"play_id":"ad09dbf7-4fb8-4424-bd3c-b321d2a5dbb4","local_time":"20201227223352","is_ascension_mode":true,"campfire_choices":[{"data":"Eruption","floor":6.0,"key":"SMITH"},{"data":"FlurryOfBlows","floor":11.0,"key":"SMITH"},{"data":"Wallop","floor":15.0,"key":"SMITH"},{"data":"Collect","floor":27.0,"key":"SMITH"},{"data":"TalkToTheHand","floor":29.0,"key":"SMITH"},{"data":"EmptyMind","floor":32.0,"key":"SMITH"},{"data":"Meditate","floor":40.0,"key":"SMITH"},{"data":"Tantrum","floor":47.0,"key":"SMITH"},{"floor":49.0,"key":"RECALL"},{"data":"Vault","floor":52.0,"key":"SMITH"}],"circlet_count":0,"master_deck":["Eruption+1","Vigilance","Vengeance","FlurryOfBlows+1","Tantrum+1","Vault+1","Wallop+1","Meditate+1","Adaptation","MasterReality","Consecrate+1","Blasphemy+1","InnerPeace+1","TalkToTheHand+1","Collect+1","Nirvana","EmptyMind+1","Establishment","MentalFortress+1","TalkToTheHand","Pray+1","TalkToTheHand+1","Prostrate"],"relics":["PureWater","Centennial Puzzle","Art of War","Lantern","Astrolabe","Juzu Bracelet","GoldenEye","Omamori","Question Card","Strawberry","VioletLotus","Ice Cream","TungstenRod","Darkstone Periapt","Mercury Hourglass","Potion Belt","Bag of Preparation","Boot"],"acts_visited":["Exordium","TheCity","TheBeyond","TheEnding"],"potions_floor_usage":[55,55,55,55],"damage_taken":[{"damage":7.0,"enemies":"Jaw Worm","floor":1.0,"turns":4.0},{"damage":0.0,"enemies":"Cultist","floor":3.0,"turns":3.0},{"damage":0.0,"enemies":"2 Louse","floor":4.0,"turns":2.0},{"damage":0.0,"enemies":"Looter","floor":5.0,"turns":2.0},{"damage":0.0,"enemies":"Gremlin Gang","floor":7.0,"turns":4.0},{"damage":16.0,"enemies":"Gremlin Nob","floor":8.0,"turns":4.0},{"damage":5.0,"enemies":"3 Sentries","floor":10.0,"turns":4.0},{"damage":0.0,"enemies":"Exordium Thugs","floor":12.0,"turns":3.0},{"damage":6.0,"enemies":"Lagavulin","floor":13.0,"turns":7.0},{"damage":0.0,"enemies":"3 Louse","floor":14.0,"turns":3.0},{"damage":3.0,"enemies":"The Guardian","floor":16.0,"turns":11.0},{"damage":13.0,"enemies":"3 Byrds","floor":18.0,"turns":3.0},{"damage":2.0,"enemies":"2 Thieves","floor":22.0,"turns":3.0},{"damage":2.0,"enemies":"Gremlin Leader","floor":23.0,"turns":3.0},{"damage":6.0,"enemies":"Book of Stabbing","floor":25.0,"turns":3.0},{"damage":0.0,"enemies":"Gremlin Leader","floor":28.0,"turns":5.0},{"damage":22.0,"enemies":"Slavers","floor":30.0,"turns":4.0},{"damage":2.0,"enemies":"Centurion and Healer","floor":31.0,"turns":4.0},{"damage":0.0,"enemies":"Automaton","floor":33.0,"turns":8.0},{"damage":18.0,"enemies":"3 Darklings","floor":35.0,"turns":3.0},{"damage":0.0,"enemies":"Orb Walker","floor":37.0,"turns":3.0},{"damage":1.0,"enemies":"Jaw Worm Horde","floor":38.0,"turns":3.0},{"damage":0.0,"enemies":"3 Darklings","floor":39.0,"turns":4.0},{"damage":14.0,"enemies":"Reptomancer","floor":41.0,"turns":5.0},{"damage":1.0,"enemies":"Nemesis","floor":44.0,"turns":5.0},{"damage":0.0,"enemies":"Spire Growth","floor":45.0,"turns":5.0},{"damage":0.0,"enemies":"Sphere and 2 Shapes","floor":46.0,"turns":3.0},{"damage":1.0,"enemies":"Reptomancer","floor":48.0,"turns":4.0},{"damage":30.0,"enemies":"Time Eater","floor":50.0,"turns":7.0},{"damage":8.0,"enemies":"Shield and Spear","floor":54.0,"turns":4.0},{"damage":6,"enemies":"The Heart","floor":55,"turns":6}],"seed_played":"4537815181075488268","potions_obtained":[{"floor":1.0,"key":"LiquidBronze"},{"floor":3.0,"key":"Fruit Juice"},{"floor":10.0,"key":"FairyPotion"},{"floor":12.0,"key":"LiquidBronze"},{"floor":23.0,"key":"AttackPotion"},{"floor":30.0,"key":"DuplicationPotion"},{"floor":31.0,"key":"PowerPotion"},{"floor":37.0,"key":"BottledMiracle"},{"floor":41.0,"key":"SteroidPotion"},{"floor":54.0,"key":"Strength Potion"}],"is_trial":false,"path_per_floor":["M","?","M","M","M","R","M","E","T","E","R","M","E","M","R","B",null,"M","$","?","?","M","E","?","E","T","R","E","R","E","M","R","B",null,"M","$","M","M","M","R","E","?","T","E","M","M","R","E","R","B",null,"R","$","E","B",null],"character_chosen":"WATCHER","items_purchased":["Ice Cream","MentalFortress","Prostrate","Bag of Preparation","ColorlessPotion","SteroidPotion"],"campfire_rested":0,"item_purchase_floors":[36,36,53,53,53,53],"current_hp_per_floor":[44,44,44,44,44,44,44,28,28,23,23,28,22,22,22,19,77,64,64,64,64,62,60,60,54,54,54,54,54,39,37,37,37,84,66,66,66,65,65,65,51,51,51,50,50,50,50,49,49,19,84,84,84,76,70],"gold":32,"neow_bonus":"REMOVE_TWO","is_daily":false,"chose_seed":false,"campfire_upgraded":9,"win_rate":0.0,"timestamp":1609079632,"path_taken":["M","?","M","M","M","R","M","E","T","E","R","M","E","?","R","BOSS","M","$","?","?","M","E","?","E","T","R","E","R","E","M","R","BOSS","M","$","M","M","M","R","E","?","T","E","M","M","R","E","R","BOSS","R","$","E","BOSS"],"items_purchased_type":["Relic","Card","Card","Relic","Potion","Potion"],"build_version":"2020-12-22","purchased_purges":3,"victory":true,"max_hp_per_floor":[72,72,72,72,72,72,72,72,72,72,72,77,77,77,77,77,77,77,77,77,77,77,77,77,77,77,77,77,77,84,84,84,84,84,84,84,84,84,84,84,84,84,84,84,84,84,84,84,84,84,84,84,84,84,84],"card_choices":[{"not_picked":["Worship","ClearTheMind"],"picked":"Vengeance","floor":1.0},{"not_picked":["PathToVictory","SashWhip"],"picked":"DeceiveReality","floor":3.0},{"not_picked":["WreathOfFlame","PathToVictory"],"picked":"FlurryOfBlows","floor":4.0},{"not_picked":["Halt","JustLucky","Perseverance"],"picked":"SKIP","floor":5.0},{"not_picked":["InnerPeace","CarveReality"],"picked":"BowlingBash","floor":7.0},{"not_picked":["BowlingBash","Vengeance"],"picked":"Tantrum","floor":8.0},{"not_picked":["Indignation","BowlingBash"],"picked":"Vault","floor":10.0},{"not_picked":["Sanctity","Prostrate"],"picked":"Wallop","floor":12.0},{"not_picked":["Protect","Prostrate"],"picked":"Meditate","floor":13.0},{"not_picked":["Tantrum","JustLucky"],"picked":"Adaptation","floor":14.0},{"not_picked":["SpiritShield","Alpha"],"picked":"MasterReality","floor":16.0},{"not_picked":["Weave","CutThroughFate"],"picked":"TalkToTheHand","floor":18.0},{"not_picked":["EmptyFist","PathToVictory+1","LikeWater+1"],"picked":"SKIP","floor":22.0},{"not_picked":["SashWhip","Wallop","Evaluate"],"picked":"SKIP","floor":23.0},{"not_picked":["Protect","InnerPeace","ReachHeaven"],"picked":"SKIP","floor":25.0},{"not_picked":["Perseverance","Devotion","Collect"],"picked":"SKIP","floor":28.0},{"not_picked":["Nirvana","ClearTheMind","Wallop"],"picked":"EmptyMind","floor":30.0},{"not_picked":["FollowUp","ReachHeaven","WreathOfFlame","InnerPeace"],"picked":"SKIP","floor":31.0},{"not_picked":["SpiritShield","Brilliance","ConjureBlade"],"picked":"Establishment","floor":33.0},{"not_picked":["JustLucky","Protect+1","EmptyMind+1","CutThroughFate"],"picked":"SKIP","floor":35.0},{"not_picked":["CrushJoints","JustLucky","Crescendo","Collect+1"],"picked":"SKIP","floor":37.0},{"not_picked":["Crescendo","Halt","Consecrate"],"picked":"TalkToTheHand","floor":38.0},{"not_picked":["Collect","Indignation","Fasting2+1"],"picked":"Pray+1","floor":39.0},{"not_picked":["Conclude+1","EmptyFist","CutThroughFate","Consecrate+1"],"picked":"SKIP","floor":41.0},{"not_picked":["FearNoEvil","DeceiveReality","Vengeance+1","FlurryOfBlows"],"picked":"SKIP","floor":44.0},{"not_picked":["WaveOfTheHand+1","Conclude+1","Crescendo","ConjureBlade"],"picked":"SKIP","floor":45.0},{"not_picked":["PathToVictory+1","FollowUp","Protect"],"picked":"TalkToTheHand+1","floor":46.0},{"not_picked":["FlurryOfBlows","Weave","MasterReality","SpiritShield"],"picked":"SKIP","floor":48.0},{"not_picked":["Consecrate+1","Sanctity","EmptyBody","WheelKick"],"picked":"SKIP","floor":54.0}],"player_experience":2175981,"relics_obtained":[{"floor":8.0,"key":"Centennial Puzzle"},{"floor":10.0,"key":"Art of War"},{"floor":13.0,"key":"Lantern"},{"floor":23.0,"key":"Juzu Bracelet"},{"floor":25.0,"key":"GoldenEye"},{"floor":26.0,"key":"Omamori"},{"floor":28.0,"key":"Question Card"},{"floor":30.0,"key":"Strawberry"},{"floor":41.0,"key":"TungstenRod"},{"floor":43.0,"key":"Darkstone Periapt"},{"floor":44.0,"key":"Mercury Hourglass"},{"floor":48.0,"key":"Potion Belt"},{"floor":54.0,"key":"Boot"}],"event_choices":[{"damage_healed":0.0,"max_hp_gain":0.0,"max_hp_loss":0.0,"gold_gain":0.0,"event_name":"NoteForYourself","player_choice":"Ignored","floor":2.0,"gold_loss":0.0,"damage_taken":0.0},{"damage_healed":0.0,"max_hp_gain":0.0,"max_hp_loss":0.0,"gold_gain":0.0,"event_name":"Vampires","player_choice":"Ignored","floor":20.0,"gold_loss":0.0,"damage_taken":0.0},{"damage_healed":0.0,"max_hp_gain":0.0,"max_hp_loss":0.0,"gold_gain":99.0,"event_name":"Nest","player_choice":"Stole From Cult","floor":21.0,"gold_loss":0.0,"damage_taken":0.0},{"damage_healed":0.0,"max_hp_gain":0.0,"max_hp_loss":0.0,"gold_gain":0.0,"cards_transformed":["Defend_P","Strike_P"],"event_name":"Designer","player_choice":"Transformed Cards","floor":24.0,"gold_loss":60.0,"damage_taken":0.0,"cards_obtained":["Collect","Nirvana"]},{"damage_healed":0.0,"max_hp_gain":0.0,"max_hp_loss":0.0,"gold_gain":0.0,"event_name":"Upgrade Shrine","player_choice":"Upgraded","floor":42.0,"gold_loss":0.0,"damage_taken":0.0,"cards_upgraded":["MentalFortress"]}],"is_beta":false,"boss_relics":[{"not_picked":["Philosopher\u0027s Stone","Velvet Choker"],"picked":"Astrolabe"},{"not_picked":["Cursed Key","Calling Bell"],"picked":"VioletLotus"}],"items_purged_floors":[19,36,53],"is_endless":false,"potions_floor_spawned":[1,3,10,12,13,16,23,30,31,37,41,46,54],"ascension_level":1}}