{"host":"bq4pt811tk9yrmjl","time":1609032581,"event":{"mods":["AchievementEnabler","BaseMod","Colored Map","Colored Powertips","Defuse TimeMaze Blight","Hermit","Minty Spire (QoL Compilation)","StSLib","SuperFastMode","UnlockEverythingMod"],"gold_per_floor":[109,109,109,109,125,161,175,175,198,57,57,90,12,47,47,248,311,344,314,334,50,70,70,70,70,70,84,50,50,74,74,74],"floor_reached":31,"playtime":695,"items_purged":[],"score":273,"play_id":"d2a24d91-cb81-4f25-9f31-63be79bf5e34","local_time":"20201226232941","is_ascension_mode":true,"campfire_choices":[{"data":"hermit:Shortfuse","floor":8,"key":"SMITH"},{"data":"hermit:DeadOrAlive","floor":11,"key":"SMITH"},{"floor":15,"key":"RECALL"},{"floor":23,"key":"REST"},{"data":"hermit:Determination","floor":25,"key":"SMITH"},{"data":"hermit:Maintenance","floor":29,"key":"SMITH"}],"circlet_count":0,"master_deck":["hermit:Strike_Hermit","hermit:Strike_Hermit+1","hermit:Strike_Hermit","hermit:Strike_Hermit","hermit:Defend_Hermit","hermit:Defend_Hermit","hermit:Defend_Hermit","hermit:Defend_Hermit","hermit:Snapshot","hermit:Covet","hermit:Determination+1","hermit:Vantage","hermit:Shortfuse+1","hermit:DeadOrAlive+1","hermit:Coalescence","hermit:ShadowCloak+1","hermit:HighNoon+1","hermit:Deadeye","hermit:Shortfuse+1","hermit:BigShot+1","hermit:Quickdraw+1","hermit:Maintenance+1"],"relics":["hermit:Momento","NeowsBlessing","Golden Idol","Akabeko","Frozen Egg 2","Tiny House","Molten Egg 2","Eternal Feather","Singing Bowl"],"acts_visited":["Exordium","TheCity"],"potions_floor_usage":[12,14,16,20,20,30,31],"damage_taken":[{"damage":0.0,"enemies":"Cultist","floor":1.0,"turns":1.0},{"damage":0,"enemies":"Small Slimes","floor":5,"turns":1},{"damage":0,"enemies":"Gremlin Nob","floor":6,"turns":1},{"damage":0,"enemies":"2 Louse","floor":7,"turns":2},{"damage":1,"enemies":"Lots of Slimes","floor":12,"turns":6},{"damage":0,"enemies":"Gremlin Gang","floor":14,"turns":5},{"damage":47,"enemies":"Hexaghost","floor":16,"turns":11},{"damage":32,"enemies":"3 Byrds","floor":18,"turns":8},{"damage":24,"enemies":"Shell Parasite","floor":20,"turns":8},{"damage":1,"enemies":"Snecko","floor":22,"turns":5},{"damage":43,"enemies":"Snake Plant","floor":27,"turns":5},{"damage":15,"enemies":"3 Cultists","floor":30,"turns":6},{"damage":10,"enemies":"Cultist and Chosen","floor":31,"turns":4}],"seed_played":"8892956490645394080","potions_obtained":[{"floor":1.0,"key":"SneckoOil"},{"floor":5,"key":"SkillPotion"},{"floor":12,"key":"DuplicationPotion"},{"floor":14,"key":"SneckoOil"},{"floor":17,"key":"hermit:Tonic"},{"floor":19,"key":"DistilledChaos"},{"floor":19,"key":"DuplicationPotion"},{"floor":22,"key":"hermit:Eclipse"},{"floor":27,"key":"Energy Potion"}],"is_trial":false,"path_per_floor":["M","?","?","?","M","E","M","R","T","$","R","M","$","M","R","B",null,"M","?","M","$","M","R","?","R","T","M","$","R","M","M"],"character_chosen":"HERMIT","items_purchased":["hermit:DeadOrAlive","hermit:ShadowCloak+1","Molten Egg 2","hermit:Shortfuse+1","hermit:Maintenance"],"campfire_rested":1,"item_purchase_floors":[10,13,21,21,28],"current_hp_per_floor":[75,75,57,57,57,57,57,57,57,57,57,56,56,56,56,9,80,48,48,24,24,23,47,47,59,59,16,16,28,15,5,5],"gold":74,"neow_bonus":"THREE_ENEMY_KILL","is_daily":false,"chose_seed":false,"campfire_upgraded":4,"win_rate":0.0,"timestamp":1609032581,"path_taken":["M","?","?","?","?","E","M","R","T","$","R","?","$","M","R","BOSS","M","?","?","?","M","R","?","R","T","?","$","R","M","M"],"items_purchased_type":["Card","Card","Relic","Card","Card"],"build_version":"2020-12-22","purchased_purges":0,"victory":false,"max_hp_per_floor":[75,75,75,75,75,75,75,75,75,75,75,75,75,75,75,75,80,80,80,80,80,80,80,80,80,80,80,80,80,82,82,82],"card_choices":[{"not_picked":["hermit:LoneWolf","hermit:Showdown"],"picked":"hermit:Determination","floor":1.0},{"not_picked":["hermit:HoleUp","hermit:PistolWhip","hermit:Roulette"],"picked":"SKIP","floor":5},{"not_picked":["hermit:Roulette","hermit:Purgatory"],"picked":"hermit:Vantage","floor":6},{"not_picked":["hermit:Malice","hermit:LowProfile"],"picked":"hermit:Shortfuse","floor":7},{"not_picked":["hermit:Vantage","hermit:Manifest"],"picked":"hermit:Coalescence","floor":12},{"not_picked":["hermit:ItchyTrigger","hermit:Malice","hermit:BodyArmor"],"picked":"SKIP","floor":14},{"not_picked":["hermit:Adapt+1","hermit:Roughhouse"],"picked":"hermit:HighNoon+1","floor":16},{"not_picked":["hermit:LowProfile","hermit:SprayPray"],"picked":"hermit:Deadeye","floor":17},{"not_picked":["hermit:Cheat+1","hermit:Dive","hermit:Manifest"],"picked":"SKIP","floor":18},{"not_picked":["hermit:Enervate","hermit:Horror","hermit:Snipe"],"picked":"SKIP","floor":20},{"not_picked":["hermit:Deadeye+1","hermit:LoneWolf+1"],"picked":"hermit:BigShot+1","floor":22},{"not_picked":["hermit:Gestalt","hermit:Ricochet+1"],"picked":"hermit:Quickdraw+1","floor":27},{"not_picked":["hermit:Desperado+1","hermit:Cheat","hermit:Snipe"],"picked":"Singing Bowl","floor":30}],"player_experience":122497,"relics_obtained":[{"floor":6,"key":"Frozen Egg 2"},{"floor":26,"key":"Singing Bowl"}],"event_choices":[{"damage_healed":0,"gold_gain":0,"player_choice":"Take Wound","damage_taken":0,"relics_obtained":["Golden Idol"],"max_hp_gain":0,"max_hp_loss":0,"event_name":"Golden Idol","floor":2,"gold_loss":0,"cards_obtained":["Injury"]},{"damage_healed":0,"gold_gain":0,"player_choice":"Success","damage_taken":18,"relics_obtained":["Akabeko"],"max_hp_gain":0,"max_hp_loss":0,"event_name":"Scrap Ooze","floor":3,"gold_loss":0},{"cards_removed":["Injury"],"damage_healed":0,"gold_gain":0,"player_choice":"Removed Curses","damage_taken":0,"max_hp_gain":0,"max_hp_loss":0,"event_name":"Fountain of Cleansing","floor":4,"gold_loss":0},{"damage_healed":0,"gold_gain":0,"player_choice":"Bought 2 Potions","damage_taken":0,"max_hp_gain":0,"max_hp_loss":0,"event_name":"The Woman in Blue","floor":19,"gold_loss":0},{"damage_healed":0,"gold_gain":0,"player_choice":"Gave Potion","damage_taken":0,"relics_obtained":["Eternal Feather"],"max_hp_gain":0,"max_hp_loss":0,"event_name":"WeMeetAgain","floor":24,"gold_loss":0}],"is_beta":false,"boss_relics":[{"not_picked":["Velvet Choker","Runic Pyramid"],"picked":"Tiny House"}],"items_purged_floors":[],"is_endless":false,"potions_floor_spawned":[1,5,12,14,22,27],"killed_by":"Cultist and Chosen","ascension_level":1}}