{"host":"e4wnmsyty9uvvtwf","time":1609063420,"event":{"mods":["Act Like it!","BaseMod","Colored Map","Colored Powertips","Gensokyo","Marisa£®ÏF”Í°°ƒß¿Ì…≥£©","Minty Spire (QoL Compilation)","Rare Cards Sparkle","StSLib"],"gold_per_floor":[115,14,24,24,44,44,44,73,128,128,25,25,37,187,187,187,187],"floor_reached":16,"playtime":493,"items_purged":[],"score":186,"play_id":"aa17f4c4-a087-4019-9068-c6bfb42230c6","local_time":"20201227180340","is_ascension_mode":true,"campfire_choices":[{"data":"Occultation","floor":6,"key":"SMITH"},{"data":"MysteriousBeam","floor":12,"key":"SMITH"},{"data":"EarthLightRay","floor":15,"key":"SMITH"}],"circlet_count":0,"master_deck":["AscendersBane","Strike_MRS","Strike_MRS","Strike_MRS","Defend_MRS","Defend_MRS","Defend_MRS","Defend_MRS","UpSweep","Occultation+1","EarthLightRay+1","PropBag","Pain","6A","EnergyFlow","Gensokyo:TarnishedGold","Gensokyo:BlemishedSteel","MysteriousBeam"],"relics":["MiniHakkero","Gensokyo:LunaticRedEyes","Happy Flower","PreservedInsect","Oddly Smooth Stone","Meat on the Bone"],"acts_visited":["Exordium"],"potions_floor_usage":[8,16],"damage_taken":[{"damage":2,"enemies":"Gensokyo:2_Kodama","floor":1,"turns":5},{"damage":0,"enemies":"Gensokyo:Python","floor":3,"turns":2},{"damage":4,"enemies":"Gensokyo:3_Fairies","floor":5,"turns":5},{"damage":27,"enemies":"Gensokyo:Aya","floor":8,"turns":7},{"damage":2,"enemies":"Gensokyo:3_Kodama","floor":13,"turns":2},{"damage":19,"enemies":"Gensokyo:Reimu","floor":16,"turns":11}],"seed_played":"-3238457136146029473","potions_obtained":[{"floor":1,"key":"ShroomBrew"},{"floor":8,"key":"Block Potion"}],"is_trial":false,"path_per_floor":["M","$","M","?","M","R","?","E","T","?","COS","R","M","?","R","B"],"character_chosen":"MARISA","items_purchased":["MysteriousBeam","EarthLightRay"],"campfire_rested":0,"item_purchase_floors":[2,2],"current_hp_per_floor":[61,61,65,65,65,65,65,42,42,42,42,42,40,40,40,27,27],"gold":187,"neow_bonus":"TRANSFORM_CARD","is_daily":false,"chose_seed":false,"campfire_upgraded":3,"win_rate":0.0,"timestamp":1609063420,"path_taken":["M","$","M","?","?","R","?","E","T","?","COS","R","M","?","R","BOSS"],"items_purchased_type":["Card","Card"],"build_version":"2020-12-22","purchased_purges":0,"victory":false,"max_hp_per_floor":[70,70,70,70,70,70,70,70,70,70,70,70,70,70,70,70,70],"card_choices":[{"not_picked":["DarkSpark","DC","LuminesStrike"],"picked":"SKIP","floor":1},{"not_picked":["EnergyRecoil","DoubleSpark"],"picked":"PropBag","floor":3},{"not_picked":["GravityBeat","GalacticHalo"],"picked":"6A","floor":5},{"not_picked":["SporeBomb","ShootingEcho"],"picked":"EnergyFlow","floor":8},{"not_picked":["GravityBeat","DC"],"picked":"MysteriousBeam","floor":13}],"player_experience":661985,"relics_obtained":[{"floor":8,"key":"PreservedInsect"},{"floor":9,"key":"Oddly Smooth Stone"}],"event_choices":[],"is_beta":false,"boss_relics":[],"items_purged_floors":[],"is_endless":false,"potions_floor_spawned":[1,8],"killed_by":"Gensokyo:Reimu","ascension_level":20}}