{"host":"zig6x0mxqzam82fb","time":1609052849,"event":{"mods":["BaseMod","Block Reminder","Colored Map","Colored Powertips","Minty Spire (QoL Compilation)","Relic Stats","StSLib","The Marked"],"gold_per_floor":[115,127,141,66,85,85,116,126,126,143,143,155,183,183,183,286,286,302,315,414,414,68,93,93,125,150,168,194,194,194],"floor_reached":29,"playtime":2002,"items_purged":["theMarked:Strike","theMarked:Strike"],"score":289,"play_id":"423adb47-260c-4b2c-a87c-db51e9a8baec","local_time":"20201227020729","is_ascension_mode":true,"campfire_choices":[{"data":"theMarked:SoldierOfQuellstein","floor":6,"key":"SMITH"},{"floor":11,"key":"REST"},{"floor":15,"key":"REST"},{"floor":24,"key":"REST"}],"circlet_count":0,"master_deck":["theMarked:Strike","theMarked:Defend","theMarked:Defend","theMarked:Defend","theMarked:SoldierOfQuellstein+1","theMarked:SwordAndMagic","theMarked:HeritageOfTheMarked","theMarked:BanishingStrike","theMarked:WardOff","theMarked:WardOff","theMarked:ChainLightning","theMarked:EmpowerWeapon+1","theMarked:TwofoldDefense+1","theMarked:TwofoldDefense+1","theMarked:SuspiciousRaven+1","theMarked:WardOff+1","theMarked:EmpowerWeapon+1","theMarked:MysticalArsenal","Chrysalis+1","theMarked:SelfDefenseTraining","theMarked:ResourceFulStrike+1","Decay","theMarked:HeightenedSenses+1","theMarked:TakeOffHeels+1"],"relics":["Empty Cage","Bronze Scales","Toxic Egg 2","Gambling Chip","Letter Opener","Cursed Key","Girya","StrikeDummy","Orichalcum","Red Mask"],"acts_visited":["Exordium","TheCity"],"potions_floor_usage":[7,13,13,25,29,29],"damage_taken":[{"damage":1,"enemies":"Cultist","floor":1,"turns":3},{"damage":10,"enemies":"Small Slimes","floor":2,"turns":3},{"damage":0,"enemies":"2 Louse","floor":3,"turns":2},{"damage":11,"enemies":"Red Slaver","floor":5,"turns":4},{"damage":19,"enemies":"3 Sentries","floor":7,"turns":6},{"damage":0,"enemies":"3 Louse","floor":8,"turns":4},{"damage":0,"enemies":"2 Fungi Beasts","floor":10,"turns":3},{"damage":8,"enemies":"Exordium Wildlife","floor":12,"turns":4},{"damage":8,"enemies":"Gremlin Nob","floor":13,"turns":4},{"damage":7,"enemies":"The Guardian","floor":16,"turns":10},{"damage":0,"enemies":"Spheric Guardian","floor":18,"turns":3},{"damage":3,"enemies":"Shell Parasite","floor":19,"turns":3},{"damage":30,"enemies":"Gremlin Leader","floor":23,"turns":4},{"damage":27,"enemies":"Slavers","floor":25,"turns":5},{"damage":2,"enemies":"Cultist and Chosen","floor":27,"turns":5},{"damage":9,"enemies":"Masked Bandits","floor":28,"turns":5},{"damage":31,"enemies":"Book of Stabbing","floor":29,"turns":3}],"seed_played":"-157927514357920332","potions_obtained":[{"floor":2,"key":"LiquidMemories"},{"floor":7,"key":"Fruit Juice"},{"floor":12,"key":"Weak Potion"},{"floor":16,"key":"Fire Potion"},{"floor":18,"key":"SteroidPotion"},{"floor":19,"key":"theMarked:ChargePotion"},{"floor":23,"key":"BlessingOfTheForge"},{"floor":28,"key":"ColorlessPotion"}],"is_trial":false,"path_per_floor":["M","M","M","$","M","R","E","M","T","M","R","M","E","?","R","B",null,"M","M","?","?","$","E","R","E","T","M","?","E"],"character_chosen":"THE_DEFAULT","items_purchased":["theMarked:MysticalArsenal","Chrysalis+1"],"campfire_rested":3,"item_purchase_floors":[22,22],"current_hp_per_floor":[69,59,59,59,48,48,34,34,34,34,56,48,40,37,59,52,75,75,72,72,72,72,42,64,37,37,35,26,0,0],"gold":194,"neow_bonus":"BOSS_RELIC","is_daily":false,"chose_seed":false,"campfire_upgraded":1,"win_rate":0.0,"timestamp":1609052849,"path_taken":["M","M","M","$","M","R","E","M","T","M","R","?","E","?","R","BOSS","M","M","?","?","$","E","R","E","T","?","?","E"],"items_purchased_type":["Card","Card"],"build_version":"2020-12-22","purchased_purges":2,"victory":false,"max_hp_per_floor":[70,70,70,70,70,70,75,75,75,75,75,75,75,75,75,75,75,75,75,75,75,75,75,75,75,75,75,75,75,75],"relic_stats":{"counters":[17,70],"Bronze Scales":[146],"Gambling Chip":[20],"Letter Opener":[88],"Orichalcum":[12],"Cursed Key":1,"obtain_stats":[{"theMarked:ArtifactOfAir":0,"Girya":23,"Bronze Scales":7,"Gambling Chip":13,"Red Mask":28,"Letter Opener":14,"Toxic Egg 2":9,"Orichalcum":26,"Empty Cage":0,"Cursed Key":17,"StrikeDummy":25},{"theMarked:ArtifactOfAir":0,"Girya":13,"Bronze Scales":5,"Gambling Chip":9,"Red Mask":16,"Letter Opener":9,"Toxic Egg 2":6,"Orichalcum":14,"Empty Cage":0,"Cursed Key":10,"StrikeDummy":14},{"theMarked:ArtifactOfAir":0,"Girya":52,"Bronze Scales":17,"Gambling Chip":32,"Red Mask":67,"Letter Opener":32,"Toxic Egg 2":21,"Orichalcum":57,"Empty Cage":0,"Cursed Key":42,"StrikeDummy":57}]},"card_choices":[{"not_picked":["theMarked:ChainLightning","theMarked:WastefulAttack"],"picked":"theMarked:SwordAndMagic","floor":1},{"not_picked":["theMarked:ElectricStrings","theMarked:TwofoldDefense"],"picked":"theMarked:HeritageOfTheMarked","floor":2},{"not_picked":["theMarked:Electrocute","theMarked:TwofoldDefense"],"picked":"theMarked:BanishingStrike","floor":3},{"not_picked":["theMarked:RepellingDischarge","theMarked:ResourceFulStrike"],"picked":"theMarked:WardOff","floor":5},{"not_picked":["theMarked:TakeCover","theMarked:EnhancedHearing"],"picked":"theMarked:WardOff","floor":7},{"not_picked":["theMarked:RepellingDischarge","theMarked:Snap"],"picked":"theMarked:ChainLightning","floor":8},{"not_picked":["theMarked:Frustration","theMarked:Convert+1"],"picked":"theMarked:EmpowerWeapon+1","floor":10},{"not_picked":["theMarked:WastefulAttack","theMarked:HeightenedSenses+1"],"picked":"theMarked:TwofoldDefense+1","floor":12},{"not_picked":["theMarked:Aftermath+1","theMarked:WastefulAttack"],"picked":"theMarked:TwofoldDefense+1","floor":13},{"not_picked":["theMarked:SoldierForm","theMarked:ChannelForce+1"],"picked":"theMarked:SuspiciousRaven+1","floor":16},{"not_picked":["theMarked:Frustration","theMarked:ResourceFulStrike"],"picked":"theMarked:WardOff+1","floor":18},{"not_picked":["theMarked:Reabsorb+1","theMarked:SelfDefenseTraining+1"],"picked":"theMarked:EmpowerWeapon+1","floor":19},{"not_picked":["theMarked:Polarize+1","theMarked:ThrowWeapon"],"picked":"theMarked:SelfDefenseTraining","floor":23},{"not_picked":["theMarked:RepellingDischarge+1","theMarked:WastefulAttack+1"],"picked":"theMarked:ResourceFulStrike+1","floor":25},{"not_picked":["theMarked:Static+1","theMarked:WastefulAttack"],"picked":"theMarked:HeightenedSenses+1","floor":27},{"not_picked":["theMarked:RepellingDischarge+1","theMarked:SwordAndMagic+1"],"picked":"theMarked:TakeOffHeels+1","floor":28}],"player_experience":351731,"relics_obtained":[{"floor":7,"key":"Bronze Scales"},{"floor":9,"key":"Toxic Egg 2"},{"floor":13,"key":"Gambling Chip"},{"floor":23,"key":"Girya"},{"floor":25,"key":"StrikeDummy"},{"floor":26,"key":"Orichalcum"},{"floor":28,"key":"Red Mask"}],"event_choices":[{"damage_healed":0,"gold_gain":0,"player_choice":"Success","damage_taken":3,"relics_obtained":["Letter Opener"],"max_hp_gain":0,"max_hp_loss":0,"event_name":"Scrap Ooze","floor":14,"gold_loss":0},{"damage_healed":0,"gold_gain":99,"player_choice":"Stole From Cult","damage_taken":0,"max_hp_gain":0,"max_hp_loss":0,"event_name":"Nest","floor":20,"gold_loss":0},{"cards_removed":["theMarked:Strike"],"damage_healed":0,"gold_gain":0,"player_choice":"Offered Basic","damage_taken":0,"max_hp_gain":0,"max_hp_loss":0,"event_name":"Bonfire Elementals","floor":21,"gold_loss":0},{"damage_healed":0,"gold_gain":0,"player_choice":"Fought Bandits","damage_taken":0,"max_hp_gain":0,"max_hp_loss":0,"event_name":"Masked Bandits","floor":28,"gold_loss":0}],"is_beta":false,"boss_relics":[{"not_picked":["Astrolabe","Ectoplasm"],"picked":"Cursed Key"}],"items_purged_floors":[4,22],"is_endless":false,"potions_floor_spawned":[2,7,12,16,18,19,23,28],"killed_by":"Book of Stabbing","ascension_level":1}}