{"host":"kag8mfq4or8nkqb2","time":1609100513,"event":{"mods":["2.2 Compatiblity","BaseMod","Downfall","Minty Spire (QoL Compilation)","StSLib"],"gold_per_floor":[99,109,124,134,145,157,180,180,180,16,27,37,37,37,57,129,129,129,142,158,158,68,97,97,22,33,44,55,55,55,73,89,165,165,90,106,91,107,107,119,143,212,228,153,164,188,188,202,218,218,218,218,218,218],"floor_reached":52,"playtime":3160,"items_purged":["Guardian:Strike_Guardian+1","Guardian:Strike_Guardian+1"],"score":1401,"play_id":"83a35840-04e3-4569-9f5d-9b0149ebbe98","local_time":"20201227202153","is_ascension_mode":true,"campfire_choices":[{"data":"expansioncontent:HyperBeam","floor":1,"key":"SMITH"},{"data":"Guardian:CurlUp","floor":9,"key":"SMITH"},{"data":"Guardian:Harden","floor":13,"key":"SMITH"},{"data":"Guardian:DonusPower","floor":18,"key":"SMITH"},{"data":"Guardian:SentryBeam","floor":25,"key":"SMITH"},{"data":"Guardian:BronzeArmor","floor":30,"key":"SMITH"},{"floor":35,"key":"RECALL"},{"floor":44,"key":"REST"},{"data":"Guardian:BaubleBeam","floor":47,"key":"SMITH"}],"circlet_count":0,"master_deck":["AscendersBane","Guardian:Defend_Guardian+1","Guardian:Defend_Guardian+1","Guardian:Defend_Guardian+1","Guardian:CurlUp+1","Guardian:TwinSlam","expansioncontent:HyperBeam+1","Guardian:SentryBeam+1","Guardian:Harden+1","Guardian:PolyBeam","Guardian:DonusPower+1","Guardian:SpikerProtocol+1","Guardian:PiercingHide","Guardian:BronzeArmor+1","Guardian:StasisField","Guardian:BaubleBeam+1","Guardian:StasisStrike"],"relics":["Guardian:ModeShifter","Regal Pillow","sneckomod:BlankCard","Sozu","Boot","downfall:HeartBlessingGreen","expansioncontent:StudyCardRelic","downfall:HeartBlessingBlue","Art of War","Membership Card","Lantern","downfall:HeartBlessingRed","Ancient Tea Set"],"acts_visited":["Exordium","TheCity","TheBeyond","TheEnding"],"potions_floor_usage":[28],"damage_taken":[{"damage":4,"enemies":"Cultist","floor":2,"turns":3},{"damage":0,"enemies":"2 Louse","floor":3,"turns":2},{"damage":0,"enemies":"Small Slimes","floor":4,"turns":3},{"damage":0,"enemies":"3 Louse","floor":5,"turns":1},{"damage":11,"enemies":"Exordium Thugs","floor":6,"turns":3},{"damage":0,"enemies":"downfall:FleeingMerchant","floor":10,"turns":4},{"damage":0,"enemies":"Blue Slaver","floor":11,"turns":1},{"damage":7,"enemies":"Gremlin Gang","floor":12,"turns":3},{"damage":1,"enemies":"Exordium Thugs","floor":15,"turns":4},{"damage":0,"enemies":"downfall:Silent","floor":16,"turns":10},{"damage":0,"enemies":"Spheric Guardian","floor":19,"turns":4},{"damage":0,"enemies":"3 Byrds","floor":20,"turns":3},{"damage":0,"enemies":"downfall:FleeingMerchant","floor":22,"turns":4},{"damage":0,"enemies":"Book of Stabbing","floor":23,"turns":5},{"damage":4,"enemies":"3 Cultists","floor":26,"turns":3},{"damage":0,"enemies":"Snecko","floor":27,"turns":4},{"damage":0,"enemies":"Snake Plant","floor":28,"turns":2},{"damage":3,"enemies":"Shelled Parasite and Fungi","floor":31,"turns":4},{"damage":0,"enemies":"Snecko","floor":32,"turns":4},{"damage":0,"enemies":"downfall:Defect","floor":33,"turns":8},{"damage":0,"enemies":"Orb Walker","floor":36,"turns":3},{"damage":6,"enemies":"downfall:FleeingMerchant","floor":37,"turns":4},{"damage":5,"enemies":"3 Shapes","floor":38,"turns":3},{"damage":34,"enemies":"Transient","floor":40,"turns":5},{"damage":0,"enemies":"downfall:FleeingMerchant","floor":42,"turns":1},{"damage":15,"enemies":"Sphere and 2 Shapes","floor":43,"turns":5},{"damage":1,"enemies":"Maw","floor":45,"turns":6},{"damage":0,"enemies":"Jaw Worm Horde","floor":48,"turns":2},{"damage":14,"enemies":"Transient","floor":49,"turns":5},{"damage":6,"enemies":"downfall:Watcher","floor":50,"turns":6},{"damage":96,"enemies":"downfall:CharBossMerchant","floor":52,"turns":10}],"seed_played":"-687215106107146043","potions_obtained":[{"floor":2,"key":"champ:CounterPotion"},{"floor":5,"key":"Fire Potion"},{"floor":11,"key":"Guardian:DefensiveModePotion"}],"is_trial":false,"path_per_floor":["R","M","M","M","M","M","T","?","R","$","M","M","R","?","M","B",null,"R","M","M","?","$","E","T","R","M","M","M","?","R","M","M","B",null,"R","M","?","M","?","M","T","$","M","R","M","T","R","M","M","B",null,"E"],"character_chosen":"GUARDIAN","items_purchased":["sneckomod:BlankCard","Membership Card","Lantern"],"campfire_rested":1,"item_purchase_floors":[10,42,42],"current_hp_per_floor":[72,68,68,68,68,57,57,57,57,57,57,50,50,50,49,49,72,72,72,72,72,72,72,72,72,68,68,68,60,60,57,57,57,74,84,84,78,73,73,39,39,39,24,66,65,65,65,65,51,45,79,0,0,0],"gold":218,"neow_bonus":"RANDOM_COLORLESS","is_daily":false,"chose_seed":false,"campfire_upgraded":7,"win_rate":0.0,"timestamp":1609100513,"path_taken":["R","M","M","?","M","M","T","?","R","$","M","M","R","?","M","BOSS","R","M","M","?","$","E","T","R","M","M","M","?","R","M","M","BOSS","R","M","?","M","?","M","T","$","M","R","?","?","R","M","M","BOSS","E"],"items_purchased_type":["Relic","Relic","Relic"],"build_version":"2020-12-22","purchased_purges":2,"victory":false,"max_hp_per_floor":[80,80,80,80,80,80,80,80,80,80,80,80,80,80,80,80,80,80,80,80,80,80,80,80,80,80,80,80,80,80,80,80,80,80,90,90,90,90,90,90,90,90,90,90,90,90,90,90,90,90,90,90,90,90],"card_choices":[{"not_picked":["Dramatic Entrance","Bandage Up"],"picked":"expansioncontent:HyperBeam","floor":0},{"not_picked":["Guardian:ChargeCore","Guardian:WalkerClaw"],"picked":"Guardian:SentryBeam","floor":2},{"not_picked":["Guardian:PiercingHide","Guardian:Gem_Red"],"picked":"Guardian:Harden","floor":3},{"not_picked":["Guardian:FloatingOrbs","Guardian:CrystalBeam"],"picked":"Guardian:PolyBeam","floor":4},{"not_picked":["Guardian:TimeBomb","Guardian:PrimingBeam"],"picked":"Guardian:Gem_Crimson","floor":5},{"not_picked":["Guardian:TemporalStrike","Guardian:PolyBeam","Guardian:RollAttack"],"picked":"SKIP","floor":6},{"not_picked":["Guardian:FloatingOrbs","Guardian:Incinerate"],"picked":"Guardian:DonusPower","floor":10},{"not_picked":["Guardian:Reroute","Guardian:VentSteam"],"picked":"Guardian:SpikerProtocol","floor":11},{"not_picked":["Guardian:Gem_Red","Guardian:TimeBomb","Guardian:Gem_Purple"],"picked":"SKIP","floor":12},{"not_picked":["Guardian:Repulse","Guardian:TemporalStrike"],"picked":"Guardian:Gem_Cyan","floor":15},{"not_picked":["Guardian:Gem_Green","Guardian:PrimingBeam"],"picked":"Guardian:PiercingHide","floor":19},{"not_picked":["Guardian:Gem_Green","Guardian:RollAttack"],"picked":"Guardian:BronzeArmor","floor":20},{"not_picked":["Guardian:CrystalBeam","Guardian:TemporalStrike"],"picked":"Guardian:Gem_Cyan","floor":22},{"not_picked":["Guardian:SentryBeam","Guardian:Reroute","Guardian:Gem_Lightblue"],"picked":"SKIP","floor":23},{"not_picked":["Guardian:Harden","Guardian:Gem_Lightblue"],"picked":"Guardian:StasisField","floor":26},{"not_picked":["Guardian:Gem_Lightblue","Guardian:Reroute","Guardian:ShieldSpikes"],"picked":"SKIP","floor":27},{"not_picked":["Guardian:Gem_Lightblue","Guardian:TemporalShield"],"picked":"Guardian:Gem_White","floor":28},{"not_picked":["Guardian:Gem_Purple","Guardian:Recover","Guardian:PrimingBeam"],"picked":"SKIP","floor":31},{"not_picked":["Guardian:Gem_Cyan","Guardian:ShieldCharger","Guardian:PrimingBeam+1"],"picked":"SKIP","floor":32},{"not_picked":["Guardian:RevengeProtocol","Guardian:ExploitGems"],"picked":"Guardian:Gem_Synthetic","floor":33},{"not_picked":["Guardian:Gem_Cyan","Guardian:ShieldCharger","Guardian:PrimingBeam"],"picked":"SKIP","floor":36},{"not_picked":["Guardian:ArmoredProtocol","Guardian:TimeCapacitor+1","Guardian:ChargeUp+1"],"picked":"SKIP","floor":37},{"not_picked":["Guardian:SentryBeam","Guardian:Reroute","Guardian:Gem_Crimson"],"picked":"SKIP","floor":38},{"not_picked":["Guardian:Emergency","Guardian:WalkerClaw"],"picked":"Guardian:BaubleBeam","floor":40},{"not_picked":["Guardian:GuardianWhirl","Guardian:Incinerate+1","Guardian:ShieldSpikes+1"],"picked":"SKIP","floor":42},{"not_picked":["Guardian:Suspension","Guardian:TimeBomb"],"picked":"Guardian:Gem_Purple","floor":43},{"not_picked":["Guardian:Gem_Purple","Guardian:VentSteam","Guardian:ChargeUp"],"picked":"SKIP","floor":45},{"not_picked":["Guardian:TemporalShield","Guardian:Gem_Red","Guardian:Repulse+1"],"picked":"SKIP","floor":48},{"not_picked":["Guardian:Suspension+1","Guardian:PiercingHide"],"picked":"Guardian:StasisStrike","floor":49}],"player_experience":1046133,"relics_obtained":[{"floor":7,"key":"Regal Pillow"},{"floor":23,"key":"Boot"},{"floor":41,"key":"Art of War"},{"floor":46,"key":"Ancient Tea Set"}],"event_choices":[{"damage_healed":0,"gold_gain":0,"player_choice":"Simplicity","damage_taken":0,"max_hp_gain":0,"max_hp_loss":0,"event_name":"Back to Basics","floor":21,"gold_loss":0,"cards_upgraded":["Guardian:Strike_Guardian","Guardian:Strike_Guardian","Guardian:Strike_Guardian","Guardian:Defend_Guardian","Guardian:Defend_Guardian","Guardian:Defend_Guardian","Guardian:Defend_Guardian"]},{"cards_removed":["Guardian:Defend_Guardian"],"damage_healed":0,"gold_gain":0,"player_choice":"Offered Basic","damage_taken":0,"max_hp_gain":0,"max_hp_loss":0,"event_name":"Bonfire Elementals","floor":39,"gold_loss":0}],"is_beta":false,"boss_relics":[{"not_picked":["Black Star","Snecko Eye"],"picked":"Sozu"},{"not_picked":["Pandora\u0027s Box","Empty Cage"],"picked":"expansioncontent:StudyCardRelic"}],"items_purged_floors":[22,42],"is_endless":false,"potions_floor_spawned":[2,5,11,12,15,23,26,28,31,33,36,38,48,49],"killed_by":"downfall:CharBossMerchant","ascension_level":13}}