{"host":"ds1yr10zonoc6w4a","time":1609059941,"event":{"mods":["2.2 Compatiblity","AchievementEnabler","Act Like it!","BaseMod","Downfall","Elementarium","Gensokyo","Infinite Spire","Jorbs\u0027s Wanderer Trilogy","Koishi","Menagerie","Minty Spire (QoL Compilation)","Pale of the Ancients","StSLib","The Animator","Wandering Minibosses","vexMod","??????REMEMod"],"gold_per_floor":[116,147,35,59,59,59,59,89,115,133,133,133],"floor_reached":11,"playtime":1296,"items_purged":[],"score":105,"play_id":"daa53794-99cc-4a45-a355-ecd72b9f1f72","local_time":"20201227020541","is_ascension_mode":true,"campfire_choices":[{"data":"animator:SuzuneAmano","floor":6,"key":"SMITH"}],"circlet_count":0,"master_deck":["AscendersBane","animator:Strike_Elsword","animator:Defend_Elsword","animator:Strike","animator:Strike","animator:Strike","animator:Defend","animator:Defend","animator:Defend","animator:Chung","animator:Raven","animator:SuzuneAmano+1","animator:YuiTsuruno","animator:Mikaela","Gensokyo:BlemishedSteel","Gensokyo:TarnishedGold","animator:Ara","animator:Entoma+1","Intimidate","animator:Viivi","animator:Chung"],"relics":["animator:LivingPicture","animator:TheMissingPiece","REME_ComplimentaryCards","animator:PurgingStone","Vajra"],"acts_visited":["Gensokyo:Gensokyo"],"potions_floor_usage":[11],"damage_taken":[{"damage":7,"enemies":"Gensokyo:Python","floor":1,"turns":3},{"damage":0,"enemies":"Gensokyo:3_Fairies","floor":2,"turns":4},{"damage":45,"enemies":"Gensokyo:Cirno","floor":8,"turns":9},{"damage":0,"enemies":"Gensokyo:Gryphon","floor":10,"turns":3},{"damage":7,"enemies":"Gensokyo:Aya","floor":11,"turns":2}],"seed_played":"-2323533418903981376","potions_obtained":[{"floor":8,"key":"Slimebound:ThreeZeroPotion"},{"floor":10,"key":"sneckomod:MuddlingPotion"}],"is_trial":false,"path_per_floor":["M","M","COS","?","$","R","?","E","T","M","E"],"character_chosen":"THE_ANIMATOR","items_purchased":[],"campfire_rested":0,"item_purchase_floors":[],"current_hp_per_floor":[52,52,52,52,52,52,46,3,3,3,0,0],"gold":133,"neow_bonus":"THREE_CARDS","is_daily":false,"chose_seed":false,"campfire_upgraded":1,"win_rate":0.0,"timestamp":1609059941,"path_taken":["M","M","COS","?","?","R","?","E","T","M","E"],"items_purchased_type":[],"build_version":"2020-12-22","purchased_purges":0,"victory":false,"max_hp_per_floor":[66,66,66,66,66,66,66,68,68,68,68,68],"card_choices":[{"not_picked":["animator:UneriGinkaku","animator:Azekura"],"picked":"animator:SuzuneAmano","floor":0},{"not_picked":["animator:RoryMercury","animator:Tyuule"],"picked":"animator:YuiTsuruno","floor":1},{"not_picked":["animator:Chung","animator:YaoHaDucy"],"picked":"animator:Mikaela","floor":2},{"not_picked":["animator:Konayuki","animator:Togame"],"picked":"animator:Ara","floor":4},{"not_picked":["animator:Chris","animator:Yoichi"],"picked":"animator:Entoma","floor":4},{"not_picked":["animator:Ara","animator:Gillette"],"picked":"animator:Viivi","floor":8},{"not_picked":["animator:Laby","animator:Ara"],"picked":"animator:Chung","floor":10}],"player_experience":560073,"relics_obtained":[{"floor":8,"key":"Vajra"}],"event_choices":[],"is_beta":false,"boss_relics":[],"items_purged_floors":[],"is_endless":false,"potions_floor_spawned":[8,10],"killed_by":"Gensokyo:Aya","ascension_level":11}}