{"host":"ws4mzzemcqsz5e2k","time":1609068511,"event":{"mods":["BaseMod","Colored Powertips","Minty Spire (QoL Compilation)","StSLib","TestMod","没有小屋子和绿帽子啦"],"gold_per_floor":[112,187,112,1111,1128,1128,1128],"floor_reached":6,"playtime":178,"items_purged":[],"score":93,"play_id":"de124f1b-cb6b-4cdb-94e2-4718e34cea3f","local_time":"20201227192831","is_ascension_mode":true,"campfire_choices":[],"circlet_count":0,"master_deck":["AscendersBane","Strike_G","Strike_G","Strike_G","Strike_G","Defend_G","Defend_G","Defend_G","Defend_G","Defend_G","Survivor","Neutralize","CurseOfTheBell","testmod-RabbitOfFibonacci+1","Expertise"],"relics":["testmod-TestBox","testmod-OneHitWonder","Sundial","StoneCalendar"],"acts_visited":[],"potions_floor_usage":[],"damage_taken":[{"damage":21,"enemies":"Jaw Worm","floor":1,"turns":7},{"damage":7,"enemies":"Small Slimes","floor":5,"turns":7},{"damage":0,"enemies":"Lagavulin","floor":6,"turns":2}],"seed_played":"8832678662369653697","potions_obtained":[],"is_trial":false,"path_per_floor":["M","?","?","?","M","E"],"character_chosen":"THE_SILENT","items_purchased":[],"campfire_rested":0,"item_purchase_floors":[],"current_hp_per_floor":[38,27,27,27,20,20,20],"gold":1128,"neow_bonus":"BOSS_RELIC","is_daily":false,"chose_seed":false,"campfire_upgraded":0,"win_rate":0.0,"timestamp":1609068511,"path_taken":["M","?","?","?","?","E"],"items_purchased_type":[],"build_version":"2020-12-22","purchased_purges":0,"victory":false,"max_hp_per_floor":[66,66,66,66,66,66,66],"card_choices":[{"not_picked":["Quick Slash","Dagger Throw"],"picked":"Expertise","floor":1},{"not_picked":["Quick Slash","Sucker Punch","Accuracy"],"picked":"SKIP","floor":5}],"player_experience":1371005,"relics_obtained":[{"floor":0,"key":"testmod-OneHitWonder"},{"floor":0,"key":"Sundial"},{"floor":0,"key":"StoneCalendar"}],"event_choices":[{"damage_healed":0,"gold_gain":75,"player_choice":"Gather Gold","damage_taken":11,"max_hp_gain":0,"max_hp_loss":0,"event_name":"World of Goop","floor":2,"gold_loss":0},{"cards_removed":["Strike_G"],"damage_healed":0,"gold_gain":0,"player_choice":"Card Removal","damage_taken":0,"max_hp_gain":0,"max_hp_loss":0,"event_name":"The Cleric","floor":3,"gold_loss":75},{"damage_healed":0,"gold_gain":999,"player_choice":"Sell","damage_taken":0,"max_hp_gain":0,"max_hp_loss":0,"event_name":"恩洛斯的盘子","floor":4,"relics_lost":["Calling Bell"],"gold_loss":0}],"is_beta":false,"boss_relics":[],"items_purged_floors":[],"is_endless":false,"potions_floor_spawned":[],"killed_by":"Lagavulin","ascension_level":20}}