{"host":"fx0jzgznoonhlyo3","time":1609048602,"event":{"mods":["AchievementEnabler","BaseMod","Colored Map","Colored Powertips","FTL Soundtrack","Minty Spire (QoL Compilation)","StSLib","SuperFastMode"],"gold_per_floor":[113,113,113,130,130,130,158,158,158,175,209,226,226,244,244,244,244],"floor_reached":16,"playtime":453,"items_purged":[],"score":110,"play_id":"61d3deaa-6419-414d-a3b0-5eaf303a9214","local_time":"20201227005642","is_ascension_mode":false,"campfire_choices":[{"data":"Seeing Red","floor":6.0,"key":"SMITH"},{"data":"Dark Embrace","floor":8.0,"key":"SMITH"},{"data":"Strike_R","floor":13,"key":"PURGE"},{"data":"Bash","floor":15,"key":"SMITH"}],"circlet_count":0,"master_deck":["Strike_R","Strike_R","Strike_R","Defend_R","Defend_R","Defend_R","Defend_R","Bash+1","Seeing Red+1","Dark Embrace+1","Bloodletting","Disarm","Shrug It Off"],"relics":["Burning Blood","Darkstone Periapt","Mercury Hourglass","Kunai","Peace Pipe"],"acts_visited":["Exordium"],"potions_floor_usage":[11],"damage_taken":[{"damage":1.0,"enemies":"Jaw Worm","floor":1.0,"turns":3.0},{"damage":0.0,"enemies":"Small Slimes","floor":4.0,"turns":5.0},{"damage":49.0,"enemies":"Lagavulin","floor":7.0,"turns":9.0},{"damage":0.0,"enemies":"Cultist","floor":10.0,"turns":3.0},{"damage":32,"enemies":"Gremlin Nob","floor":11,"turns":4},{"damage":7,"enemies":"Blue Slaver","floor":12,"turns":5},{"damage":4,"enemies":"Red Slaver","floor":14,"turns":6},{"damage":30,"enemies":"The Guardian","floor":16,"turns":2}],"seed_played":"8221666467494390169","potions_obtained":[{"floor":7.0,"key":"Strength Potion"},{"floor":12,"key":"Dexterity Potion"}],"is_trial":false,"path_per_floor":["M","?","?","M","?","R","E","R","T","M","E","M","R","M","R","B"],"character_chosen":"IRONCLAD","items_purchased":[],"campfire_rested":0,"item_purchase_floors":[],"current_hp_per_floor":[80,85,85,85,85,85,42,42,42,48,22,21,21,23,23,0,0],"gold":244,"neow_bonus":"","is_daily":false,"chose_seed":false,"campfire_upgraded":3,"win_rate":0.0,"timestamp":1609048602,"path_taken":["M","?","?","?","?","R","E","R","T","?","E","?","R","M","R","BOSS"],"items_purchased_type":[],"build_version":"2020-12-22","purchased_purges":0,"victory":false,"max_hp_per_floor":[80,85,85,85,85,85,85,85,85,85,85,85,85,85,85,85,85],"card_choices":[{"not_picked":["Twin Strike","Reckless Charge"],"picked":"Thunderclap","floor":1.0},{"not_picked":["Body Slam","Bloodletting"],"picked":"Seeing Red","floor":4.0},{"not_picked":["Bludgeon","Perfected Strike","Body Slam"],"picked":"SKIP","floor":7.0},{"not_picked":["Clothesline","Dropkick"],"picked":"Bloodletting","floor":10.0},{"not_picked":["Power Through","Perfected Strike"],"picked":"Disarm","floor":11},{"not_picked":["Warcry","Iron Wave"],"picked":"Shrug It Off","floor":12},{"not_picked":["Clothesline","True Grit","Headbutt"],"picked":"SKIP","floor":14}],"player_experience":0,"relics_obtained":[{"floor":7.0,"key":"Mercury Hourglass"},{"floor":9.0,"key":"Kunai"},{"floor":11,"key":"Peace Pipe"}],"event_choices":[{"damage_healed":0.0,"max_hp_gain":5.0,"max_hp_loss":0.0,"gold_gain":0.0,"event_name":"Big Fish","player_choice":"Donut","floor":2.0,"gold_loss":0.0,"damage_taken":0.0},{"cards_removed":["Thunderclap"],"damage_healed":0.0,"max_hp_gain":0.0,"max_hp_loss":0.0,"gold_gain":0.0,"event_name":"WeMeetAgain","player_choice":"Gave Card","floor":3.0,"gold_loss":0.0,"damage_taken":0.0,"relics_obtained":["Darkstone Periapt"]},{"damage_healed":0.0,"max_hp_gain":0.0,"max_hp_loss":0.0,"gold_gain":0.0,"cards_transformed":["Strike_R"],"event_name":"Transmorgrifier","player_choice":"Transformed","floor":5.0,"gold_loss":0.0,"damage_taken":0.0,"cards_obtained":["Dark Embrace"]}],"is_beta":false,"boss_relics":[],"items_purged_floors":[],"is_endless":false,"potions_floor_spawned":[7,12],"killed_by":"The Guardian","ascension_level":0}}