{"host":"p6s16n2sj7zvsuor","time":1609083878,"event":{"mods":["BaseMod","Minty Spire (QoL Compilation)"],"gold_per_floor":[114,114,114,129,147,147,176,188,188,200,125,156,156,174,174,270,270,290,301,301,301],"floor_reached":20,"playtime":960,"items_purged":["Strike_G"],"score":233,"play_id":"60c95c34-c433-4ccf-8228-01ac4ba70783","local_time":"20201227174438","is_ascension_mode":true,"campfire_choices":[{"data":"Bane","floor":6,"key":"SMITH"},{"data":"Bane","floor":13,"key":"SMITH"},{"data":"Bane","floor":15,"key":"SMITH"}],"circlet_count":0,"master_deck":["Strike_G","Strike_G","Defend_G","Defend_G","Defend_G","Defend_G","Defend_G","Survivor","Neutralize","Dash","Backflip","Deadly Poison","Bane+1","Backflip","Bane+1","Deadly Poison","Bane+1","Prepared","Envenom","Setup+1","Deflect"],"relics":["Ring of the Snake","NeowsBlessing","Pantograph","Meat on the Bone","Mummified Hand","Black Star"],"acts_visited":["Exordium","TheCity"],"potions_floor_usage":[12,18,19,20],"damage_taken":[{"damage":0,"enemies":"Small Slimes","floor":1,"turns":1},{"damage":0,"enemies":"Jaw Worm","floor":4,"turns":1},{"damage":0,"enemies":"Cultist","floor":5,"turns":1},{"damage":25,"enemies":"Gremlin Nob","floor":7,"turns":4},{"damage":4,"enemies":"Lots of Slimes","floor":8,"turns":5},{"damage":24,"enemies":"Exordium Thugs","floor":10,"turns":4},{"damage":7,"enemies":"Lagavulin","floor":12,"turns":5},{"damage":8,"enemies":"Blue Slaver","floor":14,"turns":3},{"damage":28,"enemies":"Hexaghost","floor":16,"turns":9},{"damage":17,"enemies":"Shell Parasite","floor":18,"turns":4},{"damage":41,"enemies":"Spheric Guardian","floor":19,"turns":6},{"damage":25,"enemies":"Cultist and Chosen","floor":20,"turns":6}],"seed_played":"-7646166749094177052","potions_obtained":[{"floor":4,"key":"SkillPotion"},{"floor":10,"key":"AttackPotion"},{"floor":12,"key":"LiquidMemories"},{"floor":14,"key":"PowerPotion"},{"floor":18,"key":"CunningPotion"}],"is_trial":false,"path_per_floor":["M","?","?","M","M","R","E","M","T","M","$","E","R","M","R","B",null,"M","M","M"],"character_chosen":"THE_SILENT","items_purchased":[],"campfire_rested":0,"item_purchase_floors":[],"current_hp_per_floor":[70,70,70,70,70,70,45,41,41,29,29,34,34,38,38,47,64,47,18,0,0],"gold":301,"neow_bonus":"THREE_ENEMY_KILL","is_daily":false,"chose_seed":false,"campfire_upgraded":3,"win_rate":0.0,"timestamp":1609083878,"path_taken":["M","?","?","?","M","R","E","M","T","M","$","E","R","M","R","BOSS","M","?","M"],"items_purchased_type":[],"build_version":"2020-12-22","purchased_purges":1,"victory":false,"max_hp_per_floor":[70,70,70,70,70,70,70,70,70,70,70,70,70,70,70,70,70,70,70,70,70],"card_choices":[{"not_picked":["Prepared","Flechettes"],"picked":"Dash","floor":1},{"not_picked":["Predator","Endless Agony"],"picked":"Deadly Poison","floor":4},{"not_picked":["Accuracy","Deflect"],"picked":"Bane","floor":5},{"not_picked":["Unload","Storm of Steel"],"picked":"Backflip","floor":7},{"not_picked":["Caltrops","Deadly Poison"],"picked":"Bane","floor":8},{"not_picked":["Dagger Throw","Infinite Blades"],"picked":"Deadly Poison","floor":10},{"not_picked":["Choke","Dagger Throw"],"picked":"Bane","floor":12},{"not_picked":["Wraith Form v2","Well Laid Plans"],"picked":"Prepared","floor":14},{"not_picked":["Bullet Time","Adrenaline"],"picked":"Envenom","floor":16},{"not_picked":["Distraction","Dodge and Roll"],"picked":"Setup+1","floor":18},{"not_picked":["Dagger Spray","Accuracy+1"],"picked":"Deflect","floor":19}],"player_experience":769204,"relics_obtained":[{"floor":7,"key":"Pantograph"},{"floor":9,"key":"Meat on the Bone"},{"floor":12,"key":"Mummified Hand"}],"event_choices":[{"cards_removed":["Strike_G"],"damage_healed":0,"gold_gain":0,"player_choice":"Forget","damage_taken":0,"max_hp_gain":0,"max_hp_loss":0,"event_name":"Living Wall","floor":2,"gold_loss":0},{"damage_healed":0,"gold_gain":0,"cards_transformed":["Strike_G"],"player_choice":"Transformed","damage_taken":0,"max_hp_gain":0,"max_hp_loss":0,"event_name":"Transmorgrifier","floor":3,"gold_loss":0,"cards_obtained":["Backflip"]}],"is_beta":false,"boss_relics":[{"not_picked":["Runic Pyramid","Calling Bell"],"picked":"Black Star"}],"items_purged_floors":[11],"is_endless":false,"potions_floor_spawned":[4,10,12,14,18],"killed_by":"Cultist and Chosen","ascension_level":5}}