{"host":"79pwvnyrdes6uj7k","time":1609110702,"event":{"mods":["2.2 Compatiblity","Astrologer","BaseMod","Beaked The Cultist","Colored Powertips","Downfall","Exacting","Friendly Minions","HexUI Lib","Highlight Path","Hubris","Infinite Spire","Mad Scientist","Mimic Mod","Minty Spire (QoL Compilation)","Random Character Button","Replay The Spire","Reworked Bosses","Shop Mod","Somnambulant","StSLib","The Cursed","The Disciple","The Factory","The Judge","The Jungle","The Poker Player","The Runesmith","TheHeartMod"],"gold_per_floor":[99,112,112,125,125,151,220,231,265,291,333,345,207,0,18,136,136,136,136,251,340,510,548,600,634,634,679,679,729,729,867,899,1024,1024,1024,1055,1105,1192,1224,1274,1343,1374,1374,1374],"floor_reached":43,"playtime":4313,"items_purged":[],"score":683,"play_id":"17caa884-584f-49df-a553-a4e7e7342ce4","local_time":"20201227171142","is_ascension_mode":false,"campfire_choices":[{"floor":1,"key":"RECALL"},{"data":"TheCursedMod:CursedMace","floor":13,"key":"SMITH"},{"floor":18,"key":"DIG"},{"floor":28,"key":"REST"},{"floor":30,"key":"REST"},{"data":"TheCursedMod:ManaCirculation","floor":35,"key":"SMITH"}],"circlet_count":0,"master_deck":["TheCursedMod:Defend_TheCursed","TheCursedMod:Defend_TheCursed","TheCursedMod:Defend_TheCursed","TheCursedMod:Defend_TheCursed","TheCursedMod:CursedWand","TheCursedMod:CleanUpWorkshop+1","TheCursedMod:Dregs","TheCursedMod:CircleOfCorruption","TheCursedMod:Wield","Injury","TheCursedMod:CircleOfFlame","TheCursedMod:Stretching","TheCursedMod:AbyssShockwave","TheCursedMod:SpitefulPlan","TheCursedMod:CursedMace+1","TheCursedMod:CursedSpellbook","TheCursedMod:SpitefulPlan","Replay:SS_forest_5","TheCursedMod:CollectTribute","hubris:Greed","hubris:Greed","hubris:Greed","Slimebound:Tackle+1","Slimebound:Tackle+1","Slimebound:Tackle+1","hubris:Greed","TheCursedMod:CursedShiv+1","TheCursedMod:WearCloak","TheCursedMod:LuckyCharm+1","TheCursedMod:CircleOfAmplification","ReplayTheSpireMod:Black Plague","TheCursedMod:HellsGateOpen","Clumsy","Pain","infinitespire:UltimateForm","ReplayTheSpireMod:Splinters","TheCursedMod:SoulCrush+1","TheCursedMod:BlessingInDisguise","TheCursedMod:CursedAmulet","TheCursedMod:ShockAndAwe","TheCursedMod:CursedAmulet+1","TheCursedMod:CircleOfCorruption","TheCursedMod:SurpriseAttack+1"],"relics":["Chronometer","Pondfish Scales","infinitespire:Cubic Diamond","infinitespire:WardingShard","MawBank","downfall:HeartBlessingRed","downfall:HeartBlessingBlue","BargainBundle","hubris:Backtick","Du-Vu Doll","infinitespire:Beetle Shell","downfall:CloakOfManyFaces","CultistMask","FaceOfCleric","NlothsMask","GremlinMask","SsserpentHead","TheCursedMod:MagicCandle","Replay:Bottled Steam","Black Star","Bottled Flame","Anchor","PreservedInsect","hubris:TenFootPole","ReplayTheSpireMod:DimensionalGlitch","hubris:Zylophone"],"acts_visited":["Exordium","TheCity","TheBeyond"],"potions_floor_usage":[9,9,16,16,25,25],"damage_taken":[{"damage":6,"enemies":"Jaw Worm","floor":2,"turns":6},{"damage":0,"enemies":"Cultist","floor":4,"turns":3},{"damage":16,"enemies":"Replay:BlueRogue","floor":6,"turns":7},{"damage":0,"enemies":"2 Louse","floor":8,"turns":3},{"damage":20,"enemies":"Gremlin Nob","floor":9,"turns":4},{"damage":2,"enemies":"Exordium Wildlife","floor":10,"turns":7},{"damage":2,"enemies":"Lots of Slimes","floor":11,"turns":4},{"damage":4,"enemies":"downfall:FleeingMerchant","floor":14,"turns":4},{"damage":5,"enemies":"Large Slime","floor":15,"turns":3},{"damage":32,"enemies":"downfall:Silent","floor":16,"turns":8},{"damage":21,"enemies":"downfall:FaceTrader","floor":20,"turns":6},{"damage":16,"enemies":"Shell Parasite","floor":21,"turns":4},{"damage":21,"enemies":"downfall:Ironclad","floor":22,"turns":5},{"damage":2,"enemies":"Chosen","floor":23,"turns":3},{"damage":31,"enemies":"Shelled Parasite and Fungi","floor":25,"turns":4},{"damage":8,"enemies":"Gremlin Leader","floor":27,"turns":5},{"damage":4,"enemies":"Centurion and Healer","floor":32,"turns":5},{"damage":47,"enemies":"downfall:Watcher","floor":33,"turns":9},{"damage":35,"enemies":"3 Darklings","floor":36,"turns":4},{"damage":11,"enemies":"Orb Walker","floor":38,"turns":3},{"damage":23,"enemies":"Jaw Worm Horde","floor":39,"turns":5},{"damage":9,"enemies":"Maw","floor":41,"turns":5},{"damage":4,"enemies":"Maw","floor":42,"turns":8},{"damage":15,"enemies":"Writhing Mass","floor":43,"turns":4}],"seed_played":"6057767506149487241","potions_obtained":[{"floor":6,"key":"SneckoOil"},{"floor":8,"key":"AttackPotion"},{"floor":11,"key":"Milkshake"},{"floor":16,"key":"sneckomod:MuddlingPotion"},{"floor":22,"key":"Regen Potion"},{"floor":25,"key":"CultistPotion"},{"floor":31,"key":"DuplicationPotion"}],"is_trial":false,"path_per_floor":["R","M","?","M","?","E","T","M","E","M","M","?","R","$","M","B",null,"R","?","?","M","?","M","T","M","AVR","E","R","?","R","?","M","B",null,"R","M","?","M","M","?","MIM","M","M"],"character_chosen":"THE_CURSED","items_purchased":["BargainBundle","TheCursedMod:CursedSpellbook","TheCursedMod:SpitefulPlan","Replay:SS_forest_5","DistilledChaos","Adrenaline Potion"],"campfire_rested":2,"item_purchase_floors":[14,14,14,14,14,14],"current_hp_per_floor":[75,69,69,69,69,53,53,53,33,42,51,51,61,57,52,20,85,85,85,64,61,41,40,40,19,19,12,39,39,66,66,63,17,92,92,58,58,48,26,26,18,15,0,0],"gold":1374,"neow_bonus":"ONE_RARE_RELIC","is_daily":false,"chose_seed":false,"campfire_upgraded":2,"win_rate":0.0,"timestamp":1609110702,"path_taken":["R","M","?","M","?","E","T","?","E","M","M","?","R","?","M","BOSS","R","?","?","?","?","M","T","M","AVR","E","R","?","R","?","M","BOSS","R","M","?","?","M","?","MIM","M","M"],"items_purchased_type":["Relic","Card","Card","Card","Potion","Potion"],"build_version":"2020-12-22","purchased_purges":0,"victory":false,"max_hp_per_floor":[75,75,75,75,75,75,75,75,75,75,75,75,85,85,85,85,85,85,85,85,86,87,88,88,89,89,90,90,90,90,90,91,92,92,92,93,93,94,95,95,96,97,97,97],"card_choices":[{"not_picked":["TheCursedMod:VitalStrike","TheCursedMod:FleshFromBone"],"picked":"TheCursedMod:CircleOfCorruption","floor":2},{"not_picked":["TheCursedMod:DoubleShield","TheCursedMod:TacticalStrike"],"picked":"TheCursedMod:Wield","floor":4},{"not_picked":["TheCursedMod:SmokeScreen","TheCursedMod:DoubleShield"],"picked":"TheCursedMod:CircleOfFlame","floor":6},{"not_picked":["TheCursedMod:BloodBarrier","TheCursedMod:Mangle"],"picked":"TheCursedMod:Stretching","floor":8},{"not_picked":["TheCursedMod:CircleOfFocus","TheCursedMod:CircleOfCorruption"],"picked":"TheCursedMod:AbyssShockwave","floor":9},{"not_picked":["TheCursedMod:WearCloak","TheCursedMod:LuckyCharm"],"picked":"TheCursedMod:SpitefulPlan","floor":10},{"not_picked":["TheCursedMod:Obscuration","TheCursedMod:Mangle"],"picked":"TheCursedMod:CursedMace","floor":11},{"not_picked":["TheCursedMod:Stretching","TheCursedMod:VitalStrike","TheCursedMod:AshesToAshes"],"picked":"SKIP","floor":14},{"not_picked":["TheCursedMod:CircleOfFlame","TheCursedMod:CursedStaff"],"picked":"TheCursedMod:CollectTribute","floor":15},{"not_picked":["TheCursedMod:CollectTribute","TheCursedMod:StunningStrike"],"picked":"TheCursedMod:ManaCirculation","floor":16},{"not_picked":["TheCursedMod:Stigma","TheCursedMod:CircleOfCorruption"],"picked":"TheCursedMod:CursedShiv","floor":20},{"not_picked":["TheCursedMod:TacticalStrike+1","TheCursedMod:Stigma"],"picked":"TheCursedMod:WearCloak","floor":21},{"not_picked":["TheCursedMod:AshesToAshes","TheCursedMod:CollectTribute"],"picked":"TheCursedMod:LuckyCharm+1","floor":22},{"not_picked":["TheCursedMod:CursedShiv+1","TheCursedMod:WearCloak"],"picked":"TheCursedMod:CircleOfAmplification","floor":23},{"not_picked":["TheCursedMod:CircleOfFocus","TheCursedMod:CursedMace","TheCursedMod:SaltUponWound"],"picked":"SKIP","floor":25},{"not_picked":["TheCursedMod:CursedAmulet","TheCursedMod:CursedBlade+1"],"picked":"TheCursedMod:HellsGateOpen","floor":27},{"not_picked":["hubris:InfiniteBlow","ReplayTheSpireMod:Haul"],"picked":"infinitespire:UltimateForm","floor":29},{"not_picked":["TheCursedMod:RapidMovement","TheCursedMod:SpitefulPlan"],"picked":"TheCursedMod:SoulCrush+1","floor":31},{"not_picked":["TheCursedMod:SurpriseAttack","TheCursedMod:Wield"],"picked":"TheCursedMod:BlessingInDisguise","floor":31},{"not_picked":["TheCursedMod:CircleOfWindfury+1","TheCursedMod:RapidMovement"],"picked":"TheCursedMod:CursedAmulet","floor":32},{"not_picked":["TheCursedMod:AntiAging","TheCursedMod:DemonicPact"],"picked":"TheCursedMod:ShockAndAwe","floor":33},{"not_picked":["TheCursedMod:DoubleShield","TheCursedMod:CursedShiv+1"],"picked":"TheCursedMod:CursedAmulet+1","floor":36},{"not_picked":["TheCursedMod:Stretching","TheCursedMod:AshesToAshes"],"picked":"TheCursedMod:CircleOfCorruption","floor":38},{"not_picked":["TheCursedMod:WearCloak","TheCursedMod:DoubleShield+1","TheCursedMod:TacticalStrike+1"],"picked":"SKIP","floor":39},{"not_picked":["TheCursedMod:CircleOfBlood","TheCursedMod:VitalStrike"],"picked":"TheCursedMod:SurpriseAttack+1","floor":41},{"not_picked":["TheCursedMod:TacticalStrike+1","TheCursedMod:RapidMovement","TheCursedMod:CursedAmulet"],"picked":"SKIP","floor":42}],"player_experience":322700,"relics_obtained":[{"floor":6,"key":"infinitespire:WardingShard"},{"floor":9,"key":"MawBank"},{"floor":18,"key":"infinitespire:Beetle Shell"},{"floor":20,"key":"downfall:CloakOfManyFaces"},{"floor":22,"key":"TheCursedMod:MagicCandle"},{"floor":22,"key":"Replay:Bottled Steam"},{"floor":27,"key":"Anchor"},{"floor":27,"key":"PreservedInsect"},{"floor":31,"key":"hubris:TenFootPole"},{"floor":41,"key":"hubris:Zylophone"}],"event_choices":[{"cards_removed":["infinitespire:Pacifist"],"damage_healed":0,"gold_gain":0,"player_choice":"Took Card","damage_taken":0,"max_hp_gain":0,"max_hp_loss":0,"event_name":"NoteForYourself","floor":5,"gold_loss":0,"cards_obtained":["Injury"]},{"damage_healed":0,"gold_gain":0,"player_choice":"Upgraded","damage_taken":0,"max_hp_gain":0,"max_hp_loss":0,"event_name":"Upgrade Shrine","floor":37,"gold_loss":0,"cards_upgraded":["TheCursedMod:CursedShiv"]},{"cards_removed":["TheCursedMod:ManaCirculation"],"damage_healed":0,"gold_gain":0,"player_choice":"Removed Power","damage_taken":0,"max_hp_gain":0,"max_hp_loss":0,"event_name":"Falling","floor":40,"gold_loss":0}],"is_beta":false,"boss_relics":[{"not_picked":["Empty Cage","Fusion Hammer"],"picked":"hubris:Backtick"},{"not_picked":["ReplayTheSpireMod:SealedPack","infinitespire:Cupcake"],"picked":"ReplayTheSpireMod:DimensionalGlitch"}],"items_purged_floors":[],"is_endless":false,"potions_floor_spawned":[6,8,11,16,22,23,25,32,33,38,39],"killed_by":"Writhing Mass","ascension_level":0}}