{"host":"oy4pyvr762z5n0bb","time":1609045786,"event":{"mods":["AchievementEnabler","BaseMod","Colored Map","Colored Powertips","Googly Eyes","Key Reminder","Minty Spire (QoL Compilation)","Quick Restart","Relic Sorter","StSLib","SuperFastMode","Unceasing Turn Reminder","slay the spire mod where everything is the same but ironclad has a cowboy hat"],"gold_per_floor":[118,131,131,8,8,38,57,57,83,114,114,114,114,135,135,135,135],"floor_reached":16,"playtime":232,"items_purged":["Regret"],"score":140,"play_id":"b57f32fc-f8df-4669-8785-4de77b7c3d98","local_time":"20201226210946","is_ascension_mode":true,"campfire_choices":[{"floor":11,"key":"REST"},{"floor":13,"key":"REST"},{"data":"Dagger Spray","floor":15,"key":"SMITH"}],"circlet_count":0,"master_deck":["Strike_G","Strike_G","Strike_G","Strike_G","Strike_G","Defend_G","Defend_G","Defend_G","Defend_G","Defend_G","Survivor","Neutralize","Die Die Die+1","Blade Dance","Backflip","Dagger Spray+1","Cloak And Dagger","Slice","Dodge and Roll","Deflect","Injury"],"relics":["Ring of the Snake","Akabeko","Prayer Wheel","PreservedInsect","Art of War","keyreminder:keyreminder","Golden Idol"],"acts_visited":["Exordium"],"potions_floor_usage":[10,10,16],"damage_taken":[{"damage":0,"enemies":"Jaw Worm","floor":1,"turns":3},{"damage":0,"enemies":"2 Louse","floor":2,"turns":1},{"damage":25,"enemies":"3 Sentries","floor":6,"turns":5},{"damage":0,"enemies":"Small Slimes","floor":7,"turns":1},{"damage":20,"enemies":"Lagavulin","floor":10,"turns":4},{"damage":0,"enemies":"2 Fungi Beasts","floor":14,"turns":2},{"damage":72,"enemies":"Slime Boss","floor":16,"turns":7}],"seed_played":"576112111621052334","potions_obtained":[{"floor":2,"key":"FearPotion"},{"floor":7,"key":"Fire Potion"},{"floor":10,"key":"FearPotion"},{"floor":14,"key":"GamblersBrew"}],"is_trial":false,"path_per_floor":["M","M","?","$","?","E","M","$","T","E","R","?","R","M","R","B"],"character_chosen":"THE_SILENT","items_purchased":["Dagger Spray"],"campfire_rested":2,"item_purchase_floors":[4],"current_hp_per_floor":[63,63,63,63,63,38,38,38,38,18,39,39,60,60,60,0,0],"gold":135,"neow_bonus":"ONE_RANDOM_RARE_CARD","is_daily":false,"chose_seed":false,"campfire_upgraded":1,"win_rate":0.0,"timestamp":1609045786,"path_taken":["M","M","?","$","?","E","M","$","T","E","R","?","R","M","R","BOSS"],"items_purchased_type":["Card"],"build_version":"2020-12-22","purchased_purges":1,"victory":false,"max_hp_per_floor":[70,70,70,70,70,70,70,70,70,70,70,70,70,70,70,70,70],"card_choices":[{"not_picked":["Backflip","Concentrate"],"picked":"Blade Dance","floor":1},{"not_picked":["Acrobatics","Flechettes"],"picked":"Backflip","floor":2},{"not_picked":["Dagger Throw","Skewer"],"picked":"Cloak And Dagger","floor":6},{"not_picked":["Quick Slash","Acrobatics"],"picked":"Slice","floor":7},{"not_picked":["Underhanded Strike","Crippling Poison"],"picked":"Dodge and Roll","floor":7},{"not_picked":["Bane","Backflip"],"picked":"Deflect","floor":10},{"not_picked":["Setup","Slice","Bane"],"picked":"SKIP","floor":14},{"not_picked":["Malaise","Underhanded Strike","Reflex"],"picked":"SKIP","floor":14}],"player_experience":587898,"relics_obtained":[{"floor":6,"key":"Prayer Wheel"},{"floor":9,"key":"PreservedInsect"},{"floor":10,"key":"Art of War"}],"event_choices":[{"damage_healed":0,"gold_gain":0,"player_choice":"Box","damage_taken":0,"relics_obtained":["Akabeko"],"max_hp_gain":0,"max_hp_loss":0,"event_name":"Big Fish","floor":3,"gold_loss":0,"cards_obtained":["Regret"]},{"damage_healed":0,"gold_gain":0,"player_choice":"Grow","damage_taken":0,"max_hp_gain":0,"max_hp_loss":0,"event_name":"Living Wall","floor":5,"gold_loss":0,"cards_upgraded":["Die Die Die"]},{"damage_healed":0,"gold_gain":0,"player_choice":"Take Wound","damage_taken":0,"relics_obtained":["Golden Idol"],"max_hp_gain":0,"max_hp_loss":0,"event_name":"Golden Idol","floor":12,"gold_loss":0,"cards_obtained":["Injury"]}],"is_beta":false,"boss_relics":[],"items_purged_floors":[4],"is_endless":false,"potions_floor_spawned":[2,7,10,14],"killed_by":"Slime Boss","ascension_level":6}}