{"host":"n9qtmgye2hz5t4ok","time":1609070979,"event":{"mods":["Act Like it!","BaseMod","Colored Map","Downfall","Gensokyo","Hermit","Marisa????????","Minty Spire (QoL Compilation)","StSLib","The Cursed","The Servant 0.9.4"],"gold_per_floor":[14,14,27,27,45,69000,67954,67971,67971,67971,67983,68001,67231,67249,67249,67348,67348,67363,67382,67297,67322,67322,67347,67347,67381,67462,67462,66586,66586,66586,66606,66606,66702,66702,66721,66740,66740,65658,65677,65677,64878,64925,64998,64998,65025,65025,64206,64224,64224,64224],"floor_reached":51,"playtime":5466,"items_purged":["Regret","Defend_MRS","Strike_MRS","Strike_MRS","Strike_MRS","Defend_MRS"],"score":913,"play_id":"4401d95a-9c3e-47d5-934b-b62986718093","local_time":"20201227130939","is_ascension_mode":false,"campfire_choices":[{"floor":10,"key":"REST"},{"data":"MilkyWay","floor":15,"key":"SMITH"},{"data":"PropBag","floor":24,"key":"SMITH"},{"data":"J.A.X.","floor":30,"key":"SMITH"},{"data":"BinaryStars","floor":32,"key":"SMITH"},{"data":"CollectingQuirk","floor":40,"key":"SMITH"},{"data":"CollectingQuirk","floor":49,"key":"SMITH"}],"circlet_count":0,"master_deck":["Defend_MRS+1","Defend_MRS","MasterSpark+1","UpSweep","BlazingStar","LuminesStrike","PowerUp","OortCloud+1","IllusionStar","Panache+1","OrrerysSun+1","NonDirectionalLaser+1","Deep Breath","CollectingQuirk+1","MilkyWay+1","PulseMagic","EventHorizon+1","MysteriousBeam","Acceleration","Occultation","MilkyWay+1","EventHorizon+1","SporeBomb","GrandCross","CollectingQuirk+1","CurseOfTheBell","PropBag+1","OpenUniverse+1","OortCloud+1","BinaryStars+1","J.A.X.+1","Writhe","FairyDestructionRay","MillisecondPulsars+1","LuminesStrike+1","CollectingQuirk","expansioncontent:StudyTheSpire+1","PropBag+1","Sadistic Nature+1","OortCloud+1","PowerUp"],"relics":["MiniHakkero","Frozen Egg 2","Darkstone Periapt","Vajra","Pantograph","Orrery","White Beast Statue","Ancient Tea Set","TheAbacus","War Paint","Calling Bell","Juzu Bracelet","Letter Opener","TungstenRod","BreadOfAWashokuLover","Red Mask","Whetstone","Boot","Sundial","InkBottle","PreservedInsect","Bottled Tornado","Sling","Kunai","Sozu","StoneCalendar","Orichalcum","Chemical X","Regal Pillow","Centennial Puzzle","HandDrill","CaptainsWheel","Question Card","AmplifyWand","Bag of Marbles","Bird Faced Urn","Lee\u0027s Waffle"],"acts_visited":["Exordium","TheCity","TheBeyond"],"potions_floor_usage":[28],"damage_taken":[{"damage":11,"enemies":"Jaw Worm","floor":1,"turns":2},{"damage":0,"enemies":"Small Slimes","floor":3,"turns":2},{"damage":0,"enemies":"Cultist","floor":5,"turns":2},{"damage":36,"enemies":"Lagavulin","floor":6,"turns":6},{"damage":7,"enemies":"2 Fungi Beasts","floor":8,"turns":3},{"damage":0,"enemies":"Exordium Wildlife","floor":11,"turns":4},{"damage":2,"enemies":"Looter","floor":12,"turns":3},{"damage":5,"enemies":"Exordium Thugs","floor":14,"turns":4},{"damage":12,"enemies":"The Guardian","floor":16,"turns":6},{"damage":7,"enemies":"2 Thieves","floor":18,"turns":2},{"damage":5,"enemies":"3 Byrds","floor":19,"turns":5},{"damage":13,"enemies":"Masked Bandits","floor":21,"turns":4},{"damage":1,"enemies":"Slavers","floor":23,"turns":5},{"damage":10,"enemies":"Gremlin Leader","floor":25,"turns":5},{"damage":2,"enemies":"Snecko","floor":31,"turns":2},{"damage":0,"enemies":"Automaton","floor":33,"turns":5},{"damage":2,"enemies":"3 Darklings","floor":35,"turns":3},{"damage":2,"enemies":"Orb Walker","floor":36,"turns":2},{"damage":6,"enemies":"Jaw Worm Horde","floor":39,"turns":3},{"damage":7,"enemies":"2 Orb Walkers","floor":42,"turns":2},{"damage":0,"enemies":"Giant Head","floor":45,"turns":3},{"damage":2,"enemies":"Sphere and 2 Shapes","floor":48,"turns":1},{"damage":7,"enemies":"Donu and Deca","floor":50,"turns":3}],"seed_played":"-3961590027963694977","potions_obtained":[{"floor":5,"key":"SteroidPotion"},{"floor":8,"key":"LiquidMemories"},{"floor":12,"key":"Guardian:BlockOnCardUsePotion"},{"floor":25,"key":"Strength Potion"},{"floor":33,"key":"Strength Potion"}],"is_trial":false,"path_per_floor":["M","?","M","?","M","E","$","M","T","R","M","M","$","M","R","B",null,"M","M","?","?","T","E","R","E","T","?","$","?","R","M","R","B",null,"M","M","?","$","M","R","$","?","T","?","E","?","$","M","R","B",null],"character_chosen":"MARISA","items_purchased":["Panache+1","OrrerysSun+1","Vajra","Pantograph","NonDirectionalLaser","Deep Breath","SpeedPotion","Orrery","MilkyWay","Ancient Tea Set","TheAbacus","War Paint","EventHorizon+1","SporeBomb","GrandCross","PreservedInsect","Bottled Tornado","Sling","Fruit Juice","EntropicBrew","StoneCalendar","Orichalcum","Chemical X","CollectingQuirk","expansioncontent:StudyTheSpire+1","Regal Pillow","Centennial Puzzle","HandDrill","Sadistic Nature+1","Bag of Marbles","Bird Faced Urn","Lee\u0027s Waffle","PowerUp"],"campfire_rested":1,"item_purchase_floors":[7,7,7,7,7,7,7,7,13,13,13,13,13,13,13,28,28,28,28,28,38,38,38,38,38,41,41,41,41,47,47,47,47],"current_hp_per_floor":[64,57,57,57,57,21,21,14,14,36,36,34,34,29,29,42,81,74,69,69,56,56,55,55,45,45,45,50,56,56,54,54,79,92,90,88,87,87,81,81,81,74,74,74,74,74,94,94,94,94],"gold":64224,"neow_bonus":"THREE_RARE_CARDS","is_daily":false,"chose_seed":false,"campfire_upgraded":6,"win_rate":0.0,"timestamp":1609070979,"path_taken":["M","?","M","?","M","E","$","M","T","R","M","M","$","M","R","BOSS","M","M","?","?","?","E","R","E","T","?","$","?","R","M","R","BOSS","M","M","?","$","M","R","$","?","T","?","E","?","?","M","R","BOSS"],"items_purchased_type":["Card","Card","Relic","Relic","Card","Card","Potion","Relic","Card","Relic","Relic","Relic","Card","Card","Card","Relic","Relic","Relic","Potion","Potion","Relic","Relic","Relic","Card","Card","Relic","Relic","Relic","Card","Relic","Relic","Relic","Card"],"build_version":"2020-12-22","purchased_purges":6,"victory":true,"max_hp_per_floor":[75,75,75,75,75,75,75,75,75,75,75,75,75,75,75,75,81,81,81,81,81,81,81,81,81,81,81,86,92,92,92,92,92,92,92,92,87,87,87,87,87,87,87,87,87,87,94,94,94,94],"card_choices":[{"not_picked":["ManaRampage","SuperNova"],"picked":"BlazingStar","floor":0},{"not_picked":["BlazeAway","UnstableBomb"],"picked":"LuminesStrike","floor":1},{"not_picked":["AsteroidBelt","IllusionStar"],"picked":"PowerUp","floor":3},{"not_picked":["Robbery","AsteroidBelt"],"picked":"OortCloud+1","floor":5},{"not_picked":["DeepEcoloBomb","ChargeUpSpray"],"picked":"IllusionStar","floor":6},{"not_picked":["FairyDestructionRay","SporeBomb"],"picked":"CollectingQuirk","floor":7},{"not_picked":["PropBag","DeepEcoloBomb"],"picked":"MilkyWay","floor":7},{"not_picked":["WitchLeyline","SporeBomb"],"picked":"PulseMagic","floor":7},{"not_picked":["OneTimeOff","DeepEcoloBomb"],"picked":"EventHorizon+1","floor":7},{"not_picked":["TreasureHunter","Orbital"],"picked":"MysteriousBeam","floor":7},{"not_picked":["OneTimeOff","GravityBeat"],"picked":"Acceleration","floor":8},{"not_picked":["6A","SprinkleStarSeal"],"picked":"Occultation","floor":11},{"not_picked":["SuperPerseids","EscapeVelocity+1","GasGiant"],"picked":"SKIP","floor":12},{"not_picked":["IllusionStar","StarBarrage","NonDirectionalLaser"],"picked":"SKIP","floor":14},{"not_picked":["StarDustReverie","AbsoluteMagnitude"],"picked":"CollectingQuirk","floor":16},{"not_picked":["ManaConvection","AsteroidBelt"],"picked":"PropBag","floor":18},{"not_picked":["UnstableBomb","DC+1"],"picked":"OpenUniverse+1","floor":19},{"not_picked":["6A","ShootingEcho"],"picked":"OortCloud+1","floor":21},{"not_picked":["UnstableBomb+1","SporeBomb+1"],"picked":"BinaryStars","floor":23},{"not_picked":["NonDirectionalLaser","AsteroidBelt","StarlightTyphoon+1"],"picked":"SKIP","floor":25},{"not_picked":["EarthLightRay","EnergyRecoil"],"picked":"FairyDestructionRay","floor":31},{"not_picked":["StarDustReverie","CollectingQuirk"],"picked":"MillisecondPulsars+1","floor":33},{"not_picked":["6A+1","NonDirectionalLaser+1"],"picked":"LuminesStrike+1","floor":35},{"not_picked":["GravityBeat","OneTimeOff+1","MachineGunSpark+1"],"picked":"SKIP","floor":36},{"not_picked":["GrandCross+1","DarkSpark"],"picked":"PropBag+1","floor":39},{"not_picked":["SporeBomb+1","6A+1","StarDustReverie"],"picked":"OortCloud+1","floor":45},{"not_picked":["EarthLightRay","ShootingEcho+1","StarBarrage+1","AsteroidBelt"],"picked":"SKIP","floor":48}],"player_experience":32596,"relics_obtained":[{"floor":6,"key":"Darkstone Periapt"},{"floor":9,"key":"White Beast Statue"},{"floor":17,"key":"Juzu Bracelet"},{"floor":17,"key":"Letter Opener"},{"floor":17,"key":"TungstenRod"},{"floor":21,"key":"Red Mask"},{"floor":22,"key":"Whetstone"},{"floor":23,"key":"Boot"},{"floor":25,"key":"Sundial"},{"floor":26,"key":"InkBottle"},{"floor":42,"key":"CaptainsWheel"},{"floor":43,"key":"Question Card"},{"floor":45,"key":"AmplifyWand"}],"event_choices":[{"cards_removed":["Strike_MRS"],"damage_healed":0,"gold_gain":0,"player_choice":"Card Removal","damage_taken":7,"max_hp_gain":0,"max_hp_loss":0,"event_name":"Golden Wing","floor":2,"gold_loss":0},{"damage_healed":0,"gold_gain":0,"player_choice":"Box","damage_taken":0,"relics_obtained":["Frozen Egg 2"],"max_hp_gain":0,"max_hp_loss":0,"event_name":"Big Fish","floor":4,"gold_loss":0,"cards_obtained":["Regret"]},{"damage_healed":0,"gold_gain":0,"player_choice":"Obtained Relic","damage_taken":0,"relics_obtained":["BreadOfAWashokuLover"],"max_hp_gain":0,"max_hp_loss":0,"event_name":"Addict","floor":20,"gold_loss":85},{"damage_healed":0,"gold_gain":0,"player_choice":"Fought Bandits","damage_taken":0,"max_hp_gain":0,"max_hp_loss":0,"event_name":"Masked Bandits","floor":21,"gold_loss":0},{"damage_healed":0,"gold_gain":0,"player_choice":"Obtain J.A.X.","damage_taken":0,"max_hp_gain":0,"max_hp_loss":0,"event_name":"Drug Dealer","floor":27,"gold_loss":0,"cards_obtained":["J.A.X."]},{"damage_healed":0,"gold_gain":0,"player_choice":"Opened","damage_taken":0,"relics_obtained":["Kunai"],"max_hp_gain":0,"max_hp_loss":0,"event_name":"The Mausoleum","floor":29,"gold_loss":0,"cards_obtained":["Writhe"]},{"damage_healed":0,"gold_gain":0,"player_choice":"Max HP","damage_taken":0,"max_hp_gain":0,"max_hp_loss":5,"event_name":"Winding Halls","floor":37,"gold_loss":0},{"damage_healed":0,"gold_gain":0,"player_choice":"Fight","damage_taken":0,"max_hp_gain":0,"max_hp_loss":0,"event_name":"Mysterious Sphere","floor":42,"gold_loss":0},{"damage_healed":0,"gold_gain":0,"player_choice":"Ignored","damage_taken":0,"max_hp_gain":0,"max_hp_loss":0,"event_name":"Tomb of Lord Red Mask","floor":44,"gold_loss":0},{"damage_healed":0,"gold_gain":0,"player_choice":"Ignored","damage_taken":0,"max_hp_gain":0,"max_hp_loss":0,"event_name":"Golden Shrine","floor":46,"gold_loss":0}],"is_beta":false,"boss_relics":[{"not_picked":["Velvet Choker","Empty Cage"],"picked":"Calling Bell"},{"not_picked":["Snecko Eye","SlaversCollar"],"picked":"Sozu"}],"items_purged_floors":[7,13,28,38,41,47],"is_endless":false,"potions_floor_spawned":[5,8,11,12,14,16,18,19,21,23,25,31,33,35,36,39,42,45,48],"ascension_level":0}}