{"host":"rqd50iigewdjy74u","time":1609063812,"event":{"mods":["AchievementEnabler","BaseMod","BetterRewards","Custom Start","Minty Spire (QoL Compilation)","StSLib"],"gold_per_floor":[115,115,92,109,124,158,158,174,200,216,228,228,262,276,276,276,276],"floor_reached":16,"playtime":831,"items_purged":[],"score":114,"play_id":"4c14878d-e16e-4e23-a24f-1e43a651d387","local_time":"20201227041012","is_ascension_mode":false,"campfire_choices":[{"floor":12,"key":"REST"},{"floor":15,"key":"REST"}],"circlet_count":0,"master_deck":["Strike_G","Strike_G","Strike_G","Strike_G","Defend_G","Defend_G","Defend_G","Defend_G","Defend_G","Survivor","Neutralize","Prepared","Poisoned Stab","Bane","Flying Knee","Deflect","Backflip","Underhanded Strike","Choke"],"relics":["Ring of the Snake","NeowsBlessing","Oddly Smooth Stone","SsserpentHead","Smiling Mask","Bronze Scales"],"acts_visited":["Exordium"],"potions_floor_usage":[6,11,11,13,16],"damage_taken":[{"damage":0,"enemies":"2 Louse","floor":1,"turns":1},{"damage":0,"enemies":"Cultist","floor":4,"turns":1},{"damage":0,"enemies":"Small Slimes","floor":5,"turns":1},{"damage":54,"enemies":"3 Sentries","floor":6,"turns":11},{"damage":11,"enemies":"Exordium Thugs","floor":8,"turns":6},{"damage":2,"enemies":"Large Slime","floor":10,"turns":6},{"damage":0,"enemies":"2 Fungi Beasts","floor":11,"turns":5},{"damage":21,"enemies":"Lagavulin","floor":13,"turns":6},{"damage":2,"enemies":"Looter","floor":14,"turns":2},{"damage":22,"enemies":"Hexaghost","floor":16,"turns":12}],"seed_played":"4062626694521409885","potions_obtained":[{"floor":4,"key":"LiquidMemories"},{"floor":5,"key":"Explosive Potion"},{"floor":10,"key":"EssenceOfSteel"},{"floor":11,"key":"LiquidBronze"},{"floor":14,"key":"LiquidMemories"}],"is_trial":false,"path_per_floor":["M","?","$","M","M","E","?","M","T","M","M","R","E","M","R","B"],"character_chosen":"THE_SILENT","items_purchased":["Prepared"],"campfire_rested":2,"item_purchase_floors":[3],"current_hp_per_floor":[70,70,70,70,70,16,16,5,5,3,3,24,3,1,22,0,0],"gold":276,"neow_bonus":"THREE_ENEMY_KILL","is_daily":false,"chose_seed":false,"campfire_upgraded":0,"win_rate":0.0,"timestamp":1609063812,"path_taken":["M","?","$","?","M","E","?","M","T","M","M","R","E","M","R","BOSS"],"items_purchased_type":["Card"],"build_version":"2020-12-22","purchased_purges":0,"victory":false,"max_hp_per_floor":[70,70,70,70,70,70,70,70,70,70,70,70,70,70,70,70,70],"card_choices":[{"not_picked":["Blade Dance","Flechettes","Escape Plan"],"picked":"SKIP","floor":1},{"not_picked":["Backflip","Skewer"],"picked":"Poisoned Stab","floor":4},{"not_picked":["Dodge and Roll","Acrobatics"],"picked":"Bane","floor":5},{"not_picked":["Riddle With Holes","Accuracy","Underhanded Strike"],"picked":"SKIP","floor":6},{"not_picked":["Finisher","Endless Agony"],"picked":"Flying Knee","floor":8},{"not_picked":["Well Laid Plans","Dodge and Roll"],"picked":"Deflect","floor":10},{"not_picked":["Caltrops","Cloak And Dagger"],"picked":"Backflip","floor":11},{"not_picked":["Poisoned Stab","PiercingWail"],"picked":"Underhanded Strike","floor":13},{"not_picked":["Riddle With Holes","PiercingWail"],"picked":"Choke","floor":14}],"player_experience":114456,"relics_obtained":[{"floor":6,"key":"Oddly Smooth Stone"},{"floor":9,"key":"Smiling Mask"},{"floor":13,"key":"Bronze Scales"}],"event_choices":[{"cards_removed":["Strike_G"],"damage_healed":0,"gold_gain":0,"player_choice":"Card Removal","damage_taken":0,"max_hp_gain":0,"max_hp_loss":0,"event_name":"Wheel of Change","floor":2,"gold_loss":0},{"damage_healed":0,"gold_gain":0,"player_choice":"Trade","damage_taken":0,"relics_obtained":["SsserpentHead"],"max_hp_gain":0,"max_hp_loss":0,"event_name":"FaceTrader","floor":7,"gold_loss":0}],"is_beta":false,"boss_relics":[],"items_purged_floors":[],"is_endless":false,"potions_floor_spawned":[4,5,10,11,14],"killed_by":"Hexaghost","ascension_level":0}}