{"host":"yo9wwslrag05lh37","time":1609093631,"event":{"mods":["AchievementEnabler","BaseMod","Block Reminder","Colored Map","Colored Powertips","GifTheSpireLib","HexUI Lib","Highlight Path","Minty Spire (QoL Compilation)","Rare Cards Sparkle","Relic Stats","StSLib","everything is the same but u backflip on backflip"],"gold_per_floor":[118,134,134,147,222,222,222],"floor_reached":6,"playtime":143,"items_purged":[],"score":72,"play_id":"bc8b8325-a454-472d-b839-50e92d00b681","local_time":"20201227192711","is_ascension_mode":true,"campfire_choices":[],"circlet_count":0,"master_deck":["AscendersBane","Strike_B","Strike_B","Strike_B","Strike_B","Defend_B+1","Defend_B","Defend_B+1","Defend_B","Zap","Dualcast","Reboot","Streamline","Sunder"],"relics":["Cracked Core"],"acts_visited":["Exordium"],"potions_floor_usage":[],"damage_taken":[{"damage":5,"enemies":"Small Slimes","floor":1,"turns":4},{"damage":0,"enemies":"2 Louse","floor":2,"turns":2},{"damage":0,"enemies":"Cultist","floor":4,"turns":2},{"damage":28,"enemies":"Gremlin Nob","floor":6,"turns":3}],"seed_played":"-47084264507225747","potions_obtained":[{"floor":2,"key":"SmokeBomb"}],"is_trial":false,"path_per_floor":["M","M","?","M","?","E"],"character_chosen":"DEFECT","items_purchased":[],"campfire_rested":0,"item_purchase_floors":[],"current_hp_per_floor":[59,59,38,38,27,0,0],"gold":222,"neow_bonus":"ONE_RANDOM_RARE_CARD","is_daily":false,"chose_seed":false,"campfire_upgraded":0,"win_rate":0.0,"timestamp":1609093631,"path_taken":["M","M","?","M","?","E"],"items_purchased_type":[],"build_version":"2020-12-22","purchased_purges":0,"victory":false,"max_hp_per_floor":[71,71,71,71,71,71,71],"relic_stats":{"counters":[4,11],"obtain_stats":[{"Cracked Core":0},{"Cracked Core":0},{"Cracked Core":0}]},"card_choices":[{"not_picked":["Go for the Eyes","Loop"],"picked":"Streamline","floor":1},{"not_picked":["FTL","Steam"],"picked":"Sunder","floor":2},{"not_picked":["Streamline","Reinforced Body","Gash"],"picked":"SKIP","floor":4}],"player_experience":1388038,"relics_obtained":[],"event_choices":[{"damage_healed":0,"gold_gain":0,"player_choice":"Entered Light","damage_taken":21,"max_hp_gain":0,"max_hp_loss":0,"event_name":"Shining Light","floor":3,"gold_loss":0,"cards_upgraded":["Defend_B","Defend_B"]},{"damage_healed":0,"gold_gain":75,"player_choice":"Gather Gold","damage_taken":11,"max_hp_gain":0,"max_hp_loss":0,"event_name":"World of Goop","floor":5,"gold_loss":0}],"is_beta":false,"boss_relics":[],"items_purged_floors":[],"is_endless":false,"potions_floor_spawned":[2],"killed_by":"Gremlin Nob","ascension_level":20}}