{"host":"qgrlfjrqk9z96gfi","time":1609101721,"event":{"mods":["BaseMod","Block Reminder","Colored Map","DeckTracker","Minty Spire (QoL Compilation)"],"gold_per_floor":[110,128,41,58,58,58,81,120,171,171,171,243,243,284,284,284,284],"floor_reached":16,"playtime":385,"items_purged":[],"score":216,"play_id":"bdf7822d-27c9-4ec1-a861-c9a3b1d6c74e","local_time":"20201227104201","is_ascension_mode":true,"campfire_choices":[{"data":"Dash","floor":6,"key":"SMITH"},{"floor":10,"key":"REST"},{"floor":15,"key":"REST"}],"circlet_count":0,"master_deck":["AscendersBane","Strike_G","Strike_G","Strike_G","Strike_G","Defend_G","Defend_G","Defend_G","Defend_G","Defend_G","Survivor","Neutralize","Venomology","Flying Knee","Dagger Throw","Dash+1","Caltrops","Backflip","PiercingWail"],"relics":["Ring of the Snake","Golden Idol","Frozen Egg 2","Nunchaku","Orichalcum"],"acts_visited":["Exordium"],"potions_floor_usage":[2,8,8,14,16],"damage_taken":[{"damage":12,"enemies":"2 Louse","floor":1,"turns":3},{"damage":3,"enemies":"Small Slimes","floor":2,"turns":3},{"damage":2,"enemies":"Jaw Worm","floor":4,"turns":4},{"damage":6,"enemies":"3 Louse","floor":7,"turns":4},{"damage":10,"enemies":"Lagavulin","floor":8,"turns":6},{"damage":23,"enemies":"3 Sentries","floor":14,"turns":10},{"damage":23,"enemies":"Slime Boss","floor":16,"turns":4}],"seed_played":"-987021500288738109","potions_obtained":[{"floor":4,"key":"Swift Potion"},{"floor":7,"key":"BlessingOfTheForge"}],"is_trial":false,"path_per_floor":["M","M","$","M","?","R","M","E","T","R","?","?","?","E","R","B"],"character_chosen":"THE_SILENT","items_purchased":["Dash"],"campfire_rested":2,"item_purchase_floors":[3],"current_hp_per_floor":[47,44,44,42,42,42,36,26,26,42,42,42,42,19,35,12,12],"gold":284,"neow_bonus":"THREE_RARE_CARDS","is_daily":false,"chose_seed":false,"campfire_upgraded":1,"win_rate":0.0,"timestamp":1609101721,"path_taken":["M","M","$","M","?","R","M","E","T","R","?","?","?","E","R","BOSS"],"items_purchased_type":["Card"],"build_version":"2020-12-22","purchased_purges":0,"victory":false,"max_hp_per_floor":[60,60,60,60,54,54,54,54,54,54,54,54,54,54,54,54,54],"card_choices":[{"not_picked":["Night Terror","Doppelganger"],"picked":"Venomology","floor":0},{"not_picked":["Distraction","Caltrops"],"picked":"Flying Knee","floor":1},{"not_picked":["Prepared","Quick Slash"],"picked":"Dagger Throw","floor":2},{"not_picked":["Dagger Throw","Flying Knee","Envenom"],"picked":"SKIP","floor":4},{"not_picked":["Underhanded Strike","Flying Knee"],"picked":"Caltrops","floor":7},{"not_picked":["Escape Plan","Skewer"],"picked":"Backflip","floor":8},{"not_picked":["Dodge and Roll","Outmaneuver"],"picked":"PiercingWail","floor":14}],"player_experience":945347,"relics_obtained":[{"floor":8,"key":"Frozen Egg 2"},{"floor":9,"key":"Nunchaku"},{"floor":14,"key":"Orichalcum"}],"event_choices":[{"damage_healed":0,"gold_gain":0,"player_choice":"Lose Max HP","damage_taken":0,"relics_obtained":["Golden Idol"],"max_hp_gain":0,"max_hp_loss":6,"event_name":"Golden Idol","floor":5,"gold_loss":0},{"damage_healed":0,"gold_gain":0,"player_choice":"Ignored","damage_taken":0,"max_hp_gain":0,"max_hp_loss":0,"event_name":"Liars Game","floor":11,"gold_loss":0},{"damage_healed":0,"gold_gain":72,"player_choice":"Gained Gold","damage_taken":0,"max_hp_gain":0,"max_hp_loss":0,"event_name":"Golden Wing","floor":12,"gold_loss":0},{"cards_removed":["Strike_G"],"damage_healed":0,"gold_gain":0,"player_choice":"Purged","damage_taken":0,"max_hp_gain":0,"max_hp_loss":0,"event_name":"Purifier","floor":13,"gold_loss":0}],"is_beta":false,"boss_relics":[],"items_purged_floors":[],"is_endless":false,"potions_floor_spawned":[4,7],"killed_by":"Slime Boss","ascension_level":20}}