{"host":"k9laiz0l4dd0ezpa","time":1609041171,"event":{"mods":["BaseMod","Marisa£®ÏF”Í°°ƒß¿Ì…≥£©","Minty Spire (QoL Compilation)","Quick Restart","Replay The Spire","StSLib","The Cursed","The Servant 0.9.4"],"gold_per_floor":[115,65,82,82,93,124,124,143,143,143,218,233,233,252,252,357,357,372,372,42,42,55,55,55,55],"floor_reached":24,"playtime":1027,"items_purged":["TheCursedMod:Strike_TheCursed"],"score":196,"play_id":"4d705cd6-ba67-48e5-af25-8ee885bcd8af","local_time":"20201227115251","is_ascension_mode":false,"campfire_choices":[{"floor":7,"key":"REST"},{"data":"TheCursedMod:CircleOfFocus","floor":10,"key":"SMITH"},{"floor":13,"key":"REST"},{"floor":15,"key":"REST"},{"data":"TheCursedMod:HellsGateOpen","floor":23,"key":"SMITH"}],"circlet_count":0,"master_deck":["TheCursedMod:Strike_TheCursed","TheCursedMod:Strike_TheCursed","TheCursedMod:Defend_TheCursed","TheCursedMod:Defend_TheCursed","TheCursedMod:Defend_TheCursed","TheCursedMod:CursedWand","TheCursedMod:CleanUpWorkshop","TheCursedMod:Dregs","TheCursedMod:BloodBarrier","TheCursedMod:CircleOfFocus+1","TheCursedMod:HellsGateOpen+1","TheCursedMod:AbyssShockwave","TheCursedMod:DemonSword","TheCursedMod:WearCloak","TheCursedMod:SpitefulStrike","TheCursedMod:LuckyCharm"],"relics":["TheCursedMod:BlackMagic101","NeowsBlessing","Boot","Happy Flower","TheCursedMod:FourLeafCloverCharm","Meat on the Bone"],"acts_visited":["Exordium","TheCity"],"potions_floor_usage":[24],"damage_taken":[{"damage":0,"enemies":"2 Louse","floor":1,"turns":1},{"damage":0,"enemies":"Small Slimes","floor":3,"turns":1},{"damage":0,"enemies":"Cultist","floor":5,"turns":1},{"damage":52,"enemies":"Lagavulin","floor":6,"turns":12},{"damage":17,"enemies":"Looter","floor":8,"turns":5},{"damage":4,"enemies":"Blue Slaver","floor":12,"turns":4},{"damage":1,"enemies":"2 Fungi Beasts","floor":14,"turns":2},{"damage":10,"enemies":"Hexaghost","floor":16,"turns":8},{"damage":29,"enemies":"Chosen","floor":18,"turns":6},{"damage":15,"enemies":"2 Thieves","floor":22,"turns":4},{"damage":51,"enemies":"Gremlin Leader","floor":24,"turns":5}],"seed_played":"5090042334753468393","potions_obtained":[{"floor":3,"key":"Fire Potion"},{"floor":6,"key":"SkillPotion"},{"floor":14,"key":"Dexterity Potion"}],"is_trial":false,"path_per_floor":["M","?","M","?","M","E","R","M","T","R","?","M","R","M","R","B",null,"M","?","$","?","M","R","E"],"character_chosen":"THE_CURSED","items_purchased":["Meat on the Bone"],"campfire_rested":3,"item_purchase_floors":[20],"current_hp_per_floor":[75,75,75,75,75,23,45,28,28,28,17,13,35,34,56,46,75,46,46,46,46,43,43,0,0],"gold":55,"neow_bonus":"THREE_ENEMY_KILL","is_daily":false,"chose_seed":false,"campfire_upgraded":2,"win_rate":0.0,"timestamp":1609041171,"path_taken":["M","?","M","?","M","E","R","?","T","R","?","M","R","M","R","BOSS","M","?","$","?","M","R","E"],"items_purchased_type":["Relic"],"build_version":"2020-12-22","purchased_purges":1,"victory":false,"max_hp_per_floor":[75,75,75,75,75,75,75,75,75,75,75,75,75,75,75,75,75,75,75,75,75,75,75,75,75],"card_choices":[{"not_picked":["TheCursedMod:CursedAmulet","TheCursedMod:CircleOfCorruption"],"picked":"TheCursedMod:BloodBarrier","floor":1},{"not_picked":["TheCursedMod:FleshFromBone","TheCursedMod:Obscuration"],"picked":"TheCursedMod:CircleOfFocus","floor":3},{"not_picked":["TheCursedMod:CircleOfFlame","TheCursedMod:CursedShiv"],"picked":"TheCursedMod:HellsGateOpen","floor":5},{"not_picked":["TheCursedMod:TacticalStrike","TheCursedMod:CursedBlade"],"picked":"TheCursedMod:AbyssShockwave","floor":6},{"not_picked":["TheCursedMod:Obscuration","TheCursedMod:PrepareRite"],"picked":"TheCursedMod:DemonSword","floor":8},{"not_picked":["TheCursedMod:Evocation","TheCursedMod:TacticalStrike"],"picked":"TheCursedMod:WearCloak","floor":12},{"not_picked":["TheCursedMod:Stretching","TheCursedMod:CursedSpellbook"],"picked":"TheCursedMod:SpitefulStrike","floor":14},{"not_picked":["TheCursedMod:SoulCrush","TheCursedMod:CursedShiv"],"picked":"TheCursedMod:LuckyCharm","floor":18},{"not_picked":["TheCursedMod:Wield","TheCursedMod:WearCloak","TheCursedMod:VitalStrike"],"picked":"SKIP","floor":22}],"player_experience":182463,"relics_obtained":[{"floor":6,"key":"Boot"},{"floor":9,"key":"Happy Flower"}],"event_choices":[{"cards_removed":["TheCursedMod:Strike_TheCursed"],"damage_healed":0,"gold_gain":0,"player_choice":"Card Removal","damage_taken":0,"max_hp_gain":0,"max_hp_loss":0,"event_name":"The Cleric","floor":2,"gold_loss":50},{"cards_removed":["TheCursedMod:Defend_TheCursed"],"damage_healed":0,"gold_gain":0,"player_choice":"Purged","damage_taken":0,"max_hp_gain":0,"max_hp_loss":0,"event_name":"Purifier","floor":4,"gold_loss":0},{"damage_healed":0,"gold_gain":75,"player_choice":"Gather Gold","damage_taken":11,"max_hp_gain":0,"max_hp_loss":0,"event_name":"World of Goop","floor":11,"gold_loss":0},{"damage_healed":0,"gold_gain":0,"player_choice":"Ignored","damage_taken":0,"max_hp_gain":0,"max_hp_loss":0,"event_name":"Vampires","floor":19,"gold_loss":0},{"damage_healed":0,"gold_gain":0,"player_choice":"Ignored","damage_taken":0,"max_hp_gain":0,"max_hp_loss":0,"event_name":"Ghosts","floor":21,"gold_loss":0}],"is_beta":false,"boss_relics":[{"not_picked":["Honey Jar","SlaversCollar"],"picked":"TheCursedMod:FourLeafCloverCharm"}],"items_purged_floors":[20],"is_endless":false,"potions_floor_spawned":[3,6,14,18],"killed_by":"Gremlin Leader","ascension_level":0}}