{"host":"ahe97mou057ugdu8","time":1609111227,"event":{"mods":["BaseMod","Better Vampires","BetterRewards","Colored Map","Colored Powertips","Conspire","Custom Start","Halation","Highlight Path","Infinite Spire","Marisa????????","Minty Spire (QoL Compilation)","Prisma Mod","READ ME - Guardian Mod","READ ME - Snecko Mod","Remilia??????","Shop Mod","StSLib","The Animator","The Bladedancer","The Construct","The Cursed","The Disciple","The Exalted","The Factory","The Jungle","The Necromancer","The Runesmith","The Senshi","The Servant 0.9.4","The Spell Scribe","The Witch"],"gold_per_floor":[112,126,126,47,47,47,65,93,119,119,119],"floor_reached":10,"playtime":660,"items_purged":[],"score":66,"play_id":"a577b5c0-ea7d-48ef-8fba-163faa02b27b","local_time":"20201227182027","daily_mods":["Heirloom","Elite Swarm"],"is_ascension_mode":false,"campfire_choices":[{"floor":6,"key":"REST"}],"circlet_count":0,"master_deck":["Runesmith:Strike_RS","Runesmith:Strike_RS","Runesmith:Strike_RS","Runesmith:Strike_RS","Runesmith:Defend_RS","Runesmith:Defend_RS","Runesmith:Defend_RS","Runesmith:Defend_RS","Runesmith:CraftFirestone","Runesmith:Fortify","Runesmith:BackupBattery","Runesmith:ChiselStab","Runesmith:PoweredAnvil","Runesmith:HammerThrow","infinitespire:NeuralNetwork","Runesmith:CreatorForm"],"relics":["Runesmith:BrokenRuby","conspire:Boomerang","Nunchaku","Anchor","Potion Belt"],"acts_visited":["Exordium"],"potions_floor_usage":[],"damage_taken":[{"damage":2,"enemies":"Jaw Worm","floor":1,"turns":4},{"damage":0,"enemies":"2 Louse","floor":2,"turns":2},{"damage":9,"enemies":"Cultist","floor":7,"turns":4},{"damage":24,"enemies":"Gremlin Nob","floor":8,"turns":4},{"damage":18,"enemies":"3 Sentries","floor":10,"turns":3}],"seed_played":"-1679818772965610920","potions_obtained":[{"floor":2,"key":"Dexterity Potion"},{"floor":8,"key":"infinitespire:BlackPotion"}],"is_trial":true,"path_per_floor":["M","M","?","$","?","R","M","E","T","E"],"character_chosen":"RUNESMITH_CLASS","items_purchased":["Runesmith:PoweredAnvil","Runesmith:HammerThrow"],"campfire_rested":1,"item_purchase_floors":[4,4],"current_hp_per_floor":[68,68,50,50,34,55,46,22,22,4,4],"gold":119,"neow_bonus":"","is_daily":false,"chose_seed":false,"campfire_upgraded":0,"win_rate":0.0,"timestamp":1609111227,"path_taken":["M","M","?","$","?","R","M","E","T","E"],"items_purchased_type":["Card","Card"],"build_version":"2020-12-22","purchased_purges":0,"victory":false,"max_hp_per_floor":[70,70,70,70,70,70,70,70,70,70,70],"card_choices":[{"not_picked":["Runesmith:HeatedChisel","Runesmith:EnergizedChisel"],"picked":"Runesmith:BackupBattery","floor":1},{"not_picked":["Runesmith:MakeshiftArmor","Runesmith:Discharge"],"picked":"Runesmith:ChiselStab","floor":2},{"not_picked":["infinitespire:Punishment","infinitespire:DeathsTouch"],"picked":"infinitespire:NeuralNetwork","floor":5},{"not_picked":["Runesmith:Superposition","Runesmith:UnstableHammer","Runesmith:CraftProtectio"],"picked":"SKIP","floor":7},{"not_picked":["Runesmith:LightningRod","Runesmith:Duplicate"],"picked":"Runesmith:CreatorForm","floor":8}],"player_experience":25,"relics_obtained":[{"floor":8,"key":"Anchor"},{"floor":9,"key":"Potion Belt"}],"event_choices":[{"damage_healed":0,"gold_gain":0,"player_choice":"Success","damage_taken":18,"relics_obtained":["Nunchaku"],"max_hp_gain":0,"max_hp_loss":0,"event_name":"Scrap Ooze","floor":3,"gold_loss":0}],"is_beta":false,"boss_relics":[],"items_purged_floors":[],"is_endless":false,"potions_floor_spawned":[2,8],"killed_by":"3 Sentries","ascension_level":0}}