{"host":"tdnyldo1u78onw41","time":1609049396,"event":{"mods":["Aspiration","BaseMod","Better Note","BetterRewards","Challenge The Spire","Colored Map","Downfall","Luminous","Minty Spire (QoL Compilation)","MostiFishMod","Relic Stats","RumiaBox-露米娅的神秘盒子","Shop Mod","Spicy Shops","Spire Birthday Party","StSLib","The Servant 0.9.4","WarShipGirlsR/战舰少女R mod","【遗物卡牌】REMEMod"],"gold_per_floor":[113,123,136,151,151,182,195,195,195,221,234,234,250,285,285,388,388,402,502,513,526,526,526,526,526],"floor_reached":24,"playtime":2000,"items_purged":["rmod:strick"],"score":345,"play_id":"52a80c25-5dae-46f0-b6f3-114e8753eb7b","local_time":"20201227140956","is_ascension_mode":false,"campfire_choices":[{"data":"rmod:secretscript","floor":8,"key":"SMITH"},{"data":"Discovery","floor":15,"key":"SMITH"},{"data":"rmod:chargemoney","floor":23,"key":"SMITH"}],"circlet_count":0,"master_deck":["rmod:strick","rmod:strick","rmod:strick","rmod:defend","rmod:defend","rmod:defend","rmod:defend","rmod:basicallowance","rmod:maingunfire","Discovery+1","MostiFishMod:KingOfFree","rmod:chargemoney+1","rmod:goodfighter","rmod:ammunitionsupply","rmod:wife","rmod:supportaircraftcarrier","rmod:secretscript+1","rmod:wolves","rmod:saltedfish","rmod:aluminumsupply","rmod:maintain","rmod:slowdown","rmod:secretscript","rmod:firesupport+1","rmod:luckystar+1","rmod:supportescort+1"],"relics":["rmod:firstchargereward","DaveBox","REME_ComplimentaryCards","OriginationStaff","PreservedInsect","Bronze Scales","Incense Burner","Boot","GremlinMask","Blood Vial","REME_ChargedStone"],"acts_visited":["Exordium","TheCity"],"potions_floor_usage":[6,6,14,16],"damage_taken":[{"damage":0.0,"enemies":"Cultist","floor":1.0,"turns":4.0},{"damage":12.0,"enemies":"2 Louse","floor":2.0,"turns":2.0},{"damage":0.0,"enemies":"Small Slimes","floor":3.0,"turns":2.0},{"damage":4.0,"enemies":"Exordium Thugs","floor":4.0,"turns":4.0},{"damage":0,"enemies":"Gremlin Nob","floor":6,"turns":3},{"damage":1,"enemies":"Blue Slaver","floor":7,"turns":3},{"damage":21,"enemies":"3 Sentries","floor":10,"turns":3},{"damage":5,"enemies":"2 Fungi Beasts","floor":11,"turns":2},{"damage":1,"enemies":"Exordium Wildlife","floor":13,"turns":2},{"damage":6,"enemies":"Lagavulin","floor":14,"turns":5},{"damage":6,"enemies":"Hexaghost","floor":16,"turns":6},{"damage":24,"enemies":"Spheric Guardian","floor":18,"turns":4},{"damage":37,"enemies":"Chosen","floor":20,"turns":6},{"damage":23,"enemies":"Shelled Parasite and Fungi","floor":21,"turns":4},{"damage":0,"enemies":"Slavers","floor":24,"turns":1}],"seed_played":"4954679489599207249","potions_obtained":[{"floor":3.0,"key":"Guardian:BlockOnCardUsePotion"},{"floor":4.0,"key":"Block Potion"},{"floor":10,"key":"BlessingOfTheForge"},{"floor":13,"key":"Guardian:BlockOnCardUsePotion"},{"floor":18,"key":"Energy Potion"},{"floor":21,"key":"Fire Potion"}],"is_trial":false,"path_per_floor":["M","M","M","M","?","E","M","R","T","E","M","?","M","E","R","B",null,"M","?","M","M","?","R","E"],"character_chosen":"PRAEFECT","items_purchased":["Discovery","MostiFishMod:KingOfFree","OriginationStaff","rmod:chargemoney","PreservedInsect","rmod:circuitoustactics"],"campfire_rested":0,"item_purchase_floors":[0,0,0,0,0,0],"current_hp_per_floor":[42,30,31,28,33,34,34,34,34,13,9,9,8,4,4,2,80,56,56,22,1,1,1,3,3],"gold":526,"neow_bonus":"","is_daily":false,"chose_seed":false,"campfire_upgraded":3,"win_rate":0.0,"timestamp":1609049396,"path_taken":["M","?","?","M","?","E","M","R","T","E","M","?","M","E","R","BOSS","M","?","M","M","?","R","E"],"items_purchased_type":["Card","Card","Relic","Card","Relic","Card"],"build_version":"2020-12-22","purchased_purges":1,"victory":false,"max_hp_per_floor":[75,75,75,75,80,80,80,80,80,80,80,80,80,80,80,80,80,80,80,80,80,80,80,80,80],"relic_stats":{"Blood Vial":21,"counters":[39,135],"Bronze Scales":[96],"PreservedInsect":120,"Boot":[35],"obtain_stats":[{"Lantern":19,"Ying":46,"DaveBox":0,"SSSystem":19,"REME_ChargedStone":17,"GremlinMask":12,"SoulBox":34,"Juzu Bracelet":9,"Incense Burner":9,"Bottled Tornado":43,"Boot":10,"SynthV:C4":12,"Old Coin":42,"MagicDraw1":45,"Blood Vial":23,"Civilization":26,"Pantograph":4,"Philosopher\u0027s Stone":17,"Golden Idol":5,"Oddly Smooth Stone":46,"PreservedInsect":0,"REME_LimitBreaker":46,"MawBank":27,"TimeFreeze":46,"ChaoDraw":8,"Strange Spoon":25,"EGODaCapo":0,"Bronze Scales":6,"rmod:firstchargereward":0,"OriginationStaff":0,"FossilizedHelix":48,"REME_ComplimentaryCards":0},{"Lantern":10,"Ying":21,"DaveBox":0,"SSSystem":10,"REME_ChargedStone":35,"GremlinMask":32,"SoulBox":17,"Juzu Bracelet":4,"Incense Burner":30,"Bottled Tornado":20,"Boot":31,"SynthV:C4":6,"Old Coin":20,"MagicDraw1":21,"Blood Vial":11,"Civilization":12,"Pantograph":1,"Philosopher\u0027s Stone":9,"Golden Idol":1,"Oddly Smooth Stone":21,"PreservedInsect":24,"REME_LimitBreaker":21,"MawBank":13,"TimeFreeze":21,"ChaoDraw":4,"Strange Spoon":12,"EGODaCapo":0,"Bronze Scales":29,"rmod:firstchargereward":0,"OriginationStaff":24,"FossilizedHelix":23,"REME_ComplimentaryCards":0},{"Lantern":42,"Ying":77,"DaveBox":0,"SSSystem":42,"REME_ChargedStone":120,"GremlinMask":107,"SoulBox":70,"Juzu Bracelet":13,"Incense Burner":102,"Bottled Tornado":76,"Boot":105,"SynthV:C4":23,"Old Coin":76,"MagicDraw1":77,"Blood Vial":46,"Civilization":49,"Pantograph":3,"Philosopher\u0027s Stone":38,"Golden Idol":3,"Oddly Smooth Stone":77,"PreservedInsect":84,"REME_LimitBreaker":77,"MawBank":55,"TimeFreeze":77,"ChaoDraw":13,"Strange Spoon":49,"EGODaCapo":0,"Bronze Scales":99,"rmod:firstchargereward":0,"OriginationStaff":84,"FossilizedHelix":79,"REME_ComplimentaryCards":0}]},"card_choices":[{"not_picked":["rmod:luckystar","rmod:capitalist"],"picked":"rmod:ammunitionsupply","floor":1.0},{"not_picked":["rmod:goodsister","rmod:aluminumsupply"],"picked":"rmod:wife","floor":2.0},{"not_picked":["rmod:bulid","rmod:victimresponsibility"],"picked":"rmod:supportaircraftcarrier","floor":3.0},{"not_picked":["rmod:combined","rmod:aviationdawn"],"picked":"rmod:secretscript","floor":4.0},{"not_picked":["rmod:diamondstrike","rmod:combined"],"picked":"rmod:wolves","floor":6},{"not_picked":["rmod:luckystar","rmod:combined"],"picked":"rmod:saltedfish","floor":7},{"not_picked":["rmod:tearstotiara","rmod:luckystar","rmod:ammunitionsupply"],"picked":"SKIP","floor":10},{"not_picked":["rmod:fletcherpendant","rmod:punchline"],"picked":"rmod:aluminumsupply","floor":11},{"not_picked":["rmod:sl","rmod:intelligenceanalysis"],"picked":"rmod:maintain","floor":13},{"not_picked":["rmod:intelligenceanalysis","rmod:fletcherpendant"],"picked":"rmod:slowdown","floor":14},{"not_picked":["rmod:highspeedmaneuver","rmod:saltedfish"],"picked":"rmod:secretscript","floor":16},{"not_picked":["rmod:wolves","rmod:diamondstrike"],"picked":"rmod:firesupport+1","floor":18},{"not_picked":["rmod:unsinkable","rmod:circuitoustactics"],"picked":"rmod:luckystar+1","floor":20},{"not_picked":["rmod:slowdown+1","rmod:shuttlebombing"],"picked":"rmod:supportescort+1","floor":21}],"player_experience":91488,"relics_obtained":[{"floor":6,"key":"Bronze Scales"},{"floor":9,"key":"Incense Burner"},{"floor":10,"key":"Boot"},{"floor":14,"key":"Blood Vial"}],"event_choices":[{"damage_healed":0.0,"max_hp_gain":5.0,"max_hp_loss":0.0,"gold_gain":0.0,"event_name":"Big Fish","player_choice":"Donut","floor":5.0,"gold_loss":0.0,"damage_taken":0.0},{"damage_healed":0,"gold_gain":0,"player_choice":"Trade","damage_taken":0,"relics_obtained":["GremlinMask"],"max_hp_gain":0,"max_hp_loss":0,"event_name":"FaceTrader","floor":12,"gold_loss":0},{"damage_healed":0,"gold_gain":100,"player_choice":"Pray","damage_taken":0,"max_hp_gain":0,"max_hp_loss":0,"event_name":"Golden Shrine","floor":19,"gold_loss":0},{"cards_removed":["rmod:secretscript"],"damage_healed":0,"gold_gain":0,"player_choice":"Give","damage_taken":0,"max_hp_gain":0,"max_hp_loss":0,"event_name":"betterNote:BetterNote","floor":22,"gold_loss":0,"cards_obtained":["rmod:lonelyqueen"]}],"is_beta":false,"boss_relics":[{"not_picked":["SlaversCollar","aspiration:RunicSpoon"],"picked":"REME_ChargedStone"}],"items_purged_floors":[0],"is_endless":false,"potions_floor_spawned":[3,4,10,13,18,21],"killed_by":"Slavers","ascension_level":0}}