{"host":"vydapxfau6612551","time":1609082068,"event":{"mods":["AchievementEnabler","BaseMod","Minty Spire (QoL Compilation)","StSLib","SuperFastMode"],"gold_per_floor":[109,109,126,138,149,183,34,34,34],"floor_reached":8,"playtime":306,"items_purged":[],"score":81,"play_id":"4745759e-e2ef-4c01-9a6c-be11394e9de1","local_time":"20201228001428","is_ascension_mode":true,"campfire_choices":[],"circlet_count":0,"master_deck":["Strike_R","Strike_R","Strike_R","Strike_R","Strike_R","Defend_R","Defend_R","Defend_R","Defend_R","Bash","Corruption","Dual Wield","Bludgeon","Wild Strike","Evolve","Sentinel","Shockwave","Feel No Pain","Power Through"],"relics":["Burning Blood","Regal Pillow"],"acts_visited":["Exordium"],"potions_floor_usage":[],"damage_taken":[{"damage":12,"enemies":"Small Slimes","floor":1,"turns":5},{"damage":0,"enemies":"Cultist","floor":3,"turns":2},{"damage":12,"enemies":"Jaw Worm","floor":4,"turns":2},{"damage":11,"enemies":"Exordium Thugs","floor":5,"turns":4},{"damage":35,"enemies":"3 Sentries","floor":6,"turns":7},{"damage":32,"enemies":"Gremlin Nob","floor":8,"turns":3}],"seed_played":"-8175328850612777131","potions_obtained":[{"floor":6,"key":"BloodPotion"}],"is_trial":false,"path_per_floor":["M","?","M","M","M","E","$","E"],"character_chosen":"IRONCLAD","items_purchased":["Feel No Pain","Power Through"],"campfire_rested":0,"item_purchase_floors":[7,7],"current_hp_per_floor":[66,66,72,66,61,32,32,0,0],"gold":34,"neow_bonus":"THREE_RARE_CARDS","is_daily":false,"chose_seed":false,"campfire_upgraded":0,"win_rate":0.0,"timestamp":1609082068,"path_taken":["M","?","M","M","?","E","$","E"],"items_purchased_type":["Card","Card"],"build_version":"2020-12-22","purchased_purges":0,"victory":false,"max_hp_per_floor":[72,72,72,72,72,72,72,72,72],"card_choices":[{"not_picked":["Limit Break","Double Tap"],"picked":"Corruption","floor":0},{"not_picked":["Sword Boomerang","Warcry"],"picked":"Dual Wield","floor":1},{"not_picked":["Dropkick","Twin Strike"],"picked":"Wild Strike","floor":3},{"not_picked":["Bloodletting","Twin Strike"],"picked":"Evolve","floor":4},{"not_picked":["Wild Strike","Flame Barrier"],"picked":"Sentinel","floor":5},{"not_picked":["Iron Wave","Flex"],"picked":"Shockwave","floor":6}],"player_experience":406458,"relics_obtained":[{"floor":6,"key":"Regal Pillow"}],"event_choices":[{"damage_healed":0,"gold_gain":0,"player_choice":"1 cards matched","damage_taken":0,"max_hp_gain":0,"max_hp_loss":0,"event_name":"Match and Keep!","floor":2,"gold_loss":0,"cards_obtained":["Bludgeon"]}],"is_beta":false,"boss_relics":[],"items_purged_floors":[],"is_endless":false,"potions_floor_spawned":[6],"killed_by":"Gremlin Nob","ascension_level":8}}