{"host":"rvgqag7mtxu5qaaz","time":1609097069,"event":{"mods":["AchievementEnabler","BaseMod","Downfall","Hermit","Hubris","Minty Spire (QoL Compilation)","Replay The Spire","StSLib","SuperFastMode","The Animator","The Construct","The Cursed","The Disciple","The Necromancer"],"gold_per_floor":[109,121,71,246,246,270,291,291,371,406,422,435,131,145,145,145,145],"floor_reached":16,"playtime":1097,"items_purged":[],"score":104,"play_id":"b1d04256-4b9c-4992-80d9-2b47cb240670","local_time":"20201227142429","is_ascension_mode":false,"campfire_choices":[{"data":"Impatience","floor":8.0,"key":"SMITH"},{"floor":15.0,"key":"REST"}],"circlet_count":0,"master_deck":["hermit:Strike_Hermit","hermit:Strike_Hermit","hermit:Strike_Hermit","hermit:Strike_Hermit","hermit:Defend_Hermit","hermit:Defend_Hermit","hermit:Defend_Hermit","hermit:Snapshot","hermit:Covet","Impatience+1","hermit:Gestalt","Doubt","Injury","hermit:Grudge","hermit:Determination","hermit:GoldenBullet","expansioncontent:YouAreMine","hermit:Showdown","hermit:BigShot"],"relics":["hermit:Momento","Golden Idol","Matryoshka","Strawberry","Chemical X"],"acts_visited":["Exordium"],"potions_floor_usage":[16],"damage_taken":[{"damage":4.0,"enemies":"Cultist","floor":1.0,"turns":4.0},{"damage":2.0,"enemies":"Jaw Worm","floor":2.0,"turns":4.0},{"damage":2.0,"enemies":"2 Louse","floor":6.0,"turns":2.0},{"damage":12.0,"enemies":"Exordium Wildlife","floor":7.0,"turns":5.0},{"damage":33.0,"enemies":"Lagavulin","floor":10.0,"turns":6.0},{"damage":4.0,"enemies":"Blue Slaver","floor":11.0,"turns":4.0},{"damage":9.0,"enemies":"3 Louse","floor":12.0,"turns":4.0},{"damage":0.0,"enemies":"Large Slime","floor":14.0,"turns":6.0},{"damage":43,"enemies":"The Guardian","floor":16,"turns":14}],"seed_played":"-1897584179026412164","potions_obtained":[{"floor":2.0,"key":"ColorlessPotion"},{"floor":6.0,"key":"Languid Potion"},{"floor":10.0,"key":"Elixir"},{"floor":11.0,"key":"SkillPotion"},{"floor":12.0,"key":"Ancient Potion"}],"is_trial":false,"path_per_floor":["M","M","?","?","?","M","M","R","T","E","M","M","$","M","R","B"],"character_chosen":"HERMIT","items_purchased":["Chemical X","expansioncontent:YouAreMine","hermit:Showdown"],"campfire_rested":1,"item_purchase_floors":[13,13,13],"current_hp_per_floor":[71,69,69,69,69,67,55,55,55,29,25,16,16,16,40,0,0],"gold":145,"neow_bonus":"RANDOM_COLORLESS","is_daily":false,"chose_seed":false,"campfire_upgraded":1,"win_rate":0.0,"timestamp":1609097069,"path_taken":["M","?","?","?","?","M","M","R","T","E","M","M","$","?","R","BOSS"],"items_purchased_type":["Relic","Card","Card"],"build_version":"2020-12-22","purchased_purges":0,"victory":false,"max_hp_per_floor":[75,75,75,75,75,75,75,75,75,82,82,82,82,82,82,82,82],"card_choices":[{"not_picked":["Replay:SS_fish_3","Good Instincts"],"picked":"Impatience","floor":0.0},{"not_picked":["hermit:Misfire","hermit:Virtue"],"picked":"hermit:Gestalt","floor":1.0},{"not_picked":["hermit:SprayPray","hermit:Glare","hermit:Misfire"],"picked":"SKIP","floor":2.0},{"not_picked":["hermit:Snipe","hermit:Spite"],"picked":"hermit:Grudge","floor":6.0},{"not_picked":["hermit:Enervate","hermit:SprayPray"],"picked":"hermit:Determination","floor":7.0},{"not_picked":["hermit:Glare","hermit:Snipe"],"picked":"hermit:GoldenBullet","floor":10.0},{"not_picked":["hermit:Scavenge","hermit:Coalescence","hermit:Roulette"],"picked":"SKIP","floor":11.0},{"not_picked":["hermit:Misfire","hermit:Shortfuse","hermit:DeadMansHand"],"picked":"SKIP","floor":12.0},{"not_picked":["hermit:Roulette","hermit:SprayPray"],"picked":"hermit:BigShot","floor":14.0}],"player_experience":307609,"relics_obtained":[{"floor":9.0,"key":"Matryoshka"},{"floor":10.0,"key":"Strawberry"}],"event_choices":[{"cards_removed":["hermit:Defend_Hermit"],"damage_healed":0.0,"max_hp_gain":0.0,"max_hp_loss":0.0,"gold_gain":0.0,"event_name":"The Cleric","player_choice":"Card Removal","floor":3.0,"gold_loss":50.0,"damage_taken":0.0},{"damage_healed":0.0,"max_hp_gain":0.0,"max_hp_loss":0.0,"gold_gain":175.0,"event_name":"Liars Game","player_choice":"AGREE","floor":4.0,"gold_loss":0.0,"damage_taken":0.0,"cards_obtained":["Doubt"]},{"damage_healed":0.0,"max_hp_gain":0.0,"max_hp_loss":0.0,"gold_gain":0.0,"event_name":"Golden Idol","player_choice":"Take Wound","floor":5.0,"gold_loss":0.0,"damage_taken":0.0,"relics_obtained":["Golden Idol"],"cards_obtained":["Injury"]}],"is_beta":false,"boss_relics":[],"items_purged_floors":[],"is_endless":false,"potions_floor_spawned":[2,6,10,11,12],"killed_by":"The Guardian","ascension_level":0}}