{"host":"c1ih99nde5rm1bm8","time":1609053035,"event":{"mods":["Act Like it!","BaseMod","Become a monster ∞Ÿ±‰π÷","Gensokyo","Highlight Path","Marisa£®ÏF”Í°°ƒß¿Ì…≥£©","Minty Spire (QoL Compilation)","MostiFishMod","Railgun Mod","Reimu£®≤©¿ˆ¡È√Œ£©","Remilia_Scarlet Moed£®¿Ÿ√◊¿Ú—«°§Àπø®¿◊Ãÿ£©3.3.5","Remilia£®¿Ÿ√◊¿Ú—«£©","StSLib","The Servant 0.9.4","UnlockEverythingMod","Yakumo Yukari mod","Youmu£®ªÍ∆«—˝√Œ£©","Yuri Mod","Yuyuko","noobMod","°æ“≈ŒÔø®≈∆°øREMEMod","ÛÙª÷∏ƒœ"],"gold_per_floor":[113,113,132,132,145,145,204,291,328,353,392,415,427,455,467,574,586,614,641,653,680,710,126,150,10,46,58,70,33,58,68,68,170,170,182,182,0,10,10,38,49,66,91,110,141,141,164,214,214,265,265,265,23,58,82],"floor_reached":56,"playtime":1790,"items_purged":["yuri:yuriStrike"],"score":1631,"play_id":"08dead04-cec7-472a-ba6e-4ff3452b90a4","local_time":"20201227151035","is_ascension_mode":false,"campfire_choices":[{"floor":6.0,"key":"RECALL"},{"floor":15.0,"key":"REST"},{"floor":27.0,"key":"REST"},{"floor":32.0,"key":"REST"},{"floor":46.0,"key":"REST"},{"floor":49,"key":"REST"},{"data":"yuri:WickedSlash","floor":52,"key":"SMITH"}],"circlet_count":0,"master_deck":["yuri:yuriStrike","yuri:yuriStrike","yuri:yuriDefend","yuri:yuriDefend","yuri:yuriDefend","yuri:yuriDefend","yuri:Oolong","yuri:yuriStab","yuri:Stalk","yuri:GrowingInsanity","yuri:ThornRemove","Bomb","yuri:BlackTea","yuri:GlitchedStrike","yuri:Virus","yuri:HeavierStrike","yuri:yuriHeavyStrike","yuri:NoEscape","yuri:MarkovCurse","yuri:WickedSlash+1","yuri:BookPurple","yuri:HeavierStrike","yuri:WickedSlash","yuri:Stare","Enlightenment","yuri:WickedSlash","yuri:GlitchedStrike","yuri:Stalk","yuri:SelfHarm","yuri:MPose","yuri:ThrowingKnives","yuri:HeavierStrike","yuri:GhostForm","yuri:ChibiInvasion+1","yuri:DeepBreathing","Enlightenment","yuri:ExploitStrike","yuri:TeaSet+1","yuri:Spin+1","yuri:HeavierStrike+1","yuri:HeavierStrike","yuri:HeavierStrike","yuri:MagneticKnives"],"relics":["yuri:yuriKnife","DaveBox","ice","REME_ComplimentaryCards","PatriotShield","NeowsBlessing","SynthV:TestCard","MawBank","White Beast Statue","Letter Opener","yuri:PortraitOfMarkov","Pantograph","Lantern","RuthlessExorcism:ReiMu","Art of War","ShadowXiaoBlade","Red Mask","Sundial","Ancient Tea Set","REME_ArchaeologicalTools","Regal Pillow","REME_HourglassOfDeath","Kunai"],"acts_visited":["Exordium","TheCity","TheBeyond","TheEnding"],"potions_floor_usage":[50,55,55,55],"damage_taken":[{"damage":0.0,"enemies":"Small Slimes","floor":1.0,"turns":1.0},{"damage":0.0,"enemies":"Cultist","floor":3.0,"turns":1.0},{"damage":0.0,"enemies":"Jaw Worm","floor":5.0,"turns":1.0},{"damage":11.0,"enemies":"3 Sentries","floor":7.0,"turns":4.0},{"damage":4.0,"enemies":"Large Slime","floor":10.0,"turns":3.0},{"damage":2.0,"enemies":"Gremlin Nob","floor":11.0,"turns":2.0},{"damage":1.0,"enemies":"Looter","floor":12.0,"turns":1.0},{"damage":0.0,"enemies":"3 Louse","floor":14.0,"turns":3.0},{"damage":3.0,"enemies":"Hexaghost","floor":16.0,"turns":2.0},{"damage":3.0,"enemies":"Chosen","floor":18.0,"turns":2.0},{"damage":1.0,"enemies":"Spheric Guardian","floor":19.0,"turns":1.0},{"damage":4.0,"enemies":"Shelled Parasite and Fungi","floor":21.0,"turns":3.0},{"damage":7.0,"enemies":"Cultist and Chosen","floor":22.0,"turns":2.0},{"damage":8.0,"enemies":"Snecko","floor":24.0,"turns":2.0},{"damage":1.0,"enemies":"Slavers","floor":30.0,"turns":1.0},{"damage":11.0,"enemies":"Shelled Parasite and Fungi","floor":31.0,"turns":3.0},{"damage":12.0,"enemies":"Collector","floor":33.0,"turns":4.0},{"damage":12.0,"enemies":"Orb Walker","floor":35.0,"turns":2.0},{"damage":6.0,"enemies":"3 Darklings","floor":38.0,"turns":2.0},{"damage":1.0,"enemies":"Reptomancer","floor":40.0,"turns":1.0},{"damage":10.0,"enemies":"Transient","floor":41.0,"turns":5.0},{"damage":12.0,"enemies":"Spire Growth","floor":42.0,"turns":3.0},{"damage":1.0,"enemies":"Sphere and 2 Shapes","floor":44.0,"turns":1.0},{"damage":11.0,"enemies":"Giant Head","floor":45.0,"turns":3.0},{"damage":6.0,"enemies":"Writhing Mass","floor":48.0,"turns":2.0},{"damage":11,"enemies":"Time Eater","floor":50,"turns":6},{"damage":3,"enemies":"Shield and Spear","floor":54,"turns":2},{"damage":25,"enemies":"The Heart","floor":55,"turns":4}],"seed_played":"-5376874492171130681","potions_obtained":[{"floor":5.0,"key":"Swift Potion"},{"floor":10.0,"key":"GamblersBrew"},{"floor":12.0,"key":"Explosive Potion"},{"floor":14.0,"key":"FearPotion"},{"floor":18.0,"key":"EntropicBrew"},{"floor":21.0,"key":"Strength Potion"},{"floor":22.0,"key":"SkillPotion"},{"floor":24.0,"key":"Strength Potion"},{"floor":30.0,"key":"LiquidBronze"},{"floor":33.0,"key":"PowerPotion"},{"floor":35.0,"key":"FearPotion"},{"floor":38.0,"key":"FearPotion"},{"floor":40.0,"key":"LiquidBronze"},{"floor":42.0,"key":"Energy Potion"},{"floor":45.0,"key":"Strength Potion"},{"floor":48.0,"key":"LiquidMemories"},{"floor":54,"key":"GrandPatriotsElixir:ReiMu"}],"is_trial":false,"path_per_floor":["M","?","M","?","M","R","?","?","T","M","E","M","T","M","R","B",null,"M","M","?","M","M","R","M","R","T","R","?","$","E","M","R","B",null,"M","?","?","M","?","E","M","M","T","M","E","R","T","M","R","B",null,"R","$","E","B",null],"character_chosen":"YURI","items_purchased":["yuri:Stare","Enlightenment","Pantograph","yuri:WickedSlash","yuri:GlitchedStrike","yuri:Stalk","Lantern","yuri:MPose","REME_HourglassOfDeath"],"campfire_rested":5,"item_purchase_floors":[23,23,23,23,23,23,25,29,53],"current_hp_per_floor":[80,73,73,73,73,73,66,55,55,55,53,52,52,52,76,77,80,77,76,76,76,69,69,65,65,65,80,80,80,79,68,80,69,80,68,68,68,62,62,61,51,39,39,38,27,51,51,49,78,66,76,76,76,73,51],"gold":82,"neow_bonus":"THREE_ENEMY_KILL","is_daily":false,"chose_seed":false,"campfire_upgraded":1,"win_rate":0.0,"timestamp":1609053035,"path_taken":["M","?","M","?","?","R","?","?","T","M","E","M","?","M","R","BOSS","M","M","?","M","M","R","?","R","T","R","?","?","E","?","R","BOSS","M","?","?","?","?","E","M","M","T","M","E","R","?","M","R","BOSS","R","$","E","BOSS"],"items_purchased_type":["Card","Card","Relic","Card","Card","Card","Relic","Card","Relic"],"build_version":"2020-12-22","purchased_purges":1,"victory":true,"max_hp_per_floor":[80,80,80,80,80,80,80,80,80,80,80,80,80,80,80,80,80,80,80,80,80,80,80,80,80,80,80,80,80,80,80,80,80,80,80,80,80,80,80,80,80,80,80,80,80,80,80,78,78,76,76,76,76,76,76],"card_choices":[{"not_picked":["yuri:yuriHeavyStrike","yuri:GreenTea"],"picked":"yuri:Stalk","floor":1.0},{"not_picked":["yuri:ThrowBook","yuri:BookGreen","yuri:CalmingAura","yuri:DebugCard"],"picked":"yuri:GrowingInsanity","floor":3.0},{"not_picked":["yuri:Skip","yuri:CorruptHitbox","yuri:ReloadGame","yuri:Stalk"],"picked":"yuri:ThornRemove","floor":5.0},{"not_picked":["yuri:UntestedCode","yuri:UnstableStrike","yuri:yuriQuickStrike","yuri:GlitchedStrike"],"picked":"yuri:BlackTea","floor":7.0},{"not_picked":["yuri:DebugCard","yuri:InduceGlitch","yuri:Stalk","yuri:yuriQuickStrike"],"picked":"yuri:GlitchedStrike","floor":10.0},{"not_picked":["yuri:yuriHeavyStrike","yuri:CorruptHitbox","yuri:NerfBat","yuri:ThrowBook"],"picked":"yuri:Virus","floor":11.0},{"not_picked":["yuri:Stalk","yuri:ReactiveMadness","yuri:DejaVu","yuri:InduceGlitch"],"picked":"yuri:HeavierStrike","floor":12.0},{"not_picked":["yuri:AdaptiveAI","yuri:DebugCard","yuri:Stalk","yuri:InsanityDefense"],"picked":"yuri:yuriHeavyStrike","floor":14.0},{"not_picked":["yuri:DuplicateCode","yuri:BlackTea","yuri:DragonForm","yuri:DisableStrike"],"picked":"yuri:NoEscape","floor":16.0},{"not_picked":["yuri:ThrowBook","yuri:Stalk+1","yuri:ThrowingKnives+1","yuri:ThornRemove+1"],"picked":"yuri:WickedSlash","floor":18.0},{"not_picked":["yuri:CalmingAura","yuri:TPose","yuri:yuriHeavyStrike+1","yuri:ThrowingKnives"],"picked":"yuri:BookPurple","floor":19.0},{"not_picked":["yuri:GrowingInsanity","yuri:NoEscape","yuri:MPose+1","yuri:CalmingAura+1"],"picked":"yuri:HeavierStrike","floor":21.0},{"not_picked":["yuri:ThrowingKnives","yuri:UntestedCode","yuri:Stalk","yuri:RecklessStrike"],"picked":"yuri:WickedSlash","floor":22.0},{"not_picked":["yuri:InduceGlitch","yuri:yuriQuickStrike+1","yuri:ThornRemove","yuri:Skip+1"],"picked":"yuri:SelfHarm","floor":24.0},{"not_picked":["yuri:DejaVu","yuri:Skip","yuri:RelentlessStrikes","yuri:MPose+1"],"picked":"yuri:ThrowingKnives","floor":30.0},{"not_picked":["yuri:BookBlue","yuri:MPose","yuri:yuriHeavyStrike","yuri:Stare+1"],"picked":"yuri:HeavierStrike","floor":31.0},{"not_picked":["yuri:DistillInsanity","yuri:GlitchRemove","yuri:BlackTea","yuri:MagneticKnives"],"picked":"yuri:GhostForm","floor":33.0},{"not_picked":["yuri:Parry","yuri:ThrowingKnives+1","yuri:Spin+1","yuri:yuriHeavyStrike"],"picked":"yuri:ChibiInvasion+1","floor":35.0},{"not_picked":["yuri:HeavierStrike","yuri:Stalk+1","yuri:ThrowBook+1","yuri:yuriHeavyStrike+1"],"picked":"yuri:DeepBreathing","floor":38.0},{"not_picked":["MostiFishMod:KingOfFree","Discovery","Mayhem","MostiFishMod:ButterFly"],"picked":"Enlightenment","floor":39.0},{"not_picked":["yuri:Parry","yuri:UntestedCode","yuri:CorruptHitbox+1","yuri:ThrowingKnives"],"picked":"yuri:ExploitStrike","floor":40.0},{"not_picked":["yuri:TPose","yuri:RecklessStrike","yuri:DebugCard+1","yuri:Skip"],"picked":"yuri:TeaSet+1","floor":41.0},{"not_picked":["yuri:yuriHeavyStrike","yuri:UnstableStrike","yuri:Stare","yuri:GreenTea"],"picked":"yuri:Spin+1","floor":42.0},{"not_picked":["yuri:DejaVu","yuri:TPose+1","yuri:Stare+1","yuri:ChibiInvasion"],"picked":"yuri:HeavierStrike+1","floor":44.0},{"not_picked":["yuri:BlackTea","yuri:yuriHeavyStrike","yuri:RepairCode+1","yuri:ReloadGame+1"],"picked":"yuri:HeavierStrike","floor":45.0},{"not_picked":["yuri:ChibiInvasion+1","yuri:RepairCode","yuri:CalmingAura+1","yuri:ThrowingKnives+1"],"picked":"yuri:HeavierStrike","floor":48.0},{"not_picked":["yuri:yuriHeavyStrike","yuri:GlitchedStrike","yuri:DeepBreathing","yuri:StealPen"],"picked":"yuri:MagneticKnives","floor":54}],"player_experience":55337,"relics_obtained":[{"floor":1.0,"key":"SynthV:TestCard"},{"floor":7.0,"key":"MawBank"},{"floor":11.0,"key":"White Beast Statue"},{"floor":13.0,"key":"Letter Opener"},{"floor":26.0,"key":"RuthlessExorcism:ReiMu"},{"floor":30.0,"key":"Art of War"},{"floor":40.0,"key":"Sundial"},{"floor":43.0,"key":"Ancient Tea Set"},{"floor":45.0,"key":"REME_ArchaeologicalTools"},{"floor":47.0,"key":"Regal Pillow"},{"floor":54,"key":"Kunai"}],"event_choices":[{"cards_removed":["yuri:yuriStrike"],"damage_healed":0.0,"max_hp_gain":0.0,"max_hp_loss":0.0,"gold_gain":0.0,"event_name":"Golden Wing","player_choice":"Card Removal","floor":2.0,"gold_loss":0.0,"damage_taken":7.0},{"damage_healed":0.0,"max_hp_gain":0.0,"max_hp_loss":0.0,"gold_gain":0.0,"event_name":"The Woman in Blue","player_choice":"Bought 0 Potions","floor":4.0,"gold_loss":0.0,"damage_taken":0.0},{"damage_healed":0.0,"max_hp_gain":0.0,"max_hp_loss":0.0,"gold_gain":0.0,"event_name":"Dead Adventurer","player_choice":"Searched \u00271\u0027 times","floor":7.0,"gold_loss":0.0,"damage_taken":0.0},{"damage_healed":0.0,"max_hp_gain":0.0,"max_hp_loss":0.0,"gold_gain":75.0,"event_name":"World of Goop","player_choice":"Gather Gold","floor":8.0,"gold_loss":0.0,"damage_taken":11.0},{"cards_removed":["yuri:yuriStrike"],"damage_healed":0.0,"max_hp_gain":0.0,"max_hp_loss":0.0,"gold_gain":0.0,"event_name":"Purifier","player_choice":"Purged","floor":20.0,"gold_loss":0.0,"damage_taken":0.0},{"damage_healed":0.0,"max_hp_gain":0.0,"max_hp_loss":0.0,"gold_gain":0.0,"event_name":"Vampires","player_choice":"Ignored","floor":28.0,"gold_loss":0.0,"damage_taken":0.0},{"cards_removed":["yuri:yuriDefend"],"damage_healed":0.0,"max_hp_gain":0.0,"max_hp_loss":0.0,"gold_gain":0.0,"event_name":"Falling","player_choice":"Removed Skill","floor":36.0,"gold_loss":0.0,"damage_taken":0.0},{"damage_healed":0.0,"max_hp_gain":0.0,"max_hp_loss":0.0,"gold_gain":0.0,"event_name":"Tomb of Lord Red Mask","player_choice":"Paid","floor":37.0,"gold_loss":182.0,"damage_taken":0.0,"relics_obtained":["Red Mask"]},{"damage_healed":0.0,"max_hp_gain":0.0,"max_hp_loss":0.0,"gold_gain":0.0,"event_name":"SensoryStone","player_choice":"Memory 1","floor":39.0,"gold_loss":0.0,"damage_taken":0.0}],"is_beta":false,"boss_relics":[{"not_picked":["Runic Pyramid","REME_DuelDisc"],"picked":"yuri:PortraitOfMarkov"},{"not_picked":["RhineFirstAidKit","Empty Cage"],"picked":"ShadowXiaoBlade"}],"items_purged_floors":[23],"is_endless":false,"potions_floor_spawned":[5,10,12,14,16,18,19,21,22,24,30,31,33,35,38,40,41,42,44,45,48,54],"ascension_level":0}}