{"host":"7nu0fnckee4tlfez","time":1609082580,"event":{"mods":["2.2 Compatiblity","AchievementEnabler","Astrologer","BaseMod","CapriCore","Colored Map","Downfall","Lobotomy","LobotomyExtend","Marisa£¨Ùöéë¡¡Øª×âÞÞ£©","Minty Spire (QoL Compilation)","StSLib","SuperFastMode","The Immortal"],"gold_per_floor":[111,124,142,161,178,178,178,178,178,178,193,209,209,86,86,189,189,201,231,243,265,240,252,281,293,305,217,244,244,273,288,288,388,388,276,276,18,28,28,28,28,28,51,51,51,51,51,65,65,65,65],"floor_reached":50,"playtime":2639,"items_purged":["Strike_G","Strike_G","Strike_G"],"score":524,"play_id":"b402487b-9873-4830-ad48-fad51c253e3c","local_time":"20201228002300","is_ascension_mode":false,"campfire_choices":[{"data":"Cloak And Dagger","floor":6.0,"key":"SMITH"},{"data":"Blade Dance","floor":8.0,"key":"SMITH"},{"data":"Dagger Spray","floor":10.0,"key":"SMITH"},{"data":"Accuracy","floor":13.0,"key":"SMITH"},{"data":"Outmaneuver","floor":15.0,"key":"SMITH"},{"data":"A Thousand Cuts","floor":23.0,"key":"SMITH"},{"data":"Neutralize","floor":29.0,"key":"SMITH"},{"data":"Night Terror","floor":32.0,"key":"SMITH"},{"data":"Accuracy","floor":41.0,"key":"SMITH"},{"floor":44.0,"key":"REST"},{"data":"Blade Dance","floor":46.0,"key":"SMITH"},{"data":"Dagger Spray","floor":49.0,"key":"SMITH"}],"circlet_count":0,"master_deck":["Defend_G+1","Defend_G","Defend_G+1","Defend_G","Defend_G","Survivor","Neutralize+1","OldLady","Dagger Spray+1","ShyLook","Cloak And Dagger+1","BlackSwan","Blade Dance+1","OSAHOGD","Dagger Spray+1","Bloodbath","Flying Knee","Freischutz","Accuracy+1","CENSORED","Outmaneuver+1","A Thousand Cuts+1","CurseOfTheBell","DreamingCurrent","LongBird","Night Terror+1","Infinite Blades+1","Accuracy+1","Blade Dance+1","SilentOrchestra","GreedKing","Blade Dance+1"],"relics":["Ring of the Snake","CogitoBucket","RabbitCall","LetterFromLob","War Paint","LuminousBracelet","Calling Bell","MawBank","Blue Candle","The Specimen","Heaven_r","Gaze_r","MagicBullet_r","Vajra","AdjustmentMirror","Bag of Marbles","Mummified Hand","Toy Ornithopter","Runic Pyramid","AspirationHeart","Centennial Puzzle"],"acts_visited":["Exordium","TheCity","TheBeyond"],"potions_floor_usage":[50],"damage_taken":[{"damage":7.0,"enemies":"Jaw Worm","floor":1.0,"turns":8.0},{"damage":0.0,"enemies":"2 Louse","floor":2.0,"turns":3.0},{"damage":0.0,"enemies":"Small Slimes","floor":3.0,"turns":2.0},{"damage":0.0,"enemies":"Exordium Wildlife","floor":4.0,"turns":4.0},{"damage":0.0,"enemies":"Red Slaver","floor":5.0,"turns":3.0},{"damage":2.0,"enemies":"3 Louse","floor":11.0,"turns":12.0},{"damage":11.0,"enemies":"Large Slime","floor":12.0,"turns":4.0},{"damage":57.0,"enemies":"Slime Boss","floor":16.0,"turns":9.0},{"damage":53.0,"enemies":"3 Byrds","floor":18.0,"turns":4.0},{"damage":4.0,"enemies":"3 Byrds","floor":18.0,"turns":4.0},{"damage":0.0,"enemies":"3 Byrds","floor":19.0,"turns":2.0},{"damage":2.0,"enemies":"2 Thieves","floor":21.0,"turns":3.0},{"damage":157.0,"enemies":"Centurion and Healer","floor":22.0,"turns":9.0},{"damage":32.0,"enemies":"Snecko","floor":24.0,"turns":5.0},{"damage":46.0,"enemies":"Slavers","floor":28.0,"turns":5.0},{"damage":40.0,"enemies":"Gremlin Leader","floor":30.0,"turns":6.0},{"damage":15.0,"enemies":"Sentry and Sphere","floor":31.0,"turns":5.0},{"damage":129.0,"enemies":"Automaton","floor":33.0,"turns":9.0},{"damage":153.0,"enemies":"3 Darklings","floor":35.0,"turns":8.0},{"damage":15.0,"enemies":"Orb Walker","floor":38.0,"turns":3.0},{"damage":109.0,"enemies":"Spire Growth","floor":40.0,"turns":6.0},{"damage":57.0,"enemies":"Jaw Worm Horde","floor":42.0,"turns":4.0},{"damage":1.0,"enemies":"Transient","floor":48.0,"turns":5.0},{"damage":141,"enemies":"FixerMidnight","floor":50,"turns":2}],"seed_played":"-6573086772643851022","potions_obtained":[{"floor":1.0,"key":"Fire Potion"},{"floor":2.0,"key":"Energy Potion"},{"floor":4.0,"key":"SpeedPotion"},{"floor":11.0,"key":"ColorlessPotion"},{"floor":21.0,"key":"EssenceOfSteel"},{"floor":22.0,"key":"Poison Potion"},{"floor":30.0,"key":"LiquidBronze"},{"floor":35.0,"key":"SpeedPotion"},{"floor":40.0,"key":"Fire Potion"},{"floor":42.0,"key":"Energy Potion"}],"is_trial":false,"path_per_floor":["M","M","M","M","M","R","?","R","T","R","M","M","R","$","R","B",null,"M","M","?","M","M","R","M","?","T","$","E","R","E","M","R","B",null,"M","?","$","M","$","M","R","M","T","R","?","R","?","M","R","B"],"character_chosen":"THE_SILENT","items_purchased":["Outmaneuver","Accuracy","Blade Dance"],"campfire_rested":1,"item_purchase_floors":[14,37,37],"current_hp_per_floor":[63,63,63,63,63,63,56,56,56,56,72,63,63,63,63,45,85,59,59,59,75,89,89,73,56,56,56,57,57,72,94,94,93,94,101,101,101,104,104,56,56,62,62,93,93,93,99,99,99,0,0],"gold":65,"neow_bonus":"","is_daily":false,"chose_seed":false,"campfire_upgraded":11,"win_rate":0.0,"timestamp":1609082580,"path_taken":["M","M","M","M","M","R","?","R","T","R","M","M","R","$","R","BOSS","M","M","?","M","M","R","M","?","T","$","E","R","E","M","R","BOSS","M","?","$","M","$","M","R","?","T","R","?","R","?","?","R","BOSS"],"items_purchased_type":["Card","Card","Card"],"build_version":"2020-12-22","purchased_purges":3,"victory":false,"max_hp_per_floor":[70,70,70,70,70,70,70,70,70,70,85,85,85,85,85,85,85,89,89,89,89,89,89,89,94,94,94,94,94,94,94,94,94,94,104,104,104,104,104,104,104,104,104,104,99,99,99,99,99,99,99],"card_choices":[{"not_picked":["PunishingBird","LittlePrince"],"picked":"OldLady","floor":1.0},{"not_picked":["Catalyst","Dash"],"picked":"Dagger Spray","floor":1.0},{"not_picked":["BigBadWolf","Scorched"],"picked":"ShyLook","floor":2.0},{"not_picked":["Poisoned Stab","Underhanded Strike"],"picked":"Cloak And Dagger","floor":2.0},{"not_picked":["Bloodbath","SingingMachine"],"picked":"BlackSwan","floor":3.0},{"not_picked":["Dash","Deflect"],"picked":"Blade Dance","floor":3.0},{"not_picked":["Wellcheers","FairyFestival"],"picked":"OSAHOGD","floor":4.0},{"not_picked":["Dagger Throw","Dodge and Roll"],"picked":"Dagger Spray","floor":4.0},{"not_picked":["Rudolta","MHz","BigBadWolf"],"picked":"Singing Bowl","floor":5.0},{"not_picked":["BigBadWolf","BigBird"],"picked":"Bloodbath","floor":5.0},{"not_picked":["Backflip","Bane"],"picked":"Flying Knee","floor":5.0},{"not_picked":["UniverseFragment","Wellcheers"],"picked":"Freischutz","floor":11.0},{"not_picked":["Backstab","Cloak And Dagger"],"picked":"Accuracy","floor":11.0},{"not_picked":["Murderer","UniverseFragment"],"picked":"CENSORED","floor":12.0},{"not_picked":["Backflip","Bouncing Flask","Quick Slash"],"picked":"SKIP","floor":12.0},{"not_picked":["CrumblingArmor","CherryBlossoms","MHz"],"picked":"Singing Bowl","floor":16.0},{"not_picked":["Doppelganger","Wraith Form v2"],"picked":"A Thousand Cuts","floor":16.0},{"not_picked":["Laetitia","SnowQueen","Wellcheers"],"picked":"Singing Bowl","floor":19.0},{"not_picked":["DespairKnight","WhitesApple"],"picked":"DreamingCurrent","floor":19.0},{"not_picked":["Dodge and Roll+1","Dagger Spray","Well Laid Plans"],"picked":"SKIP","floor":19.0},{"not_picked":["SingingMachine","Scorched","Wellcheers"],"picked":"Singing Bowl","floor":21.0},{"not_picked":["Dash","Backflip","Underhanded Strike"],"picked":"SKIP","floor":21.0},{"not_picked":["Outmaneuver","Predator","Tools of the Trade"],"picked":"SKIP","floor":22.0},{"not_picked":["QueenOfHatred","PunishingBird"],"picked":"LongBird","floor":24.0},{"not_picked":["Well Laid Plans","Underhanded Strike","Prepared"],"picked":"SKIP","floor":24.0},{"not_picked":["Prepared","Flying Knee+1","Dagger Throw+1"],"picked":"SKIP","floor":28.0},{"not_picked":["Cloak And Dagger+1","Reflex"],"picked":"Night Terror","floor":30.0},{"not_picked":["Catalyst","Sucker Punch"],"picked":"Infinite Blades+1","floor":31.0},{"not_picked":["PiercingWail+1","Dash+1","Flying Knee+1"],"picked":"SKIP","floor":35.0},{"not_picked":["Caltrops","Distraction","Finisher"],"picked":"SKIP","floor":38.0},{"not_picked":["LaLuna","Variant"],"picked":"SilentOrchestra","floor":40.0},{"not_picked":["Prepared","Bane","Masterful Stab+1"],"picked":"SKIP","floor":40.0},{"not_picked":["BodiesMountain","PunishingBird"],"picked":"GreedKing","floor":42.0},{"not_picked":["Dodge and Roll","Backflip","Deadly Poison+1"],"picked":"SKIP","floor":42.0},{"not_picked":["SnowQueen","Mercenary","Alriune"],"picked":"Singing Bowl","floor":48.0},{"not_picked":["Bouncing Flask+1","Endless Agony"],"picked":"Blade Dance+1","floor":48.0}],"player_experience":51934,"relics_obtained":[{"floor":1.0,"key":"LetterFromLob"},{"floor":9.0,"key":"War Paint"},{"floor":17.0,"key":"MawBank"},{"floor":17.0,"key":"Blue Candle"},{"floor":17.0,"key":"The Specimen"},{"floor":26.0,"key":"Bag of Marbles"},{"floor":28.0,"key":"Mummified Hand"},{"floor":30.0,"key":"Toy Ornithopter"},{"floor":43.0,"key":"Centennial Puzzle"}],"event_choices":[{"cards_removed":["Strike_G"],"damage_healed":0.0,"max_hp_gain":0.0,"max_hp_loss":0.0,"gold_gain":0.0,"event_name":"Golden Wing","player_choice":"Card Removal","floor":7.0,"gold_loss":0.0,"damage_taken":7.0},{"damage_healed":0.0,"max_hp_gain":0.0,"max_hp_loss":0.0,"gold_gain":0.0,"event_name":"The Mausoleum","player_choice":"Opened","floor":20.0,"gold_loss":0.0,"damage_taken":0.0,"relics_obtained":["Vajra"]},{"damage_healed":0.0,"max_hp_gain":5.0,"max_hp_loss":0.0,"gold_gain":0.0,"event_name":"Forgotten Altar","player_choice":"Shed Blood","floor":25.0,"gold_loss":0.0,"damage_taken":22.0},{"damage_healed":0.0,"max_hp_gain":0.0,"max_hp_loss":0.0,"gold_gain":0.0,"event_name":"Transmorgrifier","player_choice":"Ignored","floor":36.0,"gold_loss":0.0,"damage_taken":0.0},{"damage_healed":0.0,"max_hp_gain":0.0,"max_hp_loss":5.0,"gold_gain":0.0,"event_name":"Winding Halls","player_choice":"Max HP","floor":45.0,"gold_loss":0.0,"damage_taken":0.0},{"damage_healed":6.0,"max_hp_gain":0.0,"max_hp_loss":0.0,"gold_gain":0.0,"event_name":"Wheel of Change","player_choice":"Full Heal","floor":47.0,"gold_loss":0.0,"damage_taken":0.0}],"is_beta":false,"boss_relics":[{"not_picked":["Ectoplasm","Astrolabe"],"picked":"Calling Bell"},{"not_picked":["Velvet Choker","Runic Dome"],"picked":"Runic Pyramid"}],"items_purged_floors":[14,27,37],"is_endless":false,"potions_floor_spawned":[1,2,4,11,18,21,22,30,31,33,35,40,42],"killed_by":"FixerMidnight","ascension_level":0}}