{"host":"0azimyi6n3ugndj4","time":1609098916,"event":{"mods":["2.2 Compatiblity","BaseMod","Bestiary","Conspire","Curses Come First","Defuse TimeMaze Blight","Hyrulean Relics","Infinite Spire","Minty Spire (QoL Compilation)","Relic Stats","Replay The Spire","StSLib","SuperFastMode","Uncapped","¡¼?Úª?ø«¡½REMEMod"],"gold_per_floor":[147,234,234,234,194,281,357,357,357],"floor_reached":8,"playtime":167,"items_purged":[],"score":158,"play_id":"ea503070-c2bf-4064-aec8-7b399c7f77eb","local_time":"20201228045516","daily_mods":["Shiny","Vintage","ControlledChaos","Diverse","Colorless Cards","Heirloom","Time Dilation","Flight","Elite Swarm","Lethality","Midas","Night Terrors","Binary"],"is_ascension_mode":true,"campfire_choices":[],"circlet_count":0,"master_deck":["AscendersBane","Brilliance","Devotion","Replay:AllIn","LessonLearned","Vault","Alpha","Establishment","REME_WorshipGod","Replay:LoomingThreat","DeusExMachina","Judgement","ConjureBlade","REME_EmptyShield","MasterReality","Blasphemy","Ragnarok","REME_CRH","Scrawl","Wish","Omniscience","SpiritShield","DevaForm","Hyperbeam","REME_ForAll","Machine Learning","Buffer","Mirror Shield","Seek","Echo Form","All For One","Reboot","Fission","Core Surge","Multi-Cast","Thunder Strike","Biased Cognition","REME_Shoggoth","Electrodynamics","ReplayRNGCard","ReplayTheSpireMod:Omega Cannon","Rainbow","Meteor Strike","Amplify","Creative AI","REME_ShadowForm","ReplayTheSpireMod:Necrosis","Corpse Explosion","Die Die Die","Atom Bomb","ReplayTheSpireMod:From All Sides","Adrenaline","Envenom","Doppelganger","Burst","Wraith Form v2","REME_SpectralBlade","Tools of the Trade","REME_CopyPotion","After Image","Poison Darts","A Thousand Cuts","Venomology","Replay:Bag of Tricks","Malaise","Phantasmal Killer","Night Terror","infinitespire:Neurotoxin","Unload","REME_GrazeFinale","Bullet Time","Storm of Steel","Glass Knife","Grand Finale","Double Tap","Demon Form","REME_ACTH","Fiend Fire","Eclipse","conspire:Purge","Berserk","Impervious","Juggernaut","Brutality","Demonic Infusion","conspire:HitWhereItHurts","Exhume","Offering","REME_Fury","Bludgeon","Feed","Replay:Many Hands","Limit Break","Corruption","Barricade","Hemogenesis","REME_TheLastStrike","Reaper","Immolate","Thinking Ahead","Metamorphosis","Master of Strategy","Magnetism","REME_HeartOfCthun","Chrysalis","Mayhem","REME_PuzzleBox","Secret Weapon","Midas Touch","ReplayTheSpireMod:Brewmster","REME_AllRoundStrike","Poisoned Strike","REME_MawOfCthun","REME_EyeOfCthun","REME_WheelOfFate","Sadistic Nature","Replay:Dark Deal","REME_Flogging","ReplayUltimateDefense","Transmutation","REME_BattleFury","HandOfGreed","ReplayTheSpireMod:Necrogeddon","Apotheosis","Panache","Violence","Secret Technique","REME_BodyOfCthun","The Bomb","Crow Ritual","REME_BuildACard","REME_ProfessionalPlagiarism","Creative AI","infinitespire:TheBestDefense"],"relics":["Iron Core","Frozen Eye","Busted Crown","REME_ComplimentaryCards","Durian","FossilizedHelix","Replay:WaspNest","infinitespire:Cubic Diamond","zeldaRelics:CouragePiece","ReplayTheSpireMod:Lightbulb","Prayer Wheel"],"acts_visited":["Exordium"],"potions_floor_usage":[],"damage_taken":[{"damage":15,"enemies":"conspire:RoseBush","floor":1,"turns":2},{"damage":0,"enemies":"conspire:MimicChest","floor":2,"turns":2},{"damage":8,"enemies":"Lagavulin","floor":6,"turns":5},{"damage":10,"enemies":"2 Louse","floor":7,"turns":2},{"damage":32,"enemies":"Replay:BlueRogue","floor":8,"turns":4}],"seed_played":"763157603022728141","potions_obtained":[{"floor":1,"key":"GamblersBrew"},{"floor":5,"key":"EssenceOfSteel"}],"is_trial":true,"path_per_floor":["M","?","?","?","?","E","M","E"],"character_chosen":"IRONCLAD","items_purchased":[],"campfire_rested":0,"item_purchase_floors":[],"current_hp_per_floor":[64,70,70,50,50,42,32,0,0],"gold":357,"neow_bonus":"","is_daily":false,"chose_seed":false,"campfire_upgraded":0,"win_rate":0.0,"timestamp":1609098916,"path_taken":["M","?","?","?","?","E","M","E"],"items_purchased_type":[],"build_version":"2020-12-22","purchased_purges":0,"victory":false,"max_hp_per_floor":[80,80,80,80,80,80,80,80,80],"relic_stats":{"Busted Crown":4,"counters":[5,14],"Prayer Wheel":0,"obtain_stats":[{"Frozen Eye":0,"Iron Core":3,"Busted Crown":0,"Prayer Wheel":8,"Replay:WaspNest":2,"infinitespire:Cubic Diamond":3,"Durian":0,"zeldaRelics:CouragePiece":6,"ReplayTheSpireMod:Lightbulb":7,"Burning Blood":0,"FossilizedHelix":1,"REME_ComplimentaryCards":0},{"Frozen Eye":0,"Iron Core":2,"Busted Crown":0,"Prayer Wheel":5,"Replay:WaspNest":2,"infinitespire:Cubic Diamond":2,"Durian":0,"zeldaRelics:CouragePiece":3,"ReplayTheSpireMod:Lightbulb":4,"Burning Blood":0,"FossilizedHelix":1,"REME_ComplimentaryCards":0},{"Frozen Eye":0,"Iron Core":4,"Busted Crown":0,"Prayer Wheel":12,"Replay:WaspNest":4,"infinitespire:Cubic Diamond":4,"Durian":0,"zeldaRelics:CouragePiece":9,"ReplayTheSpireMod:Lightbulb":11,"Burning Blood":0,"FossilizedHelix":2,"REME_ComplimentaryCards":0}]},"card_choices":[{"not_picked":["infinitespire:Starlight","ReplayTheSpireMod:Black Plague"],"picked":"infinitespire:TheBestDefense","floor":4}],"player_experience":1447957,"relics_obtained":[{"floor":1,"key":"FossilizedHelix"},{"floor":2,"key":"Replay:WaspNest"},{"floor":6,"key":"zeldaRelics:CouragePiece"},{"floor":7,"key":"ReplayTheSpireMod:Lightbulb"}],"event_choices":[{"damage_healed":0,"gold_gain":0,"player_choice":"Bought 3 Potions","damage_taken":0,"max_hp_gain":0,"max_hp_loss":0,"event_name":"The Woman in Blue","floor":5,"gold_loss":0}],"is_beta":false,"boss_relics":[],"items_purged_floors":[],"is_endless":false,"potions_floor_spawned":[1],"killed_by":"Replay:BlueRogue","ascension_level":20}}