{"host":"qwv9nni2x0umspiu","time":1609060875,"event":{"mods":["BaseMod","Downfall","Minty Spire (QoL Compilation)","Replay The Spire","StSLib","The Hierophant","Wandering Minibosses"],"gold_per_floor":[115,115,115,131,4,37,37,57,84,99,104,26,26,30,30,0,0],"floor_reached":16,"playtime":488,"items_purged":["hierophant:Strike_Hierophant"],"score":270,"play_id":"51c9ac26-9ecb-4dae-895c-e17f864cd509","local_time":"20201227012115","is_ascension_mode":true,"campfire_choices":[{"data":"hierophant:ChurchCoffers","floor":7,"key":"SMITH"},{"data":"hierophant:Community","floor":13,"key":"SMITH"},{"floor":15,"key":"REST"}],"circlet_count":0,"master_deck":["AscendersBane","hierophant:Strike_Hierophant","hierophant:Strike_Hierophant","hierophant:Strike_Hierophant","hierophant:Punish+1","hierophant:Defend_Hierophant","hierophant:Defend_Hierophant","hierophant:Defend_Hierophant","hierophant:Defend_Hierophant","hierophant:ChurchCoffers+1","hierophant:Zeal","hierophant:HammerAndAnvil","hierophant:SealAway","hierophant:Shelter","hierophant:Community+1"],"relics":["hierophant:PropheticMaskRelic","NeowsBlessing","Golden Idol","White Beast Statue","PreservedInsect"],"acts_visited":["Exordium"],"potions_floor_usage":[8,11,16],"damage_taken":[{"damage":0,"enemies":"Cultist","floor":1,"turns":1},{"damage":0,"enemies":"Small Slimes","floor":4,"turns":1},{"damage":0,"enemies":"3 Sentries","floor":6,"turns":2},{"damage":2,"enemies":"Jaw Worm","floor":8,"turns":2},{"damage":9,"enemies":"Exordium Thugs","floor":10,"turns":3},{"damage":25,"enemies":"Lagavulin","floor":11,"turns":5},{"damage":2,"enemies":"Large Slime","floor":14,"turns":4},{"damage":31,"enemies":"Hexaghost","floor":16,"turns":9}],"seed_played":"4565069972728809835","potions_obtained":[{"floor":4,"key":"SmokeBomb"},{"floor":6,"key":"Regen Potion"},{"floor":8,"key":"SpeedPotion"},{"floor":11,"key":"sneckomod:MuddlingPotion"},{"floor":14,"key":"Guardian:BlockOnCardUsePotion"}],"is_trial":false,"path_per_floor":["M","?","?","M","$","E","R","M","T","M","E","$","R","M","R","B"],"character_chosen":"HIEROPHANT","items_purchased":["hierophant:HammerAndAnvil","hierophant:Community"],"campfire_rested":1,"item_purchase_floors":[5,12],"current_hp_per_floor":[68,42,42,42,42,42,42,49,49,40,15,15,15,13,35,4,4],"gold":0,"neow_bonus":"THREE_ENEMY_KILL","is_daily":false,"chose_seed":false,"campfire_upgraded":2,"win_rate":0.0,"timestamp":1609060875,"path_taken":["M","?","?","M","?","E","R","M","T","M","E","$","R","?","R","BOSS"],"items_purchased_type":["Card","Card"],"build_version":"2020-12-22","purchased_purges":1,"victory":false,"max_hp_per_floor":[75,75,75,75,75,75,75,75,75,75,75,75,75,75,75,75,75],"card_choices":[{"not_picked":["hierophant:DisplayOfPower","hierophant:Purify","hierophant:FieryStrike"],"picked":"SKIP","floor":1},{"not_picked":["hierophant:FlamingChariot","hierophant:Repentance"],"picked":"hierophant:Zeal","floor":4},{"not_picked":["hierophant:RepressedViolence","hierophant:RustyCrate","hierophant:MirrorShield"],"picked":"SKIP","floor":6},{"not_picked":["hierophant:AuricForm","hierophant:Zeal"],"picked":"hierophant:SealAway","floor":8},{"not_picked":["hierophant:FlamingChariot","hierophant:Sermon","hierophant:Empathy"],"picked":"SKIP","floor":10},{"not_picked":["hierophant:ConvertCurrency","hierophant:Remorse"],"picked":"hierophant:Shelter","floor":11},{"not_picked":["hierophant:Embezzle","hierophant:AuricBeam","hierophant:RustyCrate"],"picked":"SKIP","floor":14}],"player_experience":1314041,"relics_obtained":[{"floor":6,"key":"White Beast Statue"},{"floor":11,"key":"PreservedInsect"}],"event_choices":[{"damage_healed":0,"gold_gain":0,"player_choice":"Take Damage","damage_taken":26,"relics_obtained":["Golden Idol"],"max_hp_gain":0,"max_hp_loss":0,"event_name":"Golden Idol","floor":2,"gold_loss":0}],"is_beta":false,"boss_relics":[],"items_purged_floors":[5],"is_endless":false,"potions_floor_spawned":[4,6,8,10,11,14],"killed_by":"Hexaghost","ascension_level":20}}