{"host":"ci7ivtocgfxh0ueo","time":1609044513,"event":{"mods":["BaseMod","GifTheSpireLib","Minty Spire (QoL Compilation)","StSLib"],"gold_per_floor":[118,118,133,144,156,156,24,24,24,24,24,24,24,40,40,117,117,130,45,64,76,20,20,20,20,20,20,20,20,20,39,39,113,113,128,153,207,49,69,12,12,28,28,0,0,0,0,16,16,16],"floor_reached":51,"playtime":1228,"items_purged":["Pain"],"score":1242,"play_id":"a5261acc-55ae-49da-8df3-24773a5ea0e9","local_time":"20201227124833","is_ascension_mode":true,"campfire_choices":[{"data":"Echo Form","floor":6,"key":"SMITH"},{"data":"Cold Snap","floor":8,"key":"SMITH"},{"floor":13,"key":"REST"},{"data":"Cold Snap","floor":15,"key":"SMITH"},{"floor":23,"key":"REST"},{"data":"Buffer","floor":25,"key":"SMITH"},{"floor":28,"key":"DIG"},{"floor":32,"key":"REST"},{"floor":41,"key":"REST"},{"floor":45,"key":"REST"},{"floor":49,"key":"REST"}],"circlet_count":0,"master_deck":["AscendersBane","Strike_B","Strike_B","Strike_B","Defend_B","Defend_B","Defend_B","Zap","Cold Snap+1","Echo Form+1","Cold Snap+1","Buffer+1","Chill","Doom and Gloom","Electrodynamics","Reprogram+1","Consume+1","Chill+1","Genetic Algorithm","Loop+1","Writhe"],"relics":["Cracked Core","NeowsBlessing","WarpedTongs","StrikeDummy","Mercury Hourglass","Inserter","Juzu Bracelet","Shovel","Mummified Hand","Symbiotic Virus","Astrolabe","Bird Faced Urn","Dead Branch","Blood Vial","Bottled Flame","Red Mask","Frozen Egg 2"],"acts_visited":["Exordium","TheCity","TheBeyond"],"potions_floor_usage":[16,16,18,21,31,33,33,37,50,50],"damage_taken":[{"damage":0,"enemies":"2 Louse","floor":1,"turns":1},{"damage":0,"enemies":"Cultist","floor":3,"turns":1},{"damage":0,"enemies":"Jaw Worm","floor":4,"turns":1},{"damage":26,"enemies":"3 Louse","floor":5,"turns":4},{"damage":4,"enemies":"Blue Slaver","floor":14,"turns":3},{"damage":0,"enemies":"The Guardian","floor":16,"turns":8},{"damage":7,"enemies":"Shell Parasite","floor":18,"turns":6},{"damage":0,"enemies":"Chosen","floor":20,"turns":5},{"damage":23,"enemies":"Centurion and Healer","floor":21,"turns":5},{"damage":0,"enemies":"Snecko","floor":31,"turns":4},{"damage":22,"enemies":"Collector","floor":33,"turns":13},{"damage":4,"enemies":"3 Darklings","floor":35,"turns":4},{"damage":0,"enemies":"Mind Bloom Boss Battle","floor":36,"turns":6},{"damage":36,"enemies":"2 Orb Walkers","floor":37,"turns":3},{"damage":0,"enemies":"3 Shapes","floor":39,"turns":3},{"damage":44,"enemies":"Maw","floor":42,"turns":9},{"damage":35,"enemies":"3 Darklings","floor":48,"turns":5},{"damage":32,"enemies":"Donu and Deca","floor":50,"turns":9}],"seed_played":"-4941999471431646538","potions_obtained":[{"floor":1,"key":"CultistPotion"},{"floor":16,"key":"FearPotion"},{"floor":18,"key":"PotionOfCapacity"},{"floor":20,"key":"AttackPotion"},{"floor":31,"key":"Fire Potion"},{"floor":33,"key":"PowerPotion"},{"floor":36,"key":"DuplicationPotion"},{"floor":37,"key":"Weak Potion"}],"is_trial":false,"path_per_floor":["M","?","M","M","M","R","$","R","T","?","?","T","R","M","R","B",null,"M","?","M","M","$","R","?","R","T","?","R","?","$","M","R","B",null,"M","?","?","$","M","$","R","M","T","?","R","T","?","M","R","B",null],"character_chosen":"DEFECT","items_purchased":["Block Potion","Energy Potion","Blood Vial","FocusPotion"],"campfire_rested":6,"item_purchase_floors":[7,22,38,40],"current_hp_per_floor":[64,64,64,64,38,38,38,38,38,38,38,38,59,55,55,55,67,60,60,60,37,37,58,58,58,58,38,38,38,38,38,60,38,67,63,63,33,33,41,41,63,29,29,29,51,51,66,39,61,43],"gold":16,"neow_bonus":"THREE_ENEMY_KILL","is_daily":false,"chose_seed":false,"campfire_upgraded":4,"win_rate":0.0,"timestamp":1609044513,"path_taken":["M","?","?","M","M","R","$","R","T","?","?","?","R","M","R","BOSS","M","?","M","M","$","R","?","R","T","?","R","?","?","M","R","BOSS","M","?","?","$","M","?","R","M","T","?","R","?","?","M","R","BOSS"],"items_purchased_type":["Potion","Potion","Relic","Potion"],"build_version":"2020-12-22","purchased_purges":1,"victory":true,"max_hp_per_floor":[71,71,71,71,71,71,71,71,71,71,71,71,71,71,71,71,71,71,71,71,71,71,71,71,71,71,76,76,76,76,76,76,76,76,76,76,76,76,76,76,76,76,76,76,76,76,76,76,76,76],"card_choices":[{"not_picked":["Self Repair","Recycle"],"picked":"Cold Snap","floor":1},{"not_picked":["Static Discharge","Rebound","Hologram"],"picked":"SKIP","floor":3},{"not_picked":["Hologram","Steam"],"picked":"Echo Form","floor":4},{"not_picked":["Hello World","Redo"],"picked":"Cold Snap","floor":5},{"not_picked":["Barrage","Capacitor","Sweeping Beam"],"picked":"SKIP","floor":14},{"not_picked":["Fission","All For One"],"picked":"Buffer","floor":16},{"not_picked":["Conserve Battery","Stack","Steam"],"picked":"SKIP","floor":18},{"not_picked":["Barrage","Chaos"],"picked":"Chill","floor":20},{"not_picked":["Barrage","Streamline"],"picked":"Doom and Gloom","floor":21},{"not_picked":["Sweeping Beam","Gash","Compile Driver"],"picked":"SKIP","floor":31},{"not_picked":["Hyperbeam","Buffer"],"picked":"Electrodynamics","floor":33},{"not_picked":["Streamline","Turbo","Steam Power"],"picked":"SKIP","floor":35},{"not_picked":["Compile Driver","Steam"],"picked":"Genetic Algorithm","floor":37},{"not_picked":["Hologram","Compile Driver"],"picked":"Loop+1","floor":39},{"not_picked":["Conserve Battery+1","Beam Cell","Leap"],"picked":"SKIP","floor":42},{"not_picked":["Turbo+1","FTL","Beam Cell"],"picked":"SKIP","floor":48}],"player_experience":1310245,"relics_obtained":[{"floor":9,"key":"StrikeDummy"},{"floor":12,"key":"Mercury Hourglass"},{"floor":26,"key":"Mummified Hand"},{"floor":28,"key":"Symbiotic Virus"},{"floor":36,"key":"Bird Faced Urn"},{"floor":37,"key":"Dead Branch"},{"floor":43,"key":"Bottled Flame"},{"floor":46,"key":"Frozen Egg 2"}],"event_choices":[{"damage_healed":0,"gold_gain":0,"player_choice":"Rummage","damage_taken":0,"relics_obtained":["WarpedTongs"],"max_hp_gain":0,"max_hp_loss":0,"event_name":"Accursed Blacksmith","floor":2,"gold_loss":0,"cards_obtained":["Pain"]},{"damage_healed":0,"gold_gain":0,"player_choice":"Ignored","damage_taken":0,"max_hp_gain":0,"max_hp_loss":0,"event_name":"Golden Idol","floor":10,"gold_loss":0},{"damage_healed":0,"gold_gain":0,"player_choice":"Fled","damage_taken":0,"max_hp_gain":0,"max_hp_loss":0,"event_name":"Scrap Ooze","floor":11,"gold_loss":0},{"damage_healed":0,"gold_gain":0,"player_choice":"Obtained Relic","damage_taken":0,"relics_obtained":["Juzu Bracelet"],"max_hp_gain":0,"max_hp_loss":0,"event_name":"Addict","floor":19,"gold_loss":85},{"damage_healed":0,"gold_gain":0,"player_choice":"Opened","damage_taken":0,"relics_obtained":["Shovel"],"max_hp_gain":0,"max_hp_loss":0,"event_name":"The Mausoleum","floor":24,"gold_loss":0,"cards_obtained":["Writhe"]},{"damage_healed":0,"gold_gain":0,"player_choice":"Shed Blood","damage_taken":25,"max_hp_gain":5,"max_hp_loss":0,"event_name":"Forgotten Altar","floor":27,"gold_loss":0},{"cards_removed":["Writhe"],"damage_healed":0,"gold_gain":0,"player_choice":"Purged","damage_taken":0,"max_hp_gain":0,"max_hp_loss":0,"event_name":"Purifier","floor":29,"gold_loss":0},{"damage_healed":0,"gold_gain":0,"player_choice":"Fight","damage_taken":0,"max_hp_gain":0,"max_hp_loss":0,"event_name":"MindBloom","floor":36,"gold_loss":0},{"damage_healed":0,"gold_gain":0,"player_choice":"Fight","damage_taken":0,"max_hp_gain":0,"max_hp_loss":0,"event_name":"Mysterious Sphere","floor":37,"gold_loss":0},{"damage_healed":0,"gold_gain":0,"player_choice":"Paid","damage_taken":0,"relics_obtained":["Red Mask"],"max_hp_gain":0,"max_hp_loss":0,"event_name":"Tomb of Lord Red Mask","floor":44,"gold_loss":28},{"damage_healed":15,"gold_gain":0,"player_choice":"Writhe","damage_taken":0,"max_hp_gain":0,"max_hp_loss":0,"event_name":"Winding Halls","floor":47,"gold_loss":0,"cards_obtained":["Writhe"]}],"is_beta":false,"boss_relics":[{"not_picked":["Empty Cage","Snecko Eye"],"picked":"Inserter"},{"not_picked":["Sozu","Fusion Hammer"],"picked":"Astrolabe"}],"items_purged_floors":[7],"is_endless":false,"potions_floor_spawned":[1,16,18,20,31,33,36,37,42],"ascension_level":17}}