{"host":"m3herrhkesxm9ooc","time":1609080731,"event":{"mods":["BaseMod","Hermit","Minty Spire (QoL Compilation)","StSLib","The Hierophant"],"gold_per_floor":[111,35,35,55,20,45,45,65,65,65,75,147,163,175,175,249,249,262,262,537,537,547,547,547],"floor_reached":23,"playtime":576,"items_purged":[],"score":389,"play_id":"6ce7c743-096b-4931-a79d-9b413ec4ab39","local_time":"20201227235211","is_ascension_mode":true,"campfire_choices":[{"data":"hermit:Brawl","floor":7,"key":"SMITH"},{"data":"hermit:ShadowCloak","floor":10,"key":"SMITH"},{"floor":15,"key":"REST"}],"circlet_count":0,"master_deck":["AscendersBane","hermit:Strike_Hermit","hermit:Strike_Hermit","hermit:Strike_Hermit","hermit:Strike_Hermit","hermit:Defend_Hermit","hermit:Defend_Hermit","hermit:Defend_Hermit+1","hermit:Defend_Hermit+1","hermit:Snapshot","hermit:Covet","hermit:GoldenBullet","hermit:Enervate","hermit:Ricochet","hermit:Brawl+1","hermit:ShadowCloak+1","hermit:Feint","hermit:Deadeye","hermit:Purgatory","hermit:DeadOrAlive","hermit:NoHoldsBarred","RitualDagger","Regret","hermit:Malice"],"relics":["hermit:Momento","NeowsBlessing","War Paint","Tiny Chest","Mummified Hand","Fusion Hammer","Darkstone Periapt"],"acts_visited":["Exordium","TheCity"],"potions_floor_usage":[16,18],"damage_taken":[{"damage":0.0,"enemies":"Cultist","floor":1.0,"turns":1.0},{"damage":0,"enemies":"Small Slimes","floor":4,"turns":2},{"damage":0,"enemies":"3 Sentries","floor":6,"turns":1},{"damage":0,"enemies":"2 Louse","floor":8,"turns":2},{"damage":3,"enemies":"Blue Slaver","floor":11,"turns":3},{"damage":4,"enemies":"Large Slime","floor":13,"turns":6},{"damage":9,"enemies":"Red Slaver","floor":14,"turns":2},{"damage":21,"enemies":"Slime Boss","floor":16,"turns":7},{"damage":14,"enemies":"Chosen","floor":18,"turns":4},{"damage":44,"enemies":"Shell Parasite","floor":22,"turns":4},{"damage":18,"enemies":"Gremlin Leader","floor":23,"turns":1}],"seed_played":"638376923296298191","potions_obtained":[{"floor":1.0,"key":"SkillPotion"},{"floor":11,"key":"Regen Potion"},{"floor":16,"key":"Ancient Potion"},{"floor":22,"key":"FearPotion"}],"is_trial":false,"path_per_floor":["M","$","T","M","?","E","R","M","T","R","M","?","M","M","R","B",null,"M","?","?","T","M","E"],"character_chosen":"HERMIT","items_purchased":["hermit:Enervate"],"campfire_rested":1,"item_purchase_floors":[2],"current_hp_per_floor":[64,64,64,64,71,71,71,71,71,71,68,68,64,55,71,50,66,64,58,58,58,14,0,0],"gold":547,"neow_bonus":"THREE_ENEMY_KILL","is_daily":false,"chose_seed":false,"campfire_upgraded":2,"win_rate":0.0,"timestamp":1609080731,"path_taken":["M","$","?","M","?","E","R","M","T","R","M","?","M","M","R","BOSS","M","?","?","?","M","E"],"items_purchased_type":["Card"],"build_version":"2020-12-22","purchased_purges":0,"victory":false,"max_hp_per_floor":[71,71,71,71,71,71,71,71,71,71,71,71,71,71,71,71,71,71,71,71,71,71,71,71],"card_choices":[{"not_picked":["hermit:WideOpen","hermit:TrackingShot"],"picked":"hermit:GoldenBullet","floor":1.0},{"not_picked":["hermit:Misfire","hermit:Manifest"],"picked":"hermit:Ricochet","floor":4},{"not_picked":["hermit:Desperado","hermit:HoleUp"],"picked":"hermit:Brawl","floor":6},{"not_picked":["hermit:Desperado","hermit:SprayPray"],"picked":"hermit:ShadowCloak","floor":8},{"not_picked":["hermit:Misfire","hermit:ItchyTrigger"],"picked":"hermit:Feint","floor":11},{"not_picked":["hermit:HighCaliber","hermit:Dive"],"picked":"hermit:Deadeye","floor":13},{"not_picked":["hermit:EyeOfTheStorm","hermit:Snipe"],"picked":"hermit:Purgatory","floor":14},{"not_picked":["hermit:BlackWind","hermit:FinalCanter"],"picked":"hermit:DeadOrAlive","floor":16},{"not_picked":["hermit:Snipe","hermit:ItchyTrigger"],"picked":"hermit:NoHoldsBarred","floor":18},{"not_picked":["hermit:Feint","hermit:Dive"],"picked":"hermit:Malice","floor":22}],"player_experience":658821,"relics_obtained":[{"floor":3.0,"key":"War Paint"},{"floor":6,"key":"Tiny Chest"},{"floor":9,"key":"Mummified Hand"},{"floor":21,"key":"Darkstone Periapt"}],"event_choices":[{"damage_healed":17,"gold_gain":0,"player_choice":"Healed","damage_taken":0,"max_hp_gain":0,"max_hp_loss":0,"event_name":"The Cleric","floor":5,"gold_loss":35},{"damage_healed":0,"gold_gain":72,"player_choice":"Gained Gold","damage_taken":0,"max_hp_gain":0,"max_hp_loss":0,"event_name":"Golden Wing","floor":12,"gold_loss":0},{"damage_healed":0,"gold_gain":0,"player_choice":"Joined the Cult","damage_taken":6,"max_hp_gain":0,"max_hp_loss":0,"event_name":"Nest","floor":19,"gold_loss":0,"cards_obtained":["RitualDagger"]},{"damage_healed":0,"gold_gain":275,"player_choice":"Desecrate","damage_taken":0,"max_hp_gain":0,"max_hp_loss":0,"event_name":"Golden Shrine","floor":20,"gold_loss":0,"cards_obtained":["Regret"]}],"is_beta":false,"boss_relics":[{"not_picked":["Empty Cage","SacredBark"],"picked":"Fusion Hammer"}],"items_purged_floors":[],"is_endless":false,"potions_floor_spawned":[1,11,16,22],"killed_by":"Gremlin Leader","ascension_level":16}}