{"host":"aewhn2fld106mlky","time":1609048211,"event":{"mods":["Act Like it!","BaseMod","Downfall","GungeonMod","Koishi","KomeijiMod","Minty Spire (QoL Compilation)","Quick Restart","Relic Stats","Spicy Shops","StSLib","The Jungle","The Mystic"],"gold_per_floor":[115,133,208,208,220,277,307,337,337,356,356,356,356,408,408,512,512,530,30,53,72,72,109,109,109,109,109,109,143,160,201,201,304,354,382,382,131,149,161,183,203,203,248,248,248,248],"floor_reached":45,"playtime":2141,"items_purged":[],"score":608,"play_id":"b504d9d9-12fc-496d-b2a8-9ae85b913285","local_time":"20201227135011","is_ascension_mode":false,"campfire_choices":[{"data":"DemoMod:FinishedGun","floor":11.0,"key":"SMITH"},{"data":"DemoMod:GunShield","floor":13.0,"key":"SMITH"},{"floor":15.0,"key":"REST"},{"data":"Apotheosis","floor":25,"key":"SMITH"},{"data":"DemoMod:FullFirepower","floor":27,"key":"SMITH"},{"data":"DemoMod:ProbeStrike","floor":32,"key":"SMITH"},{"floor":42,"key":"REST"},{"floor":44,"key":"REST"}],"circlet_count":0,"master_deck":["DemoMod:Strike_Huntress","DemoMod:Strike_Huntress","DemoMod:Strike_Huntress","DemoMod:Defend_Huntress+1","DemoMod:Defend_Huntress","DemoMod:Roll","DemoMod:ManualReload+1","DemoMod:RustySidearm","DemoMod:CrossBow","DemoMod:TeaPot","DemoMod:MachoBrace+1","DemoMod:GunShield+1","DemoMod:HuntsMan","DemoMod:FinishedGun+1","DemoMod:FullFirepower+1","Apotheosis+1","DemoMod:PotionOfGunFriendShip+1","DemoMod:ProbeStrike+1","DemoMod:GunslingerForm","DemoMod:TripleGun","DemoMod:TableSutra","DemoMod:AbyssalTentacle+1"],"relics":["DemoMod:Dog","DemoMod:Orange","DemoMod:PinkGuonStone","HoshigumaDish","Mercury Hourglass","DemoMod:JetPack","CultistMask","Black Star","Ice Cream","DemoMod:OrangeGuonStone","War Paint","DemoMod:MonsterBlood","Toxic Egg 2","Dream Catcher","Gambling Chip","Shovel","Potion Belt","Tiny House","DemoMod:Metronome","Omamori"],"acts_visited":["Exordium","Exordium","TheBeyond"],"potions_floor_usage":[23,23,23,35,40,40,45,45],"damage_taken":[{"damage":0.0,"enemies":"2 Louse","floor":1.0,"turns":3.0},{"damage":1.0,"enemies":"Jaw Worm","floor":2.0,"turns":4.0},{"damage":5.0,"enemies":"Small Slimes","floor":5.0,"turns":4.0},{"damage":20.0,"enemies":"Lagavulin","floor":6.0,"turns":9.0},{"damage":16.0,"enemies":"Gremlin Nob","floor":8.0,"turns":4.0},{"damage":0.0,"enemies":"3 Louse","floor":10.0,"turns":2.0},{"damage":0.0,"enemies":"Exordium Wildlife","floor":14.0,"turns":2.0},{"damage":0.0,"enemies":"Slime Boss","floor":16.0,"turns":9.0},{"damage":0.0,"enemies":"theJungle:GiantWrat","floor":18.0,"turns":2.0},{"damage":12.0,"enemies":"theJungle:MUSHROOMGANG","floor":20.0,"turns":3.0},{"damage":5.0,"enemies":"theJungle:SlimyTreeVines","floor":21.0,"turns":6.0},{"damage":2,"enemies":"theJungle:2_Phrogs","floor":23,"turns":8},{"damage":0,"enemies":"theJungle:Cassacara","floor":29,"turns":5},{"damage":0,"enemies":"theJungle:Lyon","floor":30,"turns":4},{"damage":21,"enemies":"theJungle:2_Phrogs","floor":31,"turns":8},{"damage":12,"enemies":"theJungle:FunGuy","floor":33,"turns":8},{"damage":16,"enemies":"3 Shapes","floor":35,"turns":3},{"damage":4,"enemies":"Orb Walker","floor":38,"turns":3},{"damage":35,"enemies":"Maw","floor":39,"turns":6},{"damage":33,"enemies":"Writhing Mass","floor":40,"turns":5},{"damage":8,"enemies":"Spire Growth","floor":41,"turns":5},{"damage":80,"enemies":"Reptomancer","floor":45,"turns":2}],"seed_played":"-6318430400535060517","potions_obtained":[{"floor":2.0,"key":"FearPotion"},{"floor":5.0,"key":"GamblersBrew"},{"floor":10.0,"key":"SpeedPotion"},{"floor":14.0,"key":"Explosive Potion"},{"floor":16.0,"key":"Dexterity Potion"},{"floor":18.0,"key":"Dexterity Potion"},{"floor":30,"key":"SpeedPotion"},{"floor":31,"key":"Swift Potion"},{"floor":33,"key":"SkillPotion"},{"floor":34,"key":"DemoMod:LeadSkinPotion"},{"floor":40,"key":"Strength Potion"},{"floor":41,"key":"SkillPotion"}],"is_trial":false,"path_per_floor":["M","M","?","?","M","E","?","E","T","M","R","?","R","M","R","B",null,"M","$","M","M","?","E","?","R","T","R","T","E","M","E","R","B",null,"M","?","$","M","M","M","M","R","T","R","E"],"character_chosen":"HUNTRESS","items_purchased":["Ice Cream","Apotheosis","DemoMod:TableSutra","DemoMod:Metronome"],"campfire_rested":3,"item_purchase_floors":[19,19,37,37],"current_hp_per_floor":[75,74,63,63,58,45,45,29,29,29,29,29,29,29,53,53,82,82,82,70,71,71,69,76,76,83,83,83,83,83,62,62,50,101,85,85,85,81,46,13,5,35,35,65,0,0],"gold":248,"neow_bonus":"ONE_RARE_RELIC","is_daily":false,"chose_seed":false,"campfire_upgraded":5,"win_rate":0.0,"timestamp":1609048211,"path_taken":["M","M","?","?","?","E","?","E","T","M","R","?","R","M","R","BOSS","M","$","M","?","?","E","?","R","T","R","?","E","M","E","R","BOSS","M","?","$","M","M","M","M","R","T","R","E"],"items_purchased_type":["Relic","Card","Card","Relic"],"build_version":"2020-12-22","purchased_purges":0,"victory":false,"max_hp_per_floor":[75,75,75,75,75,82,82,82,82,82,82,82,82,82,82,82,82,82,82,82,82,82,82,89,89,96,96,96,96,96,96,96,96,101,101,101,101,101,101,101,101,101,101,101,101,101],"relic_stats":{"Dream Catcher":2,"Shovel":0,"counters":[22,104],"Gambling Chip":[15],"Black Star":3,"War Paint":["DemoMod:Defend_Huntress","DemoMod:ManualReload"],"obtain_stats":[{"Ice Cream":19,"Potion Belt":31,"Tiny House":34,"DemoMod:Dog":0,"DemoMod:Orange":0,"DemoMod:OrangeGuonStone":23,"HoshigumaDish":7,"DemoMod:GlassGuonStoneRelic":5,"DemoMod:PinkGuonStone":6,"Omamori":43,"War Paint":23,"Mercury Hourglass":8,"Dream Catcher":29,"Shovel":31,"DemoMod:MonsterBlood":26,"DemoMod:Metronome":37,"Gambling Chip":29,"CultistMask":12,"Black Star":17,"Toxic Egg 2":28,"DemoMod:JetPack":9},{"Ice Cream":9,"Potion Belt":15,"Tiny House":16,"DemoMod:Dog":0,"DemoMod:Orange":0,"DemoMod:OrangeGuonStone":12,"HoshigumaDish":4,"DemoMod:GlassGuonStoneRelic":3,"DemoMod:PinkGuonStone":4,"Omamori":21,"War Paint":12,"Mercury Hourglass":5,"Dream Catcher":13,"Shovel":15,"DemoMod:MonsterBlood":12,"DemoMod:Metronome":17,"Gambling Chip":13,"CultistMask":6,"Black Star":8,"Toxic Egg 2":12,"DemoMod:JetPack":5},{"Ice Cream":39,"Potion Belt":72,"Tiny House":80,"DemoMod:Dog":0,"DemoMod:Orange":0,"DemoMod:OrangeGuonStone":55,"HoshigumaDish":20,"DemoMod:GlassGuonStoneRelic":11,"DemoMod:PinkGuonStone":20,"Omamori":102,"War Paint":55,"Mercury Hourglass":24,"Dream Catcher":60,"Shovel":72,"DemoMod:MonsterBlood":55,"DemoMod:Metronome":83,"Gambling Chip":60,"CultistMask":26,"Black Star":37,"Toxic Egg 2":55,"DemoMod:JetPack":24}],"Mercury Hourglass":[327]},"card_choices":[{"not_picked":["DemoMod:HardPowerCard","DemoMod:SniperShot"],"picked":"DemoMod:TeaPot","floor":1.0},{"not_picked":["DemoMod:BoxingGlove","DemoMod:MegaHand"],"picked":"DemoMod:MachoBrace","floor":2.0},{"not_picked":["DemoMod:ZorGun","DemoMod:HuntsMan"],"picked":"DemoMod:GunShield","floor":5.0},{"not_picked":["DemoMod:StickyCrossBow","DemoMod:AC15","DemoMod:Ejector"],"picked":"SKIP","floor":6.0},{"not_picked":["DemoMod:BattleInHaste","DemoMod:AC15"],"picked":"DemoMod:HuntsMan","floor":8.0},{"not_picked":["DemoMod:Ejector","DemoMod:HuntsMan"],"picked":"DemoMod:FinishedGun","floor":10.0},{"not_picked":["DemoMod:Camera","DemoMod:BattleInHaste","DemoMod:DoubleSwitch"],"picked":"SKIP","floor":14.0},{"not_picked":["DemoMod:DarkMarker","DemoMod:SuppressiveFire"],"picked":"DemoMod:FullFirepower","floor":16.0},{"not_picked":["DemoMod:MachoBrace","DemoMod:HuntsMan","DemoMod:ConditionalReflex"],"picked":"SKIP","floor":18.0},{"not_picked":["DemoMod:ZorGun","DemoMod:BattleInHaste","DemoMod:Unity+1"],"picked":"SKIP","floor":20.0},{"not_picked":["DemoMod:BoxingGlove+1","DemoMod:MachoBrace","DemoMod:FastSwitch"],"picked":"SKIP","floor":20.0},{"not_picked":["DemoMod:FastSwitch","DemoMod:FinishedGun","DemoMod:StickyCrossBow"],"picked":"SKIP","floor":21.0},{"not_picked":["DemoMod:TeaPot+1","DemoMod:HardPowerCard+1"],"picked":"DemoMod:Purify","floor":23},{"not_picked":["DemoMod:FastSwitch+1","DemoMod:ConditionalReflex+1"],"picked":"DemoMod:PotionOfGunFriendShip+1","floor":29},{"not_picked":["DemoMod:Purify","DemoMod:AC15+1"],"picked":"DemoMod:PotionOfGunFriendShip+1","floor":30},{"not_picked":["DemoMod:DoubleSwitch+1","DemoMod:FastSwitch+1"],"picked":"DemoMod:ProbeStrike","floor":31},{"not_picked":["DemoMod:Eureka+1","DemoMod:FightSabre"],"picked":"DemoMod:GunslingerForm","floor":33},{"not_picked":["DemoMod:Camera","DemoMod:TeaPot+1"],"picked":"DemoMod:TripleGun","floor":34},{"not_picked":["DemoMod:Camera","DemoMod:StickyCrossBow","DemoMod:BoxingGlove"],"picked":"SKIP","floor":35},{"not_picked":["DemoMod:EasyReloadBullets","DemoMod:Purify","DemoMod:SAA+1"],"picked":"SKIP","floor":38},{"not_picked":["DemoMod:Purify+1","DemoMod:Rummage+1","DemoMod:HardPowerCard+1"],"picked":"SKIP","floor":39},{"not_picked":["DemoMod:FinishedGun","DemoMod:BattleInHaste+1","DemoMod:ConditionalReflex+1"],"picked":"SKIP","floor":40},{"not_picked":["DemoMod:BoxingGlove+1","DemoMod:AC15"],"picked":"DemoMod:AbyssalTentacle+1","floor":41}],"player_experience":30812,"relics_obtained":[{"floor":6.0,"key":"DemoMod:PinkGuonStone"},{"floor":8.0,"key":"Mercury Hourglass"},{"floor":9.0,"key":"DemoMod:JetPack"},{"floor":23,"key":"DemoMod:OrangeGuonStone"},{"floor":23,"key":"War Paint"},{"floor":26,"key":"DemoMod:MonsterBlood"},{"floor":28,"key":"Toxic Egg 2"},{"floor":29,"key":"Dream Catcher"},{"floor":29,"key":"Gambling Chip"},{"floor":31,"key":"Shovel"},{"floor":31,"key":"Potion Belt"},{"floor":43,"key":"Omamori"}],"event_choices":[{"damage_healed":0.0,"max_hp_gain":0.0,"max_hp_loss":0.0,"gold_gain":75.0,"event_name":"World of Goop","player_choice":"Gather Gold","floor":3.0,"gold_loss":0.0,"damage_taken":11.0},{"cards_removed":["DemoMod:Defend_Huntress"],"damage_healed":0.0,"max_hp_gain":0.0,"max_hp_loss":0.0,"gold_gain":0.0,"event_name":"Living Wall","player_choice":"Forget","floor":4.0,"gold_loss":0.0,"damage_taken":0.0},{"damage_healed":0.0,"max_hp_gain":0.0,"max_hp_loss":0.0,"gold_gain":30.0,"event_name":"Dead Adventurer","player_choice":"Searched \u00272\u0027 times","floor":7.0,"gold_loss":0.0,"damage_taken":0.0,"relics_obtained":["HoshigumaDish"]},{"damage_healed":0.0,"max_hp_gain":0.0,"max_hp_loss":0.0,"gold_gain":0.0,"event_name":"FaceTrader","player_choice":"Trade","floor":12.0,"gold_loss":0.0,"damage_taken":0.0,"relics_obtained":["CultistMask"]},{"cards_removed":["DemoMod:PotionOfGunFriendShip"],"damage_healed":0,"gold_gain":0,"player_choice":"Card Removal","damage_taken":0,"max_hp_gain":0,"max_hp_loss":0,"event_name":"Wheel of Change","floor":36,"gold_loss":0}],"is_beta":false,"boss_relics":[{"not_picked":["Velvet Choker","Empty Cage"],"picked":"Black Star"},{"not_picked":["Runic Pyramid","Snecko Eye"],"picked":"Tiny House"}],"items_purged_floors":[],"is_endless":false,"potions_floor_spawned":[2,5,10,14,16,18,30,31,33,40,41],"killed_by":"Reptomancer","ascension_level":0}}