{"host":"ba8fi0vd2808q8ml","time":1609096259,"event":{"mods":["2.2 Compatiblity","AchievementEnabler","BaseMod","Hermit","Lobotomy","LobotomyExtend","Marisa£¨Ùöéë¡¡Øª×âÞÞ£©","Minty Spire (QoL Compilation)","StSLib","SuperFastMode","Td1madao Mod","The Bug Knight","The Cursed","The Servant 0.9.4"],"gold_per_floor":[116,116,128,52,52,52,72,72,96,107,55,71,85,85,85,85,85],"floor_reached":16,"playtime":804,"items_purged":[],"score":97,"play_id":"d230ad0b-b15d-41b7-a485-6d2502f22dd3","local_time":"20201228041059","is_ascension_mode":true,"campfire_choices":[{"data":"Body Slam","floor":6.0,"key":"SMITH"},{"data":"Entrench","floor":8.0,"key":"SMITH"},{"data":"Shrug It Off","floor":15.0,"key":"SMITH"}],"circlet_count":0,"master_deck":["Strike_R+1","Strike_R+1","Strike_R","Strike_R","Defend_R","Defend_R","Defend_R","Defend_R","Bash","Body Slam+1","ShyLook","Entrench+1","QueenOfHatred","Shrug It Off+1","Inflame","Shrug It Off","VoidDream","Parasite"],"relics":["Burning Blood","CogitoBucket","Whetstone","HellTrain"],"acts_visited":["Exordium"],"potions_floor_usage":[16,16],"damage_taken":[{"damage":7.0,"enemies":"2 Louse","floor":1.0,"turns":4.0},{"damage":12.0,"enemies":"Cultist","floor":3.0,"turns":5.0},{"damage":2.0,"enemies":"Small Slimes","floor":7.0,"turns":4.0},{"damage":7.0,"enemies":"2 Fungi Beasts","floor":10.0,"turns":5.0},{"damage":5.0,"enemies":"Exordium Wildlife","floor":12.0,"turns":3.0},{"damage":23.0,"enemies":"3 Louse","floor":13.0,"turns":4.0},{"damage":87,"enemies":"Slime Boss","floor":16,"turns":9}],"seed_played":"2482925225726412235","potions_obtained":[{"floor":1.0,"key":"Weak Potion"},{"floor":13.0,"key":"Swift Potion"}],"is_trial":false,"path_per_floor":["M","$","M","$","?","R","M","R","T","M","$","M","M","?","R","B"],"character_chosen":"IRONCLAD","items_purchased":["Entrench","Shrug It Off"],"campfire_rested":0,"item_purchase_floors":[4,11],"current_hp_per_floor":[79,79,73,73,73,73,77,77,77,76,76,80,63,80,80,0,0],"gold":85,"neow_bonus":"","is_daily":false,"chose_seed":false,"campfire_upgraded":3,"win_rate":0.0,"timestamp":1609096259,"path_taken":["M","$","M","$","?","R","M","R","T","M","?","M","M","?","R","BOSS"],"items_purchased_type":["Card","Card"],"build_version":"2020-12-22","purchased_purges":0,"victory":false,"max_hp_per_floor":[80,80,80,80,80,80,80,80,80,80,80,80,80,80,80,80,80],"card_choices":[{"not_picked":["DespairKnight","WallGazer","OldLady"],"picked":"Singing Bowl","floor":1.0},{"not_picked":["Clothesline","Thunderclap","Twin Strike"],"picked":"SKIP","floor":1.0},{"not_picked":["Flame Barrier","Uppercut"],"picked":"Body Slam","floor":3.0},{"not_picked":["LongBird","Bloodbath"],"picked":"ShyLook","floor":3.0},{"not_picked":["WallGazer","UniverseFragment","FairyFestival"],"picked":"Singing Bowl","floor":7.0},{"not_picked":["Cleave","Anger","Fiend Fire"],"picked":"SKIP","floor":7.0},{"not_picked":["Wellcheers","CherryBlossoms","HeroicMonk"],"picked":"Singing Bowl","floor":10.0},{"not_picked":["MHz","OSAHOGD"],"picked":"QueenOfHatred","floor":10.0},{"not_picked":["Twin Strike","Flex","Warcry"],"picked":"SKIP","floor":10.0},{"not_picked":["Burning Pact","Heavy Blade"],"picked":"Inflame","floor":12.0},{"not_picked":["SpiderBud","WallGazer","NakedNest"],"picked":"Singing Bowl","floor":12.0},{"not_picked":["Pommel Strike","Iron Wave"],"picked":"Shrug It Off","floor":13.0},{"not_picked":["Wellcheers","Scarecrow","UniverseFragment"],"picked":"Singing Bowl","floor":13.0},{"not_picked":["OSAHOGD","SpiderBud"],"picked":"VoidDream","floor":13.0}],"player_experience":62565,"relics_obtained":[{"floor":9.0,"key":"Whetstone"}],"event_choices":[{"cards_removed":["Strike_R"],"damage_healed":0.0,"max_hp_gain":0.0,"max_hp_loss":0.0,"gold_gain":0.0,"event_name":"Bonfire Elementals","player_choice":"Offered Basic","floor":5.0,"gold_loss":0.0,"damage_taken":0.0},{"damage_healed":20.0,"max_hp_gain":0.0,"max_hp_loss":0.0,"gold_gain":0.0,"event_name":"Mushrooms","player_choice":"Healed and dodged fight","floor":14.0,"gold_loss":0.0,"damage_taken":0.0,"cards_obtained":["Parasite"]}],"is_beta":false,"boss_relics":[],"items_purged_floors":[],"is_endless":false,"potions_floor_spawned":[1,13],"killed_by":"Slime Boss","ascension_level":1}}