{"host":"ccwg5oaz7m60w53m","time":1609099215,"event":{"mods":["AchievementEnabler","BaseMod","Colored Powertips","Highlight Path","Minty Spire (QoL Compilation)","StSLib"],"gold_per_floor":[115,128,144,155,171,171,197,197,197,225,225,240,240,240,240,343,343,363,363,363,363,376,376,376,390,390,390,390,390,390,390,390,390,390],"floor_reached":33,"playtime":944,"items_purged":[],"score":383,"play_id":"2950e51b-680a-44ae-be17-296248926898","local_time":"20201228030015","is_ascension_mode":true,"campfire_choices":[{"floor":6,"key":"RECALL"},{"floor":8,"key":"REST"},{"floor":15,"key":"REST"},{"floor":23,"key":"REST"},{"floor":27,"key":"REST"},{"floor":32,"key":"REST"}],"circlet_count":0,"master_deck":["TalkToTheHand+1","Ragnarok+1","Tantrum+1","FearNoEvil+1","Tantrum+1"],"relics":["PureWater"],"acts_visited":["Exordium","TheCity"],"potions_floor_usage":[],"damage_taken":[{"damage":0,"enemies":"Cultist","floor":1,"turns":2},{"damage":0,"enemies":"Small Slimes","floor":2,"turns":1},{"damage":0,"enemies":"2 Louse","floor":3,"turns":1},{"damage":0,"enemies":"Gremlin Gang","floor":4,"turns":1},{"damage":0,"enemies":"2 Fungi Beasts","floor":5,"turns":2},{"damage":0,"enemies":"3 Sentries","floor":7,"turns":3},{"damage":0,"enemies":"Gremlin Nob","floor":10,"turns":3},{"damage":0,"enemies":"Looter","floor":12,"turns":1},{"damage":0,"enemies":"Blue Slaver","floor":13,"turns":1},{"damage":0,"enemies":"Lots of Slimes","floor":14,"turns":1},{"damage":0,"enemies":"Slime Boss","floor":16,"turns":4},{"damage":10,"enemies":"3 Byrds","floor":18,"turns":2},{"damage":0,"enemies":"Spheric Guardian","floor":21,"turns":2},{"damage":0,"enemies":"Centurion and Healer","floor":22,"turns":3},{"damage":0,"enemies":"Shelled Parasite and Fungi","floor":25,"turns":2},{"damage":0,"enemies":"3 Cultists","floor":28,"turns":3},{"damage":8,"enemies":"Cultist and Chosen","floor":29,"turns":3},{"damage":0,"enemies":"Chosen and Byrds","floor":30,"turns":3},{"damage":94,"enemies":"Champ","floor":33,"turns":5}],"seed_played":"7496174706597629639","potions_obtained":[],"is_trial":false,"path_per_floor":["M","M","M","M","M","R","E","R","T","E","?","M","M","M","R","B",null,"M","$","?","M","M","R","?","M","T","R","M","M","M","?","R","B"],"character_chosen":"WATCHER","items_purchased":[],"campfire_rested":5,"item_purchase_floors":[],"current_hp_per_floor":[86,86,86,86,86,86,86,86,86,86,86,86,86,86,86,86,86,76,76,76,76,76,86,86,86,86,86,86,78,78,78,86,0,0],"gold":390,"neow_bonus":"TWENTY_PERCENT_HP_BONUS","is_daily":false,"chose_seed":false,"campfire_upgraded":0,"win_rate":0.0,"timestamp":1609099215,"path_taken":["M","?","?","M","M","R","E","R","T","E","?","M","M","M","R","BOSS","M","$","?","?","M","R","?","M","T","R","M","M","M","?","R","BOSS"],"items_purchased_type":[],"build_version":"2020-12-22","purchased_purges":0,"victory":false,"max_hp_per_floor":[86,86,86,86,86,86,86,86,86,86,86,86,86,86,86,86,86,86,86,86,86,86,86,86,86,86,86,86,86,86,86,86,86,86],"card_choices":[{"not_picked":["Wallop","Crescendo","ThirdEye"],"picked":"SKIP","floor":1},{"not_picked":["InnerPeace","Collect","EmptyBody"],"picked":"SKIP","floor":2},{"not_picked":["Wallop","Collect","Prostrate"],"picked":"SKIP","floor":3},{"not_picked":["CrushJoints","Prostrate","PathToVictory"],"picked":"SKIP","floor":4},{"not_picked":["Evaluate","CrushJoints","BowlingBash"],"picked":"SKIP","floor":5},{"not_picked":["ThirdEye","Brilliance","Scrawl"],"picked":"SKIP","floor":7},{"not_picked":["SandsOfTime","Meditate","SashWhip"],"picked":"SKIP","floor":10},{"not_picked":["ClearTheMind","ThirdEye","FollowUp"],"picked":"SKIP","floor":12},{"not_picked":["Halt","CarveReality","CutThroughFate"],"picked":"SKIP","floor":13},{"not_picked":["Prostrate","TalkToTheHand","Fasting2"],"picked":"SKIP","floor":14},{"not_picked":["FlurryOfBlows","EmptyBody","ClearTheMind"],"picked":"SKIP","floor":18},{"not_picked":["FlurryOfBlows","PathToVictory","SandsOfTime+1"],"picked":"SKIP","floor":21},{"not_picked":["WheelKick+1","FearNoEvil","CrushJoints"],"picked":"SKIP","floor":22},{"not_picked":["FlyingSleeves","SashWhip","Tantrum"],"picked":"SKIP","floor":25},{"not_picked":["EmptyBody+1","ThirdEye","CrushJoints+1"],"picked":"SKIP","floor":28},{"not_picked":["Protect+1","EmptyBody","FlyingSleeves+1"],"picked":"SKIP","floor":29},{"not_picked":["Indignation","Swivel","Protect+1"],"picked":"SKIP","floor":30},{"not_picked":["Indignation","Swivel","Protect+1"],"picked":"SKIP","floor":30}],"player_experience":24926,"relics_obtained":[],"event_choices":[{"damage_healed":0,"gold_gain":0,"player_choice":"Ignored","damage_taken":0,"max_hp_gain":0,"max_hp_loss":0,"event_name":"Liars Game","floor":11,"gold_loss":0},{"damage_healed":0,"gold_gain":0,"player_choice":"Ignored","damage_taken":0,"max_hp_gain":0,"max_hp_loss":0,"event_name":"WeMeetAgain","floor":20,"gold_loss":0},{"damage_healed":0,"gold_gain":0,"player_choice":"Ignored","damage_taken":0,"max_hp_gain":0,"max_hp_loss":0,"event_name":"Vampires","floor":24,"gold_loss":0},{"damage_healed":0,"gold_gain":0,"player_choice":"Ignored","damage_taken":0,"max_hp_gain":0,"max_hp_loss":0,"event_name":"Beggar","floor":31,"gold_loss":0}],"is_beta":false,"boss_relics":[{"not_picked":["Fusion Hammer","Empty Cage","Philosopher\u0027s Stone"]}],"items_purged_floors":[],"is_endless":false,"potions_floor_spawned":[2,7,10,14,16,21,28,29,30],"killed_by":"Champ","ascension_level":1}}