{"host":"l4he167voxkef95j","time":1609072157,"event":{"mods":["BaseMod","Infinite Spire","Minty Spire (QoL Compilation)","Rare Cards Sparkle","StSLib"],"gold_per_floor":[111,111,131,155,174,174,174,174,221,19,39,52,52,71,71,175,175,188,203,237,237,247,247,277,277,277],"floor_reached":25,"playtime":704,"items_purged":[],"score":238,"play_id":"6922d995-5d8f-4693-973d-de6c109d7985","local_time":"20201227162917","is_ascension_mode":false,"campfire_choices":[{"data":"Electrodynamics","floor":6,"key":"SMITH"},{"data":"Zap","floor":8,"key":"SMITH"},{"data":"Streamline","floor":13,"key":"SMITH"},{"data":"Redo","floor":15,"key":"SMITH"},{"floor":23,"key":"REST"}],"circlet_count":0,"master_deck":["Strike_B","Strike_B","Strike_B","Strike_B","Defend_B","Defend_B","Defend_B","Defend_B","Zap+1","Dualcast","Conserve Battery","Electrodynamics+1","Doom and Gloom","Decay","Streamline+1","Steam Power","Redo+1","Sweeping Beam","Creative AI","Capacitor+1","Coolheaded","Genetic Algorithm+1","Echo Form","Turbo"],"relics":["Cracked Core","NlothsMask","Lantern","infinitespire:Lucky Rock","Nuclear Battery","Red Mask","MealTicket","Matryoshka"],"acts_visited":["Exordium","TheCity"],"potions_floor_usage":[3,16,18,18,19,22,24],"damage_taken":[{"damage":0,"enemies":"Small Slimes","floor":1,"turns":2},{"damage":6,"enemies":"Cultist","floor":3,"turns":3},{"damage":0,"enemies":"2 Louse","floor":5,"turns":2},{"damage":4,"enemies":"Exordium Thugs","floor":11,"turns":3},{"damage":2,"enemies":"Gremlin Gang","floor":12,"turns":2},{"damage":0,"enemies":"Large Slime","floor":14,"turns":3},{"damage":50,"enemies":"Hexaghost","floor":16,"turns":8},{"damage":10,"enemies":"3 Byrds","floor":18,"turns":3},{"damage":10,"enemies":"2 Thieves","floor":19,"turns":2},{"damage":45,"enemies":"Masked Bandits","floor":20,"turns":4},{"damage":4,"enemies":"Snake Plant","floor":22,"turns":3},{"damage":0,"enemies":"Gremlin Leader","floor":24,"turns":6},{"damage":38,"enemies":"Shelled Parasite and Fungi","floor":25,"turns":4}],"seed_played":"2398600198121080890","potions_obtained":[{"floor":0,"key":"FocusPotion"},{"floor":0,"key":"Swift Potion"},{"floor":0,"key":"EntropicBrew"},{"floor":1,"key":"PotionOfCapacity"},{"floor":3,"key":"LiquidBronze"},{"floor":20,"key":"SkillPotion"}],"is_trial":false,"path_per_floor":["M","?","M","T","M","R","?","R","T","$","M","M","R","M","R","B",null,"M","M","?","?","M","R","E","M"],"character_chosen":"DEFECT","items_purchased":["infinitespire:Lucky Rock","Streamline"],"campfire_rested":1,"item_purchase_floors":[10,10],"current_hp_per_floor":[75,75,69,69,69,69,69,69,69,69,65,63,63,63,63,13,75,65,55,10,10,6,28,28,0,0],"gold":277,"neow_bonus":"THREE_SMALL_POTIONS","is_daily":false,"chose_seed":false,"campfire_upgraded":4,"win_rate":0.0,"timestamp":1609072157,"path_taken":["M","?","?","?","M","R","?","R","T","$","?","?","R","M","R","BOSS","M","M","?","?","?","R","E","M"],"items_purchased_type":["Relic","Card"],"build_version":"2020-12-22","purchased_purges":0,"victory":false,"max_hp_per_floor":[75,75,75,75,75,75,75,75,75,75,75,75,75,75,75,75,75,75,75,75,75,75,75,75,75,75],"card_choices":[{"not_picked":["Blizzard","Gash"],"picked":"Conserve Battery","floor":1},{"not_picked":["Coolheaded","Turbo"],"picked":"Electrodynamics","floor":3},{"not_picked":["Leap","Ball Lightning"],"picked":"Doom and Gloom","floor":5},{"not_picked":["Heatsinks","Conserve Battery"],"picked":"Steam Power","floor":11},{"not_picked":["Melter","Gash"],"picked":"Redo","floor":12},{"not_picked":["Glacier","Ball Lightning"],"picked":"Sweeping Beam","floor":14},{"not_picked":["Amplify","Machine Learning"],"picked":"Creative AI","floor":16},{"not_picked":["Leap+1","Reprogram+1"],"picked":"Capacitor+1","floor":18},{"not_picked":["Streamline","Chaos"],"picked":"Coolheaded","floor":19},{"not_picked":["Conserve Battery","Hello World"],"picked":"Genetic Algorithm+1","floor":20},{"not_picked":["Go for the Eyes","Rebound"],"picked":"Echo Form","floor":22},{"not_picked":["Go for the Eyes","Capacitor"],"picked":"Turbo","floor":24}],"player_experience":169809,"relics_obtained":[{"floor":9,"key":"Lantern"},{"floor":20,"key":"Red Mask"},{"floor":24,"key":"Matryoshka"}],"event_choices":[{"damage_healed":0,"gold_gain":0,"player_choice":"Trade","damage_taken":0,"relics_obtained":["NlothsMask"],"max_hp_gain":0,"max_hp_loss":0,"event_name":"FaceTrader","floor":2,"gold_loss":0},{"damage_healed":0,"gold_gain":0,"player_choice":"Cursed","damage_taken":0,"max_hp_gain":0,"max_hp_loss":0,"event_name":"Wheel of Change","floor":7,"gold_loss":0,"cards_obtained":["Decay"]},{"damage_healed":0,"gold_gain":0,"player_choice":"Fought Bandits","damage_taken":0,"max_hp_gain":0,"max_hp_loss":0,"event_name":"Masked Bandits","floor":20,"gold_loss":0},{"damage_healed":0,"gold_gain":0,"player_choice":"Gave Potion","damage_taken":0,"relics_obtained":["MealTicket"],"max_hp_gain":0,"max_hp_loss":0,"event_name":"WeMeetAgain","floor":21,"gold_loss":0}],"is_beta":false,"boss_relics":[{"not_picked":["Snecko Eye","Cursed Key"],"picked":"Nuclear Battery"}],"items_purged_floors":[],"is_endless":false,"potions_floor_spawned":[1,3,11,20],"killed_by":"Shelled Parasite and Fungi","ascension_level":0}}