{"host":"kev6uqotw4tlyx8l","time":1609066392,"event":{"mods":["Act Like it!","Aspiration","BaseMod","Colored Powertips","Dota2Spire","Downfall","Hallownest","Infinite Spire","Marisa????????","Minty Spire (QoL Compilation)","Quick Restart","Remilia??????","Replay The Spire","StSLib","The Cursed","The Marked","The Mystic","The Servant 0.9.4"],"gold_per_floor":[111,129,129,141,141,172,172,192,245,292,309,324,343,343,343,445,445,462,462,377,377,394,394,394,51,51,51,51,83,98,125,125,125,125],"floor_reached":33,"playtime":2360,"items_purged":["Strike_R"],"score":285,"play_id":"bc3e2678-a951-4549-8280-6f3a5b2d5472","local_time":"20201227175312","is_ascension_mode":false,"campfire_choices":[{"data":"ReplayTheSpireMod:LeadingStrike","floor":7,"key":"SMITH"},{"floor":15,"key":"DIG"},{"data":"Blood for Blood","floor":24,"key":"SMITH"},{"floor":27,"key":"REST"},{"floor":32,"key":"REST"}],"circlet_count":0,"master_deck":["Strike_R","Strike_R","Strike_R","Strike_R","Defend_R","Defend_R","Defend_R","Defend_R","Bash","Cleave","infinitespire:Starlight","Carnage","ReplayTheSpireMod:LeadingStrike+1","ReplayTheSpireMod:LeadingStrike+1","Pummel","Run Through","Blood for Blood+1","Impervious","Perfected Strike","Anger","Crow Ritual","Pommel Strike","Headbutt","Thunderclap","Headbutt","ReplayTheSpireMod:Muscle Training","infinitespire:OneForAll","Bloodletting"],"relics":["Burning Blood","Pondfish Scales","Shuriken","ReplayTheSpireMod:Spearhead","Oddly Smooth Stone","Dream Catcher","Replay:Bronze Core","Dota2Spire:OrchidMalevolence","MutagenicStrength","Dota2Spire:BladeMail","Thread and Needle","Bird Faced Urn"],"acts_visited":["Exordium","TheCity"],"potions_floor_usage":[16,31,31,33],"damage_taken":[{"damage":11,"enemies":"Jaw Worm","floor":1,"turns":4},{"damage":10,"enemies":"Small Slimes","floor":2,"turns":3},{"damage":4,"enemies":"Cultist","floor":4,"turns":3},{"damage":28,"enemies":"Gremlin Nob","floor":6,"turns":4},{"damage":14,"enemies":"Exordium Thugs","floor":8,"turns":3},{"damage":10,"enemies":"3 Louse","floor":11,"turns":2},{"damage":1,"enemies":"Exordium Wildlife","floor":12,"turns":2},{"damage":18,"enemies":"Blue Slaver","floor":13,"turns":3},{"damage":65,"enemies":"The Guardian","floor":16,"turns":9},{"damage":22,"enemies":"Shell Parasite","floor":18,"turns":5},{"damage":18,"enemies":"2 Thieves","floor":22,"turns":3},{"damage":20,"enemies":"Replay:Snechameleon","floor":29,"turns":3},{"damage":8,"enemies":"3 Cultists","floor":30,"turns":3},{"damage":15,"enemies":"Gremlin Leader","floor":31,"turns":3},{"damage":95,"enemies":"Champ","floor":33,"turns":9}],"seed_played":"-2681291350300554387","potions_obtained":[{"floor":8,"key":"SpeedPotion"},{"floor":11,"key":"Ancient Potion"},{"floor":12,"key":"Fire Potion"},{"floor":22,"key":"Strength Potion"},{"floor":23,"key":"SkillPotion"}],"is_trial":false,"path_per_floor":["M","M","?","M","?","E","R","M","T","T","M","M","M","?","R","B",null,"M","?","?","?","M","?","R","$","T","R","$","E","M","E","R","B"],"character_chosen":"IRONCLAD","items_purchased":["Crow Ritual","Pommel Strike","Headbutt"],"campfire_rested":2,"item_purchase_floors":[25,25,25],"current_hp_per_floor":[67,63,45,57,72,60,60,62,62,62,68,72,60,60,60,11,72,66,53,53,53,51,51,51,51,51,74,74,70,68,59,77,0,0],"gold":125,"neow_bonus":"ONE_RARE_RELIC","is_daily":false,"chose_seed":false,"campfire_upgraded":2,"win_rate":0.0,"timestamp":1609066392,"path_taken":["M","M","?","M","?","E","R","?","T","?","M","M","M","?","R","BOSS","M","?","?","?","?","?","R","?","T","R","$","E","M","E","R","BOSS"],"items_purchased_type":["Card","Card","Card"],"build_version":"2020-12-22","purchased_purges":1,"victory":false,"max_hp_per_floor":[72,72,72,72,72,72,72,72,72,72,72,72,72,72,72,72,72,72,77,77,77,77,77,77,77,77,77,77,77,77,77,77,77,77],"card_choices":[{"not_picked":["Twin Strike","Rage"],"picked":"ReplayTheSpireMod:Limb From Limb","floor":1},{"not_picked":["Heavy Blade","Warcry"],"picked":"Cleave","floor":2},{"not_picked":["ReplayTheSpireMod:Book of Names","infinitespire:SevenWalls"],"picked":"infinitespire:Starlight","floor":3},{"not_picked":["Pommel Strike","ReplayTheSpireMod:Stacked"],"picked":"Carnage","floor":4},{"not_picked":["Abandon","Metallicize"],"picked":"ReplayTheSpireMod:LeadingStrike","floor":6},{"not_picked":["Warcry","Pummel"],"picked":"ReplayTheSpireMod:LeadingStrike","floor":8},{"not_picked":["Seeing Red","Power Through"],"picked":"Pummel","floor":11},{"not_picked":["Twin Strike","Seeing Red"],"picked":"Run Through","floor":12},{"not_picked":["Clothesline","Warcry"],"picked":"Blood for Blood","floor":13},{"not_picked":["Corruption","Fiend Fire"],"picked":"Impervious","floor":16},{"not_picked":["ReplayTheSpireMod:Strike From Hell+1","Warcry"],"picked":"Perfected Strike","floor":18},{"not_picked":["Abandon","Run Through"],"picked":"Anger","floor":22},{"not_picked":["ReplayReversal","ReplayTheSpireMod:Strike From Hell"],"picked":"Thunderclap","floor":27},{"not_picked":["ReplayTheSpireMod:Stacked","Disarm"],"picked":"Headbutt","floor":29},{"not_picked":["Flex","Defy Death+1"],"picked":"ReplayTheSpireMod:Muscle Training","floor":30},{"not_picked":["Pommel Strike","Barricade"],"picked":"infinitespire:OneForAll","floor":31},{"not_picked":["Disarm","Armaments"],"picked":"Bloodletting","floor":32}],"player_experience":22689,"relics_obtained":[{"floor":6,"key":"Shuriken"},{"floor":9,"key":"ReplayTheSpireMod:Spearhead"},{"floor":10,"key":"Oddly Smooth Stone"},{"floor":15,"key":"Dream Catcher"},{"floor":26,"key":"Dota2Spire:BladeMail"},{"floor":29,"key":"Thread and Needle"},{"floor":31,"key":"Bird Faced Urn"}],"event_choices":[{"cards_removed":["ReplayTheSpireMod:Limb From Limb"],"damage_healed":15,"gold_gain":0,"player_choice":"Offered Uncommon","damage_taken":0,"max_hp_gain":0,"max_hp_loss":0,"event_name":"Bonfire Elementals","floor":5,"gold_loss":0},{"damage_healed":0,"gold_gain":0,"player_choice":"Grow","damage_taken":0,"max_hp_gain":0,"max_hp_loss":0,"event_name":"Living Wall","floor":14,"gold_loss":0,"cards_upgraded":["ReplayTheSpireMod:LeadingStrike"]},{"damage_healed":0,"gold_gain":0,"player_choice":"Shed Blood","damage_taken":18,"max_hp_gain":5,"max_hp_loss":0,"event_name":"Forgotten Altar","floor":19,"gold_loss":0},{"damage_healed":0,"gold_gain":0,"player_choice":"Obtained Relic","damage_taken":0,"relics_obtained":["Dota2Spire:OrchidMalevolence"],"max_hp_gain":0,"max_hp_loss":0,"event_name":"Addict","floor":20,"gold_loss":85},{"damage_healed":0,"gold_gain":0,"player_choice":"Inject Mutagens","damage_taken":0,"relics_obtained":["MutagenicStrength"],"max_hp_gain":0,"max_hp_loss":0,"event_name":"Drug Dealer","floor":21,"gold_loss":0},{"damage_healed":0,"gold_gain":0,"player_choice":"Got Potions","damage_taken":0,"max_hp_gain":0,"max_hp_loss":0,"event_name":"Lab","floor":23,"gold_loss":0}],"is_beta":false,"boss_relics":[{"not_picked":["Honey Jar","Electric Blood"],"picked":"Replay:Bronze Core"}],"items_purged_floors":[25],"is_endless":false,"potions_floor_spawned":[8,11,12,22],"killed_by":"Champ","ascension_level":0}}