{"host":"0azimyi6n3ugndj4","time":1609099586,"event":{"mods":["2.2 Compatiblity","BaseMod","Bestiary","Conspire","Curses Come First","Defuse TimeMaze Blight","Hyrulean Relics","Infinite Spire","Minty Spire (QoL Compilation)","Relic Stats","Replay The Spire","StSLib","SuperFastMode","Uncapped","¡¼?Úª?ø«¡½REMEMod"],"gold_per_floor":[161,184,184,184,241,241,331,382,464,464,614,707,887,974,924,1148,1148,1205,1205,1205,823,823,925,925,967,967,967,967],"floor_reached":27,"playtime":639,"items_purged":["ReplayTheSpireMod:Doomed","Replay:AllIn"],"score":620,"play_id":"0056ddeb-6a1e-46bf-b1d4-7ca70690e38d","local_time":"20201228050626","daily_mods":["Shiny","Vintage","ControlledChaos","Diverse","Colorless Cards","Heirloom","Time Dilation","Flight","Elite Swarm","Lethality","Midas","Night Terrors","Binary"],"is_ascension_mode":true,"campfire_choices":[{"floor":6,"key":"REST"},{"floor":10,"key":"REST"}],"circlet_count":0,"master_deck":["AscendersBane","Brilliance","Devotion","LessonLearned","Vault","Alpha","Establishment","REME_WorshipGod","Replay:LoomingThreat","DeusExMachina","Judgement","ConjureBlade","REME_EmptyShield","MasterReality","Blasphemy","Ragnarok","REME_CRH","Scrawl","Wish","Omniscience","SpiritShield","DevaForm","Hyperbeam","REME_ForAll","Machine Learning","Buffer","Mirror Shield","Seek","Echo Form","All For One","Reboot","Fission","Core Surge","Multi-Cast","Thunder Strike","Biased Cognition","REME_Shoggoth","Electrodynamics","ReplayRNGCard","ReplayTheSpireMod:Omega Cannon","Rainbow","Meteor Strike","Amplify","Creative AI","REME_ShadowForm","ReplayTheSpireMod:Necrosis","Corpse Explosion","Die Die Die","Atom Bomb","ReplayTheSpireMod:From All Sides","Adrenaline","Envenom","Doppelganger","Burst","Wraith Form v2","REME_SpectralBlade","Tools of the Trade","REME_CopyPotion","After Image","Poison Darts","A Thousand Cuts","Venomology","Replay:Bag of Tricks","Malaise","Phantasmal Killer","Night Terror","infinitespire:Neurotoxin","Unload","REME_GrazeFinale","Bullet Time","Storm of Steel","Glass Knife","Grand Finale","Double Tap","Demon Form","REME_ACTH","Fiend Fire","Eclipse","conspire:Purge","Berserk","Impervious","Juggernaut","Brutality","Demonic Infusion","conspire:HitWhereItHurts","Exhume","Offering","REME_Fury","Bludgeon","Feed","Replay:Many Hands","Limit Break","Corruption","Barricade","Hemogenesis","REME_TheLastStrike","Reaper","Immolate","Thinking Ahead","Metamorphosis","Master of Strategy","Magnetism","REME_HeartOfCthun","Chrysalis","Mayhem","REME_PuzzleBox","Secret Weapon","Midas Touch","ReplayTheSpireMod:Brewmster","REME_AllRoundStrike","Poisoned Strike","REME_MawOfCthun","REME_EyeOfCthun","REME_WheelOfFate","Sadistic Nature","Replay:Dark Deal","REME_Flogging","ReplayUltimateDefense","Transmutation","REME_BattleFury","HandOfGreed","ReplayTheSpireMod:Necrogeddon","Apotheosis","Panache","Violence","Secret Technique","REME_BodyOfCthun","The Bomb","Crow Ritual","REME_BuildACard","REME_ProfessionalPlagiarism","Replay:AllIn","Anger","conspire:SpireCoStock","Replay:Fractal Strike","Pot Of Greed","Pot Of Greed","Pot Of Greed","Pot Of Greed","Pot Of Greed","Pot Of Greed","Pot Of Greed","Pot Of Greed","Pot Of Greed","Pot Of Greed","Pot Of Greed","Pot Of Greed"],"relics":["Sizzling Blood","Frozen Eye","Busted Crown","REME_ComplimentaryCards","StoneCalendar","Incense Burner","zeldaRelics:CourageTriforce","infinitespire:Cubic Diamond","Akabeko","Odd Mushroom","Tingsha","zeldaRelics:WisdomTriforce","Boot","Prayer Wheel","SlaversCollar","Blood Vial","Nunchaku","Potion Belt","Frozen Egg 2","ReplayTheSpireMod:CursedCoin","Empty Cage","Byrd Skull","Grinning Jar","zeldaRelics:PowerPiece"],"acts_visited":["Exordium","TheCity"],"potions_floor_usage":[23,27,27,27],"damage_taken":[{"damage":0,"enemies":"Cultist","floor":1,"turns":2},{"damage":15,"enemies":"Jaw Worm","floor":5,"turns":2},{"damage":9,"enemies":"The Mushroom Lair","floor":7,"turns":3},{"damage":1,"enemies":"Small Slimes","floor":8,"turns":2},{"damage":17,"enemies":"Lagavulin","floor":12,"turns":3},{"damage":1,"enemies":"3 Sentries","floor":13,"turns":3},{"damage":32,"enemies":"3 Sentries","floor":14,"turns":4},{"damage":8,"enemies":"Fading Forest","floor":16,"turns":13},{"damage":15,"enemies":"Spheric Guardian","floor":18,"turns":3},{"damage":21,"enemies":"Book of Stabbing","floor":23,"turns":4},{"damage":15,"enemies":"Shell Parasite","floor":25,"turns":2},{"damage":12,"enemies":"Nightmare","floor":27,"turns":2}],"seed_played":"-5933625130227017166","potions_obtained":[{"floor":1,"key":"PowerPotion"},{"floor":8,"key":"Weak Potion"},{"floor":22,"key":"CultistPotion"},{"floor":22,"key":"conspire:TimeTravelPotion"},{"floor":23,"key":"SkillPotion"}],"is_trial":true,"path_per_floor":["M","T","?","T","M","R","?","M","T","R","?","E","?","E","R","B",null,"M","?","?","$","?","E","AVR","M","T","NM"],"character_chosen":"THE_SILENT","items_purchased":["Potion Belt","Frozen Egg 2","ReplayTheSpireMod:CursedCoin"],"campfire_rested":2,"item_purchase_floors":[21,21,21],"current_hp_per_floor":[59,59,59,59,48,61,56,59,59,56,56,43,51,23,23,39,52,41,41,27,27,27,18,18,9,9,0,0],"gold":967,"neow_bonus":"","is_daily":false,"chose_seed":false,"campfire_upgraded":0,"win_rate":0.0,"timestamp":1609099586,"path_taken":["M","?","?","?","?","R","?","M","T","R","?","E","?","E","R","BOSS","M","?","?","$","?","E","AVR","?","T","NM"],"items_purchased_type":["Relic","Relic","Relic"],"build_version":"2020-12-22","purchased_purges":2,"victory":false,"max_hp_per_floor":[66,66,66,66,66,61,61,61,61,56,56,56,56,56,56,56,56,56,56,56,56,56,56,56,56,56,56,56],"relic_stats":{"Blood Vial":6,"Nunchaku":[1],"Busted Crown":16,"counters":[12,43],"StoneCalendar":[100],"Tingsha":[75],"Prayer Wheel":0,"Boot":[3],"obtain_stats":[{"StoneCalendar":0,"infinitespire:Cubic Diamond":3,"Incense Burner":1,"Sizzling Blood":3,"Boot":13,"Empty Cage":24,"zeldaRelics:WisdomTriforce":23,"Blood Vial":18,"Frozen Eye":0,"Nunchaku":19,"Prayer Wheel":16,"zeldaRelics:CouragePiece":2,"Byrd Skull":24,"zeldaRelics:PowerPiece":26,"Ring of the Snake":0,"Potion Belt":21,"zeldaRelics:WisdomPiece":12,"ReplayTheSpireMod:CursedCoin":21,"Tingsha":8,"Odd Mushroom":7,"Frozen Egg 2":21,"Akabeko":5,"zeldaRelics:CourageTriforce":9,"SlaversCollar":17,"Busted Crown":0,"Grinning Jar":25,"REME_ComplimentaryCards":0},{"StoneCalendar":0,"infinitespire:Cubic Diamond":1,"Incense Burner":1,"Sizzling Blood":1,"Boot":5,"Empty Cage":10,"zeldaRelics:WisdomTriforce":10,"Blood Vial":9,"Frozen Eye":0,"Nunchaku":9,"Prayer Wheel":8,"zeldaRelics:CouragePiece":1,"Byrd Skull":10,"zeldaRelics:PowerPiece":11,"Ring of the Snake":0,"Potion Belt":9,"zeldaRelics:WisdomPiece":5,"ReplayTheSpireMod:CursedCoin":9,"Tingsha":4,"Odd Mushroom":3,"Frozen Egg 2":9,"Akabeko":2,"zeldaRelics:CourageTriforce":4,"SlaversCollar":8,"Busted Crown":0,"Grinning Jar":11,"REME_ComplimentaryCards":0},{"StoneCalendar":0,"infinitespire:Cubic Diamond":2,"Incense Burner":2,"Sizzling Blood":2,"Boot":12,"Empty Cage":39,"zeldaRelics:WisdomTriforce":39,"Blood Vial":35,"Frozen Eye":0,"Nunchaku":35,"Prayer Wheel":29,"zeldaRelics:CouragePiece":2,"Byrd Skull":39,"zeldaRelics:PowerPiece":41,"Ring of the Snake":0,"Potion Belt":35,"zeldaRelics:WisdomPiece":12,"ReplayTheSpireMod:CursedCoin":35,"Tingsha":9,"Odd Mushroom":7,"Frozen Egg 2":35,"Akabeko":4,"zeldaRelics:CourageTriforce":9,"SlaversCollar":32,"Busted Crown":0,"Grinning Jar":41,"REME_ComplimentaryCards":0}]},"card_choices":[{"not_picked":[],"picked":"Anger","floor":13},{"not_picked":["infinitespire:DeathsTouch","infinitespire:Fortify"],"picked":"Replay:Fractal Strike","floor":20}],"player_experience":1448124,"relics_obtained":[{"floor":1,"key":"Incense Burner"},{"floor":2,"key":"zeldaRelics:CouragePiece"},{"floor":4,"key":"zeldaRelics:CouragePiece"},{"floor":5,"key":"Akabeko"},{"floor":7,"key":"Odd Mushroom"},{"floor":8,"key":"Tingsha"},{"floor":9,"key":"zeldaRelics:CouragePiece"},{"floor":12,"key":"zeldaRelics:WisdomPiece"},{"floor":14,"key":"zeldaRelics:WisdomPiece"},{"floor":18,"key":"Blood Vial"},{"floor":23,"key":"zeldaRelics:WisdomPiece"},{"floor":25,"key":"Grinning Jar"},{"floor":26,"key":"zeldaRelics:PowerPiece"}],"event_choices":[{"damage_healed":0,"gold_gain":0,"player_choice":"Fought Mushrooms","damage_taken":0,"max_hp_gain":0,"max_hp_loss":0,"event_name":"Mushrooms","floor":7,"gold_loss":0},{"damage_healed":0,"gold_gain":150,"player_choice":"AGREE","damage_taken":0,"max_hp_gain":0,"max_hp_loss":0,"event_name":"Liars Game","floor":11,"gold_loss":0,"cards_obtained":["Doubt"]},{"damage_healed":0,"gold_gain":0,"player_choice":"Searched \u00272\u0027 times","damage_taken":0,"relics_obtained":["Boot"],"max_hp_gain":0,"max_hp_loss":0,"event_name":"Dead Adventurer","floor":13,"gold_loss":0},{"damage_healed":0,"gold_gain":0,"player_choice":"Invest 1","damage_taken":0,"max_hp_gain":0,"max_hp_loss":0,"event_name":"conspire:Investor","floor":15,"gold_loss":0},{"damage_healed":0,"gold_gain":0,"player_choice":"Got Potions","damage_taken":0,"max_hp_gain":0,"max_hp_loss":0,"event_name":"Lab","floor":22,"gold_loss":0}],"is_beta":false,"boss_relics":[{"not_picked":["Ring of Chaos","Runic Pyramid"],"picked":"SlaversCollar"}],"items_purged_floors":[21,24],"is_endless":false,"potions_floor_spawned":[1,8,14,16,23],"killed_by":"Nightmare","ascension_level":20}}