{"host":"jfjanrmpavyj4ikg","time":1609062826,"event":{"mods":["AchievementEnabler","BaseMod","BetterRewards","Colored Map","Colored Powertips","Downfall","Duelist Mod","GifTheSpireLib","Hermit","Hubris","Infinite Spire","Marisa????????","Minty Spire (QoL Compilation)","Quick Restart","READ ME - Guardian Mod","Rare Cards Sparkle","Replay The Spire","Shop Mod","StSLib","The Animator","The Bug Knight","The Construct","The Cursed","The Disciple","The Hierophant","The Jungle","The Necromancer","The Runesmith","The Servant 0.9.4"],"gold_per_floor":[113,113,129,129,129,129,129,129,156,199,77,77,112,131,131,131,131],"floor_reached":16,"playtime":986,"items_purged":["Runesmith:Strike_RS"],"score":131,"play_id":"271715d4-8d8b-49a1-9bcd-55f3c188aa3b","local_time":"20201227015346","is_ascension_mode":false,"campfire_choices":[{"floor":6,"key":"REST"},{"data":"Runesmith:Firestorm","floor":8,"key":"SMITH"},{"floor":12,"key":"RECALL"},{"floor":15,"key":"DIG"}],"circlet_count":0,"master_deck":["Runesmith:Strike_RS","Runesmith:Strike_RS","Runesmith:Defend_RS","Runesmith:Defend_RS","Runesmith:Defend_RS","Runesmith:Defend_RS","Runesmith:CraftFirestone","Runesmith:Fortify","Runesmith:ChiselStab","Runesmith:HammerThrow","Runesmith:Firestorm+1","Runesmith:CraftMagma"],"relics":["Runesmith:BrokenRuby","NeowsBlessing","Golden Idol","hubris:Towel","infinitespire:PuzzleCube","Pen Nib","Garlic"],"acts_visited":["Exordium"],"potions_floor_usage":[13],"damage_taken":[{"damage":0,"enemies":"2 Louse","floor":1,"turns":2},{"damage":0,"enemies":"Jaw Worm","floor":3,"turns":1},{"damage":0,"enemies":"Gremlin Nob","floor":10,"turns":1},{"damage":13,"enemies":"Lagavulin","floor":13,"turns":6},{"damage":2,"enemies":"Small Slimes","floor":14,"turns":4},{"damage":81,"enemies":"Fading Forest","floor":16,"turns":9}],"seed_played":"-8175282936584380794","potions_obtained":[{"floor":10,"key":"PowerPotion"}],"is_trial":false,"path_per_floor":["M","?","M","?","?","R","?","R","T","E","$","R","E","M","R_BF","B"],"character_chosen":"RUNESMITH_CLASS","items_purchased":["Runesmith:CraftMagma"],"campfire_rested":1,"item_purchase_floors":[11],"current_hp_per_floor":[70,53,53,53,53,70,70,70,70,70,70,70,57,55,55,0,0],"gold":131,"neow_bonus":"THREE_ENEMY_KILL","is_daily":false,"chose_seed":false,"campfire_upgraded":1,"win_rate":0.0,"timestamp":1609062826,"path_taken":["M","?","M","?","?","R","?","R","T","E","$","R","E","M","R_BF","BOSS"],"items_purchased_type":["Card"],"build_version":"2020-12-22","purchased_purges":1,"victory":false,"max_hp_per_floor":[70,70,70,70,70,70,70,70,70,70,70,70,70,70,70,70,70],"card_choices":[{"not_picked":["Runesmith:NanitesCloud","Runesmith:BackupBattery"],"picked":"Runesmith:ChiselStab","floor":1},{"not_picked":["Runesmith:Retool","Runesmith:Repurpose"],"picked":"Runesmith:HammerThrow","floor":3},{"not_picked":["Runesmith:ChargedHammer","Runesmith:WhiteBalance","Runesmith:RunicBlueprint"],"picked":"SKIP","floor":10},{"not_picked":["Runesmith:DoubleUp","Runesmith:GenerateForcefield","Runesmith:CraftMedicinae"],"picked":"SKIP","floor":13},{"not_picked":["Runesmith:Overpower","Runesmith:GenerateForcefield","Runesmith:StaticCage"],"picked":"SKIP","floor":14}],"player_experience":39156,"relics_obtained":[{"floor":10,"key":"infinitespire:PuzzleCube"},{"floor":13,"key":"Pen Nib"},{"floor":15,"key":"Garlic"}],"event_choices":[{"damage_healed":0,"gold_gain":0,"player_choice":"Take Damage","damage_taken":17,"relics_obtained":["Golden Idol"],"max_hp_gain":0,"max_hp_loss":0,"event_name":"Golden Idol","floor":2,"gold_loss":0},{"cards_removed":["Runesmith:Strike_RS"],"damage_healed":0,"gold_gain":0,"player_choice":"Forget","damage_taken":0,"max_hp_gain":0,"max_hp_loss":0,"event_name":"Living Wall","floor":5,"gold_loss":0}],"is_beta":false,"boss_relics":[],"items_purged_floors":[11],"is_endless":false,"potions_floor_spawned":[10],"killed_by":"Fading Forest","ascension_level":0}}