{"host":"enmin8e0t0h2jpek","time":1609102914,"event":{"mods":["AchievementEnabler","BaseMod","BetterRewards","Colored Map","Colored Powertips","DeckTracker","Gremlin Skip","Highlight Path","Minty Spire (QoL Compilation)","Quick Restart","Rare Cards Sparkle","Relic Stats","Remove Card Discount Mod","Replay The Spire","Shop Mod","StSLib","SuperFastMode","Transform Curses","slay the spire mod where everything is the same but ironclad has a cowboy hat"],"gold_per_floor":[117,117,117,135,135,135,156,156,156,156,156,106,18,39,39,83,83,207,1107,1123,1136,578,578,593,634,634,650,675,706,706,744,906,948,948,1085,1085,1121,1221,656,689,731,790,790,844,871,871,964,964,1041,1091,1091,1121],"floor_reached":53,"playtime":3744,"items_purged":["ReplayTheSpireMod:Strike From Hell","Evolve"],"score":1081,"play_id":"f9190d2e-8479-4aa4-9f6b-e47ef76f96a4","local_time":"20201227220154","is_ascension_mode":false,"campfire_choices":[{"data":"Bash","floor":6,"key":"SMITH"},{"data":"Life Link","floor":8,"key":"SMITH"},{"data":"Apotheosis","floor":15,"key":"SMITH"},{"floor":17,"key":"REST"},{"floor":26,"key":"REST"},{"data":"Anger","floor":30,"key":"SMITH"},{"floor":34,"key":"REST"},{"floor":43,"key":"REST"},{"floor":46,"key":"REST"},{"data":"Demon Form","floor":48,"key":"SMITH"},{"floor":51,"key":"DIG"}],"circlet_count":0,"master_deck":["Strike_R+1","Strike_R","Strike_R","Strike_R","Defend_R+1","Defend_R+1","Defend_R","Defend_R+1","Bash+1","Flex","Blood for Blood+1","Life Link+1","Apotheosis+1","Run Through","Clash","Anger","Demon Form+1","Thunderclap","Cleave+1","Massacre+1","ReplayTheSpireMod:Muscle Training+1","Anger+1","Thunderclap+1","Intimidate+1","Anger","Mind Blast","Iron Wave","Cleave","Burning Pact+1","Seeing Red+1","Headbutt","Double Tap","ReplayTheSpireMod:Stacked","Seeing Red","Hemokinesis","Flex+1","Thunderclap+1","ReplayTheSpireMod:Stacked","Combust+1","Cleave+1","Twin Strike+1","Perfected Strike+1","Headbutt","Headbutt+1"],"relics":["Black Blood","MerchantsRug","FossilizedHelix","Dream Catcher","Nloth\u0027s Gift","Mercury Hourglass","Golden Idol","Oddly Smooth Stone","Replay:Wanted Poster","Question Card","Ice Cream","Self Forming Clay","Anchor","Replay:Bandana","Gremlin Horn","Whetstone","CaptainsWheel","Membership Card","ReplayTheSpireMod:TigerMarble","PreservedInsect","Centennial Puzzle","Happy Flower","Prayer Wheel","Replay:Kaleidoscope","Nunchaku","Simple Rune"],"acts_visited":["Exordium","TheCity","TheBeyond"],"potions_floor_usage":[29,29,44,47,52],"damage_taken":[{"damage":0,"enemies":"Small Slimes","floor":1,"turns":3},{"damage":0,"enemies":"2 Louse","floor":4,"turns":2},{"damage":0,"enemies":"Jaw Worm","floor":7,"turns":2},{"damage":21,"enemies":"Exordium Thugs","floor":14,"turns":3},{"damage":19,"enemies":"3 Sentries","floor":16,"turns":4},{"damage":2,"enemies":"Slime Boss","floor":18,"turns":8},{"damage":10,"enemies":"3 Byrds","floor":20,"turns":4},{"damage":37,"enemies":"2 Thieves","floor":21,"turns":3},{"damage":5,"enemies":"Centurion and Healer","floor":24,"turns":4},{"damage":35,"enemies":"Replay:Snechameleon","floor":25,"turns":5},{"damage":10,"enemies":"Cultist and Chosen","floor":27,"turns":4},{"damage":9,"enemies":"Gremlin Leader","floor":29,"turns":4},{"damage":18,"enemies":"Chosen and Byrds","floor":31,"turns":5},{"damage":0,"enemies":"Centurion and Healer","floor":33,"turns":3},{"damage":27,"enemies":"Pondfish","floor":35,"turns":8},{"damage":0,"enemies":"3 Shapes","floor":37,"turns":2},{"damage":0,"enemies":"Orb Walker","floor":40,"turns":3},{"damage":0,"enemies":"Maw","floor":41,"turns":6},{"damage":60,"enemies":"R_Hoarder","floor":42,"turns":6},{"damage":24,"enemies":"Giant Head","floor":44,"turns":6},{"damage":1,"enemies":"2 Orb Walkers","floor":47,"turns":3},{"damage":0,"enemies":"Mind Bloom Boss Battle","floor":49,"turns":3},{"damage":22,"enemies":"Nemesis","floor":50,"turns":3},{"damage":37,"enemies":"Donu and Deca","floor":52,"turns":6}],"seed_played":"-6952932542345100418","potions_obtained":[{"floor":1,"key":"EssenceOfSteel"},{"floor":7,"key":"SkillPotion"},{"floor":16,"key":"Explosive Potion"},{"floor":24,"key":"Swift Potion"},{"floor":25,"key":"AttackPotion"},{"floor":33,"key":"Block Potion"},{"floor":41,"key":"GamblersBrew"},{"floor":42,"key":"PowerPotion"},{"floor":47,"key":"Regen Potion"}],"is_trial":false,"path_per_floor":["M","?","?","M","?","R","M","R","T","PTL","PTL","?","$","M","R","E","R","B",null,"M","M","$","?","M","E","R","M","T","E","R","M","$","M","R_BF","B",null,"M","?","$","M","M","E","R","E","T","R","?","R","?","E","R_BF","B",null],"character_chosen":"IRONCLAD","items_purchased":["MerchantsRug","Dream Catcher","Flex","Apotheosis","Question Card","Ice Cream","Gremlin Horn","Mind Blast","Iron Wave","Cleave","Burning Pact+1","Whetstone","CaptainsWheel","Membership Card","Seeing Red","Hemokinesis","ReplayTheSpireMod:TigerMarble"],"campfire_rested":5,"item_purchase_floors":[0,0,0,13,22,22,32,32,32,32,32,32,39,39,39,39,39],"current_hp_per_floor":[80,80,80,80,80,80,80,80,80,80,80,80,80,65,65,52,76,80,80,76,45,45,45,46,17,41,37,37,34,34,22,22,28,52,31,80,80,80,80,80,80,32,56,44,44,68,79,79,80,70,70,60],"gold":1121,"neow_bonus":"","is_daily":false,"chose_seed":false,"campfire_upgraded":5,"win_rate":0.0,"timestamp":1609102914,"path_taken":["M","?","?","M","?","R","M","R","T","PTL","PTL","?","$","M","R","E","R","BOSS","M","M","$","?","M","E","R","M","T","E","R","M","?","M","R_BF","BOSS","M","?","$","M","?","E","R","E","T","R","?","R","?","E","R_BF","BOSS"],"items_purchased_type":["Relic","Relic","Card","Card","Relic","Relic","Relic","Card","Card","Card","Card","Relic","Relic","Relic","Card","Card","Relic"],"build_version":"2020-12-22","purchased_purges":2,"victory":true,"max_hp_per_floor":[80,80,80,80,80,80,80,80,80,80,80,80,80,80,80,80,80,80,80,80,80,80,80,80,80,80,80,80,80,80,80,80,80,80,80,80,80,80,80,80,80,80,80,80,80,80,80,80,80,80,80,80],"relic_stats":{"Gremlin Horn":[8,8],"Happy Flower":[5],"counters":[24,100],"Golden Idol":193,"Self Forming Clay":[90],"Black Blood":133,"PreservedInsect":172,"Whetstone":["Strike_R","Blood for Blood"],"Question Card":19,"Mercury Hourglass":[438],"Dream Catcher":5,"Centennial Puzzle":[9],"Nunchaku":[1],"Prayer Wheel":0,"Nloth\u0027s Gift":2,"obtain_stats":[{"Ice Cream":22,"Gremlin Horn":32,"Black Blood":36,"Whetstone":32,"Burning Blood":0,"Replay:Wanted Poster":19,"Dream Catcher":0,"Replay:Bandana":29,"Centennial Puzzle":44,"Nunchaku":50,"Prayer Wheel":47,"InkBottle":9,"MerchantsRug":0,"Happy Flower":45,"Golden Idol":2,"Self Forming Clay":25,"Oddly Smooth Stone":16,"PreservedInsect":42,"Replay:Kaleidoscope":49,"Question Card":22,"Mercury Hourglass":0,"Anchor":28,"CaptainsWheel":39,"Simple Rune":51,"Nloth\u0027s Gift":0,"ReplayTheSpireMod:TigerMarble":39,"Membership Card":39,"FossilizedHelix":0},{"Ice Cream":8,"Gremlin Horn":13,"Black Blood":15,"Whetstone":13,"Burning Blood":0,"Replay:Wanted Poster":6,"Dream Catcher":0,"Replay:Bandana":12,"Centennial Puzzle":20,"Nunchaku":23,"Prayer Wheel":21,"InkBottle":3,"MerchantsRug":0,"Happy Flower":20,"Golden Idol":1,"Self Forming Clay":10,"Oddly Smooth Stone":5,"PreservedInsect":19,"Replay:Kaleidoscope":22,"Question Card":8,"Mercury Hourglass":0,"Anchor":11,"CaptainsWheel":16,"Simple Rune":23,"Nloth\u0027s Gift":0,"ReplayTheSpireMod:TigerMarble":16,"Membership Card":16,"FossilizedHelix":0},{"Ice Cream":29,"Gremlin Horn":51,"Black Blood":62,"Whetstone":51,"Burning Blood":0,"Replay:Wanted Poster":22,"Dream Catcher":0,"Replay:Bandana":46,"Centennial Puzzle":85,"Nunchaku":94,"Prayer Wheel":88,"InkBottle":7,"MerchantsRug":0,"Happy Flower":85,"Golden Idol":3,"Self Forming Clay":38,"Oddly Smooth Stone":14,"PreservedInsect":79,"Replay:Kaleidoscope":91,"Question Card":29,"Mercury Hourglass":0,"Anchor":42,"CaptainsWheel":64,"Simple Rune":94,"Nloth\u0027s Gift":0,"ReplayTheSpireMod:TigerMarble":64,"Membership Card":64,"FossilizedHelix":0}]},"card_choices":[{"not_picked":["ReplayTheSpireMod:Strike From Hell","Entrench"],"picked":"Blood for Blood","floor":1},{"not_picked":["ReplayTheSpireMod:Limb From Limb","Body Slam"],"picked":"ReplayTheSpireMod:Strike From Hell","floor":4},{"not_picked":["Feel No Pain","Heavy Blade"],"picked":"Life Link","floor":7},{"not_picked":["Sword Boomerang","True Grit"],"picked":"Run Through","floor":14},{"not_picked":["ReplayTheSpireMod:Limb From Limb","Infernal Blade"],"picked":"Clash","floor":16},{"not_picked":["Blood for Blood","ReplayTheSpireMod:Limb From Limb"],"picked":"Anger","floor":17},{"not_picked":["Corruption","Offering"],"picked":"Demon Form","floor":18},{"not_picked":["Twin Strike","Entrench+1"],"picked":"Thunderclap","floor":20},{"not_picked":["Pummel","Armaments+1"],"picked":"Cleave+1","floor":21},{"not_picked":["Headbutt","Disarm","Abandon"],"picked":"Massacre+1","floor":24},{"not_picked":["Demon Form","Heavy Blade+1","Wild Strike"],"picked":"ReplayTheSpireMod:Muscle Training+1","floor":25},{"not_picked":["Battle Trance","ReplayTheSpireMod:Strike From Hell","Burning Pact"],"picked":"Anger","floor":26},{"not_picked":["Replay:Undeath\u0027s Touch","Pummel+1","Clothesline"],"picked":"Thunderclap+1","floor":27},{"not_picked":["Fire Breathing","Headbutt","Clash"],"picked":"Intimidate+1","floor":29},{"not_picked":["Juggernaut","Fire Breathing","Headbutt+1"],"picked":"Anger","floor":31},{"not_picked":["ReplayTheSpireMod:Strike From Hell","Cleave","Entrench"],"picked":"Seeing Red+1","floor":33},{"not_picked":["Warcry","Evolve+1","Pummel"],"picked":"Headbutt","floor":34},{"not_picked":["Juggernaut","Demon Form","Offering"],"picked":"Double Tap","floor":35},{"not_picked":["Thunderclap","Headbutt+1","Twin Strike+1"],"picked":"ReplayTheSpireMod:Stacked","floor":37},{"not_picked":["Demonic Infusion","Headbutt+1","Shrug It Off+1"],"picked":"Flex+1","floor":40},{"not_picked":["Life Link","Iron Wave+1","Second Wind+1"],"picked":"Thunderclap+1","floor":41},{"not_picked":["Warcry","Twin Strike","Massacre+1"],"picked":"ReplayTheSpireMod:Stacked","floor":42},{"not_picked":["Uppercut","Shrug It Off","Flex"],"picked":"Combust+1","floor":43},{"not_picked":["Juggernaut","Demon Form","Sword Boomerang"],"picked":"Cleave+1","floor":44},{"not_picked":["Dark Embrace","Clothesline+1","Run Through"],"picked":"Twin Strike+1","floor":46},{"not_picked":["Second Wind+1","ReplayTheSpireMod:Strike From Hell","Heavy Blade+1"],"picked":"Perfected Strike+1","floor":47},{"not_picked":["Wild Strike","Clothesline+1","True Grit+1"],"picked":"Headbutt","floor":49},{"not_picked":["Combust","ReplayTheSpireMod:Strike From Hell","Replay:Many Hands"],"picked":"Headbutt+1","floor":50}],"player_experience":25532,"relics_obtained":[{"floor":9,"key":"InkBottle"},{"floor":16,"key":"Oddly Smooth Stone"},{"floor":25,"key":"Self Forming Clay"},{"floor":28,"key":"Anchor"},{"floor":29,"key":"Replay:Bandana"},{"floor":42,"key":"PreservedInsect"},{"floor":44,"key":"Centennial Puzzle"},{"floor":45,"key":"Happy Flower"},{"floor":47,"key":"Prayer Wheel"},{"floor":49,"key":"Replay:Kaleidoscope"},{"floor":50,"key":"Nunchaku"},{"floor":51,"key":"Simple Rune"}],"event_choices":[{"damage_healed":0,"gold_gain":0,"player_choice":"Take Wound","damage_taken":0,"relics_obtained":["Golden Idol"],"max_hp_gain":0,"max_hp_loss":0,"event_name":"Golden Idol","floor":2,"gold_loss":0,"cards_obtained":["Injury"]},{"cards_removed":["Injury"],"damage_healed":0,"gold_gain":0,"player_choice":"Forget","damage_taken":0,"max_hp_gain":0,"max_hp_loss":0,"event_name":"Living Wall","floor":5,"gold_loss":0},{"cards_removed":["Dark Embrace"],"damage_healed":0,"gold_gain":0,"player_choice":"Card Removal","damage_taken":0,"max_hp_gain":0,"max_hp_loss":0,"event_name":"The Cleric","floor":12,"gold_loss":50},{"damage_healed":0,"gold_gain":0,"player_choice":"Bought 0 Potions","damage_taken":0,"max_hp_gain":0,"max_hp_loss":0,"event_name":"The Woman in Blue","floor":23,"gold_loss":0},{"damage_healed":0,"gold_gain":100,"player_choice":"Pray","damage_taken":0,"max_hp_gain":0,"max_hp_loss":0,"event_name":"Golden Shrine","floor":38,"gold_loss":0},{"damage_healed":0,"gold_gain":0,"player_choice":"Fight","damage_taken":0,"max_hp_gain":0,"max_hp_loss":0,"event_name":"Mysterious Sphere","floor":47,"gold_loss":0},{"damage_healed":0,"gold_gain":0,"player_choice":"Fight","damage_taken":0,"max_hp_gain":0,"max_hp_loss":0,"event_name":"MindBloom","floor":49,"gold_loss":0}],"is_beta":false,"boss_relics":[{"not_picked":["Replay:Ancient Bell","Cursed Key"],"picked":"Replay:Wanted Poster"},{"not_picked":["Replay:Drink Me","Ooze Armor"],"picked":"Black Blood"}],"items_purged_floors":[22,22],"is_endless":false,"potions_floor_spawned":[1,7,16,24,25,33,41,42,47],"ascension_level":0}}