{"host":"dcj2yvrgcvh5dl2s","time":1609069027,"event":{"mods":["BaseMod","Better Note","Block Reminder","Colored Powertips","DeckTracker","Minty Spire (QoL Compilation)","Quick Restart","Rare Cards Sparkle","Relic Stats","StSLib"],"gold_per_floor":[111,12,12,29,45,77,77,110,110,123,123,123,133,58,58,136,136,151,58,58,58,58,58,85,85,134,134,134],"floor_reached":27,"playtime":701,"items_purged":["Strike_R"],"score":438,"play_id":"4c55da0c-4eed-4cd5-b56e-5e20e9d35364","local_time":"20201227213707","is_ascension_mode":true,"campfire_choices":[{"floor":7,"key":"REST"},{"floor":11,"key":"REST"},{"data":"Uppercut","floor":15,"key":"SMITH"},{"floor":23,"key":"REST"},{"floor":25,"key":"REST"}],"circlet_count":0,"master_deck":["AscendersBane","Strike_R","Strike_R","Strike_R","Strike_R","Defend_R","Defend_R","Defend_R","Defend_R","Bash","Metamorphosis","Shrug It Off","Thunderclap","Pain","Heavy Blade","Dropkick","Reaper","Disarm","Parasite","Shrug It Off+1","Uppercut+1","Offering+1","Body Slam","Flex","Shockwave","Shame","Shrug It Off"],"relics":["Burning Blood","WarpedTongs","Bag of Preparation","Shuriken","Self Forming Clay","Sozu","Peace Pipe","MutagenicStrength","Strawberry","War Paint"],"acts_visited":["Exordium","TheCity"],"potions_floor_usage":[8,13,18],"damage_taken":[{"damage":7,"enemies":"2 Louse","floor":1,"turns":3},{"damage":8,"enemies":"Cultist","floor":4,"turns":3},{"damage":12,"enemies":"Small Slimes","floor":5,"turns":3},{"damage":40,"enemies":"3 Sentries","floor":6,"turns":9},{"damage":24,"enemies":"Gremlin Nob","floor":8,"turns":3},{"damage":19,"enemies":"Exordium Wildlife","floor":10,"turns":4},{"damage":8,"enemies":"3 Louse","floor":13,"turns":4},{"damage":23,"enemies":"Hexaghost","floor":16,"turns":8},{"damage":34,"enemies":"3 Byrds","floor":18,"turns":4},{"damage":33,"enemies":"Book of Stabbing","floor":24,"turns":6},{"damage":82,"enemies":"Gremlin Leader","floor":27,"turns":7}],"seed_played":"6533177938656073154","potions_obtained":[{"floor":4,"key":"DuplicationPotion"},{"floor":8,"key":"ColorlessPotion"},{"floor":16,"key":"Explosive Potion"}],"is_trial":false,"path_per_floor":["M","$","?","M","M","E","R","E","T","M","R","?","M","$","R","B",null,"M","$","?","?","?","R","E","R","T","E"],"character_chosen":"IRONCLAD","items_purchased":["Thunderclap","Uppercut","Flex","Shockwave"],"campfire_rested":4,"item_purchase_floors":[2,14,19,19],"current_hp_per_floor":[67,67,67,65,59,25,45,27,27,14,34,51,63,63,63,53,64,40,40,21,21,21,42,35,59,59,0,0],"gold":134,"neow_bonus":"RANDOM_COLORLESS_2","is_daily":false,"chose_seed":false,"campfire_upgraded":1,"win_rate":0.0,"timestamp":1609069027,"path_taken":["M","$","?","M","?","E","R","E","T","M","R","?","M","$","R","BOSS","M","$","?","?","?","R","E","R","T","E"],"items_purchased_type":["Card","Card","Card","Card"],"build_version":"2020-12-22","purchased_purges":1,"victory":false,"max_hp_per_floor":[68,68,68,68,68,68,68,68,68,68,68,68,68,68,68,68,68,68,68,73,73,73,73,80,80,80,80,80],"relic_stats":{"Sozu":0,"Peace Pipe":0,"counters":[11,54],"Shuriken":[12],"Self Forming Clay":[150],"Bag of Preparation":[14],"War Paint":["Shrug It Off","Offering"],"obtain_stats":[{"Sozu":17,"Peace Pipe":21,"Shuriken":8,"Self Forming Clay":9,"MutagenicStrength":22,"Strawberry":24,"Bag of Preparation":6,"War Paint":26,"Burning Blood":0,"WarpedTongs":3},{"Sozu":8,"Peace Pipe":9,"Shuriken":5,"Self Forming Clay":5,"MutagenicStrength":9,"Strawberry":10,"Bag of Preparation":4,"War Paint":10,"Burning Blood":0,"WarpedTongs":1},{"Sozu":37,"Peace Pipe":41,"Shuriken":21,"Self Forming Clay":21,"MutagenicStrength":41,"Strawberry":47,"Bag of Preparation":18,"War Paint":47,"Burning Blood":0,"WarpedTongs":3}],"Burning Blood":60,"WarpedTongs":[51]},"card_choices":[{"not_picked":["Thinking Ahead","Secret Weapon"],"picked":"Metamorphosis","floor":0},{"not_picked":["Sentinel","Cleave"],"picked":"Shrug It Off","floor":1},{"not_picked":["Bloodletting","Entrench"],"picked":"Heavy Blade","floor":4},{"not_picked":["Searing Blow","Warcry","Havoc"],"picked":"SKIP","floor":5},{"not_picked":["Sword Boomerang","Infernal Blade"],"picked":"Dropkick","floor":6},{"not_picked":["Headbutt","Body Slam"],"picked":"Reaper","floor":8},{"not_picked":["Searing Blow","Intimidate"],"picked":"Disarm","floor":10},{"not_picked":["Blood for Blood","True Grit"],"picked":"Shrug It Off","floor":13},{"not_picked":["Reaper","Impervious"],"picked":"Offering","floor":16},{"not_picked":["Rupture","Wild Strike+1"],"picked":"Body Slam","floor":18},{"not_picked":["Entrench","Thunderclap"],"picked":"Shrug It Off","floor":24}],"player_experience":2071082,"relics_obtained":[{"floor":6,"key":"Bag of Preparation"},{"floor":8,"key":"Shuriken"},{"floor":9,"key":"Self Forming Clay"},{"floor":24,"key":"Strawberry"},{"floor":26,"key":"War Paint"}],"event_choices":[{"damage_healed":0,"gold_gain":0,"player_choice":"Rummage","damage_taken":0,"relics_obtained":["WarpedTongs"],"max_hp_gain":0,"max_hp_loss":0,"event_name":"Accursed Blacksmith","floor":3,"gold_loss":0,"cards_obtained":["Pain"]},{"damage_healed":17,"gold_gain":0,"player_choice":"Healed and dodged fight","damage_taken":0,"max_hp_gain":0,"max_hp_loss":0,"event_name":"Mushrooms","floor":12,"gold_loss":0,"cards_obtained":["Parasite"]},{"damage_healed":0,"gold_gain":0,"player_choice":"Shed Blood","damage_taken":24,"max_hp_gain":5,"max_hp_loss":0,"event_name":"Forgotten Altar","floor":20,"gold_loss":0},{"damage_healed":0,"gold_gain":0,"player_choice":"Stole Relic","damage_taken":0,"relics_obtained":["Peace Pipe"],"max_hp_gain":0,"max_hp_loss":0,"event_name":"Addict","floor":21,"gold_loss":0,"cards_obtained":["Shame"]},{"damage_healed":0,"gold_gain":0,"player_choice":"Inject Mutagens","damage_taken":0,"relics_obtained":["MutagenicStrength"],"max_hp_gain":0,"max_hp_loss":0,"event_name":"Drug Dealer","floor":22,"gold_loss":0}],"is_beta":false,"boss_relics":[{"not_picked":["Philosopher\u0027s Stone","Runic Pyramid"],"picked":"Sozu"}],"items_purged_floors":[2],"is_endless":false,"potions_floor_spawned":[4,6,8,16],"killed_by":"Gremlin Leader","ascension_level":17}}