{"host":"calynag5ibgivyo2","time":1609104729,"event":{"mods":["AchievementEnabler","BaseMod","Colored Map","DeckTracker","Minty Spire (QoL Compilation)","StSLib"],"gold_per_floor":[111,129,229,65,65,94,105,105,105,140,159,159,159,178,178,279,279,291,309,309,309],"floor_reached":20,"playtime":842,"items_purged":["Strike_B"],"score":230,"play_id":"fb09ca34-d656-4673-9d1a-811aa11b2b85","local_time":"20201227133209","is_ascension_mode":true,"campfire_choices":[{"floor":8,"key":"REST"},{"data":"Machine Learning","floor":13,"key":"SMITH"},{"floor":15,"key":"REST"}],"circlet_count":0,"master_deck":["Strike_B","Strike_B","Strike_B","Defend_B","Defend_B","Defend_B","Defend_B","Zap","Dualcast","Genetic Algorithm","Undo","Loop","Ball Lightning","Coolheaded","Loop","Gash","Machine Learning+1","Loop","Echo Form","Steam Power+1"],"relics":["Cracked Core","Regal Pillow","Shuriken","Bottled Lightning","Smiling Mask","Busted Crown"],"acts_visited":["Exordium","TheCity"],"potions_floor_usage":[14,19,19,20],"damage_taken":[{"damage":8,"enemies":"Small Slimes","floor":1,"turns":3},{"damage":0,"enemies":"Cultist","floor":2,"turns":3},{"damage":46,"enemies":"3 Sentries","floor":6,"turns":8},{"damage":12,"enemies":"2 Louse","floor":7,"turns":3},{"damage":11,"enemies":"Lagavulin","floor":10,"turns":7},{"damage":16,"enemies":"Exordium Wildlife","floor":11,"turns":3},{"damage":6,"enemies":"Blue Slaver","floor":14,"turns":4},{"damage":31,"enemies":"Slime Boss","floor":16,"turns":11},{"damage":39,"enemies":"3 Byrds","floor":18,"turns":6},{"damage":20,"enemies":"Chosen","floor":19,"turns":5},{"damage":12,"enemies":"Snake Plant","floor":20,"turns":2}],"seed_played":"8589430392758348007","potions_obtained":[{"floor":1,"key":"FocusPotion"},{"floor":6,"key":"Regen Potion"},{"floor":7,"key":"ColorlessPotion"},{"floor":16,"key":"Fire Potion"},{"floor":18,"key":"Regen Potion"}],"is_trial":false,"path_per_floor":["M","M","?","$","?","E","M","R","T","E","M","?","R","M","R","B",null,"M","M","M"],"character_chosen":"DEFECT","items_purchased":["Loop","Ball Lightning"],"campfire_rested":2,"item_purchase_floors":[4,4],"current_hp_per_floor":[67,67,67,67,64,18,6,43,43,32,16,16,16,10,47,16,60,21,6,0,0],"gold":309,"neow_bonus":"RANDOM_COMMON_RELIC","is_daily":false,"chose_seed":false,"campfire_upgraded":1,"win_rate":0.0,"timestamp":1609104729,"path_taken":["M","M","?","?","?","E","M","R","T","E","?","?","R","M","R","BOSS","M","M","M"],"items_purchased_type":["Card","Card"],"build_version":"2020-12-22","purchased_purges":1,"victory":false,"max_hp_per_floor":[75,75,75,75,75,75,75,75,75,75,75,75,75,75,75,75,75,75,75,75,75],"card_choices":[{"not_picked":["Streamline","Blizzard"],"picked":"Genetic Algorithm","floor":1},{"not_picked":["Barrage","Streamline"],"picked":"Undo","floor":2},{"not_picked":["Fusion","Go for the Eyes"],"picked":"Coolheaded","floor":6},{"not_picked":["Hello World","Compile Driver"],"picked":"Loop","floor":7},{"not_picked":["Stack","Hologram"],"picked":"Gash","floor":10},{"not_picked":["Beam Cell","Consume"],"picked":"Machine Learning","floor":11},{"not_picked":["Barrage","Redo"],"picked":"Loop","floor":14},{"not_picked":["Reboot","Thunder Strike"],"picked":"Echo Form","floor":16},{"not_picked":[],"picked":"Steam Power+1","floor":18},{"not_picked":["Sweeping Beam"],"picked":"SKIP","floor":19}],"player_experience":440560,"relics_obtained":[{"floor":6,"key":"Bottled Lightning"},{"floor":10,"key":"Smiling Mask"}],"event_choices":[{"damage_healed":0,"gold_gain":100,"player_choice":"Gold","damage_taken":0,"max_hp_gain":0,"max_hp_loss":0,"event_name":"Wheel of Change","floor":3,"gold_loss":0},{"damage_healed":0,"gold_gain":0,"player_choice":"Success","damage_taken":3,"relics_obtained":["Shuriken"],"max_hp_gain":0,"max_hp_loss":0,"event_name":"Scrap Ooze","floor":5,"gold_loss":0},{"damage_healed":0,"gold_gain":0,"player_choice":"Bought 0 Potions","damage_taken":0,"max_hp_gain":0,"max_hp_loss":0,"event_name":"The Woman in Blue","floor":12,"gold_loss":0}],"is_beta":false,"boss_relics":[{"not_picked":["Black Star","Pandora\u0027s Box"],"picked":"Busted Crown"}],"items_purged_floors":[4],"is_endless":false,"potions_floor_spawned":[1,6,7,16,18],"killed_by":"Snake Plant","ascension_level":5}}