{"host":"31s8hzukbhz1k6i6","time":1609102675,"event":{"mods":["BaseMod","Colored Map","Minty Spire (QoL Compilation)","Relic Stats","UnlockEverythingMod"],"gold_per_floor":[18,35,51,71,71,115,115,115,115,131,131,174,229,252,252,371,371,384,384,409,94,107,107,145,157,196,388,736,763,23,57,57,183,183,201,476,495,495,7,51,51,95,95,95,135,135,149,180,180,180,180,180,81,124,124,124],"floor_reached":55,"playtime":2700,"items_purged":["Strike_B","Defend_B","Regret","Zap"],"score":1086,"play_id":"886d6168-b4df-4bed-88f2-f2352e3e099b","local_time":"20201227125755","is_ascension_mode":true,"campfire_choices":[{"data":"1","floor":7.0,"key":"LIFT"},{"data":"2","floor":11.0,"key":"LIFT"},{"data":"3","floor":15.0,"key":"LIFT"},{"data":"Beam Cell","floor":23.0,"key":"SMITH"},{"data":"RitualDagger","floor":25.0,"key":"SMITH"},{"data":"Go for the Eyes","floor":32.0,"key":"SMITH"},{"data":"Seek","floor":41,"key":"SMITH"},{"data":"Hologram","floor":46,"key":"SMITH"},{"floor":49,"key":"RECALL"},{"data":"Machine Learning","floor":52,"key":"SMITH"}],"circlet_count":0,"master_deck":["Strike_B","Strike_B+1","Strike_B","Defend_B","Defend_B","Defend_B","Dualcast","Gash","Go for the Eyes+1","Compile Driver+1","Steam","Gash","Beam Cell+1","Conserve Battery","Echo Form","Gash","RitualDagger+1","Sweeping Beam","Coolheaded+1","Conserve Battery+1","Rainbow","Auto Shields+1","Machine Learning+1","Reinforced Body","Hologram+1","Steam Power","Seek+1","Gash+1","Conserve Battery+1","Beam Cell+1","Hologram+1","Hologram+1"],"relics":["Cracked Core","Girya","Golden Idol","Incense Burner","HornCleat","Sundial","Coffee Dripper","InkBottle","MawBank","Centennial Puzzle","Old Coin","Strawberry","Pantograph","Sling","Smiling Mask","Philosopher\u0027s Stone","Molten Egg 2","Toxic Egg 2","Pear","Frozen Egg 2","Shuriken","Ginger","Vajra"],"acts_visited":["Exordium","TheCity","TheBeyond","TheEnding"],"potions_floor_usage":[33,50,55,55,55],"damage_taken":[{"damage":1.0,"enemies":"Cultist","floor":1.0,"turns":3.0},{"damage":0.0,"enemies":"Small Slimes","floor":2.0,"turns":3.0},{"damage":0.0,"enemies":"Jaw Worm","floor":3.0,"turns":3.0},{"damage":18.0,"enemies":"3 Louse","floor":4.0,"turns":4.0},{"damage":30.0,"enemies":"3 Sentries","floor":6.0,"turns":8.0},{"damage":2.0,"enemies":"Blue Slaver","floor":10.0,"turns":3.0},{"damage":2.0,"enemies":"Gremlin Nob","floor":12.0,"turns":4.0},{"damage":0.0,"enemies":"Large Slime","floor":14.0,"turns":3.0},{"damage":0.0,"enemies":"Slime Boss","floor":16.0,"turns":5.0},{"damage":0.0,"enemies":"Chosen","floor":18.0,"turns":4.0},{"damage":10.0,"enemies":"2 Thieves","floor":20.0,"turns":3.0},{"damage":5.0,"enemies":"Centurion and Healer","floor":22.0,"turns":5.0},{"damage":12.0,"enemies":"Book of Stabbing","floor":24.0,"turns":3.0},{"damage":9.0,"enemies":"Gremlin Leader","floor":28.0,"turns":6.0},{"damage":4.0,"enemies":"Snake Plant","floor":29.0,"turns":2.0},{"damage":2.0,"enemies":"Slavers","floor":31.0,"turns":3.0},{"damage":21,"enemies":"Automaton","floor":33,"turns":7},{"damage":2,"enemies":"3 Darklings","floor":35,"turns":3},{"damage":1,"enemies":"3 Shapes","floor":37,"turns":5},{"damage":6,"enemies":"Giant Head","floor":40,"turns":7},{"damage":1,"enemies":"Nemesis","floor":42,"turns":5},{"damage":0,"enemies":"Giant Head","floor":45,"turns":5},{"damage":0,"enemies":"Jaw Worm Horde","floor":47,"turns":4},{"damage":13,"enemies":"Reptomancer","floor":48,"turns":5},{"damage":22,"enemies":"Time Eater","floor":50,"turns":7},{"damage":1,"enemies":"Shield and Spear","floor":54,"turns":3},{"damage":86,"enemies":"The Heart","floor":55,"turns":8}],"seed_played":"-7093472346491287981","potions_obtained":[{"floor":2.0,"key":"LiquidBronze"},{"floor":6.0,"key":"EntropicBrew"},{"floor":12.0,"key":"PowerPotion"},{"floor":16.0,"key":"Energy Potion"},{"floor":18.0,"key":"LiquidMemories"},{"floor":20.0,"key":"SteroidPotion"},{"floor":28.0,"key":"BlessingOfTheForge"},{"floor":37,"key":"Explosive Potion"},{"floor":40,"key":"DuplicationPotion"},{"floor":45,"key":"PowerPotion"},{"floor":54,"key":"LiquidMemories"}],"is_trial":false,"path_per_floor":["M","M","M","M","?","E","R","?","T","M","R","E","?","M","R","B",null,"M","?","M","$","M","R","E","R","T","?","E","M","$","E","R","B",null,"M","?","M","?","$","E","R","E","T","T","E","R","M","E","R","B",null,"R","$","E","B"],"character_chosen":"DEFECT","items_purchased":["InkBottle","Strawberry","Pantograph","Sling","Dexterity Potion","Weak Potion","Steam Power","Seek","Molten Egg 2","Hologram+1"],"campfire_rested":0,"item_purchase_floors":[21,30,30,30,30,30,39,39,39,53],"current_hp_per_floor":[74,74,74,56,56,26,26,12,12,10,10,8,8,8,8,8,69,69,63,53,53,48,48,36,36,36,17,8,4,11,9,9,13,76,74,74,73,73,73,67,67,76,76,76,76,76,76,63,63,64,86,86,86,85,0,0],"gold":124,"neow_bonus":"ONE_RARE_RELIC","is_daily":false,"chose_seed":false,"campfire_upgraded":6,"win_rate":0.0,"timestamp":1609102675,"path_taken":["M","M","?","M","?","E","R","?","T","?","R","E","?","M","R","BOSS","M","?","M","$","M","R","E","R","T","?","E","M","$","E","R","BOSS","M","?","?","?","$","E","R","E","T","?","E","R","M","E","R","BOSS","R","$","E","BOSS"],"items_purchased_type":["Relic","Relic","Relic","Relic","Potion","Potion","Card","Card","Relic","Card"],"build_version":"2020-12-22","purchased_purges":4,"victory":false,"max_hp_per_floor":[75,75,75,75,69,69,69,69,69,69,69,69,69,69,69,69,69,69,69,69,69,69,69,69,69,69,69,69,69,76,76,76,76,76,76,76,76,76,76,76,76,86,86,86,86,86,86,86,86,86,86,86,86,86,86,86],"relic_stats":{"Centennial Puzzle":[36],"counters":[27,121],"Golden Idol":198,"Sundial":[12],"Shuriken":[20],"Pantograph":49,"Ginger":[2],"MawBank":72,"Smiling Mask":175,"obtain_stats":[{"Girya":0,"Pear":42,"Golden Idol":5,"Vajra":54,"Incense Burner":6,"Ginger":48,"Frozen Egg 2":44,"MawBank":24,"Sling":30,"Smiling Mask":31,"Old Coin":28,"Centennial Puzzle":26,"HornCleat":9,"Sundial":12,"Shuriken":45,"Strawberry":30,"Pantograph":30,"Philosopher\u0027s Stone":34,"Molten Egg 2":39,"Coffee Dripper":17,"Toxic Egg 2":40,"Cracked Core":0,"InkBottle":21},{"Girya":0,"Pear":21,"Golden Idol":4,"Vajra":26,"Incense Burner":5,"Ginger":24,"Frozen Egg 2":21,"MawBank":13,"Sling":15,"Smiling Mask":16,"Old Coin":14,"Centennial Puzzle":13,"HornCleat":5,"Sundial":7,"Shuriken":22,"Strawberry":15,"Pantograph":15,"Philosopher\u0027s Stone":17,"Molten Egg 2":19,"Coffee Dripper":9,"Toxic Egg 2":20,"Cracked Core":0,"InkBottle":11},{"Girya":0,"Pear":89,"Golden Idol":13,"Vajra":113,"Incense Burner":21,"Ginger":103,"Frozen Egg 2":89,"MawBank":51,"Sling":59,"Smiling Mask":62,"Old Coin":57,"Centennial Puzzle":51,"HornCleat":21,"Sundial":28,"Shuriken":94,"Strawberry":59,"Pantograph":59,"Philosopher\u0027s Stone":69,"Molten Egg 2":77,"Coffee Dripper":36,"Toxic Egg 2":84,"Cracked Core":0,"InkBottle":43}],"InkBottle":[45]},"card_choices":[{"not_picked":["Cold Snap","Streamline"],"picked":"Gash","floor":1.0},{"not_picked":["Capacitor","Leap"],"picked":"Go for the Eyes","floor":2.0},{"not_picked":["Blizzard","White Noise","Chill"],"picked":"SKIP","floor":3.0},{"not_picked":["Blizzard","Chill"],"picked":"Compile Driver","floor":4.0},{"not_picked":["Go for the Eyes","Heatsinks"],"picked":"Steam","floor":6.0},{"not_picked":["Conserve Battery","Lockon"],"picked":"Gash","floor":10.0},{"not_picked":["Gash","Go for the Eyes"],"picked":"Beam Cell","floor":12.0},{"not_picked":["Turbo","Glacier"],"picked":"Conserve Battery","floor":14.0},{"not_picked":["Seek","Electrodynamics"],"picked":"Echo Form","floor":16.0},{"not_picked":["Loop+1","Coolheaded"],"picked":"Gash","floor":18.0},{"not_picked":["Coolheaded","Stack"],"picked":"Sweeping Beam","floor":20.0},{"not_picked":["Compile Driver","Stack"],"picked":"Coolheaded+1","floor":22.0},{"not_picked":["Loop","Rip and Tear"],"picked":"Conserve Battery+1","floor":24.0},{"not_picked":["Rebound","Force Field"],"picked":"Rainbow","floor":28.0},{"not_picked":["Sunder","Aggregate","Beam Cell"],"picked":"SKIP","floor":29.0},{"not_picked":["Amplify","Chaos"],"picked":"Auto Shields+1","floor":31.0},{"not_picked":["Meteor Strike","Thunder Strike"],"picked":"Machine Learning","floor":33},{"not_picked":["Cold Snap","Turbo"],"picked":"Reinforced Body","floor":35},{"not_picked":["Barrage","Cold Snap+1"],"picked":"Hologram","floor":37},{"not_picked":["Rainbow+1","Ball Lightning+1","Tempest+1"],"picked":"SKIP","floor":40},{"not_picked":["Turbo+1","Stack+1"],"picked":"Gash+1","floor":42},{"not_picked":["Redo+1","Capacitor+1"],"picked":"Conserve Battery+1","floor":45},{"not_picked":["Coolheaded+1","BootSequence+1","Genetic Algorithm+1"],"picked":"SKIP","floor":47},{"not_picked":["Gash+1","Compile Driver+1"],"picked":"Beam Cell+1","floor":48},{"not_picked":["Genetic Algorithm+1","Blizzard+1"],"picked":"Hologram+1","floor":54}],"player_experience":33883,"relics_obtained":[{"floor":6.0,"key":"Incense Burner"},{"floor":9.0,"key":"HornCleat"},{"floor":12.0,"key":"Sundial"},{"floor":24.0,"key":"MawBank"},{"floor":26.0,"key":"Centennial Puzzle"},{"floor":28.0,"key":"Old Coin"},{"floor":31.0,"key":"Smiling Mask"},{"floor":40,"key":"Toxic Egg 2"},{"floor":42,"key":"Pear"},{"floor":44,"key":"Frozen Egg 2"},{"floor":45,"key":"Shuriken"},{"floor":48,"key":"Ginger"},{"floor":54,"key":"Vajra"}],"event_choices":[{"damage_healed":0.0,"max_hp_gain":0.0,"max_hp_loss":6.0,"gold_gain":0.0,"event_name":"Golden Idol","player_choice":"Lose Max HP","floor":5.0,"gold_loss":0.0,"damage_taken":0.0,"relics_obtained":["Golden Idol"]},{"damage_healed":0.0,"max_hp_gain":0.0,"max_hp_loss":0.0,"gold_gain":0.0,"event_name":"Shining Light","player_choice":"Entered Light","floor":8.0,"gold_loss":0.0,"damage_taken":14.0,"cards_upgraded":["Strike_B","Compile Driver"]},{"damage_healed":0.0,"max_hp_gain":0.0,"max_hp_loss":0.0,"gold_gain":55.0,"event_name":"Golden Wing","player_choice":"Gained Gold","floor":13.0,"gold_loss":0.0,"damage_taken":0.0},{"damage_healed":0.0,"max_hp_gain":0.0,"max_hp_loss":0.0,"gold_gain":0.0,"event_name":"Nest","player_choice":"Joined the Cult","floor":19.0,"gold_loss":0.0,"damage_taken":6.0,"cards_obtained":["RitualDagger"]},{"damage_healed":0.0,"max_hp_gain":0.0,"max_hp_loss":0.0,"gold_gain":180.0,"event_name":"Knowing Skull","player_choice":"GOLD GOLD ","floor":27.0,"potions_obtained":[],"gold_loss":0.0,"damage_taken":19.0,"cards_obtained":[]},{"damage_healed":0,"gold_gain":275,"player_choice":"Desecrate","damage_taken":0,"max_hp_gain":0,"max_hp_loss":0,"event_name":"Golden Shrine","floor":36,"gold_loss":0,"cards_obtained":["Regret"]},{"damage_healed":0,"gold_gain":0,"player_choice":"Ignored","damage_taken":0,"max_hp_gain":0,"max_hp_loss":0,"event_name":"Tomb of Lord Red Mask","floor":38,"gold_loss":0}],"is_beta":false,"boss_relics":[{"not_picked":["Black Star","Tiny House"],"picked":"Coffee Dripper"},{"not_picked":["Velvet Choker","Runic Pyramid"],"picked":"Philosopher\u0027s Stone"}],"items_purged_floors":[21,30,39,53],"is_endless":false,"potions_floor_spawned":[2,6,12,16,18,20,28,37,40,45,54],"killed_by":"The Heart","ascension_level":3}}