{"host":"0cnf9zf1gia27zti","time":1609093438,"event":{"mods":["BaseMod","BetterRewards","Card Forge","Colored Map","Colored Powertips","Conspire","Downfall","Minty Spire (QoL Compilation)","Practice Mode","Quick Restart","Replay The Spire","Robot Space Explorer","Shade Mod","Spicy Shops","StSLib"],"gold_per_floor":[115,128,53,64,64,64,84,104,104,104,114,26,26,26,26,104,104,116,135,154,71,5,5,24,24,24],"floor_reached":25,"playtime":1339,"items_purged":["Strike_B"],"score":466,"play_id":"743a0d02-da30-4ea2-bc18-ecad273f3fce","local_time":"20201227182358","is_ascension_mode":true,"campfire_choices":[{"data":"Defragment","floor":6,"key":"SMITH"},{"data":"Dualcast","floor":10,"key":"SMITH"},{"data":"Stack","floor":15,"key":"SMITH"},{"floor":23,"key":"REST"}],"circlet_count":0,"master_deck":["AscendersBane","Strike_B","Strike_B","Defend_B","Defend_B","Defend_B","Defend_B","Zap+1","Dualcast+1","Defragment+1","Master of Strategy+1","Reboot","BootSequence+1","Machine Learning+1","Panic Button","BootSequence","Crystallizer","BasicCrystalCard+1","Zap+1","Core Surge","Stack+1","Thunder Strike","Writhe","Sickly","Sickly","ReplayTheSpireMod:Fabricate Wheel+1","Consume","Auto Shields+1","Barrage","Rainbow","BasicCrystalCard+1","Self Repair","Conserve Battery","BootSequence"],"relics":["Cracked Core","Hammer of Thor","Seething Fire","Anvil of the Gods","Divine Protection","Emotion Chip","Replay:Wax Seal","Prayer Wheel","Replay:Ancient Bell","War Paint","Solar Panel","Incense Burner","Prayer Wheel"],"acts_visited":["Exordium","TheCity"],"potions_floor_usage":[16,16,20,25],"damage_taken":[{"damage":0,"enemies":"Cultist","floor":1,"turns":4},{"damage":0,"enemies":"2 Louse","floor":2,"turns":2},{"damage":0,"enemies":"Small Slimes","floor":4,"turns":3},{"damage":0,"enemies":"2 Fungi Beasts","floor":7,"turns":3},{"damage":2,"enemies":"Large Slime","floor":8,"turns":4},{"damage":0,"enemies":"3 Louse","floor":11,"turns":2},{"damage":0,"enemies":"The Guardian","floor":16,"turns":9},{"damage":8,"enemies":"Spheric Guardian","floor":18,"turns":4},{"damage":20,"enemies":"Shell Parasite","floor":19,"turns":6},{"damage":0,"enemies":"Snake Plant","floor":20,"turns":4},{"damage":48,"enemies":"3 Cultists","floor":24,"turns":6},{"damage":45,"enemies":"Chosen and Byrds","floor":25,"turns":5}],"seed_played":"1670656985340715393","potions_obtained":[{"floor":2,"key":"Flashbang"},{"floor":4,"key":"EssenceOfSteel"},{"floor":16,"key":"CultistPotion"},{"floor":19,"key":"Block Potion"},{"floor":24,"key":"Venom Potion"}],"is_trial":false,"path_per_floor":["M","M","$","M","?","R","M","M","T","R","M","$","?","$","R_BF","B",null,"M","M","M","$","$","R","M","M"],"character_chosen":"DEFECT","items_purchased":["Defragment","Divine Protection","Master of Strategy","Reboot","BootSequence","Machine Learning","Replay:Wax Seal","Self Repair","Conserve Battery"],"campfire_rested":1,"item_purchase_floors":[0,0,0,0,0,0,12,21,22],"current_hp_per_floor":[64,64,64,64,64,64,64,62,62,62,62,62,62,62,62,62,69,63,45,45,45,45,66,22,0,0],"gold":24,"neow_bonus":"","is_daily":false,"chose_seed":false,"campfire_upgraded":3,"win_rate":0.0,"timestamp":1609093438,"path_taken":["M","M","$","?","?","R","M","M","T","R","?","$","?","$","R_BF","BOSS","M","?","M","?","$","R","M","M"],"items_purchased_type":["Card","Relic","Card","Card","Card","Card","Relic","Card","Card"],"build_version":"2020-12-22","purchased_purges":1,"victory":false,"max_hp_per_floor":[71,71,71,71,71,71,71,71,71,71,71,71,71,71,71,71,71,71,71,71,71,71,71,71,71,71],"card_choices":[{"not_picked":["Cold Snap","Turbo"],"picked":"Panic Button","floor":1},{"not_picked":["Steam","ReplayGash"],"picked":"BootSequence","floor":2},{"not_picked":["Steam","Compile Driver"],"picked":"Crystallizer","floor":4},{"not_picked":["BasicCrystalCard","Ball Lightning"],"picked":"Core Surge","floor":7},{"not_picked":["Stack","Static Discharge","Coolheaded"],"picked":"SKIP","floor":8},{"not_picked":["Steam","Conserve Battery"],"picked":"ReplayTheSpireMod:Fabricate Wheel","floor":11},{"not_picked":["Multi-Cast","Amplify"],"picked":"ReplayTheSpireMod:Fabricate Wheel","floor":16},{"not_picked":["ReplayTheSpireMod:Restless Dread","Parasite"],"picked":"Writhe","floor":17},{"not_picked":["Guardian:Aged","Delirium"],"picked":"Sickly","floor":17},{"not_picked":["Hallucinations","Delirium"],"picked":"Sickly","floor":17},{"not_picked":["Lockon","Sweeping Beam","Static Discharge+1"],"picked":"SKIP","floor":18},{"not_picked":["Buffer","Streamline","Darkness"],"picked":"SKIP","floor":18},{"not_picked":["Darkness","Time Bomb"],"picked":"Consume","floor":19},{"not_picked":["Stack","Beam Cell+1"],"picked":"Auto Shields+1","floor":19},{"not_picked":["Steam","Streamline","Beam Cell+1"],"picked":"SKIP","floor":19},{"not_picked":["Gash+1","Hello World"],"picked":"Barrage","floor":20},{"not_picked":["Compile Driver","BootSequence"],"picked":"Rainbow","floor":20},{"not_picked":["Coolheaded","Barrage"],"picked":"BasicCrystalCard+1","floor":20},{"not_picked":["Sweeping Beam","Gash"],"picked":"BootSequence","floor":24},{"not_picked":["Compile Driver","Stack+1","Redo"],"picked":"SKIP","floor":24},{"not_picked":["Fusion","Chaos","Sunder"],"picked":"SKIP","floor":24}],"player_experience":2524797,"relics_obtained":[{"floor":9,"key":"Emotion Chip"}],"event_choices":[{"damage_healed":0,"gold_gain":0,"player_choice":"2 cards matched","damage_taken":0,"max_hp_gain":0,"max_hp_loss":0,"event_name":"Match and Keep!","floor":5,"gold_loss":0,"cards_obtained":["BasicCrystalCard","Zap"]},{"damage_healed":0,"gold_gain":0,"cards_transformed":["Strike_B"],"player_choice":"Transformed","damage_taken":0,"max_hp_gain":0,"max_hp_loss":0,"event_name":"Transmorgrifier","floor":13,"gold_loss":0,"cards_obtained":["Stack"]}],"is_beta":false,"boss_relics":[{"not_picked":["Snecko Heart","conspire:RunicOctahedron"],"picked":"Replay:Ancient Bell"},{"not_picked":["Regal Pillow","ReplayTheSpireMod:Lightbulb"],"picked":"War Paint"},{"not_picked":["ReplayTheSpireMod:Shallot","Molten Egg 2"],"picked":"Solar Panel"},{"not_picked":["Calipers","WingedGreaves"],"picked":"Incense Burner"}],"items_purged_floors":[3],"is_endless":false,"potions_floor_spawned":[2,4,7,16,19,24],"killed_by":"Chosen and Byrds","ascension_level":18}}