{"host":"kzpuingyul43kz0j","time":1609108048,"event":{"mods":["2.2 Compatiblity","BaseMod","Bestiary","Better Skull","BetterRewards","Colored Map","Colored Powertips","Curses Come First","Displayed Cursed Tome","Downfall","Gold Saver","Highlight Path","Keyboard Shortcuts","Minty Spire (QoL Compilation)","Relic Stats","Remove Card Discount Mod","StSLib","Uncapped"],"gold_per_floor":[603,615,615,633,177,190,190,203,227,227,246,246,258,270,270,371,371,355,355,355,355],"floor_reached":20,"playtime":1151,"items_purged":["Defend_R","Defend_R","Strike_R","Strike_R"],"score":168,"play_id":"89e3941a-c571-430e-896d-887aab02b7a3","local_time":"20201227232728","is_ascension_mode":false,"campfire_choices":[{"data":"Infernal Blade","floor":10,"key":"SMITH"},{"data":"Double Tap","floor":12,"key":"SMITH"},{"data":"Iron Wave","floor":15,"key":"SMITH"}],"circlet_count":0,"master_deck":["Strike_R","Defend_R","Bash","Injury","Double Tap+1","Metallicize","Shrug It Off","Infernal Blade+1","Ghostly Armor","Pommel Strike","Limit Break","Iron Wave+1","Rampage","Feed","Warcry+1","Flex+1","Fire Breathing+1","Inflame"],"relics":["Burning Blood","Membership Card","Self Forming Clay","InkBottle","Tiny Chest","Astrolabe","MutagenicStrength"],"acts_visited":["Exordium","TheCity"],"potions_floor_usage":[13,16,16],"damage_taken":[{"damage":4,"enemies":"2 Louse","floor":1,"turns":3},{"damage":1,"enemies":"Cultist","floor":2,"turns":5},{"damage":3,"enemies":"Jaw Worm","floor":4,"turns":5},{"damage":2,"enemies":"Looter","floor":6,"turns":4},{"damage":7,"enemies":"3 Louse","floor":8,"turns":4},{"damage":1,"enemies":"Exordium Wildlife","floor":11,"turns":4},{"damage":20,"enemies":"Large Slime","floor":13,"turns":7},{"damage":2,"enemies":"Blue Slaver","floor":14,"turns":3},{"damage":36,"enemies":"Slime Boss","floor":16,"turns":14},{"damage":14,"enemies":"2 Thieves","floor":18,"turns":4},{"damage":0,"enemies":"3 Byrds","floor":20,"turns":1}],"seed_played":"1427898844000100485","potions_obtained":[{"floor":2,"key":"HeartOfIron"},{"floor":8,"key":"Weak Potion"},{"floor":11,"key":"LiquidMemories"},{"floor":13,"key":"Fire Potion"}],"is_trial":false,"path_per_floor":["M","M","?","M","$","M","?","M","T","R","M","R","M","M","R","B",null,"M","?","M"],"character_chosen":"IRONCLAD","items_purchased":["Membership Card","Self Forming Clay","InkBottle","Ghostly Armor","Pommel Strike"],"campfire_rested":0,"item_purchase_floors":[5,5,5,5,5],"current_hp_per_floor":[80,80,80,80,80,80,80,79,79,79,80,80,66,70,70,40,80,75,75,75,75],"gold":355,"neow_bonus":"THREE_RARE_CARDS","is_daily":false,"chose_seed":false,"campfire_upgraded":3,"win_rate":0.0,"timestamp":1609108048,"path_taken":["M","M","?","M","$","M","?","M","T","R","?","R","M","M","R","BOSS","M","?","M"],"items_purchased_type":["Relic","Relic","Relic","Card","Card"],"build_version":"2020-12-22","purchased_purges":4,"victory":false,"max_hp_per_floor":[80,80,80,80,80,80,80,80,80,80,80,80,80,80,80,80,80,83,83,83,83],"relic_stats":{"counters":[11,54],"Self Forming Clay":[45],"Astrolabe":["Warcry","Flex","Fire Breathing"],"Tiny Chest":0,"obtain_stats":[{"Self Forming Clay":5,"Astrolabe":17,"MutagenicStrength":19,"Tiny Chest":9,"Membership Card":5,"Burning Blood":0,"InkBottle":5},{"Self Forming Clay":3,"Astrolabe":9,"MutagenicStrength":10,"Tiny Chest":5,"Membership Card":3,"Burning Blood":0,"InkBottle":3},{"Self Forming Clay":13,"Astrolabe":49,"MutagenicStrength":53,"Tiny Chest":21,"Membership Card":13,"Burning Blood":0,"InkBottle":13}],"Burning Blood":42,"InkBottle":[14]},"card_choices":[{"not_picked":["Fiend Fire","Impervious"],"picked":"Double Tap","floor":0},{"not_picked":["Dark Embrace","Seeing Red"],"picked":"Metallicize","floor":1},{"not_picked":["Dropkick","True Grit"],"picked":"Shrug It Off","floor":2},{"not_picked":["Second Wind","Perfected Strike","Carnage"],"picked":"SKIP","floor":4},{"not_picked":["Clash","Headbutt"],"picked":"Heavy Blade","floor":6},{"not_picked":["Warcry","Disarm"],"picked":"Iron Wave","floor":8},{"not_picked":["Intimidate","Twin Strike"],"picked":"Rampage","floor":11},{"not_picked":["Power Through","Pommel Strike"],"picked":"Anger","floor":13},{"not_picked":["Pommel Strike","Iron Wave","Clash"],"picked":"SKIP","floor":14},{"not_picked":["Offering","Demon Form"],"picked":"Feed","floor":16},{"not_picked":["Anger","Flex"],"picked":"Inflame","floor":18}],"player_experience":69171,"relics_obtained":[{"floor":9,"key":"Tiny Chest"}],"event_choices":[{"damage_healed":0,"gold_gain":0,"cards_transformed":["Defend_R"],"player_choice":"Change","damage_taken":0,"max_hp_gain":0,"max_hp_loss":0,"event_name":"Living Wall","floor":3,"gold_loss":0,"cards_obtained":["Infernal Blade"]},{"damage_healed":0,"gold_gain":0,"cards_transformed":["Strike_R"],"player_choice":"Transformed","damage_taken":0,"max_hp_gain":0,"max_hp_loss":0,"event_name":"Transmorgrifier","floor":7,"gold_loss":0,"cards_obtained":["Limit Break"]},{"damage_healed":0,"gold_gain":0,"player_choice":"Inject Mutagens","damage_taken":0,"relics_obtained":["MutagenicStrength"],"max_hp_gain":0,"max_hp_loss":0,"event_name":"Drug Dealer","floor":19,"gold_loss":0}],"is_beta":false,"boss_relics":[{"not_picked":["Runic Cube","Cursed Key"],"picked":"Astrolabe"}],"items_purged_floors":[5,5,5,5],"is_endless":false,"potions_floor_spawned":[2,8,11,13],"killed_by":"3 Byrds","ascension_level":0}}