{"host":"abdxwahegzejqccj","time":1609051361,"event":{"mods":["BaseMod","Better Note","BetterRewards","Colored Powertips","Downfall","Hermit","Minty Spire (QoL Compilation)","Replay The Spire","StSLib","The Cursed","The Hierophant"],"gold_per_floor":[116,166,71,88,99,111,130,162,215,247,265,66,84,84,181,278,278,289,306,80,95,28,54,65,79,79,79,79,94,129,147,147,250,250,270,284,177,196,196,196,196,196],"floor_reached":41,"playtime":2445,"items_purged":["Strike_B","Strike_B"],"score":749,"play_id":"b117429e-1974-4711-bb8a-67ff914c54c6","local_time":"20201227174241","is_ascension_mode":true,"campfire_choices":[{"floor":32,"key":"REST"},{"floor":40,"key":"REST"}],"circlet_count":0,"master_deck":["Strike_B","Defend_B+1","Defend_B+1","Defend_B","Defend_B+1","Zap","Dualcast","Lockon+1","Chaos","Sweeping Beam","Self Repair","Conserve Battery","Coolheaded+1","Consume","Sweeping Beam","Loop","Chill","Streamline","Ball Lightning","Electrodynamics+1","Panic Button+1","Panic Button+1","Redo+1","Lockon","Lockon+1","Capacitor","Ball Lightning","Pain","Machine Learning","Self Repair+1"],"relics":["FrozenCore","Membership Card","Bag of Preparation","Simple Rune","HandDrill","Pantograph","MealTicket","Gremlin Horn","Solar Panel","Lantern","Gremlin Food","PreservedInsect","Guide Book","Nunchaku","The Courier","WarpedTongs","War Paint","Replay:Baseball"],"acts_visited":["Exordium","TheCity","TheBeyond"],"potions_floor_usage":[6,10,10,10,16,21,33,36,41],"damage_taken":[{"damage":0,"enemies":"2 Louse","floor":1,"turns":2},{"damage":0,"enemies":"Small Slimes","floor":4,"turns":3},{"damage":2,"enemies":"Cultist","floor":5,"turns":3},{"damage":1,"enemies":"Red Slaver","floor":6,"turns":3},{"damage":10,"enemies":"Exordium Wildlife","floor":7,"turns":4},{"damage":2,"enemies":"Lagavulin","floor":8,"turns":7},{"damage":0,"enemies":"3 Sentries","floor":10,"turns":6},{"damage":13,"enemies":"Looter","floor":11,"turns":4},{"damage":22,"enemies":"Lots of Slimes","floor":13,"turns":3},{"damage":64,"enemies":"Fading Forest","floor":16,"turns":11},{"damage":17,"enemies":"3 Byrds","floor":18,"turns":4},{"damage":4,"enemies":"Chosen","floor":19,"turns":5},{"damage":8,"enemies":"3 Cultists","floor":21,"turns":4},{"damage":18,"enemies":"Book of Stabbing","floor":23,"turns":6},{"damage":5,"enemies":"Centurion and Healer","floor":24,"turns":8},{"damage":4,"enemies":"Chosen and Byrds","floor":25,"turns":4},{"damage":24,"enemies":"Shelled Parasite and Fungi","floor":29,"turns":6},{"damage":33,"enemies":"Slavers","floor":30,"turns":2},{"damage":9,"enemies":"Centurion and Healer","floor":31,"turns":3},{"damage":16,"enemies":"Champ","floor":33,"turns":11},{"damage":7,"enemies":"Orb Walker","floor":35,"turns":4},{"damage":0,"enemies":"3 Shapes","floor":36,"turns":2},{"damage":27,"enemies":"Spire Growth","floor":38,"turns":5},{"damage":76,"enemies":"Giant Head","floor":41,"turns":8}],"seed_played":"8873612261912963369","potions_obtained":[{"floor":1,"key":"SkillPotion"},{"floor":2,"key":"SkillPotion"},{"floor":6,"key":"EssenceOfSteel"},{"floor":8,"key":"PotionOfCapacity"},{"floor":11,"key":"Doom Potion"},{"floor":13,"key":"Flashbang"},{"floor":16,"key":"sneckomod:MuddlingPotion"},{"floor":18,"key":"hexamod:EctoCoolerPotion"},{"floor":25,"key":"LiquidMemories"},{"floor":30,"key":"Explosive Potion"},{"floor":36,"key":"champ:CounterPotion"}],"is_trial":false,"path_per_floor":["M","?","$","M","M","M","M","E","T","E","M","$","M","?","R","B",null,"M","M","$","M","$","E","M","M","T","?","?","M","E","M","R","B",null,"M","M","$","M","?","R","E"],"character_chosen":"DEFECT","items_purchased":["Membership Card","Lockon","Chaos","Bag of Preparation","Sweeping Beam","HandDrill","Consume","Solar Panel","Lantern","Gremlin Food","PreservedInsect","Guide Book","Lockon","Replay:Baseball"],"campfire_rested":2,"item_purchase_floors":[0,0,0,0,0,3,3,12,12,20,20,20,22,37],"current_hp_per_floor":[61,61,61,61,59,65,62,67,67,74,68,75,64,69,69,39,80,63,68,80,76,80,64,68,68,68,68,68,55,24,19,43,61,80,73,73,80,62,62,76,0,0],"gold":196,"neow_bonus":"","is_daily":false,"chose_seed":false,"campfire_upgraded":0,"win_rate":0.0,"timestamp":1609051361,"path_taken":["M","?","?","M","?","M","M","E","T","E","M","$","M","?","R","BOSS","M","M","$","M","$","E","M","M","T","?","?","?","E","M","R","BOSS","M","M","$","M","?","R","E"],"items_purchased_type":["Relic","Card","Card","Relic","Card","Relic","Card","Relic","Relic","Relic","Relic","Relic","Card","Relic"],"build_version":"2020-12-22","purchased_purges":2,"victory":false,"max_hp_per_floor":[75,75,75,75,75,75,75,75,75,75,75,75,75,80,80,80,80,80,80,80,80,80,80,80,80,80,80,80,80,80,80,80,80,80,80,80,80,80,76,76,76,76],"card_choices":[{"not_picked":["Coolheaded","Hologram"],"picked":"Self Repair","floor":1},{"not_picked":["Turbo","Panic Button"],"picked":"Conserve Battery","floor":2},{"not_picked":["ReplayTheSpireMod:Repulse","Turbo"],"picked":"Coolheaded","floor":2},{"not_picked":["Compile Driver","BasicCrystalCard"],"picked":"Sweeping Beam","floor":4},{"not_picked":["Blizzard","Ball Lightning"],"picked":"Loop","floor":5},{"not_picked":["Rip and Tear","Scrape"],"picked":"Chill","floor":6},{"not_picked":["ReplayTheSpireMod:Repulse","Conserve Battery"],"picked":"Streamline","floor":7},{"not_picked":["Redo","Go for the Eyes","ReplaySort"],"picked":"SKIP","floor":8},{"not_picked":["Fusion","Biased Cognition","Genetic Algorithm"],"picked":"SKIP","floor":10},{"not_picked":["Gash","ReplaySolidLightProjector","Sunder"],"picked":"SKIP","floor":11},{"not_picked":["Redo","Barrage"],"picked":"Ball Lightning","floor":13},{"not_picked":["All For One","Amplify"],"picked":"Electrodynamics","floor":16},{"not_picked":["Time Bomb+1","Cold Snap"],"picked":"Panic Button+1","floor":18},{"not_picked":["ReplayTheSpireMod:Reroute Power","Turbo"],"picked":"Panic Button","floor":19},{"not_picked":["Coolheaded","Conserve Battery"],"picked":"Redo+1","floor":21},{"not_picked":["Auto Shields+1","Time Bomb"],"picked":"Capacitor","floor":23},{"not_picked":["Scrape","FTL+1","Beam Cell"],"picked":"SKIP","floor":24},{"not_picked":["Cold Snap","Sweeping Beam"],"picked":"Ball Lightning","floor":25},{"not_picked":["ReplaySolidLightProjector","Hologram","BasicCrystalCard"],"picked":"SKIP","floor":29},{"not_picked":["Stack","Streamline+1","ReplaySort"],"picked":"SKIP","floor":30},{"not_picked":["Ball Lightning","Double Energy","Streamline"],"picked":"SKIP","floor":31},{"not_picked":["ReplayRNGCard","Electrodynamics"],"picked":"Machine Learning","floor":33},{"not_picked":["Crystallizer+1","Turbo","Reinforced Body"],"picked":"SKIP","floor":35},{"not_picked":["Rebound","Coolheaded","Go for the Eyes"],"picked":"SKIP","floor":36},{"not_picked":["Heatsinks","Turbo"],"picked":"Self Repair+1","floor":38}],"player_experience":387475,"relics_obtained":[{"floor":2,"key":"Simple Rune"},{"floor":8,"key":"Pantograph"},{"floor":9,"key":"MealTicket"},{"floor":10,"key":"Gremlin Horn"},{"floor":23,"key":"Nunchaku"},{"floor":26,"key":"The Courier"},{"floor":30,"key":"War Paint"}],"event_choices":[{"damage_healed":0,"gold_gain":0,"player_choice":"Donut","damage_taken":0,"max_hp_gain":5,"max_hp_loss":0,"event_name":"Big Fish","floor":14,"gold_loss":0},{"cards_removed":["Strike_B"],"damage_healed":0,"gold_gain":0,"player_choice":"Elegance","damage_taken":0,"max_hp_gain":0,"max_hp_loss":0,"event_name":"Back to Basics","floor":27,"gold_loss":0},{"damage_healed":0,"gold_gain":0,"player_choice":"Rummage","damage_taken":0,"relics_obtained":["WarpedTongs"],"max_hp_gain":0,"max_hp_loss":0,"event_name":"Accursed Blacksmith","floor":28,"gold_loss":0,"cards_obtained":["Pain"]},{"damage_healed":0,"gold_gain":0,"player_choice":"Max HP","damage_taken":0,"max_hp_gain":0,"max_hp_loss":4,"event_name":"Winding Halls","floor":39,"gold_loss":0}],"is_beta":false,"boss_relics":[{"not_picked":["Snecko Eye","Runic Dome"],"picked":"FrozenCore"},{"not_picked":["Runic Pyramid","Replay:Grab Bag","Replay:Drink Me"]}],"items_purged_floors":[22,37],"is_endless":false,"potions_floor_spawned":[1,6,8,11,13,16,18,25,30,31,36],"killed_by":"Giant Head","ascension_level":4}}