{"host":"7nu0fnckee4tlfez","time":1609090093,"event":{"mods":["2.2 Compatiblity","AchievementEnabler","Astrologer","BaseMod","CapriCore","Colored Map","Downfall","Lobotomy","LobotomyExtend","Marisa£¨Ùöéë¡¡Øª×âÞÞ£©","Minty Spire (QoL Compilation)","StSLib","SuperFastMode","The Immortal"],"gold_per_floor":[116,127,146,159,179,208,208,224,294,294,314,314,314,332,332,332,332,350,265,265,265,265],"floor_reached":21,"playtime":1552,"items_purged":[],"score":183,"play_id":"06430b35-2da4-483a-b018-38f4d2091a5c","local_time":"20201228022813","is_ascension_mode":false,"campfire_choices":[{"floor":12,"key":"REST"},{"data":"Flame Barrier","floor":15,"key":"SMITH"}],"circlet_count":0,"master_deck":["Strike_R","Strike_R","Strike_R","Strike_R","Strike_R","Defend_R","Defend_R","Defend_R","Defend_R","Bash","LittleHelper","Whirlwind","SpiderBud","Warcry","Flame Barrier+1","ShyLook","Armaments+1","OSAHOGD","Shrug It Off+1","OldLady","BlackSwan","Burning Pact","BlackArmy","Offering","DreamingCurrent","Clothesline"],"relics":["Burning Blood","CogitoBucket","RabbitCall","LetterFromLob","Tiny Chest","LaetitiaHeart","SkinProphecy","Gremlin Horn","Moonlight_r","Gaze_r","Sozu","Eternal Feather","Pen Nib"],"acts_visited":["Exordium","TheCity"],"potions_floor_usage":[8,10,21],"damage_taken":[{"damage":6,"enemies":"Cultist","floor":1,"turns":3},{"damage":1,"enemies":"Jaw Worm","floor":2,"turns":3},{"damage":4,"enemies":"Small Slimes","floor":3,"turns":3},{"damage":7,"enemies":"Blue Slaver","floor":4,"turns":5},{"damage":6,"enemies":"Looter","floor":5,"turns":4},{"damage":24,"enemies":"Lagavulin","floor":6,"turns":9},{"damage":7,"enemies":"Lagavulin","floor":7,"turns":5},{"damage":5,"enemies":"Lagavulin","floor":7,"turns":4},{"damage":21,"enemies":"Exordium Thugs","floor":8,"turns":15},{"damage":15,"enemies":"Red Slaver","floor":10,"turns":3},{"damage":8,"enemies":"Red Slaver","floor":11,"turns":4},{"damage":0,"enemies":"2 Fungi Beasts","floor":14,"turns":3},{"damage":41,"enemies":"Slime Boss","floor":16,"turns":12},{"damage":11,"enemies":"Chosen","floor":18,"turns":5},{"damage":115,"enemies":"Spheric Guardian","floor":21,"turns":6}],"seed_played":"-3821870738570401168","potions_obtained":[{"floor":1,"key":"Explosive Potion"},{"floor":4,"key":"Fire Potion"},{"floor":5,"key":"BloodPotion"},{"floor":8,"key":"Energy Potion"},{"floor":11,"key":"LiquidMemories"}],"is_trial":false,"path_per_floor":["M","M","M","M","M","E","?","M","T","M","M","R","?","M","R","B",null,"M","?","T","M"],"character_chosen":"IRONCLAD","items_purchased":[],"campfire_rested":1,"item_purchase_floors":[],"current_hp_per_floor":[80,80,80,79,79,61,61,62,62,17,11,36,44,46,46,17,88,80,80,80,0,0],"gold":265,"neow_bonus":"","is_daily":false,"chose_seed":false,"campfire_upgraded":1,"win_rate":0.0,"timestamp":1609090093,"path_taken":["M","M","M","M","M","E","?","M","T","M","M","R","?","M","R","BOSS","M","?","?","M"],"items_purchased_type":[],"build_version":"2020-12-22","purchased_purges":0,"victory":false,"max_hp_per_floor":[80,80,80,80,80,80,80,80,80,82,84,84,84,86,86,88,88,90,90,90,94,94],"card_choices":[{"not_picked":["VoidDream","WallGazer","BlackSwan"],"picked":"Singing Bowl","floor":1},{"not_picked":["MeatLantern","Porccubus"],"picked":"LittleHelper","floor":1},{"not_picked":["Entrench","Bloodletting"],"picked":"Whirlwind","floor":1},{"not_picked":["PunishingBird","CherryBlossoms"],"picked":"SpiderBud","floor":2},{"not_picked":["Bloodletting","Dark Embrace"],"picked":"Warcry","floor":2},{"not_picked":["WallGazer","Wellcheers","OSAHOGD"],"picked":"Singing Bowl","floor":3},{"not_picked":["Perfected Strike","Flex"],"picked":"Flame Barrier","floor":3},{"not_picked":["MHz","MeatLantern","PunishingBird"],"picked":"Singing Bowl","floor":4},{"not_picked":["BlackSwan","PunishingBird"],"picked":"ShyLook","floor":4},{"not_picked":["Clash","Evolve"],"picked":"Armaments","floor":4},{"not_picked":["Scorched","FairyFestival"],"picked":"OSAHOGD","floor":5},{"not_picked":["Whirlwind","Wild Strike"],"picked":"Shrug It Off","floor":5},{"not_picked":["Scorched","CrumblingArmor"],"picked":"OldLady","floor":6},{"not_picked":["Iron Wave","Brutality","Twin Strike"],"picked":"SKIP","floor":6},{"not_picked":["BeautyBeast","FairyFestival","Bloodbath"],"picked":"Singing Bowl","floor":8},{"not_picked":["GreedKing","VoidDream"],"picked":"BlackSwan","floor":8},{"not_picked":["Havoc","Sword Boomerang"],"picked":"Burning Pact","floor":8},{"not_picked":["SnowQueen","BeautyBeast","Scarecrow"],"picked":"Singing Bowl","floor":11},{"not_picked":["Uppercut","Exhume","Sentinel"],"picked":"SKIP","floor":11},{"not_picked":["WhitesApple","Murderer"],"picked":"BlackArmy","floor":14},{"not_picked":["Perfected Strike","Seeing Red","Warcry"],"picked":"SKIP","floor":14},{"not_picked":["BigBird","QueenOfHatred","WallGazer"],"picked":"Singing Bowl","floor":16},{"not_picked":["Double Tap","Exhume"],"picked":"Offering","floor":16},{"not_picked":["PunishingBird","CrumblingArmor","LaLuna"],"picked":"Singing Bowl","floor":18},{"not_picked":["UniverseFragment","CherryBlossoms"],"picked":"DreamingCurrent","floor":18},{"not_picked":["Seeing Red+1","Havoc"],"picked":"Clothesline","floor":18}],"player_experience":58757,"relics_obtained":[{"floor":1,"key":"LetterFromLob"},{"floor":6,"key":"Tiny Chest"},{"floor":9,"key":"Gremlin Horn"},{"floor":20,"key":"Pen Nib"}],"event_choices":[{"damage_healed":0,"gold_gain":0,"player_choice":"Obtained Relic","damage_taken":0,"relics_obtained":["Eternal Feather"],"max_hp_gain":0,"max_hp_loss":0,"event_name":"Addict","floor":19,"gold_loss":85}],"is_beta":false,"boss_relics":[{"not_picked":["Astrolabe","Snecko Eye"],"picked":"Sozu"}],"items_purged_floors":[],"is_endless":false,"potions_floor_spawned":[1,4,5,8,11,14],"killed_by":"Spheric Guardian","ascension_level":0}}