{"host":"4izqype2b9ama7cy","time":1609111858,"event":{"mods":["AchievementEnabler","BaseMod","Better Altar","Better Match","Better Note","Better Sensory Stone","Better Skull","Better Third Choice","Better Vampires","Block Reminder","Challenge The Spire","Conspire","Gremlin Skip","Highlight Path","Infinite Spire","Marked Mod","Minty Spire (QoL Compilation)","Replay The Spire","Spicy Shops","StSLib","Wandering Minibosses","everything is the same but u backflip on backflip"],"gold_per_floor":[215,230,230,246,246,272,122,122,122,122,139,167,195,222,234,341,353,381,410,422,434,456,503,515,538,625,637,84,84,84,104,104,202,202,220,35,55,55,69,103,119,119,146,146,159,110,141,171,171,272,272,273,273,273,283,283,283,53,53,77,74,73,69,69,79,79,164,164,165,165,165,165,156,137,137,135,203,4,30,20,30,39,39,102,102,114,98,98,128,124,124,112,112,164,191,191,243,230,223,223,262,262,277,282,290,290,290,296,296,365,365,382,51,51,71,79,79,147,147,161,161,161,266,266,279,279,279,279,290,38,38,38,61,75,96,96,163,163,150,150,152,72,347,347,347,357,357,357,51,66,39,47,47,7,7],"floor_reached":154,"playtime":8241,"items_purged":[],"score":3749,"play_id":"69b27654-f29f-4cbc-b43b-0dae617201d5","local_time":"20201227153058","is_ascension_mode":true,"campfire_choices":[{"floor":8.0,"key":"REST"},{"data":"Accuracy","floor":15.0,"key":"SMITH"},{"floor":24.0,"key":"REST"},{"data":"Calculated Gamble","floor":30.0,"key":"SMITH"},{"floor":32.0,"key":"REST"},{"floor":42.0,"key":"REST"},{"floor":49.0,"key":"REST"},{"data":"ReplayTheSpireMod:Scrap Shanks","floor":57.0,"key":"SMITH"},{"data":"Storm of Steel","floor":59.0,"key":"SMITH"},{"data":"Storm of Steel","floor":66.0,"key":"SMITH"},{"data":"conspire:PoisonWeapons","floor":75.0,"key":"SMITH"},{"data":"Adrenaline","floor":83.0,"key":"SMITH"},{"data":"Prepared","floor":91.0,"key":"SMITH"},{"data":"Prepared","floor":93.0,"key":"SMITH"},{"data":"Phantasmal Killer","floor":96.0,"key":"SMITH"},{"floor":100.0,"key":"REST"},{"data":"ReplayTheSpireMod:Scrap Shanks","floor":109,"key":"SMITH"},{"data":"Injury","floor":114,"key":"PURGE"},{"data":"Madness","floor":117,"key":"SMITH"},{"data":"infinitespire:FutureSight","floor":127,"key":"SMITH"},{"data":"Tactician","floor":136,"key":"SMITH"},{"data":"Regret","floor":144,"key":"PURGE"},{"data":"Distraction","floor":148,"key":"SMITH"},{"data":"Endless Agony","floor":153,"key":"SMITH"}],"circlet_count":0,"master_deck":["Strike_G","Strike_G+1","Strike_G","Strike_G","Strike_G","Defend_G+1","Defend_G","Defend_G","Defend_G","Defend_G","Survivor","Neutralize","Slice","Finesse","Infinite Blades+1","Poisoned Stab","Accuracy+1","Sucker Punch","Blade Dance","ReplayTheSpireMod:Scrap Shanks+1","Blade Dance","Hidden Blade","Backflip","Storm of Steel+1","Deflect","Outmaneuver","Blade Dance+1","Slice","Calculated Gamble+1","Slice+1","infinitespire:SevenWalls","Cloak And Dagger","Storm of Steel+1","Fluid Movement","Quick Slash","Sucker Punch+1","Blade Dance+1","Dodge and Roll","Distraction+1","Malaise","Prepared+1","infinitespire:Punishment+1","Prepared+1","ReplayTheSpireMod:Speed Training+1","Adrenaline+1","Dodge and Roll","Eviscerate+1","Backflip","Dodge and Roll","Deflect","Finisher","After Image","Prepared","ReplayTheSpireMod:Scrap Shanks","Necronomicurse","Dagger Spray","Blade Dance+1","conspire:PoisonWeapons+1","Sucker Punch","ReplayTheSpireMod:Scrap Shanks","ReplayTheSpireMod:Scrap Shanks+1","Blade Dance","Deflect","Quick Slash","Phantasmal Killer+1","Blade Dance+1","Bullet Time+1","conspire:PoisonWeapons+1","infinitespire:UltimateForm+1","Quick Slash+1","Slice","Madness+1","Madness","infinitespire:FutureSight+1","Sneak Up","Eviscerate","Blade Dance+1","Escape Plan+1","Slice","Accuracy+1","Phantasmal Killer","Prepared","Hidden Blade","Backflip+1","All Out Attack","Acrobatics","Acrobatics","Underhanded Strike","Underhanded Strike","Infinite Blades+1","Tactician+1","Concentrate","Replay:Bag of Tricks","Slice+1","Dash","Acrobatics","ReplayTheSpireMod:From All Sides","Cloak And Dagger+1","Slice+1","Finisher+1","Poisoned Stab+1","After Image+1","Deflect+1","Slice+1","Slice+1","Endless Agony","Endless Agony+1","ReplayTheSpireMod:Speed Training+1","Slice","Slice","Dash","Terror+1","Accuracy+1","Eviscerate+1"],"relics":["Ring of the Snake","Vampiric Spirits","Tough Bandages","ReplayTheSpireMod:CursedCoin","MawBank","ChewingGum","Lizard Tail","Shuriken","infinitespire:BottledMercury","Garlic","HoveringKite","Lantern","Letter Opener","Vajra","wanderingMiniBosses:OtherGremlinHorn","infinitespire:Beetle Shell","conspire:TopHat","conspire:SpecialSausage","infinitespire:Lucky Rock","Centennial Puzzle","Ring of Chaos","Necronomicon","Blue Doll","Bottled Flame","Simple Rune","Frozen Egg 2","Replay:Wax Seal","Astrolabe","TungstenRod","Oddly Smooth Stone","infinitespire:Satchel","infinitespire:PuzzleCube","Runic Pyramid","Peace Pipe","Eternal Feather","Meat on the Bone","HandDrill","Bronze Scales","betterAltar:BloodRelic","Black Star","Bloody Idol","Juzu Bracelet","Ring of Peace","Mercury Hourglass","Matryoshka","Bag of Marbles","White Beast Statue","infinitespire:CheckeredPen","Replay:Baseball","Smiling Mask","Snake Skull","Boot","Philosopher\u0027s Stone","Counterbalance","Replay:Rubber Ducky","Art of War","infinitespire:EmpoweringShard","Gambling Chip","Gremlin Food"],"acts_visited":["Exordium","TheCity","TheBeyond","Exordium","TheCity","TheBeyond","TheCity","TheBeyond"],"potions_floor_usage":[125,154,154],"damage_taken":[{"damage":5.0,"enemies":"Cultist","floor":1.0,"turns":5.0},{"damage":1.0,"enemies":"Small Slimes","floor":2.0,"turns":4.0},{"damage":0.0,"enemies":"2 Louse","floor":4.0,"turns":2.0},{"damage":21.0,"enemies":"Lagavulin","floor":6.0,"turns":9.0},{"damage":16.0,"enemies":"Gremlin Nob","floor":12.0,"turns":3.0},{"damage":0.0,"enemies":"Exordium Wildlife","floor":13.0,"turns":3.0},{"damage":8.0,"enemies":"Blue Slaver","floor":14.0,"turns":3.0},{"damage":0.0,"enemies":"Fading Forest","floor":16.0,"turns":11.0},{"damage":12.0,"enemies":"Shell Parasite","floor":18.0,"turns":3.0},{"damage":0.0,"enemies":"3 Byrds","floor":19.0,"turns":3.0},{"damage":36.0,"enemies":"Snake Plant","floor":22.0,"turns":5.0},{"damage":9.0,"enemies":"Book of Stabbing","floor":23.0,"turns":5.0},{"damage":7.0,"enemies":"Snecko","floor":25.0,"turns":3.0},{"damage":12.0,"enemies":"3 Cultists","floor":31.0,"turns":4.0},{"damage":6.0,"enemies":"conspire:MysteriousRune","floor":33.0,"turns":4.0},{"damage":2.0,"enemies":"Orb Walker","floor":35.0,"turns":3.0},{"damage":31.0,"enemies":"3 Darklings","floor":37.0,"turns":4.0},{"damage":30.0,"enemies":"Writhing Mass","floor":39.0,"turns":4.0},{"damage":0.0,"enemies":"Reptomancer","floor":40.0,"turns":3.0},{"damage":8.0,"enemies":"4 Shapes","floor":41.0,"turns":3.0},{"damage":49.0,"enemies":"Spire Growth","floor":45.0,"turns":6.0},{"damage":0.0,"enemies":"Nightmare","floor":47.0,"turns":7.0},{"damage":0.0,"enemies":"conspire:MimicChest","floor":48.0,"turns":3.0},{"damage":25.0,"enemies":"Replay:Hell Engine","floor":50.0,"turns":7.0},{"damage":0.0,"enemies":"Cultist","floor":52.0,"turns":2.0},{"damage":0.0,"enemies":"Jaw Worm","floor":55.0,"turns":1.0},{"damage":0.0,"enemies":"Small Slimes","floor":61.0,"turns":1.0},{"damage":0.0,"enemies":"3 Louse","floor":62.0,"turns":1.0},{"damage":0.0,"enemies":"Large Slime","floor":63.0,"turns":2.0},{"damage":0.0,"enemies":"2 Fungi Beasts","floor":65.0,"turns":2.0},{"damage":0.0,"enemies":"Slime Boss","floor":67.0,"turns":2.0},{"damage":0.0,"enemies":"Spheric Guardian","floor":69.0,"turns":1.0},{"damage":0.0,"enemies":"Shell Parasite","floor":70.0,"turns":2.0},{"damage":0.0,"enemies":"Sentry and Sphere","floor":72.0,"turns":1.0},{"damage":26.0,"enemies":"Centurion and Healer","floor":73.0,"turns":2.0},{"damage":0.0,"enemies":"Snecko","floor":74.0,"turns":2.0},{"damage":9.0,"enemies":"Book of Stabbing","floor":76.0,"turns":2.0},{"damage":23.0,"enemies":"Slavers","floor":79.0,"turns":2.0},{"damage":0.0,"enemies":"Sentry and Sphere","floor":80.0,"turns":2.0},{"damage":24.0,"enemies":"Gremlin Leader","floor":81.0,"turns":2.0},{"damage":0.0,"enemies":"Snake Plant","floor":82.0,"turns":1.0},{"damage":43.0,"enemies":"Collector","floor":84.0,"turns":4.0},{"damage":0.0,"enemies":"Orb Walker","floor":86.0,"turns":1.0},{"damage":2.0,"enemies":"infinitespire:Three Voidlings","floor":89.0,"turns":2.0},{"damage":36.0,"enemies":"Nightmare_Alpha","floor":89.0,"turns":4.0},{"damage":14.0,"enemies":"3 Darklings","floor":90.0,"turns":3.0},{"damage":0.0,"enemies":"Jaw Worm Horde","floor":92.0,"turns":2.0},{"damage":0.0,"enemies":"Nemesis","floor":95.0,"turns":1.0},{"damage":15.0,"enemies":"Sphere and 2 Shapes","floor":98.0,"turns":2.0},{"damage":19.0,"enemies":"Writhing Mass","floor":99.0,"turns":2.0},{"damage":81.0,"enemies":"Time Eater","floor":101.0,"turns":6.0},{"damage":0,"enemies":"Jaw Worm","floor":103,"turns":1},{"damage":0,"enemies":"Small Slimes","floor":104,"turns":1},{"damage":0,"enemies":"2 Louse","floor":105,"turns":1},{"damage":0,"enemies":"3 Sentries","floor":108,"turns":2},{"damage":0,"enemies":"Looter","floor":112,"turns":1},{"damage":0,"enemies":"Lagavulin","floor":115,"turns":1},{"damage":0,"enemies":"2 Fungi Beasts","floor":116,"turns":1},{"damage":20,"enemies":"The Guardian","floor":118,"turns":3},{"damage":0,"enemies":"Chosen","floor":120,"turns":1},{"damage":0,"enemies":"Replay:Snechameleon","floor":125,"turns":2},{"damage":0,"enemies":"Spheric Guardian","floor":129,"turns":1},{"damage":0,"enemies":"conspire:Head Lice","floor":133,"turns":1},{"damage":0,"enemies":"Snecko","floor":134,"turns":1},{"damage":0,"enemies":"Replay:Snechameleon","floor":135,"turns":2},{"damage":0,"enemies":"Automaton","floor":137,"turns":3},{"damage":0,"enemies":"3 Shapes","floor":139,"turns":3},{"damage":0,"enemies":"Orb Walker","floor":141,"turns":1},{"damage":0,"enemies":"Nemesis","floor":146,"turns":2},{"damage":0,"enemies":"Reptomancer","floor":150,"turns":2},{"damage":0,"enemies":"Spire Growth","floor":152,"turns":1},{"damage":76,"enemies":"conspire:OrnateMirror","floor":154,"turns":3}],"seed_played":"2981625438691793046","potions_obtained":[{"floor":4.0,"key":"BlessingOfTheForge"},{"floor":12.0,"key":"Swift Potion"},{"floor":14.0,"key":"Ancient Potion"},{"floor":18.0,"key":"Regen Potion"},{"floor":22.0,"key":"Ancient Potion"},{"floor":23.0,"key":"Fire Potion"},{"floor":25.0,"key":"Languid Potion"},{"floor":39.0,"key":"Fire Potion"},{"floor":40.0,"key":"DuplicationPotion"},{"floor":48.0,"key":"LifebloodPotion"},{"floor":50.0,"key":"Languid Potion"},{"floor":101.0,"key":"SkillPotion"},{"floor":129,"key":"Fire Potion"},{"floor":133,"key":"Block Potion"}],"is_trial":false,"path_per_floor":["M","M","?","M","?","E","$","R","T","$","$","E","M","M","R","B",null,"M","M","?","?","M","E","R","M","T","?","$","?","R","M","R","B",null,"M","$","M","?","M","E","M","R","T","?","M","$","NM","?","R","B",null,"M","?","?","M","?","R","$","R","T","M","M","M","?","M","R","B",null,"M","M","?","M","M","M","R","E","T","$","E","M","E","M","R","B",null,"M","$","?","?","M","R","M","R","T","E","R","T","M","M","R","B",null,"M","M","M","?","?","E","R","T","T","M","$","R","E","M","R","B",null,"M","?","?","?","?","E","?","R","T","M","$","PTL","PTL","E","M","E","R","B",null,"M","?","M","$","?","R","?","E","T","R","$","E","$","M","R","B"],"character_chosen":"THE_SILENT","items_purchased":["Accuracy","Sucker Punch","ReplayTheSpireMod:CursedCoin","Blade Dance","ReplayTheSpireMod:Scrap Shanks","infinitespire:BottledMercury","Garlic","Slice","Lantern","Quick Slash","Prepared","infinitespire:Lucky Rock","Eviscerate","ReplayTheSpireMod:Scrap Shanks","Simple Rune","Slice","Acrobatics","Underhanded Strike","Infinite Blades+1","HandDrill","Bronze Scales","infinitespire:CheckeredPen","Slice+1","Endless Agony","Slice","Dash","infinitespire:EmpoweringShard","Accuracy+1"],"campfire_rested":6,"item_purchase_floors":[7,7,11,11,11,28,28,28,36,36,46,58,58,78,78,87,113,113,113,113,113,130,142,142,149,149,149,151],"current_hp_per_floor":[65,64,64,64,64,43,43,64,64,64,64,51,53,48,48,61,70,58,58,58,70,43,38,59,56,56,56,56,39,39,30,51,62,70,68,68,39,39,13,24,25,46,46,46,5,5,10,19,40,18,70,70,70,70,70,70,70,70,70,70,70,70,70,70,70,70,70,70,70,70,54,70,44,60,60,61,61,61,62,70,46,70,70,27,70,70,70,61,34,56,56,70,70,70,70,70,70,67,51,70,35,70,70,70,70,57,57,70,70,70,70,70,70,70,70,70,70,50,70,70,33,33,11,11,67,67,70,70,70,70,70,70,70,70,70,70,70,70,70,70,70,70,70,70,70,70,70,70,70,70,70,70,70,0,0],"gold":7,"neow_bonus":"HUNDRED_GOLD","is_daily":false,"chose_seed":false,"campfire_upgraded":16,"win_rate":0.0,"timestamp":1609111858,"path_taken":["M","?","?","M","?","E","$","R","T","?","$","E","M","M","R","BOSS","M","M","?","?","?","E","R","M","T","?","$","?","R","M","R","BOSS","M","$","M","?","?","E","?","R","T","?","M","?","NM","?","R","BOSS","M","?","?","M","?","R","$","R","T","?","M","M","?","M","R","BOSS","M","?","?","M","M","M","R","E","T","$","E","M","E","M","R","BOSS","M","$","?","?","M","R","M","R","T","E","R","?","M","?","R","BOSS","M","M","M","?","?","E","R","?","T","?","$","R","E","M","R","BOSS","M","?","?","?","?","E","?","R","T","M","$","PTL","PTL","E","M","E","R","BOSS","M","?","M","$","?","R","?","E","T","R","$","E","?","M","R","BOSS"],"items_purchased_type":["Card","Card","Relic","Card","Card","Relic","Relic","Card","Relic","Card","Card","Relic","Card","Card","Relic","Card","Card","Card","Card","Relic","Relic","Relic","Card","Card","Card","Card","Relic","Card"],"build_version":"2020-12-22","purchased_purges":0,"victory":false,"max_hp_per_floor":[70,70,70,70,70,70,70,70,70,70,70,70,70,70,70,70,70,70,70,70,70,70,70,70,70,70,70,70,70,70,70,70,70,70,70,70,70,70,70,70,70,70,70,70,70,70,70,70,70,70,70,70,70,70,70,70,70,70,70,70,70,70,70,70,70,70,70,70,70,70,70,70,70,70,70,70,70,70,70,70,70,70,70,70,70,70,70,70,70,70,70,70,70,70,70,70,70,70,70,70,70,70,70,70,70,70,70,70,70,70,70,70,70,70,70,70,70,70,70,70,70,70,70,70,70,70,70,70,70,70,70,70,70,70,70,70,70,70,70,70,70,70,70,70,70,70,70,70,70,70,70,70,70,70,70],"card_choices":[{"not_picked":["Hidden Blade","Choke"],"picked":"Replay:Poison Smokescreen","floor":1.0},{"not_picked":["Outmaneuver","Quick Slash"],"picked":"Slice","floor":2.0},{"not_picked":["Crow Ritual","Panacea"],"picked":"Finesse","floor":3.0},{"not_picked":["ReplayTheSpireMod:Speed Training","Calculated Gamble"],"picked":"Infinite Blades","floor":4.0},{"not_picked":["ReplayTheSpireMod:Tripwire","Choke"],"picked":"Poisoned Stab","floor":6.0},{"not_picked":["Setup","Backflip"],"picked":"Blade Dance","floor":12.0},{"not_picked":["Sucker Punch","Poisoned Stab"],"picked":"Hidden Blade","floor":13.0},{"not_picked":["Choke","Dodge and Roll"],"picked":"Backflip","floor":14.0},{"not_picked":["Tools of the Trade","Doppelganger"],"picked":"Storm of Steel","floor":16.0},{"not_picked":["Quick Slash","Slice"],"picked":"Deflect","floor":18.0},{"not_picked":["Bane","PiercingWail"],"picked":"Outmaneuver","floor":19.0},{"not_picked":["Concentrate","ReplayTheSpireMod:Necrosis"],"picked":"Blade Dance+1","floor":22.0},{"not_picked":["Deadly Poison","Dash+1"],"picked":"Slice","floor":23.0},{"not_picked":["Deadly Poison","Flying Knee"],"picked":"Calculated Gamble","floor":25.0},{"not_picked":["ReplayTheSpireMod:Chaos Vortex","infinitespire:Oblivion"],"picked":"infinitespire:SevenWalls","floor":29.0},{"not_picked":["Poisoned Stab","Flying Knee+1"],"picked":"Cloak And Dagger","floor":31.0},{"not_picked":["Envenom","Phantasmal Killer"],"picked":"Storm of Steel","floor":33.0},{"not_picked":["Flying Knee","Flechettes"],"picked":"Fluid Movement","floor":35.0},{"not_picked":["Bane","Deadly Poison"],"picked":"Sucker Punch+1","floor":37.0},{"not_picked":["Expertise","Backflip+1"],"picked":"Blade Dance+1","floor":39.0},{"not_picked":["Underhanded Strike","Concentrate"],"picked":"Dodge and Roll","floor":40.0},{"not_picked":["Setup","Eviscerate"],"picked":"Distraction","floor":41.0},{"not_picked":["Blur+1","Dagger Throw"],"picked":"Malaise","floor":45.0},{"not_picked":["infinitespire:DeathsTouch","ReplayTheSpireMod:??????????????????????"],"picked":"infinitespire:Punishment","floor":47.0},{"not_picked":["ReplayTheSpireMod:The Works+1","Dodge and Roll"],"picked":"Prepared","floor":47.0},{"not_picked":["ReplayTheSpireMod:Shiv Toss+1","Dagger Spray"],"picked":"ReplayTheSpireMod:Speed Training+1","floor":48.0},{"not_picked":["Poison Darts","Atom Bomb"],"picked":"Adrenaline","floor":50.0},{"not_picked":["Expertise","Dagger Spray"],"picked":"Dodge and Roll","floor":52.0},{"not_picked":["Quick Slash","Flying Knee"],"picked":"Bouncing Flask","floor":55.0},{"not_picked":["Underhanded Strike","Flying Knee"],"picked":"Noxious Fumes","floor":61.0},{"not_picked":["Bane","Skewer"],"picked":"Backflip","floor":62.0},{"not_picked":["Quick Slash","Masterful Stab"],"picked":"Dodge and Roll","floor":63.0},{"not_picked":["Distraction","Outmaneuver"],"picked":"Finisher","floor":65.0},{"not_picked":["Glass Knife","Bullet Time"],"picked":"After Image","floor":67.0},{"not_picked":["Acrobatics+1","PiercingWail"],"picked":"Prepared","floor":69.0},{"not_picked":["Acrobatics","Cloak And Dagger"],"picked":"ReplayTheSpireMod:Scrap Shanks","floor":70.0},{"not_picked":["Expertise","Bane"],"picked":"Dagger Spray","floor":72.0},{"not_picked":["Bane","Flechettes+1"],"picked":"Blade Dance+1","floor":73.0},{"not_picked":["Skewer+1","Dagger Spray"],"picked":"conspire:PoisonWeapons","floor":74.0},{"not_picked":["Escape Plan+1","ReplayTheSpireMod:Necrosis"],"picked":"Sucker Punch","floor":76.0},{"not_picked":["Underhanded Strike+1","Endless Agony"],"picked":"Blade Dance","floor":79.0},{"not_picked":["Sucker Punch","Well Laid Plans+1"],"picked":"Deadly Poison","floor":80.0},{"not_picked":["Sneak Up+1","Footwork+1"],"picked":"Deflect","floor":81.0},{"not_picked":["Cloak And Dagger","Footwork+1"],"picked":"Quick Slash","floor":82.0},{"not_picked":["Wraith Form v2+1","Night Terror"],"picked":"Phantasmal Killer","floor":84.0},{"not_picked":["ReplayTheSpireMod:??????????????????????","infinitespire:Oblivion"],"picked":"infinitespire:UltimateForm","floor":85.0},{"not_picked":["PiercingWail+1","Acrobatics"],"picked":"Quick Slash+1","floor":86.0},{"not_picked":["infinitespire:DeathsTouch","infinitespire:UltimateForm"],"picked":"infinitespire:FutureSight","floor":89.0},{"not_picked":["Predator+1","ReplayTheSpireMod:Speed Training"],"picked":"Sneak Up","floor":89.0},{"not_picked":["Flying Knee+1","PiercingWail"],"picked":"Eviscerate","floor":90.0},{"not_picked":["Quick Slash","Underhanded Strike+1"],"picked":"Blade Dance+1","floor":92.0},{"not_picked":["Noxious Fumes+1","Blur+1"],"picked":"Escape Plan+1","floor":95.0},{"not_picked":["Masterful Stab","Poison Darts"],"picked":"Slice","floor":98.0},{"not_picked":["PiercingWail","Dodge and Roll"],"picked":"Accuracy+1","floor":99.0},{"not_picked":["Poison Darts","Die Die Die"],"picked":"Phantasmal Killer","floor":101.0},{"not_picked":["Dagger Throw","Bane"],"picked":"Prepared","floor":103},{"not_picked":["Dagger Spray","Poisoned Stab"],"picked":"Hidden Blade","floor":104},{"not_picked":["Underhanded Strike","Blade Dance"],"picked":"Backflip","floor":105},{"not_picked":["PiercingWail","Outmaneuver"],"picked":"All Out Attack","floor":108},{"not_picked":["Fluid Movement+1","Grand Finale"],"picked":"Acrobatics","floor":112},{"not_picked":["Choke","PiercingWail"],"picked":"Tactician","floor":115},{"not_picked":["Dagger Throw","Dash"],"picked":"Concentrate","floor":116},{"not_picked":["Poison Darts","Grand Finale"],"picked":"Replay:Bag of Tricks","floor":118},{"not_picked":["Hidden Blade","Quick Slash+1"],"picked":"Slice+1","floor":120},{"not_picked":["Flying Knee","ReplayTheSpireMod:The Works"],"picked":"Dash","floor":123},{"not_picked":["Hidden Blade","Outmaneuver"],"picked":"Acrobatics","floor":123},{"not_picked":["Bane","Blur"],"picked":"ReplayTheSpireMod:From All Sides","floor":125},{"not_picked":["Distraction","Poisoned Stab"],"picked":"Cloak And Dagger+1","floor":129},{"not_picked":["Concentrate","Underhanded Strike+1"],"picked":"Slice+1","floor":133},{"not_picked":["Hidden Blade+1","Sucker Punch"],"picked":"Finisher+1","floor":134},{"not_picked":["Envenom+1","ReplayTheSpireMod:From All Sides"],"picked":"Poisoned Stab+1","floor":135},{"not_picked":["Grand Finale","Doppelganger"],"picked":"After Image+1","floor":137},{"not_picked":["Backstab+1","Draining Mist+1"],"picked":"Deflect+1","floor":139},{"not_picked":["Predator+1","Skewer+1"],"picked":"Slice+1","floor":141},{"not_picked":["Choke+1","conspire:DoublingDagger+1"],"picked":"ReplayTheSpireMod:Speed Training+1","floor":146},{"not_picked":["Blade Dance+1","Reflex"],"picked":"Terror+1","floor":150},{"not_picked":["Sneak Up+1","PiercingWail"],"picked":"Eviscerate+1","floor":152}],"player_experience":288491,"relics_obtained":[{"floor":6.0,"key":"Vampiric Spirits"},{"floor":9.0,"key":"Tough Bandages"},{"floor":12.0,"key":"MawBank"},{"floor":23.0,"key":"Lizard Tail"},{"floor":26.0,"key":"Shuriken"},{"floor":40.0,"key":"Letter Opener"},{"floor":43.0,"key":"Vajra"},{"floor":45.0,"key":"wanderingMiniBosses:OtherGremlinHorn"},{"floor":47.0,"key":"infinitespire:Beetle Shell"},{"floor":48.0,"key":"conspire:TopHat"},{"floor":60.0,"key":"Centennial Puzzle"},{"floor":71.0,"key":"Necronomicon"},{"floor":76.0,"key":"Blue Doll"},{"floor":77.0,"key":"Bottled Flame"},{"floor":79.0,"key":"Frozen Egg 2"},{"floor":81.0,"key":"Replay:Wax Seal"},{"floor":89.0,"key":"TungstenRod"},{"floor":94.0,"key":"Oddly Smooth Stone"},{"floor":95.0,"key":"infinitespire:Satchel"},{"floor":97.0,"key":"infinitespire:PuzzleCube"},{"floor":108,"key":"Peace Pipe"},{"floor":110,"key":"Eternal Feather"},{"floor":111,"key":"Meat on the Bone"},{"floor":115,"key":"Blood Vial"},{"floor":123,"key":"Juzu Bracelet"},{"floor":124,"key":"Ring of Peace"},{"floor":125,"key":"Mercury Hourglass"},{"floor":125,"key":"Matryoshka"},{"floor":128,"key":"Bag of Marbles"},{"floor":128,"key":"White Beast Statue"},{"floor":133,"key":"Replay:Baseball"},{"floor":133,"key":"Smiling Mask"},{"floor":135,"key":"Snake Skull"},{"floor":135,"key":"Boot"},{"floor":146,"key":"Counterbalance"},{"floor":146,"key":"Replay:Rubber Ducky"},{"floor":147,"key":"Art of War"},{"floor":150,"key":"Gambling Chip"},{"floor":150,"key":"Gremlin Food"}],"event_choices":[{"damage_healed":0.0,"max_hp_gain":0.0,"max_hp_loss":0.0,"gold_gain":1.0,"event_name":"betterStone:BetterStone","player_choice":"1","floor":3.0,"gold_loss":0.0,"damage_taken":0.0},{"damage_healed":12.0,"max_hp_gain":0.0,"max_hp_loss":0.0,"gold_gain":0.0,"event_name":"Wheel of Change","player_choice":"Full Heal","floor":21.0,"gold_loss":0.0,"damage_taken":0.0},{"damage_healed":0.0,"max_hp_gain":0.0,"max_hp_loss":0.0,"gold_gain":0.0,"event_name":"Beggar","player_choice":"Ignored","floor":27.0,"gold_loss":0.0,"damage_taken":0.0},{"damage_healed":0.0,"max_hp_gain":0.0,"max_hp_loss":0.0,"gold_gain":0.0,"event_name":"betterThird:BetterPortal","player_choice":"Ignored","floor":38.0,"gold_loss":0.0,"damage_taken":0.0},{"cards_removed":["Clumsy"],"damage_healed":0.0,"max_hp_gain":0.0,"max_hp_loss":0.0,"gold_gain":0.0,"event_name":"Purifier","player_choice":"Purged","floor":44.0,"gold_loss":0.0,"damage_taken":0.0},{"damage_healed":0.0,"max_hp_gain":0.0,"max_hp_loss":0.0,"gold_gain":0.0,"event_name":"Living Wall","player_choice":"Grow","floor":53.0,"gold_loss":0.0,"damage_taken":0.0,"cards_upgraded":["infinitespire:Punishment"]},{"damage_healed":0.0,"max_hp_gain":0.0,"max_hp_loss":0.0,"gold_gain":0.0,"event_name":"conspire:Investor","player_choice":"Leave","floor":54.0,"gold_loss":0.0,"damage_taken":0.0},{"damage_healed":0.0,"max_hp_gain":0.0,"max_hp_loss":0.0,"gold_gain":0.0,"event_name":"Purifier","player_choice":"Ignored","floor":56.0,"gold_loss":0.0,"damage_taken":0.0},{"damage_healed":0.0,"max_hp_gain":0.0,"max_hp_loss":0.0,"gold_gain":0.0,"cards_transformed":["Replay:Poison Smokescreen"],"event_name":"Transmorgrifier","player_choice":"Transformed","floor":64.0,"gold_loss":0.0,"damage_taken":0.0,"cards_obtained":["Deflect"]},{"damage_healed":0.0,"max_hp_gain":0.0,"max_hp_loss":0.0,"gold_gain":0.0,"event_name":"Cursed Tome","player_choice":"Obtained Book","floor":71.0,"gold_loss":0.0,"damage_taken":16.0},{"damage_healed":0.0,"max_hp_gain":0.0,"max_hp_loss":0.0,"gold_gain":0.0,"event_name":"Winding Halls","player_choice":"Embrace Madness","floor":88.0,"gold_loss":0.0,"damage_taken":9.0,"cards_obtained":["Madness","Madness"]},{"damage_healed":70,"gold_gain":0,"player_choice":"Upgrade","damage_taken":14,"max_hp_gain":0,"max_hp_loss":70,"event_name":"betterThird:BetterShining","floor":106,"gold_loss":0,"cards_upgraded":["Slice","Backflip"]},{"damage_healed":0,"gold_gain":0,"player_choice":"Disagree","damage_taken":0,"max_hp_gain":0,"max_hp_loss":0,"event_name":"conspire:LoneGhost","floor":107,"gold_loss":0},{"damage_healed":0,"gold_gain":0,"player_choice":" Idol RottenVial ","damage_taken":39,"relics_obtained":["Bloody Idol","betterAltar:BloodRelic"],"max_hp_gain":70,"max_hp_loss":33,"event_name":"betterAltar:BetterAltar","floor":121,"potions_obtained":[],"relics_lost":["Blood Vial"],"gold_loss":0},{"damage_healed":0,"gold_gain":0,"player_choice":"Ignored","damage_taken":0,"max_hp_gain":0,"max_hp_loss":0,"event_name":"Vampires","floor":122,"gold_loss":0},{"damage_healed":0,"gold_gain":0,"player_choice":"Ignored","damage_taken":0,"max_hp_gain":0,"max_hp_loss":0,"event_name":"Ghosts","floor":126,"gold_loss":0},{"damage_healed":0,"gold_gain":0,"player_choice":"Ignored","damage_taken":0,"max_hp_gain":0,"max_hp_loss":0,"event_name":"Tomb of Lord Red Mask","floor":140,"gold_loss":0},{"damage_healed":0,"gold_gain":275,"player_choice":"Desecrate","damage_taken":0,"max_hp_gain":0,"max_hp_loss":0,"event_name":"Golden Shrine","floor":143,"gold_loss":0,"cards_obtained":["Regret"]},{"damage_healed":0,"gold_gain":0,"player_choice":"Forge","damage_taken":0,"max_hp_gain":0,"max_hp_loss":0,"event_name":"Accursed Blacksmith","floor":145,"gold_loss":0,"cards_upgraded":["Eviscerate"]}],"is_beta":false,"boss_relics":[{"not_picked":["SacredBark","Snecko Eye"],"picked":"ChewingGum"},{"not_picked":["Kintsugi","Velvet Choker"],"picked":"HoveringKite"},{"not_picked":["Busted Crown","Cursed Key"],"picked":"conspire:SpecialSausage"},{"not_picked":["ReplayTheSpireMod:SealedPack","SacredBark"],"picked":"Ring of Chaos"},{"not_picked":["Painkiller Herb","Coffee Dripper"],"picked":"Astrolabe"},{"not_picked":["conspire:SlowCooker","Pandora\u0027s Box"],"picked":"Runic Pyramid"},{"not_picked":["Painkiller Herb","conspire:SlowCooker"],"picked":"Black Star"},{"not_picked":["conspire:SeveredTorchhead","Fusion Hammer"],"picked":"Philosopher\u0027s Stone"}],"items_purged_floors":[],"is_endless":true,"potions_floor_spawned":[4,12,14,18,22,23,25,39,40,48,50,55,63,67,70,72,74,80,82,84,89,90,95,99,101,104,112,115,129,133,134,135,137,139,141,146,150,152],"killed_by":"conspire:OrnateMirror","ascension_level":2}}