{"host":"0ueeacaatm8t6jyh","time":1609080987,"event":{"mods":["AchievementEnabler","BaseMod","Colored Powertips","Minty Spire (QoL Compilation)","Rare Cards Sparkle","StSLib"],"gold_per_floor":[114,114,289,289,289,289,321,321,347,372,397,417,429,457,457,535,535,548,548,329,342,353,353,384,384,384,483,529,541,294,313,313,392,392,403,422,53,53,67,67,67,95,107,133,165,177,205,234,246,258,270,282,11,38,38],"floor_reached":56,"playtime":2524,"items_purged":["Doubt","Writhe","Strike_R","Pain"],"score":2076,"play_id":"83af0df4-a6e9-4a5e-b9d9-0f45296a6d86","local_time":"20201227225627","is_ascension_mode":true,"campfire_choices":[{"floor":6.0,"key":"RECALL"},{"data":"Heavy Blade","floor":8.0,"key":"SMITH"},{"data":"Spot Weakness","floor":15.0,"key":"SMITH"},{"data":"Armaments","floor":23.0,"key":"SMITH"},{"data":"Offering","floor":25.0,"key":"SMITH"},{"data":"Exhume","floor":32.0,"key":"SMITH"},{"data":"Disarm","floor":40.0,"key":"SMITH"},{"floor":49.0,"key":"REST"},{"data":"True Grit","floor":52.0,"key":"SMITH"}],"circlet_count":0,"master_deck":["AscendersBane","Strike_R+1","Strike_R+1","Strike_R+1","Defend_R","Defend_R","Defend_R","Defend_R","Bash","Pummel+1","Heavy Blade+1","Exhume+1","Spot Weakness+1","Armaments+1","Offering+1","Shrug It Off+1","Seeing Red","Dark Embrace+1","Demon Form","Inflame","Shrug It Off","Disarm+1","Madness","Madness","Parasite","Disarm","Battle Trance","True Grit+1","Impervious"],"relics":["Burning Blood","NeowsBlessing","Whetstone","MealTicket","Happy Flower","Regal Pillow","Akabeko","Runic Pyramid","Pear","Medical Kit","Ice Cream","Ancient Tea Set","Lantern","Boot","Philosopher\u0027s Stone","Potion Belt","WarpedTongs","MawBank","Membership Card","Toy Ornithopter"],"acts_visited":["Exordium","TheCity","TheBeyond","TheEnding"],"potions_floor_usage":[55],"damage_taken":[{"damage":0.0,"enemies":"Jaw Worm","floor":1.0,"turns":1.0},{"damage":0.0,"enemies":"Lagavulin","floor":7.0,"turns":1.0},{"damage":0.0,"enemies":"3 Sentries","floor":11.0,"turns":2.0},{"damage":5.0,"enemies":"Small Slimes","floor":12.0,"turns":4.0},{"damage":1.0,"enemies":"2 Louse","floor":13.0,"turns":2.0},{"damage":18.0,"enemies":"Gremlin Nob","floor":14.0,"turns":3.0},{"damage":80.0,"enemies":"The Guardian","floor":16.0,"turns":12.0},{"damage":0.0,"enemies":"Shell Parasite","floor":18.0,"turns":1.0},{"damage":13.0,"enemies":"Spheric Guardian","floor":21.0,"turns":3.0},{"damage":24.0,"enemies":"3 Cultists","floor":22.0,"turns":4.0},{"damage":39.0,"enemies":"Book of Stabbing","floor":24.0,"turns":5.0},{"damage":27.0,"enemies":"Snake Plant","floor":29.0,"turns":5.0},{"damage":0.0,"enemies":"Cultist and Chosen","floor":31.0,"turns":3.0},{"damage":12.0,"enemies":"Champ","floor":33.0,"turns":8.0},{"damage":31.0,"enemies":"3 Darklings","floor":35.0,"turns":3.0},{"damage":8.0,"enemies":"Orb Walker","floor":36.0,"turns":2.0},{"damage":2.0,"enemies":"Writhing Mass","floor":39.0,"turns":4.0},{"damage":31.0,"enemies":"Nemesis","floor":42.0,"turns":3.0},{"damage":25.0,"enemies":"Spire Growth","floor":44.0,"turns":3.0},{"damage":36.0,"enemies":"Sphere and 2 Shapes","floor":45.0,"turns":3.0},{"damage":38.0,"enemies":"Jaw Worm Horde","floor":47.0,"turns":4.0},{"damage":34.0,"enemies":"3 Darklings","floor":48.0,"turns":4.0},{"damage":49.0,"enemies":"Awakened One","floor":50.0,"turns":7.0},{"damage":77.0,"enemies":"Shield and Spear","floor":54.0,"turns":6.0},{"damage":191,"enemies":"The Heart","floor":55,"turns":9}],"seed_played":"3865474326518917199","potions_obtained":[{"floor":11.0,"key":"BloodPotion"},{"floor":12.0,"key":"BloodPotion"},{"floor":22.0,"key":"Explosive Potion"},{"floor":24.0,"key":"Strength Potion"},{"floor":31.0,"key":"LiquidBronze"},{"floor":33.0,"key":"BloodPotion"},{"floor":42.0,"key":"BlessingOfTheForge"},{"floor":44.0,"key":"Fruit Juice"},{"floor":48.0,"key":"Energy Potion"}],"is_trial":false,"path_per_floor":["M","?","?","?","?","R","E","R","T","T","E","M","M","E","R","B",null,"M","?","$","M","M","R","E","R","T","?","T","M","$","M","R","B",null,"M","M","$","?","M","R","?","E","T","M","M","?","M","M","R","B",null,"R","$","E","B",null],"character_chosen":"IRONCLAD","items_purchased":["Medical Kit","Boot","Shrug It Off","Disarm","Potion Belt","Membership Card","DuplicationPotion","PowerPotion"],"campfire_rested":1,"item_purchase_floors":[20,30,37,37,37,53,53,53],"current_hp_per_floor":[74,59,59,64,64,64,70,70,70,70,76,77,80,68,68,10,63,69,79,90,83,65,65,50,50,50,50,50,29,44,50,50,44,79,54,52,67,56,60,60,60,35,35,39,9,95,63,35,78,35,80,80,95,24,47],"gold":38,"neow_bonus":"THREE_ENEMY_KILL","is_daily":false,"chose_seed":false,"campfire_upgraded":7,"win_rate":0.0,"timestamp":1609080987,"path_taken":["M","?","?","?","?","R","E","R","T","?","E","M","M","E","R","BOSS","M","?","$","M","M","R","E","R","T","?","?","M","$","M","R","BOSS","M","M","$","?","M","R","?","E","T","?","M","?","?","M","R","BOSS","R","$","E","BOSS"],"items_purchased_type":["Relic","Relic","Card","Card","Relic","Relic","Potion","Potion"],"build_version":"2020-12-22","purchased_purges":4,"victory":true,"max_hp_per_floor":[75,75,75,80,80,80,80,80,80,80,80,80,80,80,80,80,80,80,90,90,90,90,90,90,90,90,90,90,90,90,90,90,90,90,90,90,90,90,90,90,90,90,90,95,95,95,95,95,95,95,95,95,95,95,95],"card_choices":[{"not_picked":["Havoc","Combust"],"picked":"Pummel","floor":1.0},{"not_picked":["Fire Breathing","Sword Boomerang"],"picked":"Heavy Blade","floor":7.0},{"not_picked":["Warcry","Thunderclap"],"picked":"Exhume","floor":11.0},{"not_picked":["Seeing Red","Wild Strike"],"picked":"Spot Weakness","floor":12.0},{"not_picked":["Iron Wave","Anger","Entrench"],"picked":"SKIP","floor":13.0},{"not_picked":["Combust","Pommel Strike"],"picked":"Armaments","floor":14.0},{"not_picked":["Exhume","Bludgeon"],"picked":"Offering","floor":16.0},{"not_picked":["Carnage","Dropkick","Twin Strike"],"picked":"SKIP","floor":18.0},{"not_picked":["Entrench","Iron Wave","Havoc"],"picked":"SKIP","floor":21.0},{"not_picked":["Warcry","Twin Strike"],"picked":"Shrug It Off+1","floor":22.0},{"not_picked":["Reaper","Searing Blow"],"picked":"Seeing Red","floor":24.0},{"not_picked":["True Grit","Sword Boomerang"],"picked":"Seeing Red","floor":29.0},{"not_picked":["Second Wind","Havoc"],"picked":"Dark Embrace+1","floor":31.0},{"not_picked":["Brutality","Fiend Fire"],"picked":"Demon Form","floor":33.0},{"not_picked":["Flex","Dual Wield"],"picked":"Inflame","floor":35.0},{"not_picked":["Warcry","Clothesline","Body Slam"],"picked":"SKIP","floor":36.0},{"not_picked":["Anger","Cleave","Clothesline"],"picked":"SKIP","floor":39.0},{"not_picked":["Blood for Blood","Sword Boomerang"],"picked":"Disarm","floor":42.0},{"not_picked":["Armaments","Ghostly Armor","Rampage"],"picked":"SKIP","floor":44.0},{"not_picked":["Disarm","Sword Boomerang+1","Carnage"],"picked":"SKIP","floor":45.0},{"not_picked":["Thunderclap+1","Perfected Strike+1"],"picked":"Battle Trance","floor":47.0},{"not_picked":["Heavy Blade+1","Intimidate"],"picked":"True Grit","floor":48.0},{"not_picked":["Clash+1","Battle Trance+1"],"picked":"Impervious","floor":54.0}],"player_experience":315063,"relics_obtained":[{"floor":7.0,"key":"Whetstone"},{"floor":9.0,"key":"MealTicket"},{"floor":10.0,"key":"Happy Flower"},{"floor":11.0,"key":"Regal Pillow"},{"floor":14.0,"key":"Akabeko"},{"floor":24.0,"key":"Ice Cream"},{"floor":26.0,"key":"Ancient Tea Set"},{"floor":28.0,"key":"Lantern"},{"floor":42.0,"key":"MawBank"},{"floor":54.0,"key":"Toy Ornithopter"}],"event_choices":[{"damage_healed":0.0,"max_hp_gain":0.0,"max_hp_loss":0.0,"gold_gain":0.0,"event_name":"Shining Light","player_choice":"Entered Light","floor":2.0,"gold_loss":0.0,"damage_taken":15.0,"cards_upgraded":["Strike_R","Strike_R"]},{"damage_healed":0.0,"max_hp_gain":0.0,"max_hp_loss":0.0,"gold_gain":175.0,"event_name":"Liars Game","player_choice":"AGREE","floor":3.0,"gold_loss":0.0,"damage_taken":0.0,"cards_obtained":["Doubt"]},{"damage_healed":0.0,"max_hp_gain":5.0,"max_hp_loss":0.0,"gold_gain":0.0,"event_name":"Big Fish","player_choice":"Donut","floor":4.0,"gold_loss":0.0,"damage_taken":0.0},{"cards_removed":["Strike_R"],"damage_healed":0.0,"max_hp_gain":0.0,"max_hp_loss":0.0,"gold_gain":0.0,"event_name":"Living Wall","player_choice":"Forget","floor":5.0,"gold_loss":0.0,"damage_taken":0.0},{"damage_healed":0.0,"max_hp_gain":0.0,"max_hp_loss":0.0,"gold_gain":0.0,"event_name":"The Mausoleum","player_choice":"Opened","floor":19.0,"gold_loss":0.0,"damage_taken":0.0,"relics_obtained":["Pear"],"cards_obtained":["Writhe"]},{"damage_healed":0.0,"max_hp_gain":0.0,"max_hp_loss":0.0,"gold_gain":99.0,"event_name":"Nest","player_choice":"Stole From Cult","floor":27.0,"gold_loss":0.0,"damage_taken":0.0},{"damage_healed":0.0,"max_hp_gain":0.0,"max_hp_loss":0.0,"gold_gain":0.0,"event_name":"Winding Halls","player_choice":"Embrace Madness","floor":38.0,"gold_loss":0.0,"damage_taken":11.0,"cards_obtained":["Madness","Madness"]},{"damage_healed":0.0,"max_hp_gain":0.0,"max_hp_loss":0.0,"gold_gain":0.0,"event_name":"Accursed Blacksmith","player_choice":"Rummage","floor":41.0,"gold_loss":0.0,"damage_taken":0.0,"relics_obtained":["WarpedTongs"],"cards_obtained":["Pain"]},{"cards_removed":["Seeing Red"],"damage_healed":86.0,"max_hp_gain":0.0,"max_hp_loss":0.0,"gold_gain":0.0,"event_name":"Bonfire Elementals","player_choice":"Offered Uncommon","floor":46.0,"gold_loss":0.0,"damage_taken":0.0}],"is_beta":false,"boss_relics":[{"not_picked":["Ectoplasm","Sozu"],"picked":"Runic Pyramid"},{"not_picked":["Velvet Choker","Runic Dome"],"picked":"Philosopher\u0027s Stone"}],"items_purged_floors":[20,30,37,53],"is_endless":false,"potions_floor_spawned":[11,12,14,22,24,31,33,35,36,42,44,48],"ascension_level":14}}