{"host":"xcuflocadasoaqda","time":1609094188,"event":{"mods":["BaseMod","Bestiary","Filter the Spire","Minty Spire (QoL Compilation)","Relic Stats"],"gold_per_floor":[115,115,190,205,223,223,243,253,253,253,278,278,291,291,291,364,364,380,81,351,75,92,92,111,111,134,134,162,172,172,199,199,272,272,287,303,4,14,14,41,61,61,130,156,156,167,200,200,200,200,200,200,200,52,85,85],"floor_reached":57,"playtime":3906,"items_purged":["Strike_G","Strike_G"],"score":2735,"play_id":"773e63a8-cfb9-45d0-9f4b-c5c4f99b5d76","local_time":"20201227123628","is_ascension_mode":true,"campfire_choices":[{"data":"Crippling Poison","floor":6.0,"key":"SMITH"},{"data":"Dagger Spray","floor":10.0,"key":"SMITH"},{"data":"Venomology","floor":12.0,"key":"SMITH"},{"data":"Neutralize","floor":15.0,"key":"SMITH"},{"floor":23.0,"key":"REST"},{"floor":27.0,"key":"REST"},{"floor":30.0,"key":"REST"},{"floor":32.0,"key":"REST"},{"floor":42,"key":"RECALL"},{"floor":45,"key":"REST"},{"floor":49,"key":"REST"},{"floor":53,"key":"REST"}],"circlet_count":0,"master_deck":["AscendersBane","Defend_G","Defend_G","Defend_G","Defend_G","Survivor","Neutralize+1","Deadly Poison+1","Blur+1","Crippling Poison+1","Dagger Spray+1","Venomology+1","Tools of the Trade","Bouncing Flask","Catalyst","Footwork","PiercingWail","Well Laid Plans","Master of Strategy","Catalyst","Catalyst","Dash","Leg Sweep","Tactician","Malaise","Night Terror","Wraith Form v2+1","Wraith Form v2+1","Acrobatics","Parasite","Apotheosis","Noxious Fumes+1"],"relics":["Ring of the Snake","Question Card","Pantograph","Fusion Hammer","Potion Belt","Darkstone Periapt","Frozen Egg 2","Snecko Eye","DollysMirror","The Courier","Juzu Bracelet","Centennial Puzzle","Thread and Needle"],"acts_visited":["Exordium","TheCity","TheBeyond","TheEnding"],"potions_floor_usage":[40,41,41,46,47,51,56,56,56,56,56,56,56],"damage_taken":[{"damage":0.0,"enemies":"2 Louse","floor":1.0,"turns":2.0},{"damage":0.0,"enemies":"Small Slimes","floor":4.0,"turns":3.0},{"damage":1.0,"enemies":"Cultist","floor":5.0,"turns":4.0},{"damage":1.0,"enemies":"Looter","floor":7.0,"turns":4.0},{"damage":1.0,"enemies":"Exordium Thugs","floor":8.0,"turns":4.0},{"damage":13.0,"enemies":"3 Sentries","floor":11.0,"turns":8.0},{"damage":1.0,"enemies":"Blue Slaver","floor":13.0,"turns":3.0},{"damage":14.0,"enemies":"The Guardian","floor":16.0,"turns":9.0},{"damage":1.0,"enemies":"3 Byrds","floor":18.0,"turns":4.0},{"damage":7.0,"enemies":"Shell Parasite","floor":22.0,"turns":5.0},{"damage":0.0,"enemies":"Centurion and Healer","floor":24.0,"turns":6.0},{"damage":24.0,"enemies":"Slavers","floor":28.0,"turns":6.0},{"damage":10.0,"enemies":"Cultist and Chosen","floor":29.0,"turns":9.0},{"damage":7.0,"enemies":"Book of Stabbing","floor":31.0,"turns":6.0},{"damage":10.0,"enemies":"Automaton","floor":33.0,"turns":10.0},{"damage":3.0,"enemies":"3 Shapes","floor":35.0,"turns":6.0},{"damage":17.0,"enemies":"3 Darklings","floor":36.0,"turns":5.0},{"damage":0,"enemies":"Writhing Mass","floor":38,"turns":3},{"damage":1,"enemies":"Giant Head","floor":40,"turns":6},{"damage":8,"enemies":"Sphere and 2 Shapes","floor":41,"turns":5},{"damage":2,"enemies":"Reptomancer","floor":44,"turns":4},{"damage":0,"enemies":"Jaw Worm Horde","floor":46,"turns":5},{"damage":10,"enemies":"Nemesis","floor":47,"turns":7},{"damage":27,"enemies":"Awakened One","floor":50,"turns":10},{"damage":6,"enemies":"Donu and Deca","floor":51,"turns":11},{"damage":4,"enemies":"Shield and Spear","floor":55,"turns":8},{"damage":4,"enemies":"The Heart","floor":56,"turns":8}],"seed_played":"-5473722964577222955","potions_obtained":[{"floor":7.0,"key":"GamblersBrew"},{"floor":11.0,"key":"DuplicationPotion"},{"floor":13.0,"key":"GhostInAJar"},{"floor":16.0,"key":"GhostInAJar"},{"floor":24.0,"key":"Regen Potion"},{"floor":31.0,"key":"Explosive Potion"},{"floor":33.0,"key":"LiquidBronze"},{"floor":36.0,"key":"Weak Potion"},{"floor":38,"key":"LiquidMemories"},{"floor":47,"key":"Swift Potion"}],"is_trial":false,"path_per_floor":["M","?","?","M","M","R","M","M","T","R","E","R","M","?","R","B",null,"M","$","?","$","M","R","M","?","T","R","E","M","R","E","R","B",null,"M","M","$","M","?","E","M","R","T","E","R","M","E","?","R","B","B",null,"R","$","E","B",null],"character_chosen":"THE_SILENT","items_purchased":["Catalyst","Footwork","PiercingWail","Well Laid Plans","Master of Strategy","Wraith Form v2+1","DollysMirror","Acrobatics","Noxious Fumes+1"],"campfire_rested":7,"item_purchase_floors":[19,19,19,21,21,37,37,37,54],"current_hp_per_floor":[44,44,33,33,32,32,31,30,30,30,17,17,16,16,16,27,56,55,55,28,28,21,40,40,40,40,59,35,25,44,37,56,56,64,61,58,58,64,54,53,45,45,45,43,64,64,54,54,72,45,64,70,72,72,68,68],"gold":85,"neow_bonus":"REMOVE_TWO","is_daily":false,"chose_seed":false,"campfire_upgraded":4,"win_rate":0.0,"timestamp":1609094188,"path_taken":["M","?","?","M","M","R","M","M","T","R","E","R","M","?","R","BOSS","M","?","?","$","?","R","M","?","T","R","E","M","R","E","R","BOSS","M","M","$","M","?","E","M","R","T","E","R","M","E","?","R","BOSS","BOSS","R","$","E","BOSS"],"items_purchased_type":["Card","Card","Card","Card","Card","Card","Relic","Card","Card"],"build_version":"2020-12-22","purchased_purges":2,"victory":true,"max_hp_per_floor":[66,66,66,66,66,66,66,66,66,66,66,66,66,66,66,66,66,66,66,66,66,66,66,66,66,66,66,66,66,66,66,66,66,66,66,66,66,72,72,72,72,72,72,72,72,72,72,72,72,72,72,72,72,72,72,72],"relic_stats":{"Darkstone Periapt":6,"Centennial Puzzle":[12],"counters":[27,161],"Pantograph":64,"Snecko Eye":[139,165,139,132],"Juzu Bracelet":0,"Question Card":22,"obtain_stats":[{"Potion Belt":26,"Darkstone Periapt":28,"Thread and Needle":55,"The Courier":40,"Juzu Bracelet":44,"Frozen Egg 2":31,"Question Card":9,"Centennial Puzzle":47,"DollysMirror":37,"Pantograph":11,"Snecko Eye":34,"Fusion Hammer":17,"Ring of the Snake":0},{"Potion Belt":11,"Darkstone Periapt":12,"Thread and Needle":26,"The Courier":19,"Juzu Bracelet":21,"Frozen Egg 2":14,"Question Card":5,"Centennial Puzzle":23,"DollysMirror":17,"Pantograph":6,"Snecko Eye":15,"Fusion Hammer":8,"Ring of the Snake":0},{"Potion Belt":52,"Darkstone Periapt":58,"Thread and Needle":153,"The Courier":103,"Juzu Bracelet":112,"Frozen Egg 2":73,"Question Card":17,"Centennial Puzzle":124,"DollysMirror":94,"Pantograph":25,"Snecko Eye":83,"Fusion Hammer":37,"Ring of the Snake":0}],"Ring of the Snake":[54]},"card_choices":[{"not_picked":["PiercingWail","Bane"],"picked":"Deadly Poison","floor":1.0},{"not_picked":["Dagger Spray","Concentrate"],"picked":"Blur","floor":4.0},{"not_picked":["Predator","Backflip"],"picked":"Crippling Poison","floor":5.0},{"not_picked":["Infinite Blades","Acrobatics","Underhanded Strike"],"picked":"SKIP","floor":7.0},{"not_picked":["Infinite Blades","Acrobatics","Underhanded Strike"],"picked":"SKIP","floor":7.0},{"not_picked":["Setup","PiercingWail"],"picked":"Dagger Spray","floor":8.0},{"not_picked":["Calculated Gamble","Accuracy","Flying Knee"],"picked":"Venomology","floor":11.0},{"not_picked":["Deflect","Masterful Stab","Accuracy","Distraction"],"picked":"SKIP","floor":13.0},{"not_picked":["Unload","Doppelganger","Phantasmal Killer"],"picked":"Tools of the Trade","floor":16.0},{"not_picked":["Acrobatics","Slice+1","Sucker Punch"],"picked":"Bouncing Flask","floor":18.0},{"not_picked":["Deflect","Dagger Spray","Riddle With Holes"],"picked":"Catalyst","floor":22.0},{"not_picked":["Prepared","PiercingWail","Poisoned Stab"],"picked":"Catalyst","floor":24.0},{"not_picked":["Quick Slash","Catalyst","Distraction+1","Leg Sweep"],"picked":"SKIP","floor":28.0},{"not_picked":["Leg Sweep","Deadly Poison","Backflip"],"picked":"Tactician","floor":29.0},{"not_picked":["PiercingWail","Cloak And Dagger","Dodge and Roll"],"picked":"Malaise","floor":31.0},{"not_picked":["A Thousand Cuts+1","Malaise","Grand Finale"],"picked":"Night Terror","floor":33.0},{"not_picked":["Backflip","Sucker Punch","Deflect","Deadly Poison+1"],"picked":"SKIP","floor":35.0},{"not_picked":["Riddle With Holes","Prepared","Masterful Stab","Sucker Punch"],"picked":"SKIP","floor":36.0},{"not_picked":["Poisoned Stab","Tactician","Quick Slash","Outmaneuver"],"picked":"SKIP","floor":38},{"not_picked":["Sadistic Nature+1","Discovery","Flash of Steel"],"picked":"Apotheosis","floor":39},{"not_picked":["A Thousand Cuts+1","Underhanded Strike","PiercingWail","Skewer"],"picked":"SKIP","floor":40},{"not_picked":["Dagger Throw","Prepared+1","Quick Slash","Cloak And Dagger"],"picked":"SKIP","floor":41},{"not_picked":["Bane","Slice","Deadly Poison+1","Envenom+1"],"picked":"SKIP","floor":44},{"not_picked":["Sucker Punch+1","Bane","Predator","Flying Knee+1"],"picked":"SKIP","floor":46},{"not_picked":["Backflip+1","Infinite Blades+1","Flying Knee","Setup+1"],"picked":"SKIP","floor":47},{"not_picked":["Backflip","Riddle With Holes","Dodge and Roll+1","Footwork+1"],"picked":"SKIP","floor":55}],"player_experience":1783470,"relics_obtained":[{"floor":9.0,"key":"Question Card"},{"floor":11.0,"key":"Pantograph"},{"floor":26.0,"key":"Potion Belt"},{"floor":28.0,"key":"Darkstone Periapt"},{"floor":31.0,"key":"Frozen Egg 2"},{"floor":40,"key":"The Courier"},{"floor":44,"key":"Juzu Bracelet"},{"floor":47,"key":"Centennial Puzzle"},{"floor":55,"key":"Thread and Needle"}],"event_choices":[{"damage_healed":0.0,"max_hp_gain":0.0,"max_hp_loss":0.0,"gold_gain":0.0,"event_name":"Living Wall","player_choice":"Grow","floor":2.0,"gold_loss":0.0,"damage_taken":0.0,"cards_upgraded":["Deadly Poison"]},{"damage_healed":0.0,"max_hp_gain":0.0,"max_hp_loss":0.0,"gold_gain":75.0,"event_name":"World of Goop","player_choice":"Gather Gold","floor":3.0,"gold_loss":0.0,"damage_taken":11.0},{"damage_healed":0.0,"max_hp_gain":0.0,"max_hp_loss":0.0,"gold_gain":0.0,"event_name":"Accursed Blacksmith","player_choice":"Forge","floor":14.0,"gold_loss":0.0,"damage_taken":0.0,"cards_upgraded":["Blur"]},{"damage_healed":0.0,"max_hp_gain":0.0,"max_hp_loss":0.0,"gold_gain":270.0,"event_name":"Knowing Skull","player_choice":"GOLD GOLD GOLD ","floor":20.0,"potions_obtained":[],"gold_loss":0.0,"damage_taken":27.0,"cards_obtained":[]},{"damage_healed":0.0,"max_hp_gain":0.0,"max_hp_loss":0.0,"gold_gain":0.0,"cards_transformed":["Strike_G","Strike_G"],"event_name":"Drug Dealer","player_choice":"Became Test Subject","floor":25.0,"gold_loss":0.0,"damage_taken":0.0,"cards_obtained":["Dash","Leg Sweep"]},{"damage_healed":0,"gold_gain":0,"player_choice":"Memory 3","damage_taken":10,"max_hp_gain":0,"max_hp_loss":0,"event_name":"SensoryStone","floor":39,"gold_loss":0},{"damage_healed":0,"gold_gain":0,"player_choice":"Ignored","damage_taken":0,"max_hp_gain":0,"max_hp_loss":0,"event_name":"Tomb of Lord Red Mask","floor":48,"gold_loss":0}],"is_beta":false,"boss_relics":[{"not_picked":["Tiny House","Runic Dome"],"picked":"Fusion Hammer"},{"not_picked":["Sozu","SacredBark"],"picked":"Snecko Eye"}],"items_purged_floors":[19,54],"is_endless":false,"potions_floor_spawned":[7,11,13,16,24,29,31,33,36,38,40,46,47],"ascension_level":20}}