{"host":"7rbm8f2f6g6gk634","time":1609090879,"event":{"mods":["BaseMod","Colored Map","Filter the Spire","Minty Spire (QoL Compilation)","Relic Stats","StSLib"],"gold_per_floor":[118,132,150,26,26,61,61,61,85,85,117,137,148,178,178,280,330,344,344,358,358,13,47,47,75,75,75,89,89,118,135,135,237,237,253,265,315,20,0,28,28,61,86,97,97,97,117,117,117,117,117,117,67,95,95],"floor_reached":56,"playtime":6893,"items_purged":["Strike_G","Strike_G"],"score":1753,"play_id":"bd085c70-787c-404a-86cb-52175b3db564","local_time":"20201227184119","is_ascension_mode":true,"campfire_choices":[{"data":"Crippling Poison","floor":7,"key":"SMITH"},{"data":"Acrobatics","floor":10,"key":"SMITH"},{"data":"Tactician","floor":15,"key":"SMITH"},{"data":"Leg Sweep","floor":24,"key":"SMITH"},{"data":"Noxious Fumes","floor":27,"key":"SMITH"},{"data":"Adrenaline","floor":29,"key":"SMITH"},{"data":"Reflex","floor":32,"key":"SMITH"},{"data":"Riddle With Holes","floor":41,"key":"SMITH"},{"floor":45,"key":"RECALL"},{"data":"Acrobatics","floor":49,"key":"SMITH"},{"data":"Skewer","floor":52,"key":"SMITH"}],"circlet_count":0,"master_deck":["Strike_G","Strike_G","Defend_G+1","Defend_G+1","Defend_G","Defend_G","Defend_G","Survivor","Neutralize","Underhanded Strike","Crippling Poison+1","Sucker Punch","Acrobatics+1","Night Terror+1","Acrobatics+1","Tactician+1","PiercingWail","Skewer+1","Bullet Time","Leg Sweep+1","PiercingWail","Riddle With Holes+1","Noxious Fumes+1","Adrenaline+1","Reflex+1","Underhanded Strike+1","Corpse Explosion","Predator+1","PiercingWail+1","Acrobatics+1","Bouncing Flask+1"],"relics":["Snecko Eye","Pen Nib","Blood Vial","Letter Opener","War Paint","Tiny House","Gambling Chip","FossilizedHelix","Bottled Tornado","Kunai","Smiling Mask","Coffee Dripper","Tough Bandages","TungstenRod","Red Mask","Centennial Puzzle","The Specimen","Lantern","Toxic Egg 2","Nunchaku"],"acts_visited":["Exordium","TheCity","TheBeyond","TheEnding"],"potions_floor_usage":[23,55],"damage_taken":[{"damage":1,"enemies":"2 Louse","floor":1,"turns":4},{"damage":0,"enemies":"Small Slimes","floor":2,"turns":3},{"damage":0,"enemies":"Jaw Worm","floor":3,"turns":3},{"damage":16,"enemies":"3 Sentries","floor":6,"turns":10},{"damage":18,"enemies":"Gremlin Nob","floor":11,"turns":4},{"damage":5,"enemies":"Exordium Wildlife","floor":12,"turns":3},{"damage":0,"enemies":"3 Louse","floor":13,"turns":2},{"damage":7,"enemies":"Lagavulin","floor":14,"turns":5},{"damage":0,"enemies":"Hexaghost","floor":16,"turns":6},{"damage":0,"enemies":"2 Thieves","floor":18,"turns":2},{"damage":0,"enemies":"3 Byrds","floor":20,"turns":3},{"damage":1,"enemies":"Slavers","floor":23,"turns":5},{"damage":0,"enemies":"Book of Stabbing","floor":25,"turns":4},{"damage":0,"enemies":"Sentry and Sphere","floor":28,"turns":6},{"damage":0,"enemies":"Slavers","floor":30,"turns":3},{"damage":0,"enemies":"Cultist and Chosen","floor":31,"turns":3},{"damage":6,"enemies":"Automaton","floor":33,"turns":6},{"damage":15,"enemies":"3 Shapes","floor":35,"turns":3},{"damage":0,"enemies":"Orb Walker","floor":36,"turns":1},{"damage":0,"enemies":"Mind Bloom Boss Battle","floor":37,"turns":4},{"damage":7,"enemies":"Giant Head","floor":40,"turns":7},{"damage":0,"enemies":"Reptomancer","floor":42,"turns":4},{"damage":0,"enemies":"4 Shapes","floor":44,"turns":2},{"damage":0,"enemies":"Writhing Mass","floor":47,"turns":3},{"damage":0,"enemies":"Donu and Deca","floor":50,"turns":5},{"damage":23,"enemies":"Shield and Spear","floor":54,"turns":4},{"damage":28,"enemies":"The Heart","floor":55,"turns":9}],"seed_played":"643237545718801386","potions_obtained":[{"floor":6,"key":"FearPotion"},{"floor":12,"key":"GhostInAJar"},{"floor":14,"key":"AttackPotion"},{"floor":17,"key":"AttackPotion"},{"floor":18,"key":"DuplicationPotion"},{"floor":28,"key":"Energy Potion"},{"floor":37,"key":"Ancient Potion"},{"floor":54,"key":"FairyPotion"}],"is_trial":false,"path_per_floor":["M","M","M","$","?","E","R","?","T","R","E","M","M","E","R","B",null,"M","?","M","T","$","E","R","E","T","R","M","R","E","M","R","B",null,"M","M","?","$","?","E","R","E","T","M","R","T","M","?","R","B",null,"R","$","E","B",null],"character_chosen":"THE_SILENT","items_purchased":["Acrobatics","Gambling Chip","Noxious Fumes","TungstenRod"],"campfire_rested":0,"item_purchase_floors":[4,22,22,38],"current_hp_per_floor":[62,62,62,62,62,46,46,46,46,46,30,27,29,24,24,26,64,66,66,68,68,68,69,69,71,71,71,73,73,75,75,75,69,74,60,62,64,64,64,59,59,61,61,63,63,63,65,65,65,67,73,73,73,52,26],"gold":95,"neow_bonus":"BOSS_RELIC","is_daily":false,"chose_seed":false,"campfire_upgraded":10,"win_rate":0.0,"timestamp":1609090879,"path_taken":["M","M","M","$","?","E","R","?","T","R","E","M","M","E","R","BOSS","M","?","M","?","$","E","R","E","T","R","M","R","E","M","R","BOSS","M","M","?","$","?","E","R","E","T","M","R","?","?","?","R","BOSS","R","$","E","BOSS"],"items_purchased_type":["Card","Relic","Card","Relic"],"build_version":"2020-12-22","purchased_purges":2,"victory":true,"max_hp_per_floor":[70,70,70,70,70,70,70,70,70,70,70,70,70,70,70,70,75,75,75,75,75,75,75,75,75,75,75,75,75,75,75,75,75,75,75,75,75,75,75,75,75,75,75,75,75,75,75,75,75,75,75,75,75,75,75],"relic_stats":{"counters":[27,114],"Pen Nib":[24],"Letter Opener":[607],"War Paint":["Defend_G","Defend_G"],"Smiling Mask":50,"Blood Vial":41,"Tough Bandages":[213],"Centennial Puzzle":[6],"Nunchaku":[2],"Gambling Chip":[73],"Snecko Eye":[289,280,251,264],"Kunai":[37],"obtain_stats":[{"Lantern":43,"Tiny House":17,"The Specimen":42,"Pen Nib":6,"Letter Opener":11,"War Paint":14,"Bottled Tornado":25,"Smiling Mask":30,"Blood Vial":9,"Tough Bandages":37,"Centennial Puzzle":40,"Nunchaku":54,"Gambling Chip":22,"Snecko Eye":0,"Coffee Dripper":34,"Red Mask":39,"Kunai":26,"Toxic Egg 2":46,"FossilizedHelix":23,"TungstenRod":38,"Ring of the Snake":0},{"Lantern":22,"Tiny House":9,"The Specimen":22,"Pen Nib":4,"Letter Opener":5,"War Paint":8,"Bottled Tornado":13,"Smiling Mask":15,"Blood Vial":4,"Tough Bandages":20,"Centennial Puzzle":21,"Nunchaku":26,"Gambling Chip":11,"Snecko Eye":0,"Coffee Dripper":17,"Red Mask":20,"Kunai":13,"Toxic Egg 2":23,"FossilizedHelix":12,"TungstenRod":20,"Ring of the Snake":0},{"Lantern":91,"Tiny House":40,"The Specimen":91,"Pen Nib":20,"Letter Opener":24,"War Paint":34,"Bottled Tornado":54,"Smiling Mask":63,"Blood Vial":20,"Tough Bandages":80,"Centennial Puzzle":87,"Nunchaku":105,"Gambling Chip":45,"Snecko Eye":0,"Coffee Dripper":72,"Red Mask":80,"Kunai":54,"Toxic Egg 2":93,"FossilizedHelix":50,"TungstenRod":80,"Ring of the Snake":0}],"TungstenRod":42},"card_choices":[{"not_picked":["Flying Knee","Blur"],"picked":"Underhanded Strike","floor":1},{"not_picked":["PiercingWail","Flechettes"],"picked":"Crippling Poison","floor":2},{"not_picked":["Quick Slash","Poisoned Stab"],"picked":"Sucker Punch","floor":3},{"not_picked":["Dagger Throw","Heel Hook"],"picked":"Night Terror","floor":6},{"not_picked":["Setup","Concentrate"],"picked":"Tactician","floor":11},{"not_picked":["Blade Dance","Dagger Spray","Sucker Punch"],"picked":"SKIP","floor":12},{"not_picked":["Outmaneuver","Escape Plan"],"picked":"PiercingWail","floor":13},{"not_picked":["Choke","Acrobatics"],"picked":"Skewer","floor":14},{"not_picked":["Glass Knife","Burst"],"picked":"Bullet Time","floor":16},{"not_picked":["Finisher","Blade Dance"],"picked":"Leg Sweep","floor":17},{"not_picked":["Deflect","PiercingWail","Quick Slash"],"picked":"SKIP","floor":18},{"not_picked":["Deflect","Quick Slash"],"picked":"PiercingWail","floor":18},{"not_picked":["Terror","Dagger Spray+1"],"picked":"Riddle With Holes","floor":20},{"not_picked":["Dodge and Roll","Deadly Poison+1"],"picked":"Quick Slash+1","floor":23},{"not_picked":["Endless Agony","Flying Knee","Setup"],"picked":"SKIP","floor":25},{"not_picked":["Flying Knee+1","Infinite Blades"],"picked":"Adrenaline","floor":28},{"not_picked":["Predator","Backflip"],"picked":"Reflex","floor":30},{"not_picked":["Flechettes+1","Tactician"],"picked":"Underhanded Strike+1","floor":31},{"not_picked":["Unload","Burst"],"picked":"Corpse Explosion","floor":33},{"not_picked":["Reflex+1","Backflip+1"],"picked":"Predator+1","floor":35},{"not_picked":["Outmaneuver+1","Poisoned Stab+1","Concentrate+1"],"picked":"SKIP","floor":36},{"not_picked":["Poisoned Stab+1","Choke"],"picked":"PiercingWail+1","floor":37},{"not_picked":["Dagger Spray+1","Infinite Blades","Accuracy+1"],"picked":"SKIP","floor":40},{"not_picked":["Reflex+1","Endless Agony+1"],"picked":"Acrobatics+1","floor":42},{"not_picked":["Distraction+1","Prepared+1","Backflip"],"picked":"SKIP","floor":44},{"not_picked":["Setup+1","Concentrate+1","Flechettes"],"picked":"SKIP","floor":47},{"not_picked":["Flying Knee","Night Terror+1"],"picked":"Bouncing Flask+1","floor":54}],"player_experience":334436,"relics_obtained":[{"floor":6,"key":"Pen Nib"},{"floor":9,"key":"Blood Vial"},{"floor":11,"key":"Letter Opener"},{"floor":14,"key":"War Paint"},{"floor":23,"key":"FossilizedHelix"},{"floor":25,"key":"Bottled Tornado"},{"floor":26,"key":"Kunai"},{"floor":30,"key":"Smiling Mask"},{"floor":37,"key":"Tough Bandages"},{"floor":40,"key":"Centennial Puzzle"},{"floor":42,"key":"The Specimen"},{"floor":43,"key":"Lantern"},{"floor":46,"key":"Toxic Egg 2"},{"floor":54,"key":"Nunchaku"}],"event_choices":[{"damage_healed":0,"gold_gain":0,"player_choice":"Ignored","damage_taken":0,"max_hp_gain":0,"max_hp_loss":0,"event_name":"Liars Game","floor":5,"gold_loss":0},{"damage_healed":0,"gold_gain":0,"cards_transformed":["Strike_G"],"player_choice":"Change","damage_taken":0,"max_hp_gain":0,"max_hp_loss":0,"event_name":"Living Wall","floor":8,"gold_loss":0,"cards_obtained":["Acrobatics"]},{"damage_healed":0,"gold_gain":0,"player_choice":"Ignored","damage_taken":0,"max_hp_gain":0,"max_hp_loss":0,"event_name":"Vampires","floor":19,"gold_loss":0},{"damage_healed":0,"gold_gain":0,"player_choice":"Fight","damage_taken":0,"max_hp_gain":0,"max_hp_loss":0,"event_name":"MindBloom","floor":37,"gold_loss":0},{"damage_healed":0,"gold_gain":0,"player_choice":"Paid","damage_taken":0,"relics_obtained":["Red Mask"],"max_hp_gain":0,"max_hp_loss":0,"event_name":"Tomb of Lord Red Mask","floor":39,"gold_loss":20},{"cards_removed":["Quick Slash"],"damage_healed":0,"gold_gain":0,"player_choice":"Removed Attack","damage_taken":0,"max_hp_gain":0,"max_hp_loss":0,"event_name":"Falling","floor":48,"gold_loss":0}],"is_beta":false,"boss_relics":[{"not_picked":["Velvet Choker","Runic Dome"],"picked":"Tiny House"},{"not_picked":["SlaversCollar","Empty Cage"],"picked":"Coffee Dripper"}],"items_purged_floors":[4,53],"is_endless":false,"potions_floor_spawned":[6,12,14,18,20,28,30,31,36,37,40,47,54],"ascension_level":6}}