{"host":"Finnegan","time":1609113180,"event":{"mods":["AchievementEnabler","BaseMod","Colored Map","Colored Powertips","Highlight Path","Minty Spire (QoL Compilation)","Permanent Neow","Quick Restart","Rare Cards Sparkle","Relic Stats","Slay-I","StSLib","everything is the same but u backflip on backflip","slay the spire mod where everything is the same but ironclad has a cowboy hat"],"gold_per_floor":[19,37,47,122,142,142,155,305,331,358,358,377,392,65,65,143,143,154,5,23,23,36,36,36,36,62,76,76,76],"floor_reached":28,"playtime":1019,"items_purged":[],"score":389,"play_id":"9811e7b6-38bd-4e66-bbf0-3b26ebb3bacd","local_time":"20201228005300","is_ascension_mode":true,"campfire_choices":[{"data":"Survivor","floor":6.0,"key":"SMITH"},{"floor":11.0,"key":"REST"},{"data":"After Image","floor":15.0,"key":"SMITH"},{"data":"Wraith Form v2","floor":23,"key":"SMITH"},{"data":"Bouncing Flask","floor":25,"key":"SMITH"}],"circlet_count":0,"master_deck":["AscendersBane","Strike_G","Strike_G","Strike_G","Strike_G","Defend_G","Defend_G","Defend_G","Defend_G","Survivor+1","Neutralize","After Image+1","Poisoned Stab","Masterful Stab","Poisoned Stab","Doubt","Wraith Form v2+1","Sucker Punch","Sadistic Nature","Unload","Die Die Die","Bouncing Flask+1","Wraith Form v2+1","Footwork+1"],"relics":["Ring of the Snake","Bag of Marbles","Bronze Scales","Happy Flower","Black Star","Sling","Centennial Puzzle"],"acts_visited":["Exordium","TheCity"],"potions_floor_usage":[22],"damage_taken":[{"damage":9.0,"enemies":"Jaw Worm","floor":1.0,"turns":5.0},{"damage":3.0,"enemies":"Small Slimes","floor":2.0,"turns":4.0},{"damage":0.0,"enemies":"Cultist","floor":3.0,"turns":4.0},{"damage":1.0,"enemies":"2 Fungi Beasts","floor":5.0,"turns":3.0},{"damage":8.0,"enemies":"Looter","floor":7.0,"turns":3.0},{"damage":20.0,"enemies":"3 Sentries","floor":10.0,"turns":11.0},{"damage":0.0,"enemies":"Large Slime","floor":12.0,"turns":7.0},{"damage":0.0,"enemies":"Gremlin Gang","floor":13.0,"turns":4.0},{"damage":17.0,"enemies":"The Guardian","floor":16.0,"turns":10.0},{"damage":12,"enemies":"Shell Parasite","floor":18,"turns":7},{"damage":10,"enemies":"Chosen","floor":20,"turns":5},{"damage":0,"enemies":"Snake Plant","floor":22,"turns":2},{"damage":17,"enemies":"Snecko","floor":27,"turns":6},{"damage":7,"enemies":"Shelled Parasite and Fungi","floor":28,"turns":2}],"seed_played":"4400828460267608961","potions_obtained":[{"floor":2.0,"key":"AttackPotion"},{"floor":3.0,"key":"SmokeBomb"},{"floor":10.0,"key":"SkillPotion"},{"floor":12.0,"key":"Dexterity Potion"},{"floor":20,"key":"DistilledChaos"},{"floor":22,"key":"Block Potion"}],"is_trial":false,"path_per_floor":["M","M","M","?","M","R","M","?","T","E","R","M","M","$","R","B",null,"M","$","M","?","M","R","?","R","T","M","M"],"character_chosen":"THE_SILENT","items_purchased":["Happy Flower","Sadistic Nature","Sling"],"campfire_rested":1,"item_purchase_floors":[14,14,19],"current_hp_per_floor":[50,47,47,36,35,35,27,27,27,7,26,26,26,26,26,9,52,40,40,30,30,30,30,30,30,30,13,6,6],"gold":76,"neow_bonus":"THREE_RARE_CARDS","is_daily":false,"chose_seed":false,"campfire_upgraded":4,"win_rate":0.0,"timestamp":1609113180,"path_taken":["M","M","M","?","M","R","M","?","T","E","R","M","M","$","R","BOSS","M","$","M","?","M","R","?","R","T","M","M"],"items_purchased_type":["Relic","Card","Relic"],"build_version":"2020-12-18","purchased_purges":0,"victory":false,"max_hp_per_floor":[66,66,66,66,66,66,66,66,66,66,66,66,66,66,66,66,66,66,66,66,66,66,66,66,66,66,66,66,66],"relic_stats":{"Centennial Puzzle":[6],"Happy Flower":[10],"counters":[14,73],"Bronze Scales":[135],"Black Star":0,"obtain_stats":[{"Centennial Puzzle":26,"Happy Flower":14,"Bronze Scales":10,"Bag of Marbles":9,"Black Star":17,"Sling":19,"Ring of the Snake":0},{"Centennial Puzzle":12,"Happy Flower":8,"Bronze Scales":6,"Bag of Marbles":5,"Black Star":9,"Sling":10,"Ring of the Snake":0},{"Centennial Puzzle":65,"Happy Flower":41,"Bronze Scales":30,"Bag of Marbles":19,"Black Star":51,"Sling":58,"Ring of the Snake":0}],"Ring of the Snake":[28]},"card_choices":[{"not_picked":["Corpse Explosion","Burst"],"picked":"After Image","floor":0.0},{"not_picked":["Dagger Spray","Catalyst"],"picked":"Poisoned Stab","floor":1.0},{"not_picked":["PiercingWail","Escape Plan"],"picked":"Masterful Stab","floor":2.0},{"not_picked":["Acrobatics","Well Laid Plans","PiercingWail"],"picked":"SKIP","floor":3.0},{"not_picked":["PiercingWail","Deadly Poison","Dagger Spray"],"picked":"SKIP","floor":5.0},{"not_picked":["Flying Knee","Cloak And Dagger"],"picked":"Poisoned Stab","floor":7.0},{"not_picked":["Riddle With Holes","Concentrate"],"picked":"Wraith Form v2","floor":10.0},{"not_picked":["Underhanded Strike","Bane"],"picked":"Sucker Punch","floor":12.0},{"not_picked":["Slice","Distraction","Setup"],"picked":"SKIP","floor":13.0},{"not_picked":["Bullet Time","Venomology"],"picked":"Unload","floor":16.0},{"not_picked":["PiercingWail","Prepared","Outmaneuver+1"],"picked":"SKIP","floor":18},{"not_picked":["Underhanded Strike","Finisher","Crippling Poison"],"picked":"SKIP","floor":20},{"not_picked":["Dash","Choke","Quick Slash+1"],"picked":"SKIP","floor":22},{"not_picked":["PiercingWail","Poisoned Stab+1"],"picked":"Footwork+1","floor":27}],"player_experience":911488,"relics_obtained":[{"floor":9.0,"key":"Bag of Marbles"},{"floor":10.0,"key":"Bronze Scales"},{"floor":26,"key":"Centennial Puzzle"}],"event_choices":[{"damage_healed":0.0,"max_hp_gain":0.0,"max_hp_loss":0.0,"gold_gain":75.0,"event_name":"World of Goop","player_choice":"Gather Gold","floor":4.0,"gold_loss":0.0,"damage_taken":11.0},{"damage_healed":0.0,"max_hp_gain":0.0,"max_hp_loss":0.0,"gold_gain":150.0,"event_name":"Liars Game","player_choice":"AGREE","floor":8.0,"gold_loss":0.0,"damage_taken":0.0,"cards_obtained":["Doubt"]},{"damage_healed":0,"gold_gain":0,"cards_transformed":["Strike_G","Defend_G"],"player_choice":"Became Test Subject","damage_taken":0,"max_hp_gain":0,"max_hp_loss":0,"event_name":"Drug Dealer","floor":21,"gold_loss":0,"cards_obtained":["Die Die Die","Bouncing Flask"]},{"damage_healed":0,"gold_gain":0,"player_choice":"Copied","damage_taken":0,"max_hp_gain":0,"max_hp_loss":0,"event_name":"Duplicator","floor":24,"gold_loss":0,"cards_obtained":["Wraith Form v2"]}],"is_beta":true,"boss_relics":[{"not_picked":["Cursed Key","Philosopher\u0027s Stone"],"picked":"Black Star"}],"items_purged_floors":[],"is_endless":false,"potions_floor_spawned":[2,3,10,12,20,22],"killed_by":"Shelled Parasite and Fungi","ascension_level":15}}