{"host":"vydapxfau6612551","time":1609063692,"event":{"mods":["AchievementEnabler","BaseMod","Minty Spire (QoL Compilation)","StSLib","SuperFastMode"],"gold_per_floor":[113,188,188,205,215,241,241,241,241,285,285,285,320,335,335,466,466,480,495,508,527,542,542,542],"floor_reached":23,"playtime":1016,"items_purged":[],"score":323,"play_id":"22cd9eaa-0b7d-4298-bf57-931b346716b3","local_time":"20201227190812","is_ascension_mode":true,"campfire_choices":[{"data":"Feed","floor":7.0,"key":"SMITH"},{"floor":11.0,"key":"REST"},{"floor":15.0,"key":"RECALL"}],"circlet_count":0,"master_deck":["Strike_R","Strike_R","Strike_R","Strike_R","Strike_R","Defend_R","Defend_R","Defend_R","Defend_R","Bash","Carnage","Armaments+1","Clothesline","Feed+1","Flex+1","Shrug It Off+1","Warcry+1","Immolate","Armaments+1","Blood for Blood","Sword Boomerang+1","Power Through+1","Battle Trance+1"],"relics":["Black Blood","NeowsBlessing","Toxic Egg 2","Question Card","Golden Idol","Torii","CaptainsWheel"],"acts_visited":["Exordium","TheCity"],"potions_floor_usage":[21],"damage_taken":[{"damage":0.0,"enemies":"2 Louse","floor":1.0,"turns":1.0},{"damage":0.0,"enemies":"Small Slimes","floor":4.0,"turns":1.0},{"damage":0.0,"enemies":"Jaw Worm","floor":5.0,"turns":1.0},{"damage":8.0,"enemies":"Gremlin Nob","floor":6.0,"turns":3.0},{"damage":39.0,"enemies":"3 Sentries","floor":10.0,"turns":9.0},{"damage":30.0,"enemies":"Lagavulin","floor":13.0,"turns":6.0},{"damage":1.0,"enemies":"Exordium Wildlife","floor":14.0,"turns":5.0},{"damage":33.0,"enemies":"The Guardian","floor":16.0,"turns":11.0},{"damage":23.0,"enemies":"3 Byrds","floor":18.0,"turns":6.0},{"damage":26.0,"enemies":"Shell Parasite","floor":19.0,"turns":7.0},{"damage":7,"enemies":"3 Cultists","floor":20,"turns":4},{"damage":19,"enemies":"Shelled Parasite and Fungi","floor":21,"turns":4},{"damage":36,"enemies":"Chosen and Byrds","floor":22,"turns":7},{"damage":53,"enemies":"Gremlin Leader","floor":23,"turns":4}],"seed_played":"-4099119741837384738","potions_obtained":[{"floor":4.0,"key":"Swift Potion"},{"floor":13.0,"key":"Regen Potion"},{"floor":14.0,"key":"Regen Potion"},{"floor":19.0,"key":"Energy Potion"},{"floor":21,"key":"Dexterity Potion"},{"floor":22,"key":"BlessingOfTheForge"}],"is_trial":false,"path_per_floor":["M","?","?","M","M","E","R","?","T","E","R","?","E","M","R","B",null,"M","M","M","M","M","E"],"character_chosen":"IRONCLAD","items_purchased":[],"campfire_rested":1,"item_purchase_floors":[],"current_hp_per_floor":[78,67,55,61,67,65,65,65,65,32,54,59,39,44,44,74,84,77,63,72,69,49,0,0],"gold":542,"neow_bonus":"THREE_ENEMY_KILL","is_daily":false,"chose_seed":false,"campfire_upgraded":1,"win_rate":0.0,"timestamp":1609063692,"path_taken":["M","?","?","?","M","E","R","?","T","E","R","?","E","M","R","BOSS","M","M","M","M","M","E"],"items_purchased_type":[],"build_version":"2020-12-22","purchased_purges":0,"victory":false,"max_hp_per_floor":[80,80,80,80,80,80,80,74,74,74,74,79,83,83,83,87,87,91,91,95,99,103,103,103],"card_choices":[{"not_picked":["Iron Wave","Uppercut"],"picked":"Carnage","floor":1.0},{"not_picked":["True Grit+1","Cleave"],"picked":"Armaments+1","floor":4.0},{"not_picked":["Body Slam","Clash"],"picked":"Clothesline","floor":5.0},{"not_picked":["Sever Soul","Headbutt"],"picked":"Feed","floor":6.0},{"not_picked":["Twin Strike","Perfected Strike","Clothesline"],"picked":"Flex+1","floor":10.0},{"not_picked":["Fiend Fire","Warcry+1","Flex+1"],"picked":"Shrug It Off+1","floor":13.0},{"not_picked":["Whirlwind","Body Slam","Heavy Blade"],"picked":"Warcry+1","floor":14.0},{"not_picked":["Fiend Fire","Berserk","Bludgeon"],"picked":"Immolate","floor":16.0},{"not_picked":["Thunderclap","Inflame","Infernal Blade+1"],"picked":"Armaments+1","floor":18.0},{"not_picked":["Clash","Cleave+1","Armaments+1"],"picked":"Blood for Blood","floor":19.0},{"not_picked":["Perfected Strike","Entrench+1","Ghostly Armor+1"],"picked":"Sword Boomerang+1","floor":20},{"not_picked":["Metallicize+1","Wild Strike","Second Wind+1"],"picked":"Power Through+1","floor":21},{"not_picked":["Pommel Strike+1","Clothesline","Dropkick+1"],"picked":"Battle Trance+1","floor":22}],"player_experience":392363,"relics_obtained":[{"floor":6.0,"key":"Question Card"},{"floor":10.0,"key":"Torii"},{"floor":13.0,"key":"CaptainsWheel"}],"event_choices":[{"damage_healed":0.0,"max_hp_gain":0.0,"max_hp_loss":0.0,"gold_gain":75.0,"event_name":"World of Goop","player_choice":"Gather Gold","floor":2.0,"gold_loss":0.0,"damage_taken":11.0},{"damage_healed":0.0,"max_hp_gain":0.0,"max_hp_loss":0.0,"gold_gain":0.0,"event_name":"Scrap Ooze","player_choice":"Success","floor":3.0,"gold_loss":0.0,"damage_taken":12.0,"relics_obtained":["Toxic Egg 2"]},{"damage_healed":0.0,"max_hp_gain":0.0,"max_hp_loss":6.0,"gold_gain":0.0,"event_name":"Golden Idol","player_choice":"Lose Max HP","floor":8.0,"gold_loss":0.0,"damage_taken":0.0,"relics_obtained":["Golden Idol"]},{"damage_healed":0.0,"max_hp_gain":5.0,"max_hp_loss":0.0,"gold_gain":0.0,"event_name":"Big Fish","player_choice":"Donut","floor":12.0,"gold_loss":0.0,"damage_taken":0.0}],"is_beta":false,"boss_relics":[{"not_picked":["Coffee Dripper","Ectoplasm"],"picked":"Black Blood"}],"items_purged_floors":[],"is_endless":false,"potions_floor_spawned":[4,13,14,19,21,22],"killed_by":"Gremlin Leader","ascension_level":8}}