{"host":"b0l902yh1rk3g5bq","time":1609075929,"event":{"mods":["AchievementEnabler","Act Like it!","Aspiration","BaseMod","Better Match","Better Sensory Stone","Better Skull","Better Third Choice","BetterRewards","Challenge The Spire","Colored Map","Colored Powertips","Conspire","Downfall","Energized Spire","GifTheSpireLib","Halation","Hubris","Infinite Spire","Minty Spire (QoL Compilation)","Quick Restart","Rare Cards Sparkle","Replay The Spire","StSLib","Stuff the Spire","Trackpad","Virulent Crown","Wandering Minibosses","egg","everything is the same but u backflip on backflip","vexMod"],"gold_per_floor":[111,111,126,155,169,194,194,204,204,204,204],"floor_reached":10,"playtime":306,"items_purged":[],"score":116,"play_id":"494267ba-e293-4df5-82fa-dbe65599970d","local_time":"20201227143209","is_ascension_mode":true,"campfire_choices":[{"floor":7,"key":"REST"}],"circlet_count":0,"master_deck":["AscendersBane","Strike_G","Strike_G","Strike_G","Strike_G","Strike_G","Defend_G","Defend_G","Defend_G","Defend_G","Defend_G","Survivor","Neutralize","Cloak And Dagger","Toxin Wave"],"relics":["Ring of the Snake","NeowsBlessing","trackpad:WritersBlock","infinitespire:CheckeredPen","Vajra","halation:WeightlessCrab"],"acts_visited":["Exordium"],"potions_floor_usage":[],"damage_taken":[{"damage":0,"enemies":"2 Louse","floor":1,"turns":1},{"damage":0,"enemies":"Small Slimes","floor":3,"turns":1},{"damage":0,"enemies":"conspire:MimicChest","floor":4,"turns":1},{"damage":4,"enemies":"Jaw Worm","floor":5,"turns":4},{"damage":46,"enemies":"Lagavulin","floor":6,"turns":10},{"damage":10,"enemies":"Exordium Thugs","floor":8,"turns":5},{"damage":21,"enemies":"Replay:BlueRogue","floor":10,"turns":3}],"seed_played":"-3857504257606882603","potions_obtained":[{"floor":8,"key":"Energy Potion"}],"is_trial":false,"path_per_floor":["M","?","M","?","M","E","R","M","T","E"],"character_chosen":"THE_SILENT","items_purchased":[],"campfire_rested":1,"item_purchase_floors":[],"current_hp_per_floor":[59,52,52,52,48,2,21,11,11,0,0],"gold":204,"neow_bonus":"THREE_ENEMY_KILL","is_daily":false,"chose_seed":false,"campfire_upgraded":0,"win_rate":0.0,"timestamp":1609075929,"path_taken":["M","?","M","?","M","E","R","M","T","E"],"items_purchased_type":[],"build_version":"2020-12-22","purchased_purges":0,"victory":false,"max_hp_per_floor":[66,66,66,66,66,66,66,66,66,66,66],"card_choices":[{"not_picked":["StuffTheSpire:ClusterCrunch","Sneak Up","Dagger Throw"],"picked":"SKIP","floor":1},{"not_picked":["Sneak Up","Underhanded Strike","hubris:TrickCloak"],"picked":"SKIP","floor":3},{"not_picked":["hubris:SlightOfHand","hubris:Sniper"],"picked":"Cloak And Dagger","floor":5},{"not_picked":["StuffTheSpire:BumpUp","Prepared","Deflect"],"picked":"SKIP","floor":6},{"not_picked":["StuffTheSpire:Fury","Catalyst"],"picked":"Toxin Wave","floor":8}],"player_experience":594493,"relics_obtained":[{"floor":4,"key":"infinitespire:CheckeredPen"},{"floor":6,"key":"Vajra"},{"floor":9,"key":"halation:WeightlessCrab"}],"event_choices":[{"damage_healed":0,"gold_gain":0,"player_choice":"Relic ","damage_taken":7,"max_hp_gain":0,"max_hp_loss":0,"event_name":"betterThird:BetterScrap","floor":2,"gold_loss":0,"cards_obtained":["Rage"]}],"is_beta":false,"boss_relics":[],"items_purged_floors":[],"is_endless":false,"potions_floor_spawned":[8],"killed_by":"Replay:BlueRogue","ascension_level":14}}