{"host":"cz3p2o9n3b1gdmkz","time":1609087510,"event":{"mods":["AchievementEnabler","BaseMod","CapriCore","GungeonMod","Hermit","Lobotomy","Minty Spire (QoL Compilation)","Replay The Spire","Shop Mod","StSLib","SuperFastMode","The Cursed","The Dragon Tamer","The Gatherer","The Jungle","The Poker Player","The Runesmith"],"gold_per_floor":[114,114,129,147,147,147,166,166,193,214,214,214,243,276,276,286,286,286],"floor_reached":16,"playtime":463,"items_purged":[],"score":169,"play_id":"17b0bc3b-3ef1-43fc-852a-0e9e1e2d573b","local_time":"20201228014510","is_ascension_mode":true,"metric_token":1117,"campfire_choices":[{"data":"Gatherer:FlowerWhip","floor":6.0,"key":"SMITH"},{"data":"DemoMod:TableTechMoney","floor":8.0,"key":"SMITH"},{"data":"Gatherer:Centralize","floor":15,"key":"SMITH"}],"circlet_count":0,"master_deck":["AscendersBane","Gatherer:Strike_Gatherer","Gatherer:Strike_Gatherer","Gatherer:Strike_Gatherer","Gatherer:Strike_Gatherer","Gatherer:Defend_Gatherer","Gatherer:Defend_Gatherer","Gatherer:Defend_Gatherer","Gatherer:Defend_Gatherer","Gatherer:Defend_Gatherer","Gatherer:Centralize+1","Gatherer:FlowerWhip+1","Defend_P","DemoMod:TableTechMoney+1","Gatherer:Photoscythe","Gatherer:FlowerFalling","Gatherer:FlowerShield","Gatherer:AlchemyTrial"],"relics":["Gatherer:AlchemyBag","Omamori","Golden Idol"],"acts_visited":["Exordium"],"potions_floor_usage":[16,16],"damage_taken":[{"damage":0.0,"enemies":"Cultist","floor":1.0,"turns":4.0},{"damage":2.0,"enemies":"Jaw Worm","floor":3.0,"turns":3.0},{"damage":12.0,"enemies":"Small Slimes","floor":4.0,"turns":2.0},{"damage":0.0,"enemies":"2 Fungi Beasts","floor":7.0,"turns":4.0},{"damage":12.0,"enemies":"Blue Slaver","floor":10.0,"turns":4.0},{"damage":0,"enemies":"Looter","floor":13,"turns":3},{"damage":0,"enemies":"Red Slaver","floor":14,"turns":2},{"damage":42,"enemies":"Fading Forest","floor":16,"turns":8}],"seed_played":"3861122945380359842","potions_obtained":[{"floor":13,"key":"Strength Potion"},{"floor":14,"key":"SpeedPotion"}],"is_trial":false,"path_per_floor":["M","?","M","M","?","R","M","R","T","M","?","?","M","M","R","B"],"character_chosen":"THE_GATHERER","items_purchased":[],"campfire_rested":0,"item_purchase_floors":[],"current_hp_per_floor":[60,60,58,46,46,46,46,46,46,34,34,34,34,34,34,0,0,0],"gold":286,"neow_bonus":"THREE_RARE_CARDS","is_daily":false,"chose_seed":false,"campfire_upgraded":3,"win_rate":0.0,"timestamp":1609087510,"path_taken":["M","?","M","M","?","R","M","R","T","M","?","?","M","M","R","BOSS"],"items_purchased_type":[],"build_version":"2020-12-22","purchased_purges":0,"victory":false,"max_hp_per_floor":[67,67,67,67,67,67,67,67,67,67,67,67,67,67,67,67,67,67],"card_choices":[{"not_picked":["Gatherer:BomberForm","Gatherer:Bulldoze"],"picked":"Gatherer:Photoscythe","floor":0.0},{"not_picked":["Gatherer:DrugPower","Gatherer:Convert"],"picked":"Gatherer:FlowerFalling","floor":1.0},{"not_picked":["Gatherer:CarefulStrike","Gatherer:TacticalStrike","Gatherer:QuickSynthesis"],"picked":"SKIP","floor":3.0},{"not_picked":["Gatherer:SmartManeuver","Gatherer:CollectorsShot","Gatherer:Snatch"],"picked":"SKIP","floor":4.0},{"not_picked":["Gatherer:ScrollOfWall","Gatherer:Convert","Gatherer:TreeGrowth"],"picked":"SKIP","floor":7.0},{"not_picked":["Gatherer:TacticalStrike","Gatherer:Herbalism","Gatherer:FruitForce"],"picked":"SKIP","floor":10.0},{"not_picked":["Gatherer:FlowerPower","Gatherer:BalancedGrowth"],"picked":"Gatherer:FlowerShield","floor":13},{"not_picked":["Gatherer:EchoOfNature","Gatherer:BambuSword"],"picked":"Gatherer:AlchemyTrial","floor":14}],"player_experience":1047906,"relics_obtained":[{"floor":9.0,"key":"Omamori"}],"event_choices":[{"damage_healed":0.0,"max_hp_gain":0.0,"max_hp_loss":0.0,"gold_gain":0.0,"event_name":"Liars Game","player_choice":"Ignored","floor":5.0,"gold_loss":0.0,"damage_taken":0.0},{"damage_healed":0,"gold_gain":0,"player_choice":"Take Wound","damage_taken":0,"relics_obtained":["Golden Idol"],"max_hp_gain":0,"max_hp_loss":0,"event_name":"Golden Idol","floor":12,"gold_loss":0,"cards_obtained":["Injury"]}],"is_beta":false,"boss_relics":[],"items_purged_floors":[],"is_endless":false,"potions_floor_spawned":[13,14],"killed_by":"Fading Forest","ascension_level":16}}