{"host":"htqwg582tjjtn9p7","time":1609091018,"event":{"mods":["2.2 Compatiblity","AchievementEnabler","Act Like it!","Aspiration","BaseMod","Better Third Choice","Colored Map","Conspire","Curses Come First","Displayed Cursed Tome","Energized Spire","Force Act Four","GifTheSpireLib","Hermit","Highlight Path","JesterMod","Mad Scientist","Minty Spire (QoL Compilation)","Pale of the Ancients","Permanent Neow","Random Character Button","Relic Stats","Replay The Spire","Robot Space Explorer","Somnambulant","Spicy Shops","Spikes Relics","StSLib","Stuff the Spire","The Blue Laboratory","The Disciple","The Dragon Tamer","The Forsaken","The Gatherer","The Judge","The Jungle","The Marked","The Runesmith","The Servant 0.9.4"],"gold_per_floor":[113,125,125,125,144,174,186,186,186,186,220,243,275,294,294,395,395,409,444,444,19,35,35,53,53,53,79,90,116,136,136,136,239,239,252,252,270,288,298,298,317,317,317,342,342,342],"floor_reached":45,"playtime":2816,"items_purged":["Runesmith:PoweredAnvil"],"score":739,"play_id":"a5cb01aa-3883-44b3-813e-1b3151ff429e","local_time":"20201227184337","is_ascension_mode":true,"campfire_choices":[{"data":"Runesmith:CraftMagma","floor":8,"key":"SMITH"},{"data":"Runesmith:EnergizedChisel","floor":10,"key":"SMITH"},{"floor":15,"key":"REST"},{"floor":23,"key":"REST"},{"floor":25,"key":"REST"},{"data":"Runesmith:Fortify","floor":32,"key":"SMITH"},{"floor":40,"key":"REST"},{"data":"Runesmith:Fortify","floor":42,"key":"SMITH"}],"circlet_count":0,"master_deck":["conspire:GhostlyStrike","conspire:GhostlyStrike","conspire:GhostlyStrike","conspire:GhostlyStrike","conspire:GhostlyDefend","conspire:GhostlyDefend","conspire:GhostlyDefend","conspire:GhostlyDefend","Runesmith:CraftFirestone","Runesmith:Overpower","Runesmith:CraftMagma+1","Runesmith:EnergizedChisel+1","Runesmith:LightningRod","Runesmith:HammerThrow","Runesmith:Grindstone","Runesmith:CraftMagma","Runesmith:LightningRod","Runesmith:HammerThrow+1","Runesmith:EarthShield","Runesmith:LightningRod","Runesmith:Repurpose","Runesmith:Fortify+1","Runesmith:RuneHurl","Runesmith:EarthShield","Runesmith:EarthShield","Runesmith:Firestorm+1","Runesmith:Fortify+1","Runesmith:BackupBattery+1","Runesmith:HammerThrow+1","Runesmith:Malloc+1","Runesmith:Repurpose+1"],"relics":["Runesmith:BrokenRuby","Vajra","Simple Rune","Bag of Marbles","Odd Mushroom","aspiration:HiddenCompartment","StuffTheSpire:Kangaroo","Red Mask","PreservedInsect","DollysMirror","StuffTheSpire:Mouthbags","aspiration:DSix","conspire:Flyswatter","aspiration:MobileForge","Akabeko","Pen Nib"],"acts_visited":["Exordium","TheCity","TheBeyond"],"potions_floor_usage":[13,19,19,19,22,29,37,39,44],"damage_taken":[{"damage":5,"enemies":"Jaw Worm","floor":1,"turns":4},{"damage":0,"enemies":"conspire:RoseBush","floor":2,"turns":3},{"damage":4,"enemies":"Cultist","floor":5,"turns":4},{"damage":5,"enemies":"Replay:BlueRogue","floor":6,"turns":8},{"damage":0,"enemies":"Red Slaver","floor":7,"turns":4},{"damage":8,"enemies":"Gremlin Nob","floor":11,"turns":4},{"damage":0,"enemies":"The Mushroom Lair","floor":12,"turns":5},{"damage":14,"enemies":"3 Sentries","floor":13,"turns":5},{"damage":0,"enemies":"Looter","floor":14,"turns":3},{"damage":30,"enemies":"Slime Boss","floor":16,"turns":11},{"damage":22,"enemies":"conspire:FuzzyDice","floor":18,"turns":6},{"damage":20,"enemies":"Masked Bandits","floor":19,"turns":8},{"damage":0,"enemies":"2 Thieves","floor":22,"turns":3},{"damage":0,"enemies":"Centurion and Healer","floor":24,"turns":8},{"damage":0,"enemies":"conspire:Head Lice","floor":27,"turns":12},{"damage":0,"enemies":"conspire:HollyBat","floor":28,"turns":12},{"damage":5,"enemies":"Slavers","floor":29,"turns":4},{"damage":0,"enemies":"Shelled Parasite and Fungi","floor":30,"turns":8},{"damage":6,"enemies":"Pondfish","floor":33,"turns":21},{"damage":0,"enemies":"3 Shapes","floor":35,"turns":4},{"damage":1,"enemies":"Orb Walker","floor":37,"turns":6},{"damage":9,"enemies":"Writhing Mass","floor":38,"turns":9},{"damage":23,"enemies":"Spire Growth","floor":39,"turns":5},{"damage":0,"enemies":"Maw","floor":41,"turns":11},{"damage":29,"enemies":"Nemesis","floor":44,"turns":7},{"damage":33,"enemies":"Transient","floor":45,"turns":4}],"seed_played":"2596736287369646927","potions_obtained":[{"floor":2,"key":"blueLaboratory:BottleOfVodka"},{"floor":5,"key":"blueLaboratory:NullPotion"},{"floor":11,"key":"Ancient Potion"},{"floor":18,"key":"blueLaboratory:ExaltedPotion"},{"floor":22,"key":"blueLaboratory:PhilterOfMotion"},{"floor":24,"key":"Strength Potion"},{"floor":29,"key":"Swift Potion"},{"floor":35,"key":"Adrenaline Potion"},{"floor":39,"key":"blueLaboratory:SavagePotion"},{"floor":41,"key":"AttackPotion"}],"is_trial":false,"path_per_floor":["M","M","?","?","M","E","M","R","T","R","E","?","E","M","R","B",null,"M","?","?","$","M","R","M","R","T","E","M","E","M","?","R","B",null,"M","?","M","M","M","R","M","R","T","E","M"],"character_chosen":"RUNESMITH_CLASS","items_purchased":["PreservedInsect","DollysMirror","Strength Potion"],"campfire_rested":4,"item_purchase_floors":[21,21,21],"current_hp_per_floor":[65,65,65,65,61,56,56,56,56,56,48,48,34,34,57,27,65,43,23,23,23,23,46,46,69,69,69,69,64,64,58,58,52,71,71,71,70,61,38,61,61,61,61,32,0,0],"gold":342,"neow_bonus":"TEN_PERCENT_HP_BONUS","is_daily":false,"chose_seed":false,"campfire_upgraded":4,"win_rate":0.0,"timestamp":1609091017,"path_taken":["M","M","?","?","M","E","M","R","T","R","E","?","E","M","R","BOSS","M","?","?","?","M","R","M","R","T","E","M","E","?","?","R","BOSS","M","?","?","M","M","R","M","R","T","E","M"],"items_purchased_type":["Relic","Relic","Potion"],"build_version":"2020-12-22","purchased_purges":1,"victory":false,"max_hp_per_floor":[77,77,77,77,77,77,77,77,77,77,77,77,77,77,77,77,77,77,77,77,77,77,77,77,77,77,77,77,77,77,77,77,77,77,77,77,77,77,77,77,77,77,77,77,77,77],"relic_stats":{"counters":[26,179],"PreservedInsect":128,"Pen Nib":[0],"obtain_stats":[{"Runesmith:BrokenRuby":0,"Vajra":6,"PreservedInsect":21,"Pen Nib":44,"Odd Mushroom":12,"aspiration:HiddenCompartment":13,"Akabeko":43,"StuffTheSpire:Mouthbags":26,"DollysMirror":21,"aspiration:MobileForge":34,"Simple Rune":9,"Bag of Marbles":11,"StuffTheSpire:Kangaroo":17,"Red Mask":19,"aspiration:DSix":27,"conspire:Flyswatter":29},{"Runesmith:BrokenRuby":0,"Vajra":4,"PreservedInsect":12,"Pen Nib":25,"Odd Mushroom":7,"aspiration:HiddenCompartment":8,"Akabeko":24,"StuffTheSpire:Mouthbags":14,"DollysMirror":12,"aspiration:MobileForge":19,"Simple Rune":5,"Bag of Marbles":6,"StuffTheSpire:Kangaroo":10,"Red Mask":12,"aspiration:DSix":15,"conspire:Flyswatter":17},{"Runesmith:BrokenRuby":0,"Vajra":19,"PreservedInsect":65,"Pen Nib":175,"Odd Mushroom":32,"aspiration:HiddenCompartment":37,"Akabeko":168,"StuffTheSpire:Mouthbags":76,"DollysMirror":65,"aspiration:MobileForge":133,"Simple Rune":23,"Bag of Marbles":27,"StuffTheSpire:Kangaroo":51,"Red Mask":65,"aspiration:DSix":88,"conspire:Flyswatter":104}]},"card_choices":[{"not_picked":["Runesmith:Discharge","Runesmith:NegativeSpace"],"picked":"Runesmith:Overpower","floor":1},{"not_picked":["Runesmith:HeatedChisel","Runesmith:RuneHurl"],"picked":"Runesmith:CraftMagma","floor":2},{"not_picked":["Runesmith:ChaoticBlast","Runesmith:OneForEveryone"],"picked":"Runesmith:EnergizedChisel","floor":5},{"not_picked":["Runesmith:Augment","Runesmith:CraftMagma"],"picked":"Runesmith:LightningRod","floor":6},{"not_picked":["Runesmith:ShiftingStrike","Runesmith:RuneHurl"],"picked":"Runesmith:HammerThrow","floor":7},{"not_picked":["Runesmith:ShiftingStrike","Runesmith:EnergizedChisel"],"picked":"Runesmith:Grindstone","floor":11},{"not_picked":["Runesmith:RunicBlueprint","Runesmith:EnergizedChisel"],"picked":"Runesmith:CraftMagma","floor":12},{"not_picked":["Runesmith:CraftSpiculum","Runesmith:CraftPrismatica","Runesmith:StaticCage"],"picked":"SKIP","floor":13},{"not_picked":["Runesmith:UnstableHammer","Runesmith:ChiselStab"],"picked":"Runesmith:PoweredAnvil","floor":14},{"not_picked":["Runesmith:Supernova","Runesmith:GenerateForcefield"],"picked":"Runesmith:LightningRod","floor":16},{"not_picked":["Runesmith:StaticCage","Runesmith:BackupBattery"],"picked":"Runesmith:HammerThrow+1","floor":18},{"not_picked":["Runesmith:Superposition","Runesmith:RuneHurl"],"picked":"Runesmith:EarthShield","floor":19},{"not_picked":["Runesmith:Overpower","Runesmith:CraftProtectio+1","Runesmith:GrandSlam"],"picked":"SKIP","floor":22},{"not_picked":["Runesmith:HeatedChisel","Runesmith:RuneHurl+1"],"picked":"Runesmith:Repurpose","floor":24},{"not_picked":["Runesmith:CraftIncendium","Runesmith:ElementalConversion+1"],"picked":"Runesmith:RuneHurl","floor":27},{"not_picked":["Runesmith:HeatedChisel+1","Runesmith:MakeshiftArmor"],"picked":"Runesmith:EarthShield","floor":28},{"not_picked":["Runesmith:ChargedHammer","Runesmith:Overpower","Runesmith:HeatedChisel"],"picked":"SKIP","floor":29},{"not_picked":["Runesmith:DoubleUp","Runesmith:UnstableHammer"],"picked":"Runesmith:EarthShield","floor":30},{"not_picked":["Runesmith:HammerThrow","Runesmith:Reinforce"],"picked":"Runesmith:Firestorm+1","floor":35},{"not_picked":["Runesmith:HeatExchange+1","Runesmith:CraftIncendium+1"],"picked":"Runesmith:BackupBattery+1","floor":37},{"not_picked":["Runesmith:HeatedChisel+1","Runesmith:Retool"],"picked":"Runesmith:HammerThrow+1","floor":38},{"not_picked":["Runesmith:Firewall","Runesmith:NegativeSpace","Runesmith:PerfectChisel+1"],"picked":"SKIP","floor":39},{"not_picked":["Runesmith:EarthShield+1","Runesmith:StaticCage+1"],"picked":"Runesmith:Malloc+1","floor":41},{"not_picked":["Runesmith:Discharge+1","Runesmith:FissionHammer"],"picked":"Runesmith:Repurpose+1","floor":44}],"player_experience":1804539,"relics_obtained":[{"floor":6,"key":"Vajra"},{"floor":9,"key":"Simple Rune"},{"floor":11,"key":"Bag of Marbles"},{"floor":12,"key":"Odd Mushroom"},{"floor":13,"key":"aspiration:HiddenCompartment"},{"floor":19,"key":"Red Mask"},{"floor":26,"key":"StuffTheSpire:Mouthbags"},{"floor":27,"key":"aspiration:DSix"},{"floor":29,"key":"conspire:Flyswatter"},{"floor":43,"key":"Akabeko"},{"floor":44,"key":"Pen Nib"}],"event_choices":[{"damage_healed":0,"gold_gain":0,"player_choice":"Agree","damage_taken":0,"max_hp_gain":0,"max_hp_loss":0,"event_name":"conspire:LoneGhost","floor":3,"gold_loss":0},{"damage_healed":0,"gold_gain":0,"player_choice":"Ignored","damage_taken":0,"max_hp_gain":0,"max_hp_loss":0,"event_name":"Golden Idol","floor":4,"gold_loss":0},{"damage_healed":0,"gold_gain":0,"player_choice":"Fought Mushrooms","damage_taken":0,"max_hp_gain":0,"max_hp_loss":0,"event_name":"Mushrooms","floor":12,"gold_loss":0},{"damage_healed":0,"gold_gain":0,"player_choice":"Fought Bandits","damage_taken":0,"max_hp_gain":0,"max_hp_loss":0,"event_name":"Masked Bandits","floor":19,"gold_loss":0},{"damage_healed":0,"gold_gain":0,"player_choice":"Ignored","damage_taken":0,"max_hp_gain":0,"max_hp_loss":0,"event_name":"Cursed Tome","floor":20,"gold_loss":0},{"damage_healed":0,"gold_gain":0,"player_choice":"","damage_taken":6,"max_hp_gain":0,"max_hp_loss":0,"event_name":"Knowing Skull","floor":31,"potions_obtained":[],"gold_loss":0,"cards_obtained":[]},{"damage_healed":0,"gold_gain":0,"player_choice":"1 cards matched","damage_taken":0,"max_hp_gain":0,"max_hp_loss":0,"event_name":"Match and Keep!","floor":36,"gold_loss":0,"cards_obtained":["Runesmith:Fortify"]}],"is_beta":false,"boss_relics":[{"not_picked":["energizedSpire:HugeHouse","Runesmith:CoreCrystal"],"picked":"StuffTheSpire:Kangaroo"},{"not_picked":["aspiration:RitualDagger","energizedSpire:EnergizedDie"],"picked":"aspiration:MobileForge"}],"items_purged_floors":[21],"is_endless":false,"potions_floor_spawned":[2,5,11,12,18,22,24,29,35,39,41],"killed_by":"Transient","ascension_level":6}}