{"host":"151yr9p79rpn1su6","time":1609101412,"event":{"mods":["BaseMod","Colored Map","Downfall","Minty Spire (QoL Compilation)","Replay The Spire","StSLib"],"gold_per_floor":[99,99,116,126,140,140,140,140,175,175,188,220,145,160,176,273,273,273,293,313,329,344,269,337,356,369,404,404,404,416,516,526,624,624,624,641,641,656,671,671,671,656,656,497,422,435,454,487,498,498],"floor_reached":51,"playtime":5424,"items_purged":["Overencumbered"],"score":690,"play_id":"9bc4b4a1-d715-4d9e-9db4-898537a23fe8","local_time":"20201227153652","is_ascension_mode":false,"campfire_choices":[{"data":"Dramatic Entrance","floor":1.0,"key":"SMITH"},{"data":"Slimebound:TongueLash","floor":8.0,"key":"SMITH"},{"data":"Slimebound:Schlurp","floor":10.0,"key":"SMITH"},{"data":"Slimebound:RollThrough","floor":13.0,"key":"SMITH"},{"floor":18.0,"key":"RECALL"},{"data":"Pot Of Greed","floor":23.0,"key":"SMITH"},{"data":"Pot Of Greed","floor":29.0,"key":"SMITH"},{"data":"Slimebound:GrowthPunch","floor":35.0,"key":"SMITH"},{"data":"Slimebound:OozeBath","floor":45,"key":"SMITH"}],"circlet_count":0,"master_deck":["Slimebound:Defend_Slimebound","Slimebound:Split","Slimebound:CorrosiveSpit","Slimebound:TongueLash+1","Slimebound:Schlurp+1","Slimebound:SlimeSpikes","Slimebound:SlimeSpikes","Pot Of Greed+1","Pot Of Greed+1","Slimebound:SpikyOuterGoop","Slimebound:RollThrough+1","Slimebound:SamplingLick","Slimebound:OozeBath+1","Slimebound:RejuvenatingLick","Slimebound:GrowthPunch+1","Slimebound:MegaLick","Slimebound:GrowthPunch+1","Slimebound:SlimeSpikes","Slimebound:SamplingLick","Slimebound:Tackle+1","Slimebound:Tackle+1","Slimebound:Tackle+1","Slimebound:RejuvenatingLick","Slimebound:LeechLife","Writhe","Slimebound:GrowthPunch+1","Slimebound:Dissolve+1","Slimebound:SpikyOuterGoop","Slimebound:RejuvenatingLick+1","Pot Of Greed","Slimebound:RejuvenatingLick"],"relics":["Slimebound:AbsorbEndCombat","Mummified Hand","Grinning Jar","Nunchaku","downfall:HeartBlessingGreen","Sozu","downfall:HeartBlessingRed","Mirror","Replay:Bottled Snecko","Kintsugi","downfall:TeleportStone","downfall:HeartBlessingBlue","ReplayTheSpireMod:Shallot"],"acts_visited":["Exordium","TheCity","TheBeyond"],"potions_floor_usage":[],"damage_taken":[{"damage":4.0,"enemies":"2 Louse","floor":3.0,"turns":2.0},{"damage":7.0,"enemies":"Jaw Worm","floor":4.0,"turns":3.0},{"damage":5.0,"enemies":"Cultist","floor":5.0,"turns":3.0},{"damage":17.0,"enemies":"Replay:BlueRogue","floor":9.0,"turns":7.0},{"damage":13.0,"enemies":"Gremlin Gang","floor":11.0,"turns":3.0},{"damage":37.0,"enemies":"Gremlin Nob","floor":12.0,"turns":4.0},{"damage":5.0,"enemies":"Exordium Wildlife","floor":14.0,"turns":2.0},{"damage":0.0,"enemies":"3 Louse","floor":15.0,"turns":1.0},{"damage":32.0,"enemies":"downfall:Watcher","floor":16.0,"turns":10.0},{"damage":9.0,"enemies":"Chosen","floor":19.0,"turns":4.0},{"damage":24.0,"enemies":"Centurion and Healer","floor":20.0,"turns":7.0},{"damage":13.0,"enemies":"Snecko","floor":21.0,"turns":5.0},{"damage":25.0,"enemies":"Sentry and Sphere","floor":22.0,"turns":5.0},{"damage":21.0,"enemies":"Centurion and Healer","floor":25.0,"turns":5.0},{"damage":5.0,"enemies":"3 Cultists","floor":26.0,"turns":4.0},{"damage":60.0,"enemies":"Gremlin Leader","floor":27.0,"turns":8.0},{"damage":14.0,"enemies":"Sentry and Sphere","floor":30.0,"turns":5.0},{"damage":10.0,"enemies":"Shelled Parasite and Fungi","floor":32.0,"turns":5.0},{"damage":27.0,"enemies":"downfall:Defect","floor":33.0,"turns":8.0},{"damage":26.0,"enemies":"3 Darklings","floor":36.0,"turns":5.0},{"damage":9.0,"enemies":"Orb Walker","floor":38.0,"turns":4.0},{"damage":43.0,"enemies":"Maw","floor":39.0,"turns":9.0},{"damage":2.0,"enemies":"downfall:FleeingMerchant","floor":42.0,"turns":4.0},{"damage":0,"enemies":"downfall:FleeingMerchant","floor":44,"turns":4},{"damage":47,"enemies":"4 Shapes","floor":46,"turns":9},{"damage":15,"enemies":"Jaw Worm Horde","floor":47,"turns":6},{"damage":92,"enemies":"Giant Head","floor":48,"turns":10},{"damage":20,"enemies":"3 Darklings","floor":49,"turns":8},{"damage":73,"enemies":"downfall:Silent","floor":50,"turns":14}],"seed_played":"3080409846491588519","potions_obtained":[{"floor":5.0,"key":"SkillPotion"},{"floor":6.0,"key":"Regen Potion"},{"floor":6.0,"key":"Fire Potion"},{"floor":12.0,"key":"AttackPotion"},{"floor":15.0,"key":"GamblersBrew"},{"floor":16.0,"key":"Slimebound:SlimyTonguePotion"}],"is_trial":false,"path_per_floor":["R","?","M","M","M","?","T","R","E","R","M","E","R","M","M","B",null,"R","M","M","M","M","R","T","M","M","E","?","R","M","?","M","B",null,"R","M","?","M","M","?","T","$","?","$","R","M","M","E","M","B",null],"character_chosen":"SLIMEBOUND","items_purchased":["Slimebound:SpikyOuterGoop"],"campfire_rested":0,"item_purchase_floors":[44],"current_hp_per_floor":[60,60,60,60,60,60,60,60,55,55,60,39,39,38,38,38,60,60,60,60,54,55,55,55,60,59,34,34,34,34,34,58,59,60,60,60,60,60,38,38,38,60,60,60,70,56,70,17,62,64],"gold":498,"neow_bonus":"RANDOM_COLORLESS","is_daily":false,"chose_seed":false,"campfire_upgraded":8,"win_rate":0.0,"timestamp":1609101412,"path_taken":["R","?","M","M","M","?","T","R","E","R","M","E","R","M","M","BOSS","R","M","M","M","?","R","T","?","M","E","?","R","M","?","M","BOSS","R","M","?","M","M","?","T","$","?","$","R","M","?","E","M","BOSS"],"items_purchased_type":["Card"],"build_version":"2020-12-22","purchased_purges":1,"victory":true,"max_hp_per_floor":[60,60,60,60,60,60,60,60,60,60,60,60,60,60,60,60,60,60,60,60,60,60,60,60,60,60,60,60,60,60,60,60,60,60,60,60,60,60,60,60,60,60,60,60,70,70,70,70,70,70],"card_choices":[{"not_picked":["expansioncontent:DefensiveMode","expansioncontent:Collect"],"picked":"Dramatic Entrance","floor":0.0},{"not_picked":["Slimebound:RainOfGoop","Slimebound:LeechEnergy"],"picked":"Slimebound:TongueLash","floor":3.0},{"not_picked":["Slimebound:SplitMire","Slimebound:LeechEnergy"],"picked":"Slimebound:Schlurp","floor":4.0},{"not_picked":["Slimebound:DivideAndConquer","Slimebound:Grow"],"picked":"Slimebound:SlimeSpikes","floor":5.0},{"not_picked":["Slimebound:ComboTackle","Slimebound:ViciousTackle"],"picked":"Slimebound:SlimeSpikes","floor":9.0},{"not_picked":["Slimebound:SlimeBarrage","Slimebound:GoopSpray"],"picked":"Slimebound:SpikyOuterGoop","floor":11.0},{"not_picked":["Slimebound:AcidTongue","Slimebound:ProtectTheBoss"],"picked":"Slimebound:RollThrough","floor":12.0},{"not_picked":["Slimebound:LeadByExample","Slimebound:TongueLash"],"picked":"Slimebound:SamplingLick","floor":14.0},{"not_picked":["Slimebound:FirmFortitude","Slimebound:SplitBruiser","Slimebound:DivideAndConquer"],"picked":"SKIP","floor":15.0},{"not_picked":["Slimebound:SelfFormingGoo","Slimebound:MinionMaster"],"picked":"Slimebound:OozeBath","floor":16.0},{"not_picked":["Slimebound:RollThrough+1","Slimebound:ComboTackle"],"picked":"Slimebound:RejuvenatingLick","floor":19.0},{"not_picked":["Slimebound:ProtectTheBoss","Slimebound:SplitLeeching+1"],"picked":"Slimebound:GrowthPunch","floor":20.0},{"not_picked":["Slimebound:SplitAcid+1","Slimebound:HauntingLick"],"picked":"Slimebound:MegaLick","floor":21.0},{"not_picked":["Slimebound:SplitLeeching","Slimebound:FinishingTackle+1"],"picked":"Slimebound:GrowthPunch+1","floor":22.0},{"not_picked":["Slimebound:AcidTongue+1","Slimebound:DivideAndConquer"],"picked":"Slimebound:SlimeSpikes","floor":25.0},{"not_picked":["Slimebound:BestDefense","Slimebound:HauntingLick+1"],"picked":"Slimebound:SamplingLick","floor":26.0},{"not_picked":["Slimebound:DivideAndConquer+1","Slimebound:Darklings","Slimebound:SplitBruiser"],"picked":"SKIP","floor":27.0},{"not_picked":["Slimebound:FinishingTackle","Slimebound:SplitMire","Slimebound:ViciousTackle"],"picked":"SKIP","floor":30.0},{"not_picked":["Slimebound:RollThrough","Slimebound:GoopTackle+1"],"picked":"Slimebound:RejuvenatingLick","floor":32.0},{"not_picked":["Slimebound:WasteNot","Slimebound:OneTwoCombo"],"picked":"Slimebound:LeechLife","floor":33.0},{"not_picked":["Slimebound:LeadByExample","Slimebound:FinishingTackle"],"picked":"Slimebound:GrowthPunch+1","floor":36.0},{"not_picked":["Slimebound:GoopTackle","Slimebound:SplitMire","Slimebound:ServeAndProtect+1"],"picked":"SKIP","floor":38.0},{"not_picked":["Slimebound:GoopTackle","Slimebound:LeechingTouch"],"picked":"Slimebound:Dissolve+1","floor":39.0},{"not_picked":["Slimebound:SlimeBrawl+1","Slimebound:FormOfPuddle","Slimebound:DivideAndConquer"],"picked":"SKIP","floor":42},{"not_picked":["Slimebound:SlimeBarrage","Slimebound:BestDefense","Slimebound:SplitAcid"],"picked":"SKIP","floor":44},{"not_picked":["Slimebound:SlimeSpikes","Slimebound:Equalize"],"picked":"Slimebound:RejuvenatingLick+1","floor":46},{"not_picked":["Slimebound:LeechingTouch+1","Slimebound:RainOfGoop","Slimebound:DouseInSlime"],"picked":"SKIP","floor":47},{"not_picked":["Slimebound:FirmFortitude","Slimebound:Repurpose+1","Slimebound:BestDefense+1"],"picked":"SKIP","floor":48},{"not_picked":["Slimebound:GrowthPunch+1","Slimebound:PressTheAttack+1"],"picked":"Slimebound:RejuvenatingLick","floor":49}],"player_experience":1048920,"relics_obtained":[{"floor":7.0,"key":"Mummified Hand"},{"floor":9.0,"key":"Grinning Jar"},{"floor":12.0,"key":"Nunchaku"},{"floor":24.0,"key":"Mirror"},{"floor":27.0,"key":"Replay:Bottled Snecko"},{"floor":48,"key":"ReplayTheSpireMod:Shallot"}],"event_choices":[{"damage_healed":0.0,"max_hp_gain":0.0,"max_hp_loss":0.0,"gold_gain":0.0,"event_name":"Lab","player_choice":"Got Potions","floor":6.0,"gold_loss":0.0,"damage_taken":0.0},{"cards_removed":["Dramatic Entrance"],"damage_healed":0.0,"max_hp_gain":0.0,"max_hp_loss":0.0,"gold_gain":0.0,"event_name":"Falling","player_choice":"Removed Attack","floor":37.0,"gold_loss":0.0,"damage_taken":0.0}],"is_beta":false,"boss_relics":[{"not_picked":["Empty Cage","Cursed Key"],"picked":"Sozu"},{"not_picked":["Runic Dome","SacredBark"],"picked":"Kintsugi"}],"items_purged_floors":[44],"is_endless":false,"potions_floor_spawned":[5,12,15,16,19,27,30,32,33,39,46,47,49],"ascension_level":0}}