{"host":"6azrrw3tf7wb0f4b","time":1609041932,"event":{"mods":["BaseMod","DeckTracker","Minty Spire (QoL Compilation)","SuperFastMode"],"gold_per_floor":[113,113,113,124,86,86,96,123,146,1,74,102,127,57,57,166,166,180,180,148,161,172,172,172,205,256,256,286,286,307,307,307],"floor_reached":31,"playtime":827,"items_purged":["Defend_P"],"score":423,"play_id":"572d1576-dcf2-443a-8d55-6a977baa3b7e","local_time":"20201227130532","is_ascension_mode":true,"campfire_choices":[{"data":"Eruption","floor":6.0,"key":"SMITH"},{"data":"MentalFortress","floor":15.0,"key":"SMITH"},{"floor":23.0,"key":"REST"}],"circlet_count":0,"master_deck":["AscendersBane","Strike_P+1","Strike_P+1","Defend_P+1","Defend_P+1","Eruption+1","Vigilance","LessonLearned+1","CrushJoints+1","BattleHymn+1","Halt+1","Wallop","InnerPeace","Pray+1","Protect+1","MasterReality+1","Meditate","MentalFortress+1","Ragnarok","Adaptation+1","ConjureBlade"],"relics":["PureWater","Akabeko","War Paint","CeramicFish","Fusion Hammer","Centennial Puzzle","Darkstone Periapt","Dream Catcher","Gambling Chip"],"acts_visited":["Exordium","TheCity"],"potions_floor_usage":[],"damage_taken":[{"damage":7.0,"enemies":"2 Louse","floor":1.0,"turns":3.0},{"damage":0.0,"enemies":"Cultist","floor":4.0,"turns":2.0},{"damage":6.0,"enemies":"Jaw Worm","floor":7.0,"turns":3.0},{"damage":11.0,"enemies":"Lagavulin","floor":8.0,"turns":5.0},{"damage":17.0,"enemies":"Lagavulin Event","floor":11.0,"turns":5.0},{"damage":0.0,"enemies":"Blue Slaver","floor":12.0,"turns":3.0},{"damage":2.0,"enemies":"Lots of Slimes","floor":13.0,"turns":4.0},{"damage":10.0,"enemies":"Hexaghost","floor":16.0,"turns":9.0},{"damage":24.0,"enemies":"2 Thieves","floor":18.0,"turns":4.0},{"damage":4.0,"enemies":"Chosen","floor":21.0,"turns":3.0},{"damage":0.0,"enemies":"Centurion and Healer","floor":22.0,"turns":4.0},{"damage":20.0,"enemies":"Gremlin Leader","floor":25.0,"turns":5.0},{"damage":32.0,"enemies":"Book of Stabbing","floor":28.0,"turns":4.0},{"damage":4.0,"enemies":"3 Cultists","floor":30.0,"turns":4.0},{"damage":26,"enemies":"Slavers","floor":31,"turns":3}],"seed_played":"582347254353310140","potions_obtained":[{"floor":4.0,"key":"DuplicationPotion"},{"floor":7.0,"key":"SkillPotion"},{"floor":12.0,"key":"Block Potion"},{"floor":21.0,"key":"FearPotion"}],"is_trial":false,"path_per_floor":["M","?","?","M","$","R","M","E","T","$","?","M","M","$","R","B",null,"M","?","$","M","M","R","?","E","T","?","E","?","M","E"],"character_chosen":"WATCHER","items_purchased":["Wallop","Worship","MentalFortress","Adaptation"],"campfire_rested":1,"item_purchase_floors":[5,10,14,20],"current_hp_per_floor":[58,58,58,58,58,58,52,41,41,41,24,24,22,22,22,12,57,33,33,33,29,29,50,50,30,30,54,22,22,18,0,0],"gold":307,"neow_bonus":"TRANSFORM_CARD","is_daily":false,"chose_seed":false,"campfire_upgraded":2,"win_rate":0.0,"timestamp":1609041932,"path_taken":["M","?","?","M","$","R","?","E","T","$","?","M","M","?","R","BOSS","M","?","$","?","M","R","?","E","T","?","E","?","M","E"],"items_purchased_type":["Card","Card","Card","Card"],"build_version":"2020-12-22","purchased_purges":1,"victory":false,"max_hp_per_floor":[72,72,72,72,72,72,72,72,72,72,72,72,72,72,72,72,72,72,72,72,72,72,72,72,72,72,72,72,72,72,72,72],"card_choices":[{"not_picked":["EmptyBody","Sanctity"],"picked":"CrushJoints","floor":1.0},{"not_picked":["CrushJoints","Crescendo"],"picked":"Halt","floor":4.0},{"not_picked":["Vengeance","ForeignInfluence"],"picked":"InnerPeace","floor":7.0},{"not_picked":["BattleHymn","Prostrate"],"picked":"Pray","floor":8.0},{"not_picked":["Prostrate","FollowUp"],"picked":"Protect","floor":11.0},{"not_picked":["Prostrate","PathToVictory"],"picked":"MasterReality","floor":12.0},{"not_picked":["EmptyFist","SandsOfTime"],"picked":"Meditate","floor":13.0},{"not_picked":["Vault","Scrawl"],"picked":"Ragnarok","floor":16.0},{"not_picked":["CutThroughFate","Consecrate","BowlingBash"],"picked":"SKIP","floor":18.0},{"not_picked":["FollowUp","PathToVictory","BowlingBash+1"],"picked":"SKIP","floor":21.0},{"not_picked":["Wallop","Vengeance","Weave"],"picked":"SKIP","floor":22.0},{"not_picked":["Wallop+1","Tantrum","EmptyBody"],"picked":"SKIP","floor":25.0},{"not_picked":["CrushJoints","BowlingBash","Weave"],"picked":"SKIP","floor":28.0},{"not_picked":["EmptyBody","Evaluate+1"],"picked":"ConjureBlade","floor":30.0}],"player_experience":645961,"relics_obtained":[{"floor":8.0,"key":"Akabeko"},{"floor":9.0,"key":"War Paint"},{"floor":11.0,"key":"CeramicFish"},{"floor":19.0,"key":"Centennial Puzzle"},{"floor":25.0,"key":"Darkstone Periapt"},{"floor":26.0,"key":"Dream Catcher"},{"floor":28.0,"key":"Gambling Chip"}],"event_choices":[{"damage_healed":0.0,"max_hp_gain":0.0,"max_hp_loss":0.0,"gold_gain":0.0,"cards_transformed":["Strike_P"],"event_name":"Living Wall","player_choice":"Change","floor":2.0,"gold_loss":0.0,"damage_taken":0.0,"cards_obtained":["BattleHymn"]},{"cards_removed":["Defend_P"],"damage_healed":0.0,"max_hp_gain":0.0,"max_hp_loss":0.0,"gold_gain":0.0,"event_name":"Purifier","player_choice":"Purged","floor":3.0,"gold_loss":0.0,"damage_taken":0.0},{"damage_healed":0.0,"max_hp_gain":0.0,"max_hp_loss":0.0,"gold_gain":30.0,"event_name":"Dead Adventurer","player_choice":"Searched \u00273\u0027 times","floor":11.0,"gold_loss":0.0,"damage_taken":0.0},{"damage_healed":0.0,"max_hp_gain":0.0,"max_hp_loss":0.0,"gold_gain":0.0,"event_name":"Wheel of Change","player_choice":"Relic","floor":19.0,"gold_loss":0.0,"damage_taken":0.0},{"damage_healed":0.0,"max_hp_gain":0.0,"max_hp_loss":0.0,"gold_gain":0.0,"event_name":"Ghosts","player_choice":"Ignored","floor":24.0,"gold_loss":0.0,"damage_taken":0.0},{"damage_healed":24.0,"max_hp_gain":0.0,"max_hp_loss":0.0,"gold_gain":0.0,"event_name":"The Library","player_choice":"Heal","floor":27.0,"gold_loss":0.0,"damage_taken":0.0},{"cards_removed":["Worship"],"damage_healed":0.0,"max_hp_gain":0.0,"max_hp_loss":0.0,"gold_gain":0.0,"event_name":"Back to Basics","player_choice":"Elegance","floor":29.0,"gold_loss":0.0,"damage_taken":0.0}],"is_beta":false,"boss_relics":[{"not_picked":["SlaversCollar","Runic Pyramid"],"picked":"Fusion Hammer"}],"items_purged_floors":[10],"is_endless":false,"potions_floor_spawned":[4,7,12,21],"killed_by":"Slavers","ascension_level":11}}