{"host":"9inlmzyzdhcrisrs","time":1609032299,"event":{"mods":["AchievementEnabler","BaseMod","BetterRewards","Colored Powertips","Conspire","Dota2Spire","Highlight Path","Minty Spire (QoL Compilation)","Permanent Neow","Quick Restart","Rare Cards Sparkle","Remove Card Discount Mod","Replay The Spire","Shop Mod","StSLib","Transform Curses","Unceasing Turn Reminder"],"gold_per_floor":[109,109,124,124,140,175,175,175,202,202,267,267,282,298,298,403,403,422,484,529,529],"floor_reached":20,"playtime":1003,"items_purged":[],"score":176,"play_id":"5df49625-376d-43d4-a39b-273a0e819714","local_time":"20201227092459","is_ascension_mode":false,"campfire_choices":[{"data":"Perfected Strike","floor":7,"key":"SMITH"},{"data":"Cleave","floor":12,"key":"SMITH"},{"floor":15,"key":"REST"}],"circlet_count":0,"master_deck":["Strike_R","Strike_R","Strike_R","Strike_R","Strike_R+1","Defend_R","Defend_R","Defend_R","Defend_R","Bash","Bash+1","Strike_B","Cleave+1","Replay:Undeath\u0027s Touch","Shrug It Off","Perfected Strike+1","Delirium","Thunderclap","Run Through","Cleave","Double Tap","Ghostly Armor","Blood for Blood"],"relics":["Burning Blood","Dota2Spire:Satanic","Strawberry","Ring of Hypnosis","ReplayTheSpireMod:Ring of Challenge","Replay:Rubber Ducky","Philosopher\u0027s Stone"],"acts_visited":["Exordium","TheCity"],"potions_floor_usage":[16,16,20],"damage_taken":[{"damage":0,"enemies":"Small Slimes","floor":1,"turns":2},{"damage":6,"enemies":"Jaw Worm","floor":3,"turns":2},{"damage":9,"enemies":"conspire:RoseBush","floor":5,"turns":2},{"damage":18,"enemies":"3 Sentries","floor":6,"turns":6},{"damage":16,"enemies":"Exordium Wildlife","floor":11,"turns":3},{"damage":11,"enemies":"Blue Slaver","floor":13,"turns":2},{"damage":0,"enemies":"2 Fungi Beasts","floor":14,"turns":3},{"damage":36,"enemies":"Hexaghost","floor":16,"turns":6},{"damage":24,"enemies":"conspire:FuzzyDice","floor":18,"turns":3},{"damage":38,"enemies":"Spheric Guardian","floor":19,"turns":3},{"damage":55,"enemies":"Centurion and Healer","floor":20,"turns":4}],"seed_played":"8954794603803962036","potions_obtained":[{"floor":1,"key":"Strength Potion"},{"floor":3,"key":"Swift Potion"},{"floor":6,"key":"FearPotion"},{"floor":16,"key":"EssenceOfSteel"},{"floor":19,"key":"FearPotion"}],"is_trial":false,"path_per_floor":["M","?","M","?","M","E","R","?","T","?","M","R","M","M","R","B",null,"M","M","M"],"character_chosen":"IRONCLAD","items_purchased":[],"campfire_rested":1,"item_purchase_floors":[],"current_hp_per_floor":[80,64,64,64,61,62,62,62,62,62,52,52,47,53,79,61,87,69,37,0,0],"gold":529,"neow_bonus":"ONE_RARE_RELIC","is_daily":false,"chose_seed":false,"campfire_upgraded":2,"win_rate":0.0,"timestamp":1609032299,"path_taken":["M","?","M","?","M","E","R","?","T","?","?","R","M","M","R","BOSS","M","M","M"],"items_purchased_type":[],"build_version":"2020-12-22","purchased_purges":0,"victory":false,"max_hp_per_floor":[80,80,80,80,80,87,87,87,87,87,87,87,87,87,87,87,87,87,87,87,87],"card_choices":[{"not_picked":["Headbutt","Anger"],"picked":"Cleave","floor":1},{"not_picked":["True Grit","Pummel"],"picked":"Replay:Undeath\u0027s Touch","floor":3},{"not_picked":["Clash","Double Tap"],"picked":"Shrug It Off","floor":5},{"not_picked":["Burning Pact","Demonic Infusion"],"picked":"Perfected Strike","floor":6},{"not_picked":["Armaments","Clash"],"picked":"Thunderclap","floor":11},{"not_picked":["Replay:Undeath\u0027s Touch","Flex"],"picked":"Run Through","floor":13},{"not_picked":["Burning Pact","Double Tap"],"picked":"Cleave","floor":14},{"not_picked":["Corruption","Fiend Fire"],"picked":"Double Tap","floor":16},{"not_picked":["Sword Boomerang","Massacre"],"picked":"Ghostly Armor","floor":18},{"not_picked":["Sword Boomerang","Infernal Blade"],"picked":"Blood for Blood","floor":19}],"player_experience":0,"relics_obtained":[{"floor":6,"key":"Strawberry"},{"floor":8,"key":"Ring of Hypnosis"},{"floor":8,"key":"ReplayTheSpireMod:Ring of Challenge"},{"floor":9,"key":"Replay:Rubber Ducky"}],"event_choices":[{"damage_healed":0,"gold_gain":0,"player_choice":"Entered Light","damage_taken":16,"max_hp_gain":0,"max_hp_loss":0,"event_name":"Shining Light","floor":2,"gold_loss":0,"cards_upgraded":["Strike_R","Bash"]},{"damage_healed":0,"gold_gain":0,"player_choice":"Leave","damage_taken":0,"max_hp_gain":0,"max_hp_loss":0,"event_name":"The Cleric","floor":4,"gold_loss":0},{"damage_healed":0,"gold_gain":0,"player_choice":"Ignored","damage_taken":0,"max_hp_gain":0,"max_hp_loss":0,"event_name":"Liars Game","floor":10,"gold_loss":0}],"is_beta":false,"boss_relics":[{"not_picked":["Snecko Eye","Honey Jar"],"picked":"Philosopher\u0027s Stone"}],"items_purged_floors":[],"is_endless":false,"potions_floor_spawned":[1,3,6,14,16,19],"killed_by":"Centurion and Healer","ascension_level":0}}