{"host":"kos1s9q8ffr8fqos","time":1609049150,"event":{"mods":["AchievementEnabler","AlwaysNeverKeys","BaseMod","Bestiary","Better Altar","Better Match","Better Note","Better Sensory Stone","Better Skull","Better Third Choice","Better Vampires","Colored Map","Colored Powertips","Curses Come First","Downfall","Hermit","Infinite Spire","Jorbs\u0027s Wanderer Trilogy","Minty Spire (QoL Compilation)","Quick Restart","Random Character Button","Relic Stats","Replay The Spire","StSLib","The Blue Laboratory","The Disciple","The Hierophant"],"gold_per_floor":[99,117,117,42,54,54,54,68,80,80,110,110,18,32,52,150,150,150,168,168,168,168,183,206,224,224,74,100,112,37,55,66,169,169,169,188,207,221,237,3,49,49,62,62,79,79,89,108,123,123],"floor_reached":51,"playtime":4685,"items_purged":["Regret","champ:BerserkerStyle"],"score":702,"play_id":"cdb134ea-2078-4c65-91ab-601bc7f054e5","local_time":"20201227000550","is_ascension_mode":false,"campfire_choices":[{"data":"champ:Taunt","floor":1,"key":"SMITH"},{"data":"champ:StanceDance","floor":6,"key":"SMITH"},{"data":"champ:DefensiveStyle","floor":10,"key":"SMITH"},{"data":"champ:ShieldThrow","floor":12,"key":"SMITH"},{"data":"champ:Devastate","floor":18,"key":"SMITH"},{"data":"ReplayTheSpireMod:??????????????????????","floor":30,"key":"SMITH"},{"data":"champ:CalledShot","floor":35,"key":"SMITH"},{"data":"expansioncontent:StudyTheSpire","floor":42,"key":"SMITH"},{"floor":44,"key":"REST"}],"circlet_count":0,"master_deck":["champ:Strike+1","champ:Strike+1","champ:Defend","champ:Defend","champ:Defend+1","champ:Execute","champ:Taunt+1","champ:FlashCut","champ:TornadoPunch+1","champ:StanceDance+1","champ:PreciseThrust","champ:DefensiveStyle+1","champ:ShieldThrow+1","champ:FocusedGladiator","champ:BerserkerStyle","champ:GutPunch","champ:Devastate+1","champ:GladiatorStyle+1","champ:EnragedBash+1","champ:AdrenalArmor","ReplayTheSpireMod:??????????????????????+1","champ:ArenaPreparation","champ:GladiatorsShout+1","champ:BringItOn","Ghostly","champ:CalledShot+1","champ:SteelEdge","champ:FanOfKnives","champ:MurderStrike","champ:AdrenalArmor","champ:ViciousMockery","champ:Backstep","expansioncontent:StudyTheSpire+1","champ:BringItOn","CommonCold","champ:ShieldThrow","infinitespire:FutureSight","expansioncontent:SlimeTackle","champ:TornadoPunch","champ:Backstep+1"],"relics":["champ:ChampionCrown","StoneCalendar","Art of War","Astrolabe","Prayer Wheel","Bottled Flame","Replay:Baseball","downfall:HeartBlessingBlue","Busted Crown","Bag of Marbles","White Beast Statue","ReplayTheSpireMod:SealedPack"],"acts_visited":["Exordium","TheCity","TheBeyond"],"potions_floor_usage":[19,31,33,38,40,50,50,50],"damage_taken":[{"damage":13,"enemies":"Jaw Worm","floor":2,"turns":4},{"damage":8,"enemies":"Small Slimes","floor":5,"turns":4},{"damage":0,"enemies":"Cultist","floor":8,"turns":3},{"damage":4,"enemies":"Exordium Thugs","floor":9,"turns":4},{"damage":11,"enemies":"3 Sentries","floor":11,"turns":5},{"damage":8,"enemies":"downfall:FleeingMerchant","floor":13,"turns":4},{"damage":19,"enemies":"Large Slime","floor":14,"turns":5},{"damage":6,"enemies":"3 Louse","floor":15,"turns":3},{"damage":68,"enemies":"downfall:Ironclad","floor":16,"turns":10},{"damage":9,"enemies":"Spheric Guardian","floor":19,"turns":3},{"damage":15,"enemies":"Shell Parasite","floor":23,"turns":5},{"damage":69,"enemies":"Shelled Parasite and Fungi","floor":25,"turns":7},{"damage":24,"enemies":"Gremlin Leader","floor":28,"turns":8},{"damage":28,"enemies":"Cultist and Chosen","floor":29,"turns":7},{"damage":18,"enemies":"Snake Plant","floor":31,"turns":6},{"damage":27,"enemies":"Centurion and Healer","floor":32,"turns":7},{"damage":47,"enemies":"downfall:Watcher","floor":33,"turns":8},{"damage":20,"enemies":"3 Shapes","floor":36,"turns":4},{"damage":24,"enemies":"3 Darklings","floor":37,"turns":5},{"damage":15,"enemies":"Spire Growth","floor":38,"turns":5},{"damage":60,"enemies":"4 Shapes","floor":39,"turns":5},{"damage":16,"enemies":"downfall:FleeingMerchant","floor":40,"turns":4},{"damage":22,"enemies":"Sphere and 2 Shapes","floor":43,"turns":7},{"damage":24,"enemies":"Transient","floor":45,"turns":5},{"damage":35,"enemies":"Writhing Mass","floor":47,"turns":6},{"damage":44,"enemies":"3 Darklings","floor":48,"turns":5},{"damage":1,"enemies":"Sphere and 2 Shapes","floor":49,"turns":5},{"damage":58,"enemies":"downfall:Silent","floor":50,"turns":7}],"seed_played":"7410340891377027248","potions_obtained":[{"floor":5,"key":"LifebloodPotion"},{"floor":9,"key":"Swift Potion"},{"floor":11,"key":"ColorlessPotion"},{"floor":23,"key":"Languid Potion"},{"floor":31,"key":"blueLaboratory:BottledHope"},{"floor":32,"key":"blueLaboratory:BubblePotion"},{"floor":33,"key":"blueLaboratory:BottleOfVodka"},{"floor":43,"key":"blueLaboratory:BottleOfRum"},{"floor":45,"key":"blueLaboratory:PhilterOfMotion"},{"floor":47,"key":"blueLaboratory:BottleOfRum"},{"floor":49,"key":"PowerPotion"}],"is_trial":false,"path_per_floor":["R","M","?","?","M","R","T","M","M","R","E","R","$","M","M","B",null,"R","M","AVR","?","?","M","T","M","T","?","E","M","R","M","M","B",null,"R","M","M","M","M","$","T","R","M","R","M","AVR","M","M","M","B",null],"character_chosen":"THE_CHAMP","items_purchased":["champ:BerserkerStyle","expansioncontent:StudyTheSpire","champ:BringItOn"],"campfire_rested":1,"item_purchase_floors":[13,40,40],"current_hp_per_floor":[99,96,96,96,93,93,93,93,89,89,83,83,80,66,63,13,99,99,97,97,109,109,104,104,68,68,68,68,68,78,85,78,69,119,119,115,110,102,71,71,71,71,66,101,106,106,89,84,85,62],"gold":123,"neow_bonus":"TEN_PERCENT_HP_BONUS","is_daily":false,"chose_seed":false,"campfire_upgraded":8,"win_rate":0.0,"timestamp":1609049150,"path_taken":["R","M","?","?","M","R","T","M","M","R","E","R","$","?","M","BOSS","R","M","AVR","?","?","M","T","M","?","?","E","?","R","M","M","BOSS","R","M","?","M","M","?","T","R","M","R","M","AVR","M","M","M","BOSS"],"items_purchased_type":["Card","Card","Card"],"build_version":"2020-12-22","purchased_purges":2,"victory":true,"max_hp_per_floor":[99,99,99,99,99,99,99,99,99,99,99,99,99,99,99,99,99,99,99,99,109,109,109,109,109,109,109,109,109,119,119,119,119,119,119,119,119,119,119,119,119,119,119,119,119,119,119,119,119,119],"relic_stats":{"Busted Crown":52,"counters":[28,151],"Astrolabe":["champ:DancingMaster","champ:GladiatorStyle","champ:EnragedBash"],"StoneCalendar":[268],"Prayer Wheel":14,"Art of War":[12],"obtain_stats":[{"Bottled Flame":26,"Replay:Baseball":28,"Busted Crown":34,"downfall:HeartBlessingBlue":30,"Astrolabe":17,"champ:ChampionCrown":0,"StoneCalendar":7,"Prayer Wheel":20,"ReplayTheSpireMod:SealedPack":46,"Art of War":11,"Bag of Marbles":41,"White Beast Statue":46},{"Bottled Flame":12,"Replay:Baseball":13,"Busted Crown":17,"downfall:HeartBlessingBlue":14,"Astrolabe":9,"champ:ChampionCrown":0,"StoneCalendar":2,"Prayer Wheel":10,"ReplayTheSpireMod:SealedPack":24,"Art of War":5,"Bag of Marbles":22,"White Beast Statue":24},{"Bottled Flame":57,"Replay:Baseball":65,"Busted Crown":93,"downfall:HeartBlessingBlue":72,"Astrolabe":42,"champ:ChampionCrown":0,"StoneCalendar":8,"Prayer Wheel":45,"ReplayTheSpireMod:SealedPack":128,"Art of War":20,"Bag of Marbles":116,"White Beast Statue":128}]},"card_choices":[{"not_picked":["champ:RisingSlash","champ:BerserkersShout"],"picked":"champ:FlashCut","floor":2},{"not_picked":["champ:FlashCut+1","champ:GladiatorsShout+1"],"picked":"champ:TornadoPunch+1","floor":4},{"not_picked":["champ:FaceSlap","champ:Encircle"],"picked":"champ:StanceDance","floor":5},{"not_picked":["champ:GladiatorsShout","champ:FocusedGladiator"],"picked":"champ:PreciseThrust","floor":8},{"not_picked":["champ:Circumvent","champ:StanceDance"],"picked":"champ:DefensiveStyle","floor":9},{"not_picked":["champ:GladiatorStyle","champ:FalseCounter"],"picked":"champ:ShieldThrow","floor":11},{"not_picked":["champ:TornadoPunch","champ:Encircle"],"picked":"champ:FocusedGladiator","floor":13},{"not_picked":["champ:BladeFlurry","champ:FocusedGladiator"],"picked":"champ:GutPunch","floor":14},{"not_picked":["champ:TornadoPunch","champ:Circumvent","champ:FocusedGladiator"],"picked":"SKIP","floor":15},{"not_picked":["champ:SwordThrow","champ:CrownThrow"],"picked":"champ:Devastate","floor":16},{"not_picked":["champ:CalledShot","champ:TornadoPunch"],"picked":"champ:AdrenalArmor","floor":19},{"not_picked":["champ:TornadoPunch","champ:GutPunch"],"picked":"champ:ArenaPreparation","floor":23},{"not_picked":["champ:Backstep","champ:BladeFlurry+1"],"picked":"champ:GladiatorsShout+1","floor":23},{"not_picked":["champ:FalseCounter+1","champ:BerserkersShout"],"picked":"champ:BringItOn","floor":25},{"not_picked":["champ:FocusedGladiator","champ:FlashCut","champ:RecklessLeap+1"],"picked":"SKIP","floor":25},{"not_picked":["champ:Encircle","champ:TornadoPunch"],"picked":"champ:CalledShot","floor":28},{"not_picked":["champ:GladiatorsShout","champ:TornadoPunch"],"picked":"champ:SteelEdge","floor":29},{"not_picked":["champ:BladeFlurry+1","champ:BerserkersShout","champ:Backstep+1"],"picked":"SKIP","floor":29},{"not_picked":["champ:HeartStrike","champ:FocusedDefense"],"picked":"champ:FanOfKnives","floor":31},{"not_picked":["champ:FanOfKnives","champ:FalseCounter","champ:ShieldWall"],"picked":"SKIP","floor":31},{"not_picked":["champ:StanceDance+1","champ:BerserkersShout"],"picked":"champ:BerserkerStyle","floor":32},{"not_picked":["champ:FanOfKnives","champ:BerserkersShout","champ:FlashCut"],"picked":"SKIP","floor":32},{"not_picked":["champ:VampiricStrike","champ:ShieldThrow"],"picked":"champ:MurderStrike","floor":33},{"not_picked":["champ:Haymaker+1"],"picked":"SKIP","floor":36},{"not_picked":["champ:GladiatorStyle+1"],"picked":"SKIP","floor":36},{"not_picked":[],"picked":"champ:AdrenalArmor","floor":37},{"not_picked":["champ:ShieldWall"],"picked":"SKIP","floor":37},{"not_picked":[],"picked":"champ:ViciousMockery","floor":38},{"not_picked":["champ:BerserkerStyle"],"picked":"SKIP","floor":38},{"not_picked":["champ:EnGarde"],"picked":"SKIP","floor":39},{"not_picked":["champ:FlashCut"],"picked":"SKIP","floor":39},{"not_picked":[],"picked":"champ:Backstep","floor":40},{"not_picked":["champ:GladiatorsShout"],"picked":"SKIP","floor":43},{"not_picked":["champ:FocusedBerserking"],"picked":"SKIP","floor":43},{"not_picked":["champ:FightOn"],"picked":"SKIP","floor":45},{"not_picked":["champ:GutPunch+1"],"picked":"SKIP","floor":45},{"not_picked":[],"picked":"champ:ShieldThrow","floor":46},{"not_picked":[],"picked":"infinitespire:FutureSight","floor":46},{"not_picked":[],"picked":"expansioncontent:SlimeTackle","floor":46},{"not_picked":["champ:GutPunch+1"],"picked":"SKIP","floor":47},{"not_picked":["champ:DancingMaster"],"picked":"SKIP","floor":47},{"not_picked":[],"picked":"champ:TornadoPunch","floor":48},{"not_picked":["champ:ShieldWall+1"],"picked":"SKIP","floor":48},{"not_picked":[],"picked":"champ:Backstep+1","floor":49},{"not_picked":["champ:BringItOn"],"picked":"SKIP","floor":49}],"player_experience":1281086,"relics_obtained":[{"floor":7,"key":"StoneCalendar"},{"floor":11,"key":"Art of War"},{"floor":26,"key":"Bottled Flame"},{"floor":28,"key":"Replay:Baseball"},{"floor":41,"key":"Bag of Marbles"}],"event_choices":[{"damage_healed":0,"gold_gain":0,"player_choice":"2","damage_taken":0,"max_hp_gain":0,"max_hp_loss":0,"event_name":"betterMatch:BetterMatch","floor":4,"gold_loss":0,"cards_obtained":["betterMatch:CommonCard"]},{"cards_removed":["champ:DancingMaster"],"damage_healed":2,"gold_gain":0,"player_choice":"Offered Rare","damage_taken":0,"max_hp_gain":10,"max_hp_loss":0,"event_name":"Bonfire Elementals","floor":21,"gold_loss":0},{"cards_removed":["champ:Defend"],"damage_healed":0,"gold_gain":0,"player_choice":"Give","damage_taken":0,"max_hp_gain":0,"max_hp_loss":0,"event_name":"betterNote:BetterNote","floor":22,"gold_loss":0,"cards_obtained":["Slimebound:Defend_Slimebound"]}],"is_beta":false,"boss_relics":[{"not_picked":["Velvet Choker","Empty Cage"],"picked":"Astrolabe"},{"not_picked":["Replay:Drink Me","Calling Bell"],"picked":"Busted Crown"}],"items_purged_floors":[20,46],"is_endless":false,"potions_floor_spawned":[5,9,11,14,23,29,31,32,33,36,37,43,45,47,48,49],"ascension_level":0}}