{"host":"mi0eibewekhugwl1","time":1609065364,"event":{"mods":["AchievementEnabler","BaseMod","Colored Map","Colored Powertips","DeckTracker","Keyboard Shortcuts","Minty Spire (QoL Compilation)","Quick Restart","Rare Cards Sparkle","Relic Stats","StSLib","SuperFastMode","everything is the same but u backflip on backflip"],"gold_per_floor":[117,132,9,9,20,51,126,86,154,154,189,189,208,208,208,280,280,293,309,359,101,115,115,135,135,189,209,209,25,25,25],"floor_reached":30,"playtime":585,"items_purged":["Strike_R","Strike_R"],"score":476,"play_id":"80339fde-0288-4dac-9f49-077d2b2023c2","local_time":"20201227193604","is_ascension_mode":true,"campfire_choices":[{"floor":10.0,"key":"REST"},{"data":"Evolve","floor":12.0,"key":"SMITH"},{"data":"Disarm","floor":15.0,"key":"SMITH"},{"floor":23,"key":"REST"},{"floor":25,"key":"REST"}],"circlet_count":0,"master_deck":["AscendersBane","Strike_R","Strike_R","Strike_R","Defend_R","Defend_R","Defend_R","Defend_R","Bash","Wild Strike","Fire Breathing","Evolve+1","Disarm+1","Intimidate","Flame Barrier","Fiend Fire","CurseOfTheBell","Dark Embrace+1","Shrug It Off","Master of Strategy","Pommel Strike","Seeing Red","Feel No Pain+1"],"relics":["Burning Blood","Potion Belt","Red Skull","Frozen Egg 2","StrikeDummy","CultistMask","Calling Bell","Bag of Preparation","Kunai","Prayer Wheel","Vajra"],"acts_visited":["Exordium","TheCity"],"potions_floor_usage":[18,19,24],"damage_taken":[{"damage":6.0,"enemies":"2 Louse","floor":1.0,"turns":4.0},{"damage":4.0,"enemies":"Jaw Worm","floor":2.0,"turns":4.0},{"damage":6.0,"enemies":"Cultist","floor":5.0,"turns":3.0},{"damage":49.0,"enemies":"Gremlin Nob","floor":6.0,"turns":5.0},{"damage":20.0,"enemies":"Lagavulin","floor":11.0,"turns":6.0},{"damage":17.0,"enemies":"Large Slime","floor":13.0,"turns":5.0},{"damage":13,"enemies":"Hexaghost","floor":16,"turns":10},{"damage":8,"enemies":"2 Thieves","floor":18,"turns":3},{"damage":22,"enemies":"Spheric Guardian","floor":19,"turns":4},{"damage":33,"enemies":"Snake Plant","floor":22,"turns":5},{"damage":52,"enemies":"3 Cultists","floor":24,"turns":6},{"damage":19,"enemies":"Snecko","floor":27,"turns":4},{"damage":56,"enemies":"Masked Bandits","floor":30,"turns":3}],"seed_played":"8277992284442878711","potions_obtained":[{"floor":1.0,"key":"EssenceOfSteel"},{"floor":2.0,"key":"FairyPotion"},{"floor":8.0,"key":"Fire Potion"},{"floor":8.0,"key":"Energy Potion"},{"floor":8.0,"key":"SneckoOil"},{"floor":13.0,"key":"Fruit Juice"},{"floor":18,"key":"Strength Potion"},{"floor":22,"key":"SpeedPotion"},{"floor":24,"key":"SteroidPotion"}],"is_trial":false,"path_per_floor":["M","M","$","?","M","E","?","?","T","R","E","R","M","?","R","B",null,"M","M","?","$","M","R","M","R","T","M","?","$","?"],"character_chosen":"IRONCLAD","items_purchased":["Evolve","Disarm","Master of Strategy","Feel No Pain+1"],"campfire_rested":3,"item_purchase_floors":[3,3,21,29],"current_hp_per_floor":[68,70,70,75,75,32,21,21,21,45,31,31,25,25,25,18,68,66,50,50,50,23,48,31,56,56,43,43,43,0,0],"gold":25,"neow_bonus":"RANDOM_COMMON_RELIC","is_daily":false,"chose_seed":false,"campfire_upgraded":2,"win_rate":0.0,"timestamp":1609065364,"path_taken":["M","M","$","?","M","E","?","?","T","R","E","R","?","?","R","BOSS","M","M","?","$","M","R","M","R","T","?","?","$","?"],"items_purchased_type":["Card","Card","Card","Card"],"build_version":"2020-12-22","purchased_purges":2,"victory":false,"max_hp_per_floor":[75,75,75,80,80,80,80,80,80,80,80,80,85,85,85,85,85,85,85,85,85,85,85,85,85,85,85,85,85,85,85],"relic_stats":{"counters":[13,62],"Prayer Wheel":5,"Bag of Preparation":[12],"Kunai":[2],"obtain_stats":[{"Potion Belt":0,"Calling Bell":17,"Vajra":26,"Prayer Wheel":17,"CultistMask":14,"Bag of Preparation":17,"Kunai":17,"Frozen Egg 2":9,"StrikeDummy":11,"Burning Blood":0,"Red Skull":6},{"Potion Belt":0,"Calling Bell":7,"Vajra":11,"Prayer Wheel":7,"CultistMask":6,"Bag of Preparation":7,"Kunai":7,"Frozen Egg 2":4,"StrikeDummy":5,"Burning Blood":0,"Red Skull":4},{"Potion Belt":0,"Calling Bell":37,"Vajra":55,"Prayer Wheel":37,"CultistMask":27,"Bag of Preparation":37,"Kunai":37,"Frozen Egg 2":16,"StrikeDummy":22,"Burning Blood":0,"Red Skull":16}],"Burning Blood":72},"card_choices":[{"not_picked":["Dropkick","Havoc"],"picked":"Wild Strike","floor":1.0},{"not_picked":["Sword Boomerang","Heavy Blade"],"picked":"Fire Breathing","floor":2.0},{"not_picked":["Perfected Strike","Combust","Clothesline"],"picked":"SKIP","floor":5.0},{"not_picked":["Clothesline","Blood for Blood"],"picked":"Intimidate","floor":6.0},{"not_picked":["Body Slam","Shockwave","Clash"],"picked":"SKIP","floor":11.0},{"not_picked":["Anger","Sword Boomerang"],"picked":"Flame Barrier","floor":13.0},{"not_picked":["Offering","Demon Form+1"],"picked":"Fiend Fire","floor":16},{"not_picked":["Searing Blow","Twin Strike"],"picked":"Dark Embrace+1","floor":18},{"not_picked":["Thunderclap","Havoc","Wild Strike"],"picked":"SKIP","floor":18},{"not_picked":["Wild Strike","Headbutt"],"picked":"Shrug It Off","floor":19},{"not_picked":["Metallicize+1","Intimidate","Pummel"],"picked":"SKIP","floor":19},{"not_picked":["True Grit","Thunderclap"],"picked":"Pommel Strike","floor":22},{"not_picked":["Clash","Headbutt","Twin Strike+1"],"picked":"SKIP","floor":22},{"not_picked":["Reckless Charge","Bloodletting"],"picked":"Seeing Red","floor":24},{"not_picked":["True Grit","Pommel Strike","Warcry"],"picked":"SKIP","floor":24},{"not_picked":["Searing Blow","Disarm","Limit Break"],"picked":"SKIP","floor":27},{"not_picked":["Cleave","Twin Strike","Warcry"],"picked":"SKIP","floor":27}],"player_experience":1710409,"relics_obtained":[{"floor":6.0,"key":"Red Skull"},{"floor":9.0,"key":"Frozen Egg 2"},{"floor":11.0,"key":"StrikeDummy"},{"floor":17,"key":"Bag of Preparation"},{"floor":17,"key":"Kunai"},{"floor":17,"key":"Prayer Wheel"},{"floor":26,"key":"Vajra"}],"event_choices":[{"damage_healed":0.0,"max_hp_gain":5.0,"max_hp_loss":0.0,"gold_gain":0.0,"event_name":"Big Fish","player_choice":"Donut","floor":4.0,"gold_loss":0.0,"damage_taken":0.0},{"damage_healed":0.0,"max_hp_gain":0.0,"max_hp_loss":0.0,"gold_gain":75.0,"event_name":"World of Goop","player_choice":"Gather Gold","floor":7.0,"gold_loss":0.0,"damage_taken":11.0},{"damage_healed":0.0,"max_hp_gain":0.0,"max_hp_loss":0.0,"gold_gain":0.0,"event_name":"The Woman in Blue","player_choice":"Bought 3 Potions","floor":8.0,"gold_loss":0.0,"damage_taken":0.0},{"damage_healed":0.0,"max_hp_gain":0.0,"max_hp_loss":0.0,"gold_gain":0.0,"event_name":"FaceTrader","player_choice":"Trade","floor":14.0,"gold_loss":0.0,"damage_taken":0.0,"relics_obtained":["CultistMask"]},{"damage_healed":0,"gold_gain":100,"player_choice":"Bet on Murderer","damage_taken":0,"max_hp_gain":0,"max_hp_loss":0,"event_name":"The Joust","floor":20,"gold_loss":50},{"damage_healed":0,"gold_gain":0,"player_choice":"Fought Bandits","damage_taken":0,"max_hp_gain":0,"max_hp_loss":0,"event_name":"Masked Bandits","floor":30,"gold_loss":0}],"is_beta":false,"boss_relics":[{"not_picked":["Snecko Eye","Ectoplasm"],"picked":"Calling Bell"}],"items_purged_floors":[21,29],"is_endless":false,"potions_floor_spawned":[1,2,13,18,22,24],"killed_by":"Masked Bandits","ascension_level":20}}