{"host":"x6tlfgqpy55vgxdn","time":1609075639,"event":{"mods":["AchievementEnabler","BaseMod","DeckTracker","Minty Spire (QoL Compilation)","Permanent Neow","StSLib","SuperFastMode"],"gold_per_floor":[116,130,145,155,170,197,197,226,226,4,4,4,18,28,28,128,128,143,143,68,167,67,67,85,104,177,177,200,220,253,253,253,349,349,359,359,373,425,1,1,26,26,100,117,117,117,136,153,153,153,153,153,3,33,33],"floor_reached":56,"playtime":1981,"items_purged":["Strike_B","Strike_B","Defend_B","Electrodynamics"],"score":1630,"play_id":"800b2d91-5cdb-4287-a217-05919cced5cb","local_time":"20201227222719","is_ascension_mode":true,"campfire_choices":[{"floor":7.0,"key":"REST"},{"data":"Zap","floor":12.0,"key":"SMITH"},{"data":"Dualcast","floor":15.0,"key":"SMITH"},{"data":"Defragment","floor":23.0,"key":"SMITH"},{"data":"Gash","floor":27.0,"key":"SMITH"},{"data":"Gash","floor":32.0,"key":"SMITH"},{"data":"Seek","floor":40.0,"key":"SMITH"},{"data":"Zap+1","floor":42.0,"key":"PURGE"},{"data":"Steam+1","floor":46.0,"key":"PURGE"},{"floor":49.0,"key":"RECALL"},{"data":"Tempest+1","floor":52.0,"key":"PURGE"}],"circlet_count":0,"master_deck":["Dualcast+1","Cold Snap","Coolheaded","Echo Form","Gash+1","All For One","Seek+1","Dark Shackles","Defragment+1","Glacier","Gash+1","Static Discharge+1","White Noise+1","Meteor Strike","Defragment+1","Loop+1","Recycle"],"relics":["Nuclear Battery","Bottled Tornado","DataDisk","Turnip","Medical Kit","Runic Dome","Strawberry","InkBottle","Astrolabe","Mango","Ice Cream","Peace Pipe","Eternal Feather","Art of War"],"acts_visited":["Exordium","TheCity","TheBeyond","TheEnding"],"potions_floor_usage":[55,55],"damage_taken":[{"damage":0.0,"enemies":"Cultist","floor":1.0,"turns":4.0},{"damage":1.0,"enemies":"Small Slimes","floor":2.0,"turns":4.0},{"damage":0.0,"enemies":"2 Louse","floor":3.0,"turns":3.0},{"damage":18.0,"enemies":"Lots of Slimes","floor":4.0,"turns":8.0},{"damage":10.0,"enemies":"2 Fungi Beasts","floor":5.0,"turns":4.0},{"damage":33.0,"enemies":"Gremlin Nob","floor":6.0,"turns":5.0},{"damage":9.0,"enemies":"Lagavulin","floor":8.0,"turns":8.0},{"damage":7.0,"enemies":"Looter","floor":13.0,"turns":4.0},{"damage":0.0,"enemies":"Gremlin Gang","floor":14.0,"turns":1.0},{"damage":1.0,"enemies":"The Guardian","floor":16.0,"turns":11.0},{"damage":1.0,"enemies":"Spheric Guardian","floor":18.0,"turns":4.0},{"damage":1.0,"enemies":"2 Thieves","floor":24.0,"turns":4.0},{"damage":0.0,"enemies":"Centurion and Healer","floor":25.0,"turns":6.0},{"damage":5.0,"enemies":"Shelled Parasite and Fungi","floor":29.0,"turns":5.0},{"damage":21.0,"enemies":"Slavers","floor":30.0,"turns":2.0},{"damage":16.0,"enemies":"Collector","floor":33.0,"turns":7.0},{"damage":0.0,"enemies":"3 Shapes","floor":35.0,"turns":2.0},{"damage":0.0,"enemies":"Orb Walker","floor":37.0,"turns":2.0},{"damage":26.0,"enemies":"2 Orb Walkers","floor":38.0,"turns":4.0},{"damage":0.0,"enemies":"Nemesis","floor":41.0,"turns":3.0},{"damage":27.0,"enemies":"Writhing Mass","floor":44.0,"turns":2.0},{"damage":22.0,"enemies":"Jaw Worm Horde","floor":47.0,"turns":2.0},{"damage":0.0,"enemies":"3 Darklings","floor":48.0,"turns":6.0},{"damage":24.0,"enemies":"Donu and Deca","floor":50.0,"turns":8.0},{"damage":38.0,"enemies":"Shield and Spear","floor":54.0,"turns":7.0},{"damage":11,"enemies":"The Heart","floor":55,"turns":7}],"seed_played":"-1831650037291974865","potions_obtained":[{"floor":1.0,"key":"SteroidPotion"},{"floor":5.0,"key":"PotionOfCapacity"},{"floor":8.0,"key":"FocusPotion"},{"floor":14.0,"key":"DistilledChaos"},{"floor":25.0,"key":"AttackPotion"},{"floor":29.0,"key":"SpeedPotion"},{"floor":33.0,"key":"Fruit Juice"},{"floor":38.0,"key":"Regen Potion"},{"floor":44.0,"key":"Ancient Potion"},{"floor":48.0,"key":"SteroidPotion"}],"is_trial":false,"path_per_floor":["M","M","M","M","M","E","R","E","T","$","?","R","M","M","R","B",null,"M","?","?","?","$","R","M","M","T","R","T","M","E","?","R","B",null,"M","?","M","?","$","R","E","R","T","M","?","R","M","M","R","B",null,"R","$","E","B",null],"character_chosen":"DEFECT","items_purchased":["Medical Kit","Ice Cream"],"campfire_rested":1,"item_purchase_floors":[10,39],"current_hp_per_floor":[68,67,67,49,39,6,28,19,19,19,19,19,12,12,12,11,59,58,58,58,58,58,58,57,57,57,57,64,59,38,38,38,22,67,67,67,67,60,60,60,60,60,60,33,33,42,20,35,44,20,81,90,90,52,41],"gold":33,"neow_bonus":"BOSS_RELIC","is_daily":false,"chose_seed":false,"campfire_upgraded":6,"win_rate":0.0,"timestamp":1609075639,"path_taken":["M","M","M","M","M","E","R","E","T","?","?","R","M","M","R","BOSS","M","?","?","?","$","R","M","M","T","R","?","?","E","?","R","BOSS","M","?","?","?","$","R","E","R","T","M","?","R","?","M","R","BOSS","R","$","E","BOSS"],"items_purchased_type":["Relic","Relic"],"build_version":"2020-12-22","purchased_purges":4,"victory":true,"max_hp_per_floor":[75,75,75,75,75,75,75,75,75,75,75,75,75,75,75,75,75,75,75,75,75,75,75,75,75,75,75,82,82,82,82,82,82,82,82,82,82,101,101,101,101,101,101,101,101,101,101,101,101,101,101,101,101,101,101],"card_choices":[{"not_picked":["Storm","Stack"],"picked":"Cold Snap","floor":1.0},{"not_picked":["Steam","Beam Cell"],"picked":"Coolheaded","floor":2.0},{"not_picked":["Leap","Redo","Go for the Eyes"],"picked":"SKIP","floor":3.0},{"not_picked":["Compile Driver","Streamline"],"picked":"Echo Form","floor":4.0},{"not_picked":["Stack","Turbo"],"picked":"Gash","floor":5.0},{"not_picked":["Cold Snap","Rainbow","Turbo"],"picked":"SKIP","floor":6.0},{"not_picked":["Cold Snap","Rainbow","Turbo"],"picked":"SKIP","floor":6.0},{"not_picked":["Fission","Heatsinks"],"picked":"All For One","floor":8.0},{"not_picked":["Leap","Rebound","Darkness"],"picked":"SKIP","floor":13.0},{"not_picked":["Steam","Hologram","Hello World"],"picked":"SKIP","floor":14.0},{"not_picked":["Static Discharge+1","Beam Cell","Double Energy"],"picked":"SKIP","floor":18.0},{"not_picked":["Stack","Coolheaded","Fusion"],"picked":"SKIP","floor":24.0},{"not_picked":["Stack","Go for the Eyes","Turbo"],"picked":"SKIP","floor":25.0},{"not_picked":["Coolheaded","Rebound"],"picked":"Gash","floor":29.0},{"not_picked":["Meteor Strike","Compile Driver","Amplify"],"picked":"SKIP","floor":30.0},{"not_picked":["Core Surge","All For One"],"picked":"Electrodynamics","floor":33.0},{"not_picked":["Compile Driver","Cold Snap"],"picked":"White Noise+1","floor":35.0},{"not_picked":["Doom and Gloom","Barrage"],"picked":"Defragment+1","floor":37.0},{"not_picked":["Steam+1","Conserve Battery+1","Rainbow"],"picked":"SKIP","floor":41.0},{"not_picked":["Steam+1","Conserve Battery+1","Rainbow"],"picked":"SKIP","floor":41.0},{"not_picked":["Rebound","Auto Shields+1"],"picked":"Loop+1","floor":44.0},{"not_picked":["Hologram","Lockon+1","Defragment"],"picked":"SKIP","floor":47.0},{"not_picked":["Blizzard+1","Steam","Scrape+1"],"picked":"SKIP","floor":48.0},{"not_picked":["Coolheaded","Go for the Eyes"],"picked":"Recycle","floor":54.0}],"player_experience":207291,"relics_obtained":[{"floor":6.0,"key":"Bottled Tornado"},{"floor":8.0,"key":"DataDisk"},{"floor":9.0,"key":"Turnip"},{"floor":28.0,"key":"Strawberry"},{"floor":30.0,"key":"InkBottle"},{"floor":38.0,"key":"Mango"},{"floor":41.0,"key":"Peace Pipe"},{"floor":43.0,"key":"Eternal Feather"},{"floor":54.0,"key":"Art of War"}],"event_choices":[{"damage_healed":0.0,"max_hp_gain":0.0,"max_hp_loss":0.0,"gold_gain":0.0,"event_name":"Match and Keep!","player_choice":"3 cards matched","floor":11.0,"gold_loss":0.0,"damage_taken":0.0,"cards_obtained":["Seek","Dark Shackles","Defragment"]},{"damage_healed":0.0,"max_hp_gain":0.0,"max_hp_loss":0.0,"gold_gain":0.0,"event_name":"The Library","player_choice":"Read","floor":19.0,"gold_loss":0.0,"damage_taken":0.0,"cards_obtained":["Glacier"]},{"cards_removed":["Strike_B"],"damage_healed":0.0,"max_hp_gain":0.0,"max_hp_loss":0.0,"gold_gain":0.0,"event_name":"Beggar","player_choice":"Gave Gold","floor":20.0,"gold_loss":75.0,"damage_taken":0.0},{"damage_healed":0.0,"max_hp_gain":0.0,"max_hp_loss":0.0,"gold_gain":99.0,"event_name":"Nest","player_choice":"Stole From Cult","floor":21.0,"gold_loss":0.0,"damage_taken":0.0},{"damage_healed":0.0,"max_hp_gain":0.0,"max_hp_loss":0.0,"gold_gain":0.0,"event_name":"The Mausoleum","player_choice":"Ignored","floor":31.0,"gold_loss":0.0,"damage_taken":0.0},{"damage_healed":0.0,"max_hp_gain":0.0,"max_hp_loss":0.0,"gold_gain":0.0,"cards_transformed":["Defend_B"],"event_name":"Transmorgrifier","player_choice":"Transformed","floor":36.0,"gold_loss":0.0,"damage_taken":0.0,"cards_obtained":["Meteor Strike"]},{"damage_healed":0.0,"max_hp_gain":0.0,"max_hp_loss":0.0,"gold_gain":0.0,"event_name":"Mysterious Sphere","player_choice":"Fight","floor":38.0,"gold_loss":0.0,"damage_taken":0.0},{"damage_healed":0.0,"max_hp_gain":0.0,"max_hp_loss":0.0,"gold_gain":0.0,"event_name":"Tomb of Lord Red Mask","player_choice":"Ignored","floor":45.0,"gold_loss":0.0,"damage_taken":0.0}],"is_beta":false,"boss_relics":[{"not_picked":["Calling Bell","Cursed Key"],"picked":"Runic Dome"},{"not_picked":["Busted Crown","Black Star"],"picked":"Astrolabe"}],"items_purged_floors":[10,22,39,53],"is_endless":false,"potions_floor_spawned":[1,5,8,14,16,25,29,33,38,44,48],"ascension_level":8}}