{"host":"b4asi0laiv85suj9","time":1609046078,"event":{"mods":["ATMod(阿瑾Mod)","BaseMod","Minty Spire (QoL Compilation)","MostiFishMod","Relic Stats","StSLib","TestMod","noobMod"],"gold_per_floor":[119,135,135,59,79,111,126,126,126,154,164,189,189,221,221,296,296,315,315,333,223,235,235,260,276,276,307,322,372,84,84,84,157,157,177,577,577,252,402,427,472,497,497,497,171,199,214,228,228,228,228,228,29,60,60],"floor_reached":56,"playtime":2187,"items_purged":["Defend_B","Defend_B"],"score":3038,"play_id":"1a69de3c-f24d-4fa5-b6f1-98129cfc8558","local_time":"20201227131438","is_ascension_mode":true,"campfire_choices":[{"data":"Storm","floor":13.0,"key":"SMITH"},{"data":"AT_FamilyPortrait","floor":15.0,"key":"SMITH"},{"data":"AT_ThreeBodyProblem","floor":23.0,"key":"SMITH"},{"data":"MostiFishMod:TalkingToTheRain","floor":32.0,"key":"SMITH"},{"data":"Recycle","floor":44,"key":"SMITH"},{"floor":49,"key":"RECALL"},{"data":"Heatsinks","floor":52,"key":"SMITH"}],"circlet_count":0,"master_deck":["AscendersBane","Defend_B","Defend_B","Zap","Dualcast","MostiFishMod:EE1D","MostiFishMod:EE1D","MostiFishMod:EE1D","AT_FamilyPortrait+1","Storm+1","Hologram+1","Recycle+1","AT_ThreeBodyProblem+1","MostiFishMod:ReadyAimFire","AT_RobotInSpace","Glacier","MostiFishMod:Distribution","AT_WaterDrop","Fusion","MostiFishMod:ActiveDefenseSystem","All For One","Loop","MostiFishMod:LinkProtocol+1","Cold Snap","Capacitor","MostiFishMod:Exploitation","Redo","MostiFishMod:TalkingToTheRain+1","Creative AI","AT_DarkMatter+1","Heatsinks+1","Coolheaded+1","AT_DarkMatter+1","Coolheaded+1","Meteor Strike+1","AT_RightCognition+1","Coolheaded+1","Undo+1","Amplify+1","AT_DarkMatter+1"],"relics":["DaveBox","ice","AT_ATBox","EE1DDrone","testmod-Nyarlathotep","ChiXiaoBlade","SynthV:TestCard","Bottled Lightning","White Beast Statue","Oddly Smooth Stone","Pear","SynthV:C4","testmod-Fanaticism","Question Card","ImprovedEquipment","Nunchaku","Toxic Egg 2","testmod-Prudence","BrkXgEgg","testmod-ObsoleteBoomerang","Happy Flower","Bird Faced Urn","Lantern","DataDisk","Bag of Preparation","The Courier","Strawberry"],"acts_visited":["Exordium","TheCity","TheBeyond","TheEnding"],"potions_floor_usage":[40],"damage_taken":[{"damage":10.0,"enemies":"Small Slimes","floor":1.0,"turns":3.0},{"damage":7.0,"enemies":"Jaw Worm","floor":2.0,"turns":2.0},{"damage":10.0,"enemies":"2 Louse","floor":5.0,"turns":2.0},{"damage":0.0,"enemies":"Gremlin Nob","floor":6.0,"turns":2.0},{"damage":17.0,"enemies":"Red Slaver","floor":7.0,"turns":4.0},{"damage":0.0,"enemies":"3 Sentries","floor":10.0,"turns":1.0},{"damage":0.0,"enemies":"2 Fungi Beasts","floor":11.0,"turns":2.0},{"damage":0.0,"enemies":"Gremlin Nob","floor":12.0,"turns":2.0},{"damage":0.0,"enemies":"3 Sentries","floor":14.0,"turns":2.0},{"damage":0.0,"enemies":"Hexaghost","floor":16.0,"turns":2.0},{"damage":0.0,"enemies":"3 Byrds","floor":18.0,"turns":1.0},{"damage":0.0,"enemies":"2 Thieves","floor":20.0,"turns":1.0},{"damage":0.0,"enemies":"Centurion and Healer","floor":22.0,"turns":2.0},{"damage":0.0,"enemies":"Gremlin Leader","floor":24.0,"turns":2.0},{"damage":42.0,"enemies":"Snake Plant","floor":25.0,"turns":2.0},{"damage":8.0,"enemies":"Book of Stabbing","floor":27.0,"turns":2.0},{"damage":0.0,"enemies":"3 Cultists","floor":28.0,"turns":1.0},{"damage":0.0,"enemies":"Collector","floor":33.0,"turns":3.0},{"damage":0.0,"enemies":"3 Darklings","floor":35.0,"turns":1.0},{"damage":0.0,"enemies":"Mind Bloom Boss Battle","floor":39.0,"turns":3.0},{"damage":0,"enemies":"Giant Head","floor":40,"turns":1},{"damage":0,"enemies":"2 Orb Walkers","floor":41,"turns":1},{"damage":5,"enemies":"Reptomancer","floor":42,"turns":2},{"damage":0,"enemies":"Nemesis","floor":46,"turns":1},{"damage":0,"enemies":"Orb Walker","floor":47,"turns":1},{"damage":0,"enemies":"Writhing Mass","floor":48,"turns":1},{"damage":0,"enemies":"Donu and Deca","floor":50,"turns":2},{"damage":0,"enemies":"Shield and Spear","floor":54,"turns":1},{"damage":0,"enemies":"The Heart","floor":55,"turns":4}],"seed_played":"1514975196488095323","potions_obtained":[{"floor":1.0,"key":"FocusPotion"},{"floor":6.0,"key":"testmod-EscapePotion"},{"floor":28.0,"key":"FocusPotion"},{"floor":35.0,"key":"DuplicationPotion"},{"floor":40,"key":"PowerPotion"}],"is_trial":false,"path_per_floor":["M","M","?","$","M","E","M","?","T","E","M","E","R","E","R","B",null,"M","?","M","?","M","R","E","M","T","E","M","?","$","?","R","B",null,"M","?","?","$","?","E","?","E","T","R","$","E","M","M","R","B",null,"R","$","E","B",null],"character_chosen":"DEFECT","items_purchased":["Storm","Toxic Egg 2","BrkXgEgg","Heatsinks","DataDisk","Bag of Preparation","Amplify+1"],"campfire_rested":0,"item_purchase_floors":[4,30,38,38,45,45,53],"current_hp_per_floor":[54,47,47,47,37,37,20,13,13,13,13,23,23,23,23,23,67,67,67,67,67,67,67,67,25,25,21,21,21,21,21,21,21,66,66,66,66,66,66,66,66,80,80,80,80,81,81,81,81,81,81,81,81,88,88],"gold":60,"neow_bonus":"BOSS_RELIC","is_daily":false,"chose_seed":false,"campfire_upgraded":6,"win_rate":0.0,"timestamp":1609046078,"path_taken":["M","M","?","$","M","E","M","?","T","E","M","E","R","E","R","BOSS","M","?","M","?","M","R","E","M","T","E","?","?","$","?","R","BOSS","M","?","?","$","?","E","?","E","T","R","?","E","M","M","R","BOSS","R","$","E","BOSS"],"items_purchased_type":["Card","Relic","Relic","Card","Relic","Relic","Card"],"build_version":"2020-12-22","purchased_purges":2,"victory":true,"max_hp_per_floor":[71,71,71,71,71,71,71,71,71,71,71,81,81,81,81,81,81,81,81,81,81,81,81,81,81,81,81,81,81,81,81,81,81,81,81,81,81,81,81,81,81,81,81,81,81,81,81,81,81,81,81,81,81,88,88],"relic_stats":{"Nunchaku":[1],"Happy Flower":[4],"counters":[29,54],"Bird Faced Urn":[20],"Bag of Preparation":[13],"Question Card":14,"obtain_stats":[{"Lantern":42,"AT_ATBox":0,"DaveBox":0,"ice":0,"Bag of Preparation":45,"testmod-Nyarlathotep":0,"SynthV:C4":14,"testmod-Fanaticism":17,"Nunchaku":27,"testmod-Prudence":34,"Strawberry":54,"testmod-ObsoleteBoomerang":39,"Toxic Egg 2":30,"Cracked Core":0,"testmod-TestBox":0,"Pear":12,"Happy Flower":40,"ImprovedEquipment":26,"Oddly Smooth Stone":10,"BrkXgEgg":38,"The Courier":46,"Question Card":24,"White Beast Statue":9,"DataDisk":45,"SynthV:TestCard":1,"EE1DDrone":0,"Bird Faced Urn":41,"ChiXiaoBlade":0,"Bottled Lightning":6},{"Lantern":23,"AT_ATBox":0,"DaveBox":0,"ice":0,"Bag of Preparation":23,"testmod-Nyarlathotep":0,"SynthV:C4":9,"testmod-Fanaticism":10,"Nunchaku":16,"testmod-Prudence":18,"Strawberry":28,"testmod-ObsoleteBoomerang":20,"Toxic Egg 2":17,"Cracked Core":0,"testmod-TestBox":0,"Pear":8,"Happy Flower":21,"ImprovedEquipment":15,"Oddly Smooth Stone":6,"BrkXgEgg":19,"The Courier":24,"Question Card":14,"White Beast Statue":5,"DataDisk":23,"SynthV:TestCard":1,"EE1DDrone":0,"Bird Faced Urn":22,"ChiXiaoBlade":0,"Bottled Lightning":4},{"Lantern":44,"AT_ATBox":0,"DaveBox":0,"ice":0,"Bag of Preparation":44,"testmod-Nyarlathotep":0,"SynthV:C4":20,"testmod-Fanaticism":22,"Nunchaku":32,"testmod-Prudence":36,"Strawberry":50,"testmod-ObsoleteBoomerang":40,"Toxic Egg 2":33,"Cracked Core":0,"testmod-TestBox":0,"Pear":18,"Happy Flower":41,"ImprovedEquipment":30,"Oddly Smooth Stone":14,"BrkXgEgg":37,"The Courier":45,"Question Card":28,"White Beast Statue":13,"DataDisk":44,"SynthV:TestCard":3,"EE1DDrone":0,"Bird Faced Urn":42,"ChiXiaoBlade":0,"Bottled Lightning":9}]},"card_choices":[{"not_picked":["Stack","Auto Shields","Go for the Eyes"],"picked":"SKIP","floor":1.0},{"not_picked":["Steam","Barrage","Conserve Battery","Steam Power","Self Repair"],"picked":"SKIP","floor":2.0},{"not_picked":["Go for the Eyes","Turbo","Redo","Aggregate"],"picked":"Hologram","floor":5.0},{"not_picked":["Stack","Scrape","MostiFishMod:DeathFromBelow","Turbo"],"picked":"Recycle","floor":6.0},{"not_picked":["Redo","Steam","AT_HeatAcrobatics","Gash"],"picked":"AT_ThreeBodyProblem","floor":7.0},{"not_picked":["AT_DarkMatter","AT_HeatAcrobatics","FTL","MostiFishMod:PushDownKick"],"picked":"MostiFishMod:ReadyAimFire","floor":10.0},{"not_picked":["Scrape","Hologram","Blizzard","Lockon"],"picked":"AT_RobotInSpace","floor":11.0},{"not_picked":["Conserve Battery","Sweeping Beam","Gash","Go for the Eyes"],"picked":"Glacier","floor":12.0},{"not_picked":["Biased Cognition","Stack","Force Field","Fusion"],"picked":"MostiFishMod:Distribution","floor":14.0},{"not_picked":["All For One","Core Surge","Fission","MostiFishMod:Exploitation"],"picked":"AT_WaterDrop","floor":16.0},{"not_picked":["Auto Shields","Leap","Rebound","Sweeping Beam"],"picked":"Fusion","floor":18.0},{"not_picked":["AT_EMC2","Rebound","Hologram","Conserve Battery"],"picked":"Loop","floor":20.0},{"not_picked":["Go for the Eyes","Leap","Gash","Barrage"],"picked":"MostiFishMod:LinkProtocol+1","floor":22.0},{"not_picked":["Chaos","MostiFishMod:ATRI","Hologram+1","Defragment"],"picked":"Cold Snap","floor":24.0},{"not_picked":["Hologram","Turbo","Go for the Eyes","BootSequence+1","Ball Lightning"],"picked":"Capacitor","floor":25.0},{"not_picked":["Stack","Steam","Coolheaded","Storm","MostiFishMod:PushDownKick"],"picked":"MostiFishMod:Exploitation","floor":27.0},{"not_picked":["Go for the Eyes","Aggregate","Stack","Rebound","Darkness+1"],"picked":"Redo","floor":28.0},{"not_picked":["Thunder Strike","Biased Cognition","MostiFishMod:InterfaceCompatibility","Core Surge","MostiFishMod:IceShield+1"],"picked":"Creative AI","floor":33.0},{"not_picked":["Conserve Battery+1","Rebound+1","Steam+1","Storm+1","Ball Lightning"],"picked":"AT_DarkMatter+1","floor":35.0},{"not_picked":["Hologram+1","Barrage","MostiFishMod:TalkingToTheRain+1","Compile Driver+1","Redo+1"],"picked":"Coolheaded+1","floor":39},{"not_picked":["MostiFishMod:ATRI+1","MostiFishMod:PushDownKick","AT_StudyProgram+1","Conserve Battery+1","Gash"],"picked":"AT_DarkMatter+1","floor":40},{"not_picked":["FTL","Double Energy+1","Beam Cell+1","Turbo+1","Self Repair"],"picked":"Coolheaded+1","floor":41},{"not_picked":["Cold Snap+1","Sunder+1","Static Discharge+1","Turbo+1","Barrage"],"picked":"Meteor Strike+1","floor":42},{"not_picked":["Redo+1","Turbo+1","Beam Cell+1","Undo+1","MostiFishMod:Culaccino+1"],"picked":"AT_RightCognition+1","floor":46},{"not_picked":["Barrage","Sweeping Beam","Scrape","Reprogram+1","Ball Lightning"],"picked":"Coolheaded+1","floor":47},{"not_picked":["Streamline","MostiFishMod:PushDownKick+1","Hologram+1","Beam Cell+1","Redo+1"],"picked":"Undo+1","floor":48},{"not_picked":["Self Repair","Melter","Compile Driver","MostiFishMod:LinkProtocol+1","Beam Cell+1"],"picked":"AT_DarkMatter+1","floor":54}],"player_experience":249500,"relics_obtained":[{"floor":1.0,"key":"SynthV:TestCard"},{"floor":6.0,"key":"Bottled Lightning"},{"floor":9.0,"key":"White Beast Statue"},{"floor":10.0,"key":"Oddly Smooth Stone"},{"floor":12.0,"key":"Pear"},{"floor":14.0,"key":"SynthV:C4"},{"floor":24.0,"key":"Question Card"},{"floor":26.0,"key":"ImprovedEquipment"},{"floor":27.0,"key":"Nunchaku"},{"floor":39,"key":"testmod-ObsoleteBoomerang"},{"floor":40,"key":"Happy Flower"},{"floor":41,"key":"Bird Faced Urn"},{"floor":42,"key":"Lantern"},{"floor":46,"key":"The Courier"},{"floor":54,"key":"Strawberry"}],"event_choices":[{"damage_healed":0.0,"max_hp_gain":0.0,"max_hp_loss":0.0,"gold_gain":0.0,"event_name":"给自己的盒子","player_choice":"Ignored","floor":3.0,"gold_loss":0.0,"damage_taken":0.0},{"cards_removed":["Strike_B"],"damage_healed":0.0,"max_hp_gain":0.0,"max_hp_loss":0.0,"gold_gain":0.0,"event_name":"Golden Wing","player_choice":"Card Removal","floor":8.0,"gold_loss":0.0,"damage_taken":7.0},{"damage_healed":0.0,"max_hp_gain":0.0,"max_hp_loss":0.0,"gold_gain":0.0,"cards_transformed":["Strike_B","Strike_B"],"event_name":"Drug Dealer","player_choice":"Became Test Subject","floor":19.0,"gold_loss":0.0,"damage_taken":0.0,"cards_obtained":["MostiFishMod:ActiveDefenseSystem","All For One"]},{"cards_removed":["Strike_B"],"damage_healed":0.0,"max_hp_gain":0.0,"max_hp_loss":0.0,"gold_gain":0.0,"event_name":"Designer","player_choice":"Upgrade and Remove","floor":21.0,"gold_loss":110.0,"damage_taken":0.0,"cards_upgraded":["Hologram"]},{"damage_healed":0.0,"max_hp_gain":0.0,"max_hp_loss":0.0,"gold_gain":50.0,"event_name":"Nest","player_choice":"Stole From Cult","floor":29.0,"gold_loss":0.0,"damage_taken":0.0},{"damage_healed":0.0,"max_hp_gain":0.0,"max_hp_loss":0.0,"gold_gain":0.0,"event_name":"The Library","player_choice":"Read","floor":31.0,"gold_loss":0.0,"damage_taken":0.0,"cards_obtained":["MostiFishMod:TalkingToTheRain"]},{"damage_healed":0.0,"max_hp_gain":0.0,"max_hp_loss":0.0,"gold_gain":400.0,"event_name":"恩洛斯的盘子","player_choice":"Sell","floor":36.0,"relics_lost":["testmod-TestBox"],"gold_loss":0.0,"damage_taken":0.0},{"damage_healed":0.0,"max_hp_gain":0.0,"max_hp_loss":0.0,"gold_gain":0.0,"event_name":"Tomb of Lord Red Mask","player_choice":"Ignored","floor":37.0,"gold_loss":0.0,"damage_taken":0.0},{"damage_healed":0.0,"max_hp_gain":0.0,"max_hp_loss":0.0,"gold_gain":0.0,"event_name":"MindBloom","player_choice":"Fight","floor":39.0,"gold_loss":0.0,"damage_taken":0.0},{"damage_healed":0,"gold_gain":0,"player_choice":"Fight","damage_taken":0,"max_hp_gain":0,"max_hp_loss":0,"event_name":"Mysterious Sphere","floor":41,"gold_loss":0}],"is_beta":false,"boss_relics":[{"not_picked":["testmod-DreamHouse","Sozu"],"picked":"testmod-Fanaticism"},{"not_picked":["Black Star","Runic Pyramid"],"picked":"testmod-Prudence"}],"items_purged_floors":[38,53],"is_endless":false,"potions_floor_spawned":[1,6,10,11,12,14,16,18,20,22,24,25,27,28,33,35,39,40,41,42,46,47,48,54],"ascension_level":17}}