{"host":"l4he167voxkef95j","time":1609075875,"event":{"mods":["BaseMod","Infinite Spire","Minty Spire (QoL Compilation)","Rare Cards Sparkle","StSLib"],"gold_per_floor":[209,225,225,225,74,107,179,179,228,251,274,274,274,298,298,402,402,423,451,477,88,106,149,169,188,233,233,233],"floor_reached":27,"playtime":899,"items_purged":[],"score":233,"play_id":"3c384564-2132-40e6-a57a-e23acef7952c","local_time":"20201227173115","is_ascension_mode":false,"campfire_choices":[{"floor":8.0,"key":"REST"},{"floor":13.0,"key":"REST"},{"data":"Infinite Blades","floor":15.0,"key":"SMITH"}],"circlet_count":0,"master_deck":["Strike_G","Strike_G","Strike_G+1","Strike_G","Strike_G","Defend_G+1","Defend_G","Defend_G","Defend_G+1","Defend_G","Survivor","Neutralize","Terror","Infinite Blades+1","Quick Slash+1","Sucker Punch","Dagger Spray","Flying Knee","Bullet Time","Outmaneuver+1","Deadly Poison","Flying Knee+1","Infinite Blades","Transmutation","PiercingWail","Dramatic Entrance","Slice","Footwork+1","All Out Attack"],"relics":["Burning Blood","infinitespire:Cubic Diamond","Art of War","War Paint","CeramicFish","infinitespire:Beetle Shell","Whetstone","infinitespire:Cupcake","TwistedFunnel","Happy Flower","Tiny Chest"],"acts_visited":["Exordium","TheCity"],"potions_floor_usage":[27],"damage_taken":[{"damage":4.0,"enemies":"Cultist","floor":1.0,"turns":5.0},{"damage":6.0,"enemies":"2 Louse","floor":2.0,"turns":3.0},{"damage":35.0,"enemies":"Lagavulin","floor":6.0,"turns":10.0},{"damage":27.0,"enemies":"3 Sentries","floor":7.0,"turns":11.0},{"damage":3.0,"enemies":"Jaw Worm","floor":11.0,"turns":3.0},{"damage":5.0,"enemies":"Looter","floor":14.0,"turns":3.0},{"damage":44.0,"enemies":"Slime Boss","floor":16.0,"turns":8.0},{"damage":17.0,"enemies":"Shell Parasite","floor":18.0,"turns":5.0},{"damage":8.0,"enemies":"3 Byrds","floor":19.0,"turns":5.0},{"damage":25.0,"enemies":"3 Cultists","floor":20.0,"turns":6.0},{"damage":29.0,"enemies":"Nightmare","floor":23.0,"turns":8.0},{"damage":3.0,"enemies":"Snecko","floor":24.0,"turns":5.0},{"damage":20.0,"enemies":"Shelled Parasite and Fungi","floor":25.0,"turns":3.0},{"damage":11,"enemies":"Chosen and Byrds","floor":27,"turns":1}],"seed_played":"397165699335126370","potions_obtained":[{"floor":7.0,"key":"AttackPotion"},{"floor":14.0,"key":"Block Potion"},{"floor":16.0,"key":"SkillPotion"},{"floor":20.0,"key":"Swift Potion"},{"floor":23.0,"key":"Ancient Potion"},{"floor":24.0,"key":"Fire Potion"},{"floor":25.0,"key":"Weak Potion"}],"is_trial":false,"path_per_floor":["M","M","?","?","$","E","?","R","T","T","M","?","R","M","R","B",null,"M","M","M","$","?","NM","M","M","T","M"],"character_chosen":"THE_SILENT","items_purchased":["Art of War","TwistedFunnel","Infinite Blades","Transmutation"],"campfire_rested":2,"item_purchase_floors":[5,21,21,21],"current_hp_per_floor":[66,60,60,60,60,31,10,31,31,31,34,39,61,62,62,24,75,64,62,43,43,43,20,23,9,9,0,0],"gold":233,"neow_bonus":"HUNDRED_GOLD","is_daily":false,"chose_seed":false,"campfire_upgraded":1,"win_rate":0.0,"timestamp":1609075875,"path_taken":["M","?","?","?","$","E","?","R","T","?","?","?","R","M","R","BOSS","M","M","M","$","?","NM","?","M","T","M"],"items_purchased_type":["Relic","Relic","Card","Card"],"build_version":"2020-12-22","purchased_purges":0,"victory":false,"max_hp_per_floor":[70,70,70,70,70,70,70,70,70,70,70,75,75,75,75,75,75,75,75,75,75,75,75,75,75,75,75,75],"card_choices":[{"not_picked":["Slice","Bane"],"picked":"Terror","floor":1.0},{"not_picked":["Bane","Dodge and Roll"],"picked":"Infinite Blades","floor":2.0},{"not_picked":["Leg Sweep","Dash"],"picked":"Quick Slash","floor":6.0},{"not_picked":["Terror","Slice"],"picked":"Sucker Punch","floor":7.0},{"not_picked":["Eviscerate","Leg Sweep"],"picked":"Dagger Spray","floor":11.0},{"not_picked":["Finisher","Acrobatics"],"picked":"Flying Knee","floor":14.0},{"not_picked":["Night Terror","Storm of Steel"],"picked":"Bullet Time","floor":16.0},{"not_picked":["Predator","Cloak And Dagger+1"],"picked":"Outmaneuver+1","floor":18.0},{"not_picked":["Slice+1","A Thousand Cuts"],"picked":"Deadly Poison","floor":19.0},{"not_picked":["Deflect+1","Acrobatics"],"picked":"Flying Knee+1","floor":20.0},{"not_picked":["Underhanded Strike","Outmaneuver"],"picked":"Slice","floor":23.0},{"not_picked":["Choke+1","Eviscerate"],"picked":"Footwork+1","floor":24.0},{"not_picked":["Flying Knee","PiercingWail"],"picked":"All Out Attack","floor":25.0}],"player_experience":173159,"relics_obtained":[{"floor":6.0,"key":"War Paint"},{"floor":9.0,"key":"infinitespire:Beetle Shell"},{"floor":10.0,"key":"Whetstone"},{"floor":23.0,"key":"Happy Flower"},{"floor":26.0,"key":"Tiny Chest"}],"event_choices":[{"damage_healed":0.0,"max_hp_gain":0.0,"max_hp_loss":0.0,"gold_gain":0.0,"event_name":"Golden Wing","player_choice":"Ignored","floor":3.0,"gold_loss":0.0,"damage_taken":0.0},{"damage_healed":0.0,"max_hp_gain":0.0,"max_hp_loss":0.0,"gold_gain":30.0,"event_name":"Dead Adventurer","player_choice":"Searched \u00273\u0027 times","floor":7.0,"gold_loss":0.0,"damage_taken":0.0,"relics_obtained":["CeramicFish"]},{"damage_healed":0.0,"max_hp_gain":5.0,"max_hp_loss":0.0,"gold_gain":0.0,"event_name":"Big Fish","player_choice":"Donut","floor":12.0,"gold_loss":0.0,"damage_taken":0.0},{"damage_healed":0.0,"max_hp_gain":0.0,"max_hp_loss":0.0,"gold_gain":0.0,"event_name":"Match and Keep!","player_choice":"2 cards matched","floor":22.0,"gold_loss":0.0,"damage_taken":0.0,"cards_obtained":["PiercingWail","Dramatic Entrance"]}],"is_beta":false,"boss_relics":[{"not_picked":["Velvet Choker","Runic Pyramid"],"picked":"infinitespire:Cupcake"}],"items_purged_floors":[],"is_endless":true,"potions_floor_spawned":[7,14,16,20,23,24,25],"killed_by":"Chosen and Byrds","ascension_level":0}}