{"host":"12msmo06lpdo609w","time":1609044747,"event":{"mods":["AchievementEnabler","BaseMod","Highlight Path","Minty Spire (QoL Compilation)","Replay The Spire","RumiaBox-露米娅的神秘盒子","StSLib","UnlockEverythingMod"],"gold_per_floor":[118,118,132,132,143,143,143,154,181,192,117,134,134,145,145,240,240,259,259,309,326,337,357,357,383,383,383,403,403,414,414,414],"floor_reached":31,"playtime":1058,"items_purged":["Defend_G"],"score":231,"play_id":"eba88147-7eaf-4fae-bdeb-b21062fee55b","local_time":"20201227125227","is_ascension_mode":false,"campfire_choices":[{"data":"Deadly Poison","floor":6.0,"key":"SMITH"},{"data":"Strike_G","floor":15.0,"key":"PURGE"},{"data":"Prepared","floor":24,"key":"SMITH"},{"data":"Poison Darts","floor":27,"key":"SMITH"}],"circlet_count":0,"master_deck":["Strike_G","Strike_G","Strike_G","Defend_G","Defend_G","Survivor","Neutralize","Deadly Poison+1","Prepared+1","Poison Darts+1","Adrenaline"],"relics":["Ring of the Serpent"],"acts_visited":["Exordium","TheCity"],"potions_floor_usage":[30,30],"damage_taken":[{"damage":0.0,"enemies":"2 Louse","floor":1.0,"turns":3.0},{"damage":0.0,"enemies":"Cultist","floor":3.0,"turns":3.0},{"damage":2.0,"enemies":"Small Slimes","floor":5.0,"turns":4.0},{"damage":6.0,"enemies":"Gremlin Gang","floor":8.0,"turns":6.0},{"damage":0.0,"enemies":"2 Fungi Beasts","floor":10.0,"turns":4.0},{"damage":0.0,"enemies":"3 Louse","floor":12.0,"turns":3.0},{"damage":1.0,"enemies":"Red Slaver","floor":14.0,"turns":3.0},{"damage":53.0,"enemies":"Slime Boss","floor":16.0,"turns":14.0},{"damage":0.0,"enemies":"Shell Parasite","floor":18.0,"turns":4.0},{"damage":0,"enemies":"Chosen","floor":21,"turns":4},{"damage":11,"enemies":"Shelled Parasite and Fungi","floor":22,"turns":7},{"damage":17,"enemies":"Snecko","floor":23,"turns":4},{"damage":19,"enemies":"Snake Plant","floor":28,"turns":5},{"damage":23,"enemies":"3 Cultists","floor":30,"turns":7},{"damage":10,"enemies":"Centurion and Healer","floor":31,"turns":2}],"seed_played":"-7374789146561627281","potions_obtained":[{"floor":10.0,"key":"ColorlessPotion"},{"floor":12.0,"key":"Weak Potion"},{"floor":18.0,"key":"BlessingOfTheForge"},{"floor":22,"key":"PowerPotion"},{"floor":23,"key":"BlessingOfTheForge"}],"is_trial":false,"path_per_floor":["M","?","M","?","M","R","?","M","T","M","$","M","?","M","R","B",null,"M","?","?","M","M","M","R","T","T","R","M","?","M","M"],"character_chosen":"THE_SILENT","items_purchased":[],"campfire_rested":0,"item_purchase_floors":[],"current_hp_per_floor":[70,75,75,75,73,73,73,67,67,67,67,67,67,66,66,13,75,75,75,75,75,64,47,47,47,47,47,28,28,5,0,0],"gold":414,"neow_bonus":"REMOVE_CARD","is_daily":false,"chose_seed":false,"campfire_upgraded":3,"win_rate":0.0,"timestamp":1609044747,"path_taken":["M","?","M","?","M","R","?","M","T","?","$","M","?","?","R","BOSS","M","?","?","?","M","M","R","?","T","R","M","?","M","M"],"items_purchased_type":[],"build_version":"2020-12-22","purchased_purges":1,"victory":false,"max_hp_per_floor":[70,75,75,75,75,75,75,75,75,75,75,75,75,75,75,75,75,75,75,75,75,75,75,75,75,75,75,75,75,75,75,75],"card_choices":[{"not_picked":["Deflect","Underhanded Strike"],"picked":"Deadly Poison","floor":1.0},{"not_picked":["Toxin Wave","Acrobatics"],"picked":"Prepared","floor":3.0},{"not_picked":["Dagger Spray","Reflex","Concentrate"],"picked":"SKIP","floor":5.0},{"not_picked":["Heel Hook","Reflex","Prepared"],"picked":"SKIP","floor":8.0},{"not_picked":["Flying Knee","PiercingWail","Poisoned Stab"],"picked":"SKIP","floor":10.0},{"not_picked":["Heel Hook","Riddle With Holes","Deflect"],"picked":"SKIP","floor":12.0},{"not_picked":["ReplayTheSpireMod:From All Sides","Acrobatics","Sucker Punch"],"picked":"SKIP","floor":14.0},{"not_picked":["Atom Bomb","Venomology"],"picked":"Poison Darts","floor":16.0},{"not_picked":["Backflip","Dodge and Roll+1","Cloak And Dagger"],"picked":"SKIP","floor":18.0},{"not_picked":["Leg Sweep+1","Blade Dance","Choke+1"],"picked":"SKIP","floor":21},{"not_picked":["Heel Hook+1","Blade Dance+1","Underhanded Strike+1"],"picked":"SKIP","floor":22},{"not_picked":["Flying Knee","Cloak And Dagger","Skewer"],"picked":"SKIP","floor":23},{"not_picked":["Flying Knee","Riddle With Holes"],"picked":"Adrenaline","floor":28},{"not_picked":["Bane","Dagger Spray","Concentrate"],"picked":"SKIP","floor":30}],"player_experience":173134,"relics_obtained":[],"event_choices":[{"damage_healed":0.0,"max_hp_gain":5.0,"max_hp_loss":0.0,"gold_gain":0.0,"event_name":"Big Fish","player_choice":"Donut","floor":2.0,"gold_loss":0.0,"damage_taken":0.0},{"damage_healed":0.0,"max_hp_gain":0.0,"max_hp_loss":0.0,"gold_gain":0.0,"event_name":"NoteForYourself","player_choice":"Ignored","floor":7.0,"gold_loss":0.0,"damage_taken":0.0},{"cards_removed":["Defend_G"],"damage_healed":0.0,"max_hp_gain":0.0,"max_hp_loss":0.0,"gold_gain":0.0,"event_name":"Purifier","player_choice":"Purged","floor":13.0,"gold_loss":0.0,"damage_taken":0.0},{"damage_healed":0,"gold_gain":100,"player_choice":"Bet on Murderer","damage_taken":0,"max_hp_gain":0,"max_hp_loss":0,"event_name":"The Joust","floor":20,"gold_loss":50},{"damage_healed":0,"gold_gain":0,"player_choice":"Ignored","damage_taken":0,"max_hp_gain":0,"max_hp_loss":0,"event_name":"WeMeetAgain","floor":29,"gold_loss":0}],"is_beta":false,"boss_relics":[{"not_picked":["Replay:Grab Bag","EasyGame_NEW"],"picked":"Ring of the Serpent"}],"items_purged_floors":[11],"is_endless":false,"potions_floor_spawned":[10,12,18,22,23],"killed_by":"Centurion and Healer","ascension_level":0}}