{"host":"7mrmd33mpx7q5wx9","time":1609046912,"event":{"mods":["AchievementEnabler","BaseMod","BetterRewards","Colored Map","Defuse TimeMaze Blight","Minty Spire (QoL Compilation)","Permanent Neow","Quick Restart","StSLib","SuperFastMode"],"gold_per_floor":[111,111,128,128,139,167,181,197,197,225,286,286,286,317,317,414,414,431,63,138,151,151,178,178,194,194,194,194,209,12,12,12],"floor_reached":31,"playtime":1409,"items_purged":["Strike_P","Defend_P","Decay"],"score":410,"play_id":"8d95c3d5-361c-40fd-ae9d-2ba81ababc1f","local_time":"20201226232832","is_ascension_mode":true,"campfire_choices":[{"floor":13,"key":"REST"},{"data":"MentalFortress","floor":15,"key":"SMITH"},{"data":"Vault","floor":24,"key":"SMITH"},{"floor":28,"key":"REST"}],"circlet_count":0,"master_deck":["Strike_P","Strike_P","Defend_P","Defend_P","Eruption","Vigilance","MentalFortress+1","FearNoEvil+1","SandsOfTime","ReachHeaven","SashWhip","CrushJoints","Evaluate","FlurryOfBlows","LessonLearned","ThirdEye","DeceiveReality","Vault+1","Crescendo+1","Consecrate","BattleHymn","LessonLearned+1","Protect","MentalFortress","TalkToTheHand+1"],"relics":["Mummified Hand","Ancient Tea Set","Strawberry","Juzu Bracelet","Eternal Feather","Boot","Black Star","Mercury Hourglass","Potion Belt","Molten Egg 2","Orichalcum"],"acts_visited":["Exordium","TheCity"],"potions_floor_usage":[7,8,14,18,25],"damage_taken":[{"damage":0,"enemies":"Cultist","floor":1,"turns":3},{"damage":0,"enemies":"2 Louse","floor":3,"turns":2},{"damage":7,"enemies":"Small Slimes","floor":5,"turns":2},{"damage":23,"enemies":"Lagavulin","floor":6,"turns":6},{"damage":0,"enemies":"2 Fungi Beasts","floor":7,"turns":1},{"damage":23,"enemies":"Lots of Slimes","floor":8,"turns":5},{"damage":18,"enemies":"3 Sentries","floor":10,"turns":7},{"damage":12,"enemies":"Gremlin Nob","floor":14,"turns":3},{"damage":28,"enemies":"The Guardian","floor":16,"turns":9},{"damage":5,"enemies":"Shell Parasite","floor":18,"turns":9},{"damage":8,"enemies":"Chosen","floor":21,"turns":3},{"damage":48,"enemies":"Gremlin Leader","floor":23,"turns":4},{"damage":11,"enemies":"Centurion and Healer","floor":25,"turns":5},{"damage":13,"enemies":"Snake Plant","floor":29,"turns":3},{"damage":36,"enemies":"Chosen and Byrds","floor":31,"turns":3}],"seed_played":"-262446404060197635","potions_obtained":[{"floor":1,"key":"PowerPotion"},{"floor":6,"key":"Weak Potion"},{"floor":8,"key":"DuplicationPotion"},{"floor":14,"key":"FearPotion"},{"floor":16,"key":"CultistPotion"},{"floor":18,"key":"Dexterity Potion"}],"is_trial":false,"path_per_floor":["M","?","M","?","M","E","M","M","T","E","?","?","R","E","R","B",null,"M","$","?","M","?","E","R","M","T","?","R","M","$","M"],"character_chosen":"WATCHER","items_purchased":["Mummified Hand","MentalFortress","FearNoEvil","Consecrate","Mercury Hourglass","TalkToTheHand+1"],"campfire_rested":2,"item_purchase_floors":[0,0,0,19,19,30],"current_hp_per_floor":[65,65,65,65,58,42,42,19,19,1,1,1,33,21,30,2,79,74,74,67,59,59,11,23,12,12,12,47,34,34,0,0],"gold":12,"neow_bonus":"","is_daily":false,"chose_seed":false,"campfire_upgraded":2,"win_rate":0.0,"timestamp":1609046912,"path_taken":["M","?","M","?","M","E","M","?","T","E","?","?","R","E","R","BOSS","M","$","?","M","?","E","R","M","T","?","R","M","$","M"],"items_purchased_type":["Relic","Card","Card","Card","Relic","Card"],"build_version":"2020-12-22","purchased_purges":3,"victory":false,"max_hp_per_floor":[72,72,72,72,72,79,79,79,79,79,79,79,79,79,79,79,79,79,79,79,79,79,79,79,79,79,79,79,79,79,79,79],"card_choices":[{"not_picked":["InnerPeace","Vengeance"],"picked":"SandsOfTime","floor":1},{"not_picked":["SashWhip","Evaluate"],"picked":"ReachHeaven","floor":3},{"not_picked":["Halt","EmptyBody"],"picked":"SashWhip","floor":5},{"not_picked":["WaveOfTheHand","Indignation"],"picked":"CrushJoints","floor":6},{"not_picked":["DeceiveReality","EmptyBody"],"picked":"Evaluate","floor":7},{"not_picked":["Crescendo","JustLucky"],"picked":"FlurryOfBlows","floor":8},{"not_picked":["BowlingBash","PathToVictory"],"picked":"LessonLearned","floor":10},{"not_picked":["Perseverance","CrushJoints"],"picked":"DeceiveReality","floor":14},{"not_picked":["DeusExMachina","DevaForm"],"picked":"Vault","floor":16},{"not_picked":["Swivel","Prostrate"],"picked":"Crescendo+1","floor":18},{"not_picked":["BowlingBash","ThirdEye"],"picked":"BattleHymn","floor":21},{"not_picked":["Evaluate","FollowUp+1"],"picked":"LessonLearned+1","floor":23},{"not_picked":["ThirdEye+1","BowlingBash+1"],"picked":"Protect","floor":25},{"not_picked":["SignatureMove+1","ThirdEye"],"picked":"MentalFortress","floor":29}],"player_experience":353685,"relics_obtained":[{"floor":6,"key":"Strawberry"},{"floor":9,"key":"Juzu Bracelet"},{"floor":10,"key":"Eternal Feather"},{"floor":14,"key":"Boot"},{"floor":23,"key":"Potion Belt"},{"floor":23,"key":"Molten Egg 2"},{"floor":26,"key":"Orichalcum"}],"event_choices":[{"damage_healed":0,"gold_gain":0,"player_choice":"Ignored","damage_taken":0,"max_hp_gain":0,"max_hp_loss":0,"event_name":"Liars Game","floor":2,"gold_loss":0},{"cards_removed":["Defend_P"],"damage_healed":0,"gold_gain":0,"player_choice":"Purged","damage_taken":0,"max_hp_gain":0,"max_hp_loss":0,"event_name":"Purifier","floor":4,"gold_loss":0},{"damage_healed":0,"gold_gain":61,"player_choice":"Gained Gold","damage_taken":0,"max_hp_gain":0,"max_hp_loss":0,"event_name":"Golden Wing","floor":11,"gold_loss":0},{"damage_healed":0,"gold_gain":0,"cards_transformed":["Strike_P"],"player_choice":"Transformed","damage_taken":0,"max_hp_gain":0,"max_hp_loss":0,"event_name":"Transmorgrifier","floor":12,"gold_loss":0,"cards_obtained":["ThirdEye"]},{"damage_healed":0,"gold_gain":75,"player_choice":"Touch","damage_taken":7,"max_hp_gain":0,"max_hp_loss":0,"event_name":"FaceTrader","floor":20,"gold_loss":0},{"damage_healed":0,"gold_gain":0,"player_choice":"Ignored","damage_taken":0,"max_hp_gain":0,"max_hp_loss":0,"event_name":"Beggar","floor":22,"gold_loss":0},{"damage_healed":0,"gold_gain":0,"player_choice":"Smashed Altar","damage_taken":0,"max_hp_gain":0,"max_hp_loss":0,"event_name":"Forgotten Altar","floor":27,"gold_loss":0,"cards_obtained":["Decay"]}],"is_beta":false,"boss_relics":[{"not_picked":["Coffee Dripper","Astrolabe"],"picked":"Black Star"}],"items_purged_floors":[0,19,30],"is_endless":false,"potions_floor_spawned":[1,6,8,14,16,18],"killed_by":"Chosen and Byrds","ascension_level":2}}