{"host":"sav7uxregyirlf69","time":1609081042,"event":{"mods":["AchievementEnabler","BaseMod","Colored Map","DeckTracker","Keyboard Shortcuts","Minty Spire (QoL Compilation)","READ ME - Guardian Mod","StSLib","SuperFastMode"],"gold_per_floor":[111,71,71,86,106,131,131,142,142,67,67,93,107,18,18,90,90,106,21,33,49,49,49,49,64,146,71,71,71,86,11,11,11,11],"floor_reached":33,"playtime":496,"items_purged":["Strike_G"],"score":490,"play_id":"7f7cf50f-97d2-43c8-856e-a54ad664043f","local_time":"20201227235722","is_ascension_mode":true,"campfire_choices":[{"data":"Finisher","floor":7,"key":"SMITH"},{"data":"Blade Dance","floor":11,"key":"SMITH"},{"floor":15,"key":"REST"},{"floor":23,"key":"REST"},{"floor":28,"key":"REST"},{"data":"Terror","floor":32,"key":"SMITH"}],"circlet_count":0,"master_deck":["AscendersBane","Strike_G","Strike_G","Defend_G","Defend_G","Defend_G","Defend_G","Defend_G","Survivor","Neutralize","Blade Dance+1","Footwork","Neutralize","Finisher+1","Infinite Blades","Tactician","Terror+1","Accuracy","Acrobatics","PiercingWail"],"relics":["Ring of the Snake","NeowsBlessing","Anchor","Odd Mushroom","Runic Pyramid","Mango","Darkstone Periapt"],"acts_visited":["Exordium","TheCity"],"potions_floor_usage":[13,16,16,33],"damage_taken":[{"damage":0,"enemies":"2 Louse","floor":1,"turns":1},{"damage":0,"enemies":"Cultist","floor":4,"turns":1},{"damage":0,"enemies":"Jaw Worm","floor":5,"turns":1},{"damage":23,"enemies":"Gremlin Nob","floor":6,"turns":4},{"damage":0,"enemies":"Blue Slaver","floor":8,"turns":3},{"damage":35,"enemies":"The Mushroom Lair","floor":12,"turns":5},{"damage":0,"enemies":"Looter","floor":13,"turns":3},{"damage":1,"enemies":"Slime Boss","floor":16,"turns":8},{"damage":1,"enemies":"Chosen","floor":18,"turns":5},{"damage":17,"enemies":"Spheric Guardian","floor":20,"turns":4},{"damage":34,"enemies":"Shelled Parasite and Fungi","floor":21,"turns":5},{"damage":16,"enemies":"Sentry and Sphere","floor":25,"turns":4},{"damage":0,"enemies":"Centurion and Healer","floor":30,"turns":5},{"damage":50,"enemies":"Collector","floor":33,"turns":5}],"seed_played":"2697095527687744174","potions_obtained":[{"floor":6,"key":"DuplicationPotion"},{"floor":12,"key":"Swift Potion"},{"floor":13,"key":"GhostInAJar"},{"floor":16,"key":"PowerPotion"},{"floor":21,"key":"LiquidBronze"}],"is_trial":false,"path_per_floor":["M","$","?","M","M","E","R","M","T","?","R","?","M","$","R","B",null,"M","?","M","M","$","R","?","M","T","$","R","?","M","?","R","B"],"character_chosen":"THE_SILENT","items_purchased":["Footwork","Terror"],"campfire_rested":3,"item_purchase_floors":[2,14],"current_hp_per_floor":[59,59,59,59,59,36,36,36,36,36,36,1,1,1,20,19,54,53,67,50,16,16,40,40,24,24,24,48,48,48,48,48,0,0],"gold":11,"neow_bonus":"THREE_ENEMY_KILL","is_daily":false,"chose_seed":false,"campfire_upgraded":3,"win_rate":0.0,"timestamp":1609081042,"path_taken":["M","$","?","M","?","E","R","M","T","?","R","?","M","?","R","BOSS","M","?","M","M","$","R","?","M","T","$","R","?","M","?","R","BOSS"],"items_purchased_type":["Card","Card"],"build_version":"2020-12-22","purchased_purges":1,"victory":false,"max_hp_per_floor":[66,66,66,66,66,66,66,66,66,66,66,66,66,66,66,66,66,66,80,80,80,80,80,80,80,80,80,80,80,80,80,80,80,80],"card_choices":[{"not_picked":["Flying Knee","Deflect"],"picked":"Blade Dance","floor":1},{"not_picked":["Prepared","Deflect"],"picked":"Finisher","floor":4},{"not_picked":["Burst","All Out Attack"],"picked":"Infinite Blades","floor":5},{"not_picked":["Deflect","Sucker Punch","Slice"],"picked":"SKIP","floor":6},{"not_picked":["Eviscerate","PiercingWail","Sucker Punch"],"picked":"SKIP","floor":8},{"not_picked":["Dagger Throw","Acrobatics"],"picked":"Tactician","floor":12},{"not_picked":["Infinite Blades","Finisher","Cloak And Dagger"],"picked":"SKIP","floor":13},{"not_picked":["Crippling Poison","Terror","Dagger Spray"],"picked":"SKIP","floor":18},{"not_picked":["Crippling Poison","Sucker Punch"],"picked":"Accuracy","floor":20},{"not_picked":["Setup","Noxious Fumes"],"picked":"Acrobatics","floor":21},{"not_picked":["Flying Knee","PiercingWail","Slice"],"picked":"SKIP","floor":25},{"not_picked":["Flying Knee","Slice"],"picked":"PiercingWail","floor":25},{"not_picked":["Dodge and Roll","Flying Knee","Bane"],"picked":"SKIP","floor":30}],"player_experience":1022265,"relics_obtained":[{"floor":6,"key":"Anchor"},{"floor":12,"key":"Odd Mushroom"},{"floor":26,"key":"Darkstone Periapt"}],"event_choices":[{"damage_healed":0,"gold_gain":0,"player_choice":"1 cards matched","damage_taken":0,"max_hp_gain":0,"max_hp_loss":0,"event_name":"Match and Keep!","floor":3,"gold_loss":0,"cards_obtained":["Neutralize"]},{"cards_removed":["Strike_G"],"damage_healed":0,"gold_gain":0,"player_choice":"Card Removal","damage_taken":0,"max_hp_gain":0,"max_hp_loss":0,"event_name":"The Cleric","floor":10,"gold_loss":75},{"damage_healed":0,"gold_gain":0,"player_choice":"Fought Mushrooms","damage_taken":0,"max_hp_gain":0,"max_hp_loss":0,"event_name":"Mushrooms","floor":12,"gold_loss":0},{"damage_healed":0,"gold_gain":0,"player_choice":"Obtained Relic","damage_taken":0,"relics_obtained":["Mango"],"max_hp_gain":0,"max_hp_loss":0,"event_name":"Addict","floor":19,"gold_loss":85},{"damage_healed":0,"gold_gain":0,"player_choice":"Ignored","damage_taken":0,"max_hp_gain":0,"max_hp_loss":0,"event_name":"Cursed Tome","floor":24,"gold_loss":0},{"damage_healed":0,"gold_gain":0,"player_choice":"Ignored","damage_taken":0,"max_hp_gain":0,"max_hp_loss":0,"event_name":"Vampires","floor":29,"gold_loss":0},{"cards_removed":["Strike_G"],"damage_healed":0,"gold_gain":0,"player_choice":"Gave Gold","damage_taken":0,"max_hp_gain":0,"max_hp_loss":0,"event_name":"Beggar","floor":31,"gold_loss":75}],"is_beta":false,"boss_relics":[{"not_picked":["Coffee Dripper","Tiny House"],"picked":"Runic Pyramid"}],"items_purged_floors":[27],"is_endless":false,"potions_floor_spawned":[6,12,13,16,21,30],"killed_by":"Collector","ascension_level":20}}