{"host":"kejlps3p6gwyjljy","time":1609085117,"event":{"mods":["Act Like it!","BaseMod","Colored Map","Colored Powertips","Gensokyo","Highlight Path","Minty Spire (QoL Compilation)","Permanent Neow","Quick Restart","Relic Sorter","Relic Stats","Spicy Shops","StSLib","【人物mod】游戏王New YuGiOh mod","【功能Mod】精心准备","没有小屋子和绿帽子啦"],"gold_per_floor":[110,110,110,110,121,147,147,147,147,147,97,114,125,136,136,244,244,264,191,191,191,51,51,71,86,86,131,165,191,225,225,225,240,240],"floor_reached":33,"playtime":3817,"items_purged":["Clumsy"],"score":317,"play_id":"1c00dbe1-a731-4e68-92f2-64b8197c6562","local_time":"20201228000517","is_ascension_mode":false,"campfire_choices":[{"data":"Pain","floor":7,"key":"PURGE"},{"data":"GroundShake","floor":15,"key":"PURGE"},{"data":"WhiteGuide","floor":23,"key":"PURGE"}],"circlet_count":0,"master_deck":["StoneGiant","StoneGiant","SuddenShock","WhiteDragon","DragonMage","DemoBook","DragonReflection","LoliMage","AntiMana","BookScan","SideSpell","DragonAnger","MagicAmplify","IceDragon","DoubleDragon","LibraryManager","DestroyDragon","WindDragon","BookScan","SideExchange+1","DemoExchange","FleshShield","DemoBook","Gensokyo:MissMary","PetDragon+1","CooperationSpell","DifficultSpell","DemoBook","Gensokyo:AllTheWorldsEvil","WhiteDragon+1"],"relics":["Question Card","Thousand","Smiling Mask","Gensokyo:PortableGap","Gensokyo:LunaticRedEyes","Juzu Bracelet","Gensokyo:NagashiBinaDoll","Unceasing Top","Mango","Pandora\u0027s Box","Orrery","White Beast Statue","Medical Kit","Incense Burner","Ornamental Fan"],"acts_visited":["Gensokyo:Gensokyo","Gensokyo:Gensokyoer"],"potions_floor_usage":[],"damage_taken":[{"damage":9,"enemies":"Gensokyo:2_Kodama","floor":1,"turns":5},{"damage":1,"enemies":"Gensokyo:Python","floor":5,"turns":3},{"damage":1,"enemies":"Gensokyo:Mamizou","floor":6,"turns":5},{"damage":0,"enemies":"Gensokyo:3_Fairies","floor":12,"turns":4},{"damage":12,"enemies":"Gensokyo:CorruptedTreant","floor":13,"turns":4},{"damage":0,"enemies":"Gensokyo:VengefulSpirit","floor":14,"turns":3},{"damage":20,"enemies":"Gensokyo:Reimu","floor":16,"turns":7},{"damage":0,"enemies":"Gensokyo:2_Gloops","floor":18,"turns":3},{"damage":15,"enemies":"Gensokyo:3_Dogs","floor":24,"turns":3},{"damage":0,"enemies":"Gensokyo:Slime_Group","floor":25,"turns":3},{"damage":0,"enemies":"Gensokyo:Reisen","floor":27,"turns":3},{"damage":0,"enemies":"Gensokyo:Swordslinger","floor":28,"turns":3},{"damage":0,"enemies":"Gensokyo:Monolith_and_Dog","floor":29,"turns":3},{"damage":0,"enemies":"Gensokyo:Slime_Group","floor":30,"turns":3},{"damage":0,"enemies":"Gensokyo:Kaguya","floor":33,"turns":6}],"seed_played":"1261697862676114942","potions_obtained":[{"floor":1,"key":"Weak Potion"},{"floor":6,"key":"Fire Potion"},{"floor":13,"key":"Regen Potion"}],"is_trial":false,"path_per_floor":["M","?","?","?","M","E","R","?","T","?","$","M","M","M","R","B",null,"M","$","?","?","COS","R","M","M","T","E","M","M","M","?","R","B"],"character_chosen":"DragonServant","items_purchased":["Orrery"],"campfire_rested":0,"item_purchase_floors":[19],"current_hp_per_floor":[51,51,51,51,51,51,51,51,51,44,44,46,36,38,38,18,68,68,68,62,58,58,58,43,45,45,47,51,55,58,58,58,58,58],"gold":240,"neow_bonus":"RANDOM_COMMON_RELIC","is_daily":false,"chose_seed":false,"campfire_upgraded":0,"win_rate":0.0,"timestamp":1609085117,"path_taken":["M","?","?","?","M","E","R","?","T","?","$","M","M","M","R","BOSS","M","$","?","?","COS","R","M","M","T","E","M","M","M","?","R","BOSS"],"items_purchased_type":["Relic"],"build_version":"2020-12-22","purchased_purges":1,"victory":false,"max_hp_per_floor":[60,54,54,54,54,54,54,54,54,68,68,68,68,68,68,68,68,68,68,62,58,58,58,58,58,58,58,58,58,58,58,58,58,58],"relic_stats":{"counters":[15,58],"Ornamental Fan":[64],"Pandora\u0027s Box":["LibraryManager","DestroyDragon"],"Juzu Bracelet":2,"Question Card":23,"Smiling Mask":25,"Medical Kit":[2],"obtain_stats":[{"Thousand":0,"Mango":10,"Gensokyo:NagashiBinaDoll":8,"Juzu Bracelet":6,"Incense Burner":26,"Question Card":0,"Smiling Mask":0,"Gensokyo:PortableGap":2,"Medical Kit":22,"Gensokyo:LunaticRedEyes":3,"White Beast Statue":21,"Ornamental Fan":27,"Orrery":19,"Pandora\u0027s Box":17,"Unceasing Top":9},{"Thousand":0,"Mango":3,"Gensokyo:NagashiBinaDoll":3,"Juzu Bracelet":3,"Incense Burner":10,"Question Card":0,"Smiling Mask":0,"Gensokyo:PortableGap":1,"Medical Kit":8,"Gensokyo:LunaticRedEyes":1,"White Beast Statue":8,"Ornamental Fan":11,"Orrery":8,"Pandora\u0027s Box":7,"Unceasing Top":3},{"Thousand":0,"Mango":13,"Gensokyo:NagashiBinaDoll":13,"Juzu Bracelet":13,"Incense Burner":40,"Question Card":0,"Smiling Mask":0,"Gensokyo:PortableGap":5,"Medical Kit":34,"Gensokyo:LunaticRedEyes":5,"White Beast Statue":34,"Ornamental Fan":43,"Orrery":34,"Pandora\u0027s Box":31,"Unceasing Top":13}],"Unceasing Top":[10]},"card_choices":[{"not_picked":["MageKnight","ManaFloor","DemoBook"],"picked":"LoliMage","floor":1},{"not_picked":["DragonOrigin","GatherUp","DemoGhost"],"picked":"AntiMana","floor":4},{"not_picked":["DemoHunter","DarkDoor","DemoMage"],"picked":"BookScan","floor":4},{"not_picked":["LibraryManager","StoneGiant","CardExchange"],"picked":"SideSpell","floor":5},{"not_picked":["MirrorAngel","Student","DragonAnger"],"picked":"WhiteGuide","floor":6},{"not_picked":["MoonlightDragon","Friendship","AccelerateMagic"],"picked":"DragonAnger","floor":12},{"not_picked":["DragonAnger","Student","DestroyDragon"],"picked":"MagicAmplify","floor":13},{"not_picked":["LibraryManager","MoonlightDragon","DifficultSpell"],"picked":"IceDragon","floor":14},{"not_picked":["Blessing","Earth","Forest"],"picked":"DoubleDragon","floor":16},{"not_picked":["DemoGhost","AccelerateMagic","DemoBook"],"picked":"WindDragon","floor":18},{"not_picked":["DemoExchange","AntiMana","DownHell"],"picked":"BookScan","floor":19},{"not_picked":["SoundFromHell","AntiMana+1","DragonMage"],"picked":"SideExchange+1","floor":19},{"not_picked":["DragonMage","WindDragon","Earth"],"picked":"DemoExchange","floor":19},{"not_picked":["WindDragon","LoliMage","Friendship"],"picked":"FleshShield","floor":19},{"not_picked":["DemoDragon","CaseMagic","LibraryManager"],"picked":"DemoBook","floor":19},{"not_picked":["Gensokyo:ManorOfTheDishes","Gensokyo:Doppelganger","Gensokyo:Kunekune"],"picked":"Gensokyo:MissMary","floor":20},{"not_picked":["AccelerateMagic","TrapMaster+1","AntiMana+1"],"picked":"PetDragon+1","floor":24},{"not_picked":["DragonReflection","AntiMana","DragonOrigin","IceDragon"],"picked":"SKIP","floor":25},{"not_picked":["StoneGiant","GatherUp","LoliMage+1"],"picked":"CooperationSpell","floor":27},{"not_picked":["Friendship","AntiMana+1","LoliMage"],"picked":"DifficultSpell","floor":28},{"not_picked":["TrapMaster","Friendship","EndlessPalace","IceDragon"],"picked":"SKIP","floor":29},{"not_picked":["SideChaos","CardExchange+1","DemoHunter+1"],"picked":"DemoBook","floor":30},{"not_picked":["DragonMage+1","DragonOrigin+1"],"picked":"WhiteDragon+1","floor":32}],"player_experience":421373,"relics_obtained":[{"floor":6,"key":"Juzu Bracelet"},{"floor":9,"key":"Unceasing Top"},{"floor":26,"key":"Incense Burner"},{"floor":27,"key":"Ornamental Fan"}],"event_choices":[],"is_beta":false,"boss_relics":[{"not_picked":["Runic Dome","Coffee Dripper"],"picked":"Pandora\u0027s Box"}],"items_purged_floors":[11],"is_endless":false,"potions_floor_spawned":[1,6,13,14,24,25,27,28,29,30],"killed_by":"Gensokyo:Kaguya","ascension_level":0}}