{"host":"7uuqqk35leady37t","time":1609047170,"event":{"mods":["BaseMod","Downfall","Marisa£®ÏF”Í°°ƒß¿Ì…≥£©","Minty Spire (QoL Compilation)","StSLib","The Bug Knight","The Servant 0.9.4","Waifu the Spire","Yuri Mod","[IsaacMod]“‘»ˆº‚À˛"],"gold_per_floor":[113,213,247,247,274,274,374,435,435,435,461,74,101,145,145,294,294,325,325,126,166,166,166,166,166,166],"floor_reached":23,"playtime":830,"items_purged":[],"score":307,"play_id":"6cfee3a7-18f4-419b-83ab-a8d4759f3211","local_time":"20201227133250","is_ascension_mode":false,"campfire_choices":[{"data":"MysteriousBeam","floor":6,"key":"SMITH"},{"data":"EpicFetus","floor":10,"key":"SMITH"},{"floor":15,"key":"REST"}],"circlet_count":0,"master_deck":["Strike_MRS","Strike_MRS","Defend_MRS","Defend_MRS","MasterSpark","UpSweep","EpicFetus+1","WitchOfGreed","Acceleration","EnergyFlow","MysteriousBeam+1","WitchOfGreed","Acceleration","MysteriousBeam","MillisecondPulsars","AlicesGift","WitchOfGreed","EscapeVelocity","MachineGunSpark","CasketOfStar","StarDustReverie+1","OpenUniverse+1","AlicesGift+1","RefractionSpark","WitchOfGreed","PowerUp+1"],"relics":["MiniHakkero","HushsDoor","SatanicBible","SharpPlug","DeathBook","Mercury Hourglass","Toxic Egg 2","Potion Belt","Astrolabe","Nilry\u0027s Codex","Toolbox"],"acts_visited":[],"potions_floor_usage":[8,8,16,16,16,18,18,21,23],"damage_taken":[{"damage":0,"enemies":"2 Louse","floor":1,"turns":1},{"damage":0,"enemies":"Cultist","floor":3,"turns":2},{"damage":18,"enemies":"Jaw Worm","floor":5,"turns":3},{"damage":11,"enemies":"3 Sentries","floor":8,"turns":4},{"damage":0,"enemies":"Gremlin Nob","floor":11,"turns":2},{"damage":18,"enemies":"3 Sentries","floor":13,"turns":3},{"damage":0,"enemies":"Exordium Wildlife","floor":14,"turns":3},{"damage":0,"enemies":"Slime Boss","floor":16,"turns":4},{"damage":14,"enemies":"3 Byrds","floor":18,"turns":3},{"damage":40,"enemies":"2 Thieves","floor":21,"turns":3},{"damage":15,"enemies":"Gremlin Leader","floor":23,"turns":1},{"damage":16,"enemies":"Gremlin Leader","floor":23,"turns":1}],"seed_played":"6460544890003887155","potions_obtained":[{"floor":1,"key":"Block Potion"},{"floor":3,"key":"hexamod:EctoCoolerPotion"},{"floor":5,"key":"GamblersBrew"},{"floor":8,"key":"StarNLove"},{"floor":11,"key":"Dexterity Potion"},{"floor":14,"key":"DistilledChaos"},{"floor":14,"key":"PowerPotion"},{"floor":16,"key":"LiquidMemories"},{"floor":16,"key":"BlessingOfTheForge"},{"floor":16,"key":"champ:CounterPotion"},{"floor":18,"key":"SkillPotion"},{"floor":18,"key":"DuplicationPotion"},{"floor":21,"key":"Fire Potion"}],"is_trial":false,"path_per_floor":["M","?","M","?","M","R","?","E","T","R","E","$","E","M","R","B",null,"M","?","$","M","$","E"],"character_chosen":"MARISA","items_purchased":["AlicesGift","Toxic Egg 2","WitchOfGreed","WitchOfGreed","Toolbox"],"campfire_rested":1,"item_purchase_floors":[12,12,12,20,20],"current_hp_per_floor":[82,82,82,82,64,64,64,53,53,53,53,53,35,35,59,59,82,68,52,52,12,12,0,0,0,0],"gold":166,"neow_bonus":"TEN_PERCENT_HP_BONUS","is_daily":false,"chose_seed":false,"campfire_upgraded":2,"win_rate":0.0,"timestamp":1609047170,"path_taken":["M","?","M","?","M","R","?","E","T","R","E","$","E","M","R","BOSS","M","?","?","M","$","E"],"items_purchased_type":["Card","Relic","Card","Card","Relic"],"build_version":"2020-12-22","purchased_purges":0,"victory":false,"max_hp_per_floor":[82,82,82,82,82,82,82,82,82,82,82,82,82,82,82,82,82,82,82,82,82,82,82,82,82,82],"card_choices":[{"not_picked":[],"picked":"EpicFetus","floor":0},{"not_picked":["DoubleSpark","NonDirectionalLaser"],"picked":"WitchOfGreed","floor":1},{"not_picked":["AsteroidBelt","GrandCross"],"picked":"Acceleration","floor":2},{"not_picked":["Orbital","AsteroidBelt"],"picked":"EnergyFlow","floor":3},{"not_picked":["BlazingStar","Orbital"],"picked":"WitchOfGreed","floor":5},{"not_picked":["ShootingEcho","MysteriousBeam"],"picked":"Acceleration","floor":7},{"not_picked":["Orbital","MagicAbsorber"],"picked":"MysteriousBeam","floor":8},{"not_picked":["6A","OortCloud"],"picked":"MillisecondPulsars","floor":11},{"not_picked":["MilkyWay+1","AsteroidBelt+1"],"picked":"EscapeVelocity","floor":13},{"not_picked":["MagicChant+1","ChargingUp+1"],"picked":"MachineGunSpark","floor":14},{"not_picked":["SatelliteIllusion","EscapeVelocity"],"picked":"CasketOfStar","floor":16},{"not_picked":["ShootingEcho","WitchLeyline"],"picked":"RefractionSpark","floor":18},{"not_picked":["SporeBomb+1","StarBarrage"],"picked":"PowerUp+1","floor":21}],"player_experience":8985,"relics_obtained":[{"floor":8,"key":"SharpPlug"},{"floor":9,"key":"DeathBook"},{"floor":11,"key":"Mercury Hourglass"},{"floor":13,"key":"Potion Belt"},{"floor":19,"key":"Nilry\u0027s Codex"}],"event_choices":[{"damage_healed":0,"gold_gain":0,"cards_transformed":["Defend_MRS"],"player_choice":"Change","damage_taken":0,"max_hp_gain":0,"max_hp_loss":0,"event_name":"Living Wall","floor":4,"gold_loss":0,"cards_obtained":["MysteriousBeam"]},{"damage_healed":0,"gold_gain":0,"player_choice":"Obtained Book","damage_taken":16,"max_hp_gain":0,"max_hp_loss":0,"event_name":"Cursed Tome","floor":19,"gold_loss":0}],"is_beta":false,"boss_relics":[{"not_picked":["Empty Cage","Busted Crown"],"picked":"Astrolabe"},{"not_picked":[]}],"items_purged_floors":[],"is_endless":false,"potions_floor_spawned":[1,5,11,18],"killed_by":"Gremlin Leader","ascension_level":0}}