{"host":"l84l8xigz5v5foa2","time":1609077343,"event":{"mods":["2.2 Compatiblity","AchievementEnabler","BaseMod","Better Note","Better Vampires","Card Filter","Colored Map","DeckTracker","Downfall","Gremlin Skip","Highlight Path","Keyboard Shortcuts","Minty Spire (QoL Compilation)","Permanent Neow","Quick Restart","Relic Filter","Relic Stats","StSLib","SuperFastMode","Transform Curses","Unknown Chances"],"gold_per_floor":[99,117,129,129,33,51,104,404,404,414,427,427,455,474,484,586,586,586,586,686,706,718,718,742,742,361,392,392,418,437,456,475,577,577,427,445,457,475,485,410,410,410,429,429,458,603,603,614,631,631,631,660,84,84,84],"floor_reached":56,"playtime":4398,"items_purged":["champ:Defend","champ:Strike","champ:Strike"],"score":1965,"play_id":"8423ce41-28e2-404a-b7bb-4632d3b12d72","local_time":"20201227225543","is_ascension_mode":true,"campfire_choices":[{"data":"champ:Taunt","floor":1.0,"key":"SMITH"},{"data":"champ:SwordThrow","floor":9.0,"key":"SMITH"},{"data":"champ:RageSigil","floor":12.0,"key":"SMITH"},{"data":"champ:Lariat","floor":18.0,"key":"SMITH"},{"data":"champ:FocusedGladiator","floor":23.0,"key":"SMITH"},{"data":"champ:CrownThrow","floor":25.0,"key":"SMITH"},{"data":"champ:EnchantCrown","floor":28,"key":"SMITH"},{"floor":35,"key":"RECALL"},{"data":"champ:IgnorePain","floor":40,"key":"SMITH"},{"data":"Purity","floor":54,"key":"SMITH"}],"circlet_count":0,"master_deck":["champ:Defend+1","champ:Defend","champ:Defend+1","champ:Taunt+1","champ:SwordThrow+1","champ:CrownThrow+1","champ:BerserkerStyle","champ:FocusedGladiator+1","champ:RageSigil+1","champ:EnchantCrown+1","champ:Lariat+1","champ:IgnorePain+1","champ:GladiatorStyle+1","Purity+1"],"relics":["champ:ChampionCrown","Old Coin","Gremlin Horn","sneckomod:SneckoTalon","downfall:GremlinWheel","War Paint","Bag of Preparation","TheAbacus","Mercury Hourglass","Guardian:PocketSentry","Sozu","downfall:HeartBlessingGreen","downfall:HeartBlessingBlue","downfall:HeartBlessingRed","Frozen Egg 2","Mummified Hand","Pocketwatch","Sundial","Nunchaku","champ:DefensiveTrainingManual","champ:BerserkersGuideToSlaughter"],"acts_visited":["Exordium","TheCity","TheBeyond","TheEnding"],"potions_floor_usage":[27,55,55],"damage_taken":[{"damage":7.0,"enemies":"Small Slimes","floor":2.0,"turns":3.0},{"damage":0.0,"enemies":"Cultist","floor":3.0,"turns":3.0},{"damage":0.0,"enemies":"downfall:FleeingMerchant","floor":5.0,"turns":4.0},{"damage":11.0,"enemies":"2 Louse","floor":6.0,"turns":3.0},{"damage":18.0,"enemies":"Exordium Thugs","floor":10.0,"turns":4.0},{"damage":10.0,"enemies":"Lots of Slimes","floor":11.0,"turns":4.0},{"damage":20.0,"enemies":"Gremlin Nob","floor":13.0,"turns":3.0},{"damage":10.0,"enemies":"Exordium Wildlife","floor":14.0,"turns":4.0},{"damage":8.0,"enemies":"Blue Slaver","floor":15.0,"turns":3.0},{"damage":31.0,"enemies":"downfall:Watcher","floor":16.0,"turns":17.0},{"damage":13.0,"enemies":"downfall:Watcher","floor":20.0,"turns":3.0},{"damage":33.0,"enemies":"3 Byrds","floor":21.0,"turns":6.0},{"damage":20.0,"enemies":"Snecko","floor":22.0,"turns":3.0},{"damage":14.0,"enemies":"downfall:FleeingMerchant","floor":26.0,"turns":4.0},{"damage":0,"enemies":"Book of Stabbing","floor":27,"turns":1},{"damage":0,"enemies":"Slavers","floor":29,"turns":1},{"damage":3,"enemies":"Sentry and Sphere","floor":30,"turns":3},{"damage":0,"enemies":"Cultist and Chosen","floor":31,"turns":2},{"damage":25,"enemies":"Chosen and Byrds","floor":32,"turns":5},{"damage":0,"enemies":"downfall:Silent","floor":33,"turns":2},{"damage":5,"enemies":"3 Shapes","floor":36,"turns":2},{"damage":5,"enemies":"3 Darklings","floor":37,"turns":2},{"damage":16,"enemies":"Transient","floor":38,"turns":5},{"damage":0,"enemies":"Jaw Worm Horde","floor":39,"turns":2},{"damage":0,"enemies":"Sphere and 2 Shapes","floor":43,"turns":1},{"damage":5,"enemies":"Reptomancer","floor":45,"turns":3},{"damage":0,"enemies":"downfall:FleeingMerchant","floor":46,"turns":3},{"damage":0,"enemies":"Writhing Mass","floor":48,"turns":2},{"damage":0,"enemies":"Transient","floor":49,"turns":5},{"damage":0,"enemies":"downfall:Ironclad","floor":50,"turns":1},{"damage":6,"enemies":"downfall:CharBossMerchant","floor":52,"turns":2},{"damage":0,"enemies":"downfall:NeowBoss","floor":55,"turns":7}],"seed_played":"-6488257110138743267","potions_obtained":[{"floor":2.0,"key":"GamblersBrew"},{"floor":11.0,"key":"BlessingOfTheForge"},{"floor":13.0,"key":"champ:CounterPotion"},{"floor":19.0,"key":"CultistPotion"},{"floor":20.0,"key":"FairyPotion"},{"floor":29,"key":"Energy Potion"},{"floor":32,"key":"ColorlessPotion"}],"is_trial":false,"path_per_floor":["R","M","M","?","$","M","T","?","R","M","M","R","E","M","M","B",null,"R","?","?","M","M","R","T","R","$","E","R","E","M","M","M","B",null,"R","M","M","M","M","R","T","?","M","T","E","$","?","M","M","B",null,"E","$","R","B",null],"character_chosen":"THE_CHAMP","items_purchased":["champ:BerserkerStyle","Bag of Preparation","TheAbacus","Purity","Nunchaku","champ:DefensiveTrainingManual","champ:BerserkersGuideToSlaughter"],"campfire_rested":0,"item_purchase_floors":[5,26,26,46,53,53,53],"current_hp_per_floor":[81,79,79,79,79,78,78,75,75,69,59,59,51,51,48,19,72,72,72,64,64,51,51,51,51,51,51,51,51,51,51,47,47,79,89,89,89,89,89,89,89,89,89,89,89,89,89,89,89,89,97,91,91,91,91],"gold":84,"neow_bonus":"ONE_RANDOM_RARE_CARD","is_daily":false,"chose_seed":false,"campfire_upgraded":9,"win_rate":0.0,"timestamp":1609077343,"path_taken":["R","M","M","?","?","?","T","?","R","M","M","R","E","M","M","BOSS","R","?","?","?","M","R","T","R","$","E","R","E","M","M","M","BOSS","R","M","M","M","?","R","T","?","M","?","E","$","?","M","M","BOSS","E","$","R","BOSS"],"items_purchased_type":["Card","Relic","Relic","Card","Relic","Relic","Relic"],"build_version":"2020-12-22","purchased_purges":3,"victory":true,"max_hp_per_floor":[90,90,90,90,90,90,90,90,90,90,90,90,90,90,90,90,90,90,90,90,90,90,90,90,90,90,90,90,90,90,90,90,90,90,100,100,100,100,100,100,100,100,100,100,100,100,100,100,100,100,100,100,100,100,100],"relic_stats":{"Sozu":5,"Nunchaku":[4],"TheAbacus":[4518],"Gremlin Horn":[17,24],"counters":[32,112],"Mummified Hand":[15],"Sundial":[104],"Bag of Preparation":[36],"War Paint":["champ:Defend","champ:Defend"],"obtain_stats":[{"Gremlin Horn":13,"downfall:HeartBlessingRed":40,"champ:ChampionCrown":0,"downfall:HeartBlessingGreen":35,"Bag of Preparation":26,"Guardian:PocketSentry":29,"War Paint":24,"Frozen Egg 2":41,"sneckomod:SneckoTalon":17,"Old Coin":8,"Mercury Hourglass":27,"Sozu":34,"Nunchaku":53,"downfall:GremlinWheel":20,"TheAbacus":26,"downfall:HeartBlessingBlue":35,"Mummified Hand":44,"Sundial":52,"champ:DefensiveTrainingManual":53,"champ:BerserkersGuideToSlaughter":53,"Pocketwatch":45},{"Gremlin Horn":7,"downfall:HeartBlessingRed":24,"champ:ChampionCrown":0,"downfall:HeartBlessingGreen":20,"Bag of Preparation":14,"Guardian:PocketSentry":16,"War Paint":13,"Frozen Egg 2":24,"sneckomod:SneckoTalon":10,"Old Coin":4,"Mercury Hourglass":15,"Sozu":20,"Nunchaku":31,"downfall:GremlinWheel":11,"TheAbacus":14,"downfall:HeartBlessingBlue":20,"Mummified Hand":25,"Sundial":31,"champ:DefensiveTrainingManual":31,"champ:BerserkersGuideToSlaughter":31,"Pocketwatch":26},{"Gremlin Horn":24,"downfall:HeartBlessingRed":88,"champ:ChampionCrown":0,"downfall:HeartBlessingGreen":77,"Bag of Preparation":64,"Guardian:PocketSentry":66,"War Paint":60,"Frozen Egg 2":88,"sneckomod:SneckoTalon":48,"Old Coin":13,"Mercury Hourglass":65,"Sozu":77,"Nunchaku":105,"downfall:GremlinWheel":51,"TheAbacus":64,"downfall:HeartBlessingBlue":77,"Mummified Hand":89,"Sundial":105,"champ:DefensiveTrainingManual":105,"champ:BerserkersGuideToSlaughter":105,"Pocketwatch":92}],"Mercury Hourglass":[177],"Pocketwatch":[6]},"card_choices":[{"not_picked":["champ:BerserkersShout","champ:ShieldSigil","champ:RageSigil"],"picked":"SKIP","floor":2.0},{"not_picked":["champ:Circumvent","champ:ViciousMockery","champ:BerserkersShout"],"picked":"SKIP","floor":3.0},{"not_picked":["champ:SkillfulDodge","champ:BringItOn","champ:Balance"],"picked":"SKIP","floor":5.0},{"not_picked":["champ:FlashCut","champ:Riposte"],"picked":"champ:FocusedGladiator","floor":6.0},{"not_picked":["champ:PerfectedStrike","champ:TornadoPunch","champ:FocusedGladiator"],"picked":"SKIP","floor":10.0},{"not_picked":["champ:CrookedStrike","champ:DeathBlow"],"picked":"champ:RageSigil","floor":11.0},{"not_picked":["champ:BladeFlurry","champ:ArenaPreparation"],"picked":"champ:EnchantCrown","floor":13.0},{"not_picked":["champ:GladiatorsShout","champ:BringItOn","champ:BladeFlurry"],"picked":"SKIP","floor":14.0},{"not_picked":["champ:FalseCounter","champ:Aggression"],"picked":"champ:Lariat","floor":15.0},{"not_picked":["champ:CrownThrow","champ:PerfectForm"],"picked":"champ:IgnorePain","floor":16.0},{"not_picked":["champ:FlashCut+1","champ:CrookedStrike","champ:AdrenalArmor"],"picked":"SKIP","floor":21.0},{"not_picked":["champ:EndlessRage","champ:ViciousMockery","champ:Aggression"],"picked":"SKIP","floor":22.0},{"not_picked":["champ:ShieldSigil","champ:EnragedBash+1","champ:RageSigil+1"],"picked":"SKIP","floor":26.0},{"not_picked":["champ:FaceSlap","champ:RageSigil"],"picked":"champ:GladiatorStyle+1","floor":27},{"not_picked":["champ:BerserkersShout","champ:BerserkerStyle","champ:Shatter+1"],"picked":"SKIP","floor":29},{"not_picked":["champ:Haymaker+1","champ:FaceSlap","champ:Aggression"],"picked":"SKIP","floor":30},{"not_picked":["champ:Control","champ:FlashCut","champ:TornadoPunch"],"picked":"SKIP","floor":31},{"not_picked":["champ:CalledShot","champ:FlashCut","champ:Haymaker+1"],"picked":"SKIP","floor":32},{"not_picked":["champ:BerserkersShout","champ:RecklessLeap","champ:StanceDance"],"picked":"SKIP","floor":36},{"not_picked":["champ:StanceDance+1","champ:FightOn","champ:FalseCounter+1"],"picked":"SKIP","floor":37},{"not_picked":["champ:GutPunch+1","champ:RapidStrikes+1","champ:Lariat+1"],"picked":"SKIP","floor":38},{"not_picked":["champ:FlashCut","champ:FanOfKnives+1","champ:StanceDance"],"picked":"SKIP","floor":39},{"not_picked":["champ:RecklessLeap","champ:TornadoPunch+1","champ:HeartStrike"],"picked":"SKIP","floor":43},{"not_picked":["champ:EnchantSword","champ:DefensiveShout+1","champ:ArenaPreparation+1"],"picked":"SKIP","floor":45},{"not_picked":["champ:BringItOn","champ:AdrenalArmor","champ:FlashCut"],"picked":"SKIP","floor":46},{"not_picked":["champ:Aggression","champ:Riposte","champ:DefensiveShout"],"picked":"SKIP","floor":48},{"not_picked":["champ:CrookedStrike","champ:BerserkersShout","champ:EnGarde"],"picked":"SKIP","floor":49},{"not_picked":["champ:StrikeOfGenius+1","champ:CrookedStrike","champ:EnchantCrown"],"picked":"SKIP","floor":52}],"player_experience":2742890,"relics_obtained":[{"floor":13.0,"key":"Gremlin Horn"},{"floor":20.0,"key":"downfall:GremlinWheel"},{"floor":24.0,"key":"War Paint"},{"floor":27,"key":"Mercury Hourglass"},{"floor":29,"key":"Guardian:PocketSentry"},{"floor":41,"key":"Frozen Egg 2"},{"floor":44,"key":"Mummified Hand"},{"floor":45,"key":"Pocketwatch"},{"floor":52,"key":"Sundial"}],"event_choices":[{"damage_healed":0.0,"max_hp_gain":0.0,"max_hp_loss":0.0,"gold_gain":0.0,"cards_transformed":["champ:Strike"],"event_name":"Transmorgrifier","player_choice":"Transformed","floor":4.0,"gold_loss":0.0,"damage_taken":0.0,"cards_obtained":["champ:CrownThrow"]},{"damage_healed":0.0,"max_hp_gain":0.0,"max_hp_loss":0.0,"gold_gain":0.0,"event_name":"Scrap Ooze","player_choice":"Success","floor":8.0,"gold_loss":0.0,"damage_taken":3.0,"relics_obtained":["Old Coin"]},{"cards_removed":["champ:Strike"],"damage_healed":0.0,"max_hp_gain":0.0,"max_hp_loss":0.0,"gold_gain":0.0,"event_name":"Wheel of Change","player_choice":"Card Removal","floor":25.0,"gold_loss":0.0,"damage_taken":0.0},{"cards_removed":["champ:Execute"],"damage_healed":0,"gold_gain":0,"player_choice":"Removed Attack","damage_taken":0,"max_hp_gain":0,"max_hp_loss":0,"event_name":"Falling","floor":47,"gold_loss":0}],"is_beta":false,"boss_relics":[{"not_picked":["Cursed Key","Astrolabe"],"picked":"sneckomod:SneckoTalon"},{"not_picked":["Busted Crown","Coffee Dripper"],"picked":"Sozu"}],"items_purged_floors":[26,46,53],"is_endless":false,"potions_floor_spawned":[2,11,13,20,29,30,31,32,38,39,43,45,49],"ascension_level":6}}