{"host":"8u40nq559zpgb6zp","time":1609033573,"event":{"mods":["Aspiration","Bard","BaseMod","Beaked The Cultist","Better Altar","Better Match","Better Note","Better Sensory Stone","Better Skull","Better Third Choice","BetterRewards","CCEM","Clawfect","Conspire","Duelist Mod","Googly Eyes","Halation","Hermit","Highlight Path","Infinite Spire","Jedi Mod","Jorbs\u0027s Wanderer Trilogy","Mad Scientist","Marisa（霧雨　魔理沙）","Minty Spire (QoL Compilation)","Permanent Neow","Replay The Spire","Shade Mod","Shop Mod","Spicy Shops","StSLib","The Bladedancer","The Construct","The Cursed","The Disciple","The Druid","The Gatherer","The Hierophant","The IronCluck","The Jungle","The Mystic","The Necromancer","The Runesmith","The Senshi","The Servant 0.9.4","The Spell Scribe","The Witch","slay the spire mod where everything is the same but ironclad has a cowboy hat"],"gold_per_floor":[113,38,53,72,88,88,88,88,88,88,99,136,136,151,151,253,253,271,271,291,302,302,302],"floor_reached":22,"playtime":2220,"items_purged":[],"score":203,"play_id":"7502c66c-8d53-41a9-9ffb-601bcce12b8f","local_time":"20201226204613","is_ascension_mode":false,"campfire_choices":[{"data":"Clawfect:ClawAndGloom","floor":6,"key":"SMITH"},{"data":"Clawfect:ClawingBeam","floor":8,"key":"SMITH"},{"data":"Gash","floor":10,"key":"SMITH"},{"data":"Gash","floor":13,"key":"SMITH"},{"data":"Gash","floor":15,"key":"SMITH"}],"circlet_count":0,"master_deck":["Gash+1","Gash+1","Gash+1","Gash","Gash","Defend_B","Defend_B","Defend_B","Defend_B","Defend_B","FTL","Clawfect:ClawLightning+1","Swift Strike+1","Chill","Clawfect:ClawingBeam+1","Clawfect:ClawAndGloom+1","FTL","Coolheaded","Darkness","Echo Form","Time Bomb"],"relics":["Clawfect:DRClaw","aspiration:TomeofQuesting","jedi:paperfaux","Busted Crown","Prayer Wheel"],"acts_visited":["Exordium","TheCity"],"potions_floor_usage":[16],"damage_taken":[{"damage":1,"enemies":"Jaw Worm","floor":1,"turns":4},{"damage":0,"enemies":"Cultist","floor":3,"turns":4},{"damage":6,"enemies":"Small Slimes","floor":4,"turns":3},{"damage":3,"enemies":"Looter","floor":5,"turns":3},{"damage":5,"enemies":"Blue Slaver","floor":11,"turns":4},{"damage":21,"enemies":"conspire:MimicChest","floor":12,"turns":5},{"damage":5,"enemies":"Lots of Slimes","floor":14,"turns":3},{"damage":13,"enemies":"Slime Boss","floor":16,"turns":5},{"damage":21,"enemies":"3 Byrds","floor":18,"turns":5},{"damage":30,"enemies":"Shell Parasite","floor":20,"turns":5},{"damage":6,"enemies":"conspire:HollyBat","floor":21,"turns":6},{"damage":24,"enemies":"Snecko","floor":22,"turns":4}],"seed_played":"1779741381775817086","potions_obtained":[{"floor":5,"key":"SpeedPotion"},{"floor":20,"key":"Strength Potion"},{"floor":21,"key":"Elixir"}],"is_trial":false,"path_per_floor":["M","?","M","M","M","R","?","R","T","R","M","?","R","M","R","B",null,"M","?","M","M","M"],"character_chosen":"DEFECT","items_purchased":[],"campfire_rested":0,"item_purchase_floors":[],"current_hp_per_floor":[74,74,74,68,65,65,65,65,65,65,60,39,39,34,34,21,75,54,54,24,18,0,0],"gold":302,"neow_bonus":"RANDOM_COMMON_RELIC","is_daily":false,"chose_seed":false,"campfire_upgraded":5,"win_rate":0.0,"timestamp":1609033573,"path_taken":["M","?","M","M","?","R","?","R","T","R","M","?","R","M","R","BOSS","M","?","M","M","M"],"items_purchased_type":[],"build_version":"2020-12-22","purchased_purges":0,"victory":false,"max_hp_per_floor":[75,75,75,75,75,75,75,75,75,75,75,75,75,75,75,75,75,75,75,75,75,75,75],"card_choices":[{"not_picked":["Hologram","Hello World"],"picked":"FTL","floor":1},{"not_picked":["jedi:BurstLightning+1","Clawfect:Clawrage+1"],"picked":"Clawfect:ClawLightning+1","floor":2},{"not_picked":["ReplayTheSpireMod:Trickstab+1","Replay:BasicMightCard+1"],"picked":"Swift Strike+1","floor":2},{"not_picked":["Steam Power","Hologram"],"picked":"Chill","floor":3},{"not_picked":["ReplayTheSpireMod:Repulse","Leap"],"picked":"Clawfect:ClawingBeam","floor":4},{"not_picked":["jedi:blockon","Reinforced Body"],"picked":"Clawfect:ClawAndGloom","floor":5},{"not_picked":["Genetic Algorithm","Undo"],"picked":"FTL","floor":11},{"not_picked":["BasicCrystalCard","Reprogram"],"picked":"Coolheaded","floor":12},{"not_picked":["Genetic Algorithm","Clawfect:Clawline"],"picked":"Darkness","floor":14},{"not_picked":["Creative AI","Thunder Strike"],"picked":"Echo Form","floor":16},{"not_picked":[],"picked":"Time Bomb","floor":18},{"not_picked":[],"picked":"ReplayTheSpireMod:Fabricate Wheel","floor":20},{"not_picked":["jedi:BurstFrost"],"picked":"SKIP","floor":21}],"player_experience":987901,"relics_obtained":[{"floor":9,"key":"jedi:paperfaux"}],"event_choices":[{"damage_healed":0,"gold_gain":0,"player_choice":"2","damage_taken":0,"max_hp_gain":0,"max_hp_loss":0,"event_name":"betterMatch:BetterMatch","floor":2,"gold_loss":0,"cards_obtained":["betterMatch:CommonCard","betterMatch:ColorlessUncommonCard"]},{"damage_healed":0,"gold_gain":0,"player_choice":"Leave","damage_taken":0,"max_hp_gain":0,"max_hp_loss":0,"event_name":"conspire:Investor","floor":7,"gold_loss":0},{"damage_healed":0,"gold_gain":0,"player_choice":"Ignored","damage_taken":0,"max_hp_gain":0,"max_hp_loss":0,"event_name":"betterNote:BetterNote","floor":19,"gold_loss":0,"cards_obtained":["Strike_G"]}],"is_beta":false,"boss_relics":[{"not_picked":["halation:PlatinumPhoenix","halation:MonkeysPaw"],"picked":"Busted Crown"}],"items_purged_floors":[],"is_endless":false,"potions_floor_spawned":[3,5,14,20,21],"killed_by":"Snecko","ascension_level":0}}