{"host":"bq4pt811tk9yrmjl","time":1609077726,"event":{"mods":["AchievementEnabler","BaseMod","Colored Map","Colored Powertips","Defuse TimeMaze Blight","Hermit","Minty Spire (QoL Compilation)","StSLib","SuperFastMode","UnlockEverythingMod"],"gold_per_floor":[117,128,128,403,413,448,448,462,462,462,476,33,33,50,50,155,155,174,189,189,189,189,189,189],"floor_reached":23,"playtime":428,"items_purged":[],"score":201,"play_id":"7106b2f3-f117-402e-b7a7-baad67573ffb","local_time":"20201227120206","is_ascension_mode":true,"campfire_choices":[{"floor":7,"key":"REST"},{"data":"hermit:FullyLoaded","floor":10,"key":"SMITH"},{"data":"hermit:TakeAim","floor":13,"key":"SMITH"},{"floor":15,"key":"REST"}],"circlet_count":0,"master_deck":["hermit:Strike_Hermit","hermit:Strike_Hermit","hermit:Strike_Hermit","hermit:Strike_Hermit","hermit:Defend_Hermit","hermit:Defend_Hermit","hermit:Defend_Hermit","hermit:Defend_Hermit","hermit:Snapshot","hermit:Covet","hermit:FullyLoaded+1","hermit:Shortfuse","Regret","Regret","hermit:TakeAim+1","hermit:Vantage"],"relics":["hermit:Momento","NeowsBlessing","Anchor","Letter Opener","Lizard Tail","PrismaticShard","Busted Crown","MutagenicStrength"],"acts_visited":["Exordium","TheCity"],"potions_floor_usage":[6,11,16,16,23],"damage_taken":[{"damage":0,"enemies":"Jaw Worm","floor":1,"turns":1},{"damage":0,"enemies":"Cultist","floor":2,"turns":1},{"damage":0,"enemies":"Small Slimes","floor":5,"turns":1},{"damage":44,"enemies":"Lagavulin","floor":6,"turns":9},{"damage":0,"enemies":"Looter","floor":8,"turns":2},{"damage":0,"enemies":"Gremlin Gang","floor":11,"turns":3},{"damage":13,"enemies":"2 Fungi Beasts","floor":14,"turns":4},{"damage":27,"enemies":"The Guardian","floor":16,"turns":13},{"damage":6,"enemies":"Chosen","floor":18,"turns":5},{"damage":3,"enemies":"3 Byrds","floor":19,"turns":6},{"damage":42,"enemies":"Book of Stabbing","floor":23,"turns":6}],"seed_played":"-8756246850846930860","potions_obtained":[{"floor":1,"key":"Block Potion"},{"floor":6,"key":"Fire Potion"},{"floor":8,"key":"Strength Potion"},{"floor":11,"key":"BlessingOfTheForge"},{"floor":19,"key":"LiquidMemories"}],"is_trial":false,"path_per_floor":["M","M","?","?","M","E","R","M","T","R","M","$","R","M","R","B",null,"M","M","?","?","?","E"],"character_chosen":"HERMIT","items_purchased":["Lizard Tail","PrismaticShard"],"campfire_rested":2,"item_purchase_floors":[12,12],"current_hp_per_floor":[75,75,75,75,75,31,53,53,53,53,53,53,53,40,62,35,75,69,66,66,66,60,18,18],"gold":189,"neow_bonus":"THREE_ENEMY_KILL","is_daily":false,"chose_seed":false,"campfire_upgraded":2,"win_rate":0.0,"timestamp":1609077726,"path_taken":["M","M","?","?","?","E","R","M","T","R","M","$","R","M","R","BOSS","M","M","?","?","?","E"],"items_purchased_type":["Relic","Relic"],"build_version":"2020-12-22","purchased_purges":0,"victory":false,"max_hp_per_floor":[75,75,75,75,75,75,75,75,75,75,75,75,75,75,75,75,75,75,75,75,75,75,75,75],"card_choices":[{"not_picked":["hermit:Cheat","hermit:Desperado"],"picked":"hermit:FullyLoaded","floor":1},{"not_picked":["hermit:Spite","hermit:Malice"],"picked":"hermit:Shortfuse","floor":2},{"not_picked":["hermit:WideOpen","hermit:TakeCover"],"picked":"hermit:TakeAim","floor":5},{"not_picked":["hermit:LuckOfTheDraw","hermit:Manifest","hermit:Purgatory"],"picked":"SKIP","floor":6},{"not_picked":["hermit:EyeOfTheStorm","hermit:BigShot","hermit:Misfire"],"picked":"SKIP","floor":8},{"not_picked":["hermit:ItchyTrigger","hermit:FullyLoaded","hermit:LoneWolf"],"picked":"SKIP","floor":11},{"not_picked":["hermit:Headshot","True Grit","Fusion"],"picked":"SKIP","floor":14},{"not_picked":[],"picked":"hermit:Vantage","floor":18},{"not_picked":["hermit:Manifest"],"picked":"SKIP","floor":19}],"player_experience":126963,"relics_obtained":[{"floor":6,"key":"Letter Opener"}],"event_choices":[{"damage_healed":0,"gold_gain":0,"player_choice":"Box","damage_taken":0,"relics_obtained":["Anchor"],"max_hp_gain":0,"max_hp_loss":0,"event_name":"Big Fish","floor":3,"gold_loss":0,"cards_obtained":["Regret"]},{"damage_healed":0,"gold_gain":275,"player_choice":"Desecrate","damage_taken":0,"max_hp_gain":0,"max_hp_loss":0,"event_name":"Golden Shrine","floor":4,"gold_loss":0,"cards_obtained":["Regret"]},{"damage_healed":0,"gold_gain":0,"player_choice":"Ignored","damage_taken":0,"max_hp_gain":0,"max_hp_loss":0,"event_name":"Ghosts","floor":20,"gold_loss":0},{"damage_healed":0,"gold_gain":0,"player_choice":"Inject Mutagens","damage_taken":0,"relics_obtained":["MutagenicStrength"],"max_hp_gain":0,"max_hp_loss":0,"event_name":"Drug Dealer","floor":21,"gold_loss":0},{"damage_healed":0,"gold_gain":0,"player_choice":"","damage_taken":6,"max_hp_gain":0,"max_hp_loss":0,"event_name":"Knowing Skull","floor":22,"potions_obtained":[],"gold_loss":0,"cards_obtained":[]}],"is_beta":false,"boss_relics":[{"not_picked":["Black Star","Fusion Hammer"],"picked":"Busted Crown"}],"items_purged_floors":[],"is_endless":false,"potions_floor_spawned":[1,6,8,11,19],"killed_by":"Book of Stabbing","ascension_level":1}}