{"host":"vydapxfau6612551","time":1609061766,"event":{"mods":["AchievementEnabler","BaseMod","Minty Spire (QoL Compilation)","StSLib","SuperFastMode"],"gold_per_floor":[117,117,117,69,87,115,130,148,148,15,50,65,93,106,106,201,251,264,189,189,207,207,207,234,248,248],"floor_reached":25,"playtime":1331,"items_purged":[],"score":435,"play_id":"c7992395-0748-448d-bf4a-9aef60bbd1a1","local_time":"20201227183606","is_ascension_mode":true,"campfire_choices":[{"floor":15.0,"key":"REST"},{"floor":23,"key":"RECALL"}],"circlet_count":0,"master_deck":["Strike_R","Strike_R","Strike_R","Strike_R","Defend_R+1","Defend_R","Defend_R","Defend_R","Bash","Battle Trance","Armaments","Carnage","Clothesline","Carnage","Shrug It Off","Rupture","Offering","Pommel Strike+1","Ghostly","Ghostly","Ghostly","Ghostly","Ghostly","Sword Boomerang"],"relics":["Burning Blood","NeowsBlessing","Mummified Hand","Ornamental Fan","Singing Bowl","Kunai","Bronze Scales","MealTicket","Tiny House","Boot"],"acts_visited":["Exordium","TheCity"],"potions_floor_usage":[18,24,24,24],"damage_taken":[{"damage":0.0,"enemies":"2 Louse","floor":1.0,"turns":1.0},{"damage":0.0,"enemies":"Jaw Worm","floor":5.0,"turns":1.0},{"damage":0.0,"enemies":"Gremlin Nob","floor":6.0,"turns":1.0},{"damage":1.0,"enemies":"Cultist","floor":7.0,"turns":3.0},{"damage":2.0,"enemies":"Red Slaver","floor":8.0,"turns":2.0},{"damage":30.0,"enemies":"Lagavulin","floor":11.0,"turns":5.0},{"damage":12.0,"enemies":"Blue Slaver","floor":12.0,"turns":3.0},{"damage":25.0,"enemies":"Gremlin Nob","floor":13.0,"turns":5.0},{"damage":7.0,"enemies":"Large Slime","floor":14.0,"turns":5.0},{"damage":42.0,"enemies":"The Guardian","floor":16.0,"turns":12.0},{"damage":31.0,"enemies":"Spheric Guardian","floor":18.0,"turns":4.0},{"damage":4,"enemies":"Shell Parasite","floor":21,"turns":5},{"damage":1,"enemies":"Book of Stabbing","floor":24,"turns":6},{"damage":10,"enemies":"Chosen and Byrds","floor":25,"turns":5}],"seed_played":"-5725692680978658392","potions_obtained":[{"floor":1.0,"key":"Block Potion"},{"floor":6.0,"key":"EntropicBrew"},{"floor":7.0,"key":"SmokeBomb"},{"floor":8.0,"key":"Strength Potion"},{"floor":16.0,"key":"HeartOfIron"},{"floor":17.0,"key":"SteroidPotion"},{"floor":18,"key":"AttackPotion"},{"floor":21,"key":"ColorlessPotion"}],"is_trial":false,"path_per_floor":["M","?","?","$","M","E","M","M","T","?","E","M","E","M","R","B",null,"M","?","?","M","?","R","E","M"],"character_chosen":"IRONCLAD","items_purchased":["Armaments"],"campfire_rested":1,"item_purchase_floors":[4],"current_hp_per_floor":[78,83,71,71,77,83,85,85,85,85,63,57,40,39,65,29,81,75,75,48,50,50,50,50,46,46],"gold":248,"neow_bonus":"THREE_ENEMY_KILL","is_daily":false,"chose_seed":false,"campfire_upgraded":0,"win_rate":0.0,"timestamp":1609061766,"path_taken":["M","?","?","?","M","E","M","M","T","?","E","M","E","?","R","BOSS","M","?","?","M","?","R","E","?"],"items_purchased_type":["Card"],"build_version":"2020-12-22","purchased_purges":0,"victory":false,"max_hp_per_floor":[80,85,85,85,85,85,85,85,85,85,87,87,89,89,89,89,96,96,96,48,50,50,50,50,50,50],"card_choices":[{"not_picked":["True Grit","Pommel Strike"],"picked":"Battle Trance","floor":1.0},{"not_picked":["Ghostly Armor","Rampage","True Grit"],"picked":"SKIP","floor":5.0},{"not_picked":["Flex","Evolve"],"picked":"Carnage","floor":6.0},{"not_picked":["Armaments","Berserk"],"picked":"Clothesline","floor":7.0},{"not_picked":["Armaments","True Grit"],"picked":"Carnage","floor":8.0},{"not_picked":["Bloodletting","Wild Strike","Dual Wield"],"picked":"Singing Bowl","floor":11.0},{"not_picked":["True Grit","Clothesline"],"picked":"Shrug It Off","floor":12.0},{"not_picked":["Sever Soul","Searing Blow","Body Slam"],"picked":"Singing Bowl","floor":13.0},{"not_picked":["Burning Pact","Twin Strike"],"picked":"Rupture","floor":14.0},{"not_picked":["Barricade","Feed"],"picked":"Offering","floor":16.0},{"not_picked":["Iron Wave","Armaments","Second Wind"],"picked":"Singing Bowl","floor":17.0},{"not_picked":["Shockwave+1","Heavy Blade"],"picked":"Pommel Strike+1","floor":18},{"not_picked":["Anger","Flex","Shrug It Off"],"picked":"Singing Bowl","floor":21},{"not_picked":["Shrug It Off","Clothesline"],"picked":"Sword Boomerang","floor":24}],"player_experience":390290,"relics_obtained":[{"floor":6.0,"key":"Ornamental Fan"},{"floor":9.0,"key":"Singing Bowl"},{"floor":11.0,"key":"Bronze Scales"},{"floor":13.0,"key":"MealTicket"},{"floor":24,"key":"Boot"}],"event_choices":[{"damage_healed":0.0,"max_hp_gain":5.0,"max_hp_loss":0.0,"gold_gain":0.0,"event_name":"Big Fish","player_choice":"Donut","floor":2.0,"gold_loss":0.0,"damage_taken":0.0},{"damage_healed":0.0,"max_hp_gain":0.0,"max_hp_loss":0.0,"gold_gain":0.0,"event_name":"Scrap Ooze","player_choice":"Success","floor":3.0,"gold_loss":0.0,"damage_taken":12.0,"relics_obtained":["Mummified Hand"]},{"damage_healed":0.0,"max_hp_gain":0.0,"max_hp_loss":0.0,"gold_gain":0.0,"event_name":"WeMeetAgain","player_choice":"Paid Gold","floor":10.0,"gold_loss":133.0,"damage_taken":0.0,"relics_obtained":["Kunai"]},{"cards_removed":["Strike_R"],"damage_healed":0,"gold_gain":0,"player_choice":"Gave Gold","damage_taken":0,"max_hp_gain":0,"max_hp_loss":0,"event_name":"Beggar","floor":19,"gold_loss":75},{"damage_healed":0,"gold_gain":0,"player_choice":"Became a Ghost","damage_taken":0,"max_hp_gain":0,"max_hp_loss":48,"event_name":"Ghosts","floor":20,"gold_loss":0,"cards_obtained":["Ghostly","Ghostly","Ghostly","Ghostly","Ghostly"]},{"damage_healed":0,"gold_gain":0,"player_choice":"0 cards matched","damage_taken":0,"max_hp_gain":0,"max_hp_loss":0,"event_name":"Match and Keep!","floor":22,"gold_loss":0,"cards_obtained":[]}],"is_beta":false,"boss_relics":[{"not_picked":["Philosopher\u0027s Stone","Runic Pyramid"],"picked":"Tiny House"}],"items_purged_floors":[],"is_endless":false,"potions_floor_spawned":[1,6,7,8,16,18,21],"killed_by":"Chosen and Byrds","ascension_level":8}}