{"host":"ktoxvvst1mwxww91","time":1609071156,"event":{"mods":["BaseMod","Hermit","Minty Spire (QoL Compilation)","Shedinja","StSLib","The Hierophant","The Mystic","The Necromancer"],"gold_per_floor":[110,110,129,54,68,68,78,7,55,71,88,88,104,4,4,4,4],"floor_reached":16,"playtime":493,"items_purged":["Shedinja:Scratch","Shedinja:Scratch"],"score":108,"play_id":"24134854-69c1-4584-915b-d02ee5422fe1","local_time":"20201227131236","is_ascension_mode":true,"campfire_choices":[{"data":"Shedinja:FocusSash","floor":6.0,"key":"SMITH"},{"data":"Shedinja:FocusSash","floor":12,"key":"SMITH"},{"data":"Shedinja:Protect","floor":15,"key":"SMITH"}],"circlet_count":0,"master_deck":["Shedinja:Scratch","Shedinja:Scratch","Shedinja:Endure","Shedinja:Endure","Shedinja:Endure","Shedinja:Endure","Shedinja:Endure","Shedinja:FocusSash+1","Shedinja:FocusSash+1","Shedinja:HYPERBEAM","Shedinja:StruggleBug","Shedinja:Protect+1","Shedinja:GigaDrain","Shedinja:GigaDrain","Shedinja:Mimic","Shedinja:Trick","Shedinja:Elixir","Shedinja:RockyHelmet","Shedinja:RockyHelmet"],"relics":["Shedinja:WonderGuard","Dream Catcher"],"acts_visited":["Exordium"],"potions_floor_usage":[16],"damage_taken":[{"damage":0.0,"enemies":"2 Louse","floor":1.0,"turns":1.0},{"damage":0.0,"enemies":"Cultist","floor":3.0,"turns":5.0},{"damage":0.0,"enemies":"Jaw Worm","floor":5.0,"turns":6.0},{"damage":0.0,"enemies":"3 Louse","floor":7.0,"turns":3.0},{"damage":0,"enemies":"Blue Slaver","floor":10,"turns":7},{"damage":0,"enemies":"Red Slaver","floor":11,"turns":5},{"damage":0,"enemies":"Looter","floor":13,"turns":4},{"damage":9,"enemies":"The Guardian","floor":16,"turns":14}],"seed_played":"-4321942146589514706","potions_obtained":[{"floor":10,"key":"PowerPotion"},{"floor":11,"key":"Weak Potion"}],"is_trial":false,"path_per_floor":["M","?","M","$","M","R","M","$","T","M","M","R","M","$","R","B"],"character_chosen":"THE_DEFAULT","items_purchased":["Shedinja:Trick"],"campfire_rested":0,"item_purchase_floors":[8],"current_hp_per_floor":[1,1,1,1,1,1,1,1,1,1,1,1,1,1,1,0,0],"gold":4,"neow_bonus":"ONE_RANDOM_RARE_CARD","is_daily":false,"chose_seed":false,"campfire_upgraded":3,"win_rate":0.0,"timestamp":1609071156,"path_taken":["M","?","?","?","M","R","M","$","T","M","M","R","?","?","R","BOSS"],"items_purchased_type":["Card"],"build_version":"2020-12-22","purchased_purges":2,"victory":false,"max_hp_per_floor":[1,1,1,1,1,1,1,1,1,1,1,1,1,1,1,1,1],"card_choices":[{"not_picked":["Shedinja:SafetyGoggles","Shedinja:PowerBracer"],"picked":"Shedinja:StruggleBug","floor":1.0},{"not_picked":["Shedinja:Absorb","Shedinja:SafetyGoggles"],"picked":"Shedinja:GigaDrain","floor":3.0},{"not_picked":["Shedinja:StruggleBug","Shedinja:Ether"],"picked":"Shedinja:GigaDrain","floor":5.0},{"not_picked":["Shedinja:Ether","Shedinja:SuckerPunch"],"picked":"Shedinja:Mimic","floor":7.0},{"not_picked":["Shedinja:Ether","Shedinja:GigaDrain"],"picked":"Shedinja:Elixir","floor":10},{"not_picked":["Shedinja:GigaDrain","Shedinja:Facade"],"picked":"Shedinja:RockyHelmet","floor":11},{"not_picked":["Shedinja:Ether","Shedinja:SuckerPunch"],"picked":"Shedinja:RockyHelmet","floor":13}],"player_experience":962888,"relics_obtained":[{"floor":9.0,"key":"Dream Catcher"}],"event_choices":[{"damage_healed":0.0,"max_hp_gain":0.0,"max_hp_loss":0.0,"gold_gain":0.0,"cards_transformed":["Shedinja:Scratch"],"event_name":"Transmorgrifier","player_choice":"Transformed","floor":2.0,"gold_loss":0.0,"damage_taken":0.0,"cards_obtained":["Shedinja:Protect"]}],"is_beta":false,"boss_relics":[],"items_purged_floors":[4,14],"is_endless":false,"potions_floor_spawned":[10,11],"killed_by":"The Guardian","ascension_level":3}}