{"host":"sh8ot41fo7a0kahq","time":1609070202,"event":{"mods":["ATMod(°¢èªMod)","BaseMod","Better Third Choice","Colored Powertips","Displayed Cursed Tome","Minty Spire (QoL Compilation)","Quick Restart","Spicy Shops","StSLib","UnlockEverythingMod","¡¾ÒÅÎï¿¨ÅÆ¡¿REMEMod"],"gold_per_floor":[117,132,144,144,219,248,248,248,273,273,2,2,15,62,62,161,161,177,177,177,177,46,46,65,100,124,124,124,139,139,158,158,253,253,269,60,60,104,119,153,153,153,179,208,108,108,123,32,32,32,32,32,32,59,59],"floor_reached":56,"playtime":2869,"items_purged":["Defend_B","AT_ThunderBolt","Defend_B"],"score":1747,"play_id":"1690e6be-dced-4ec9-94a5-8b6a815051c3","local_time":"20201227195642","is_ascension_mode":true,"campfire_choices":[{"data":"Berserk","floor":7.0,"key":"SMITH"},{"floor":10.0,"key":"REST"},{"data":"Seek","floor":15.0,"key":"SMITH"},{"data":"AT_RightCognition","floor":23.0,"key":"SMITH"},{"data":"Turbo","floor":32.0,"key":"SMITH"},{"data":"Echo Form","floor":41.0,"key":"SMITH"},{"floor":46.0,"key":"RECALL"},{"data":"AT_StudyProgram","floor":49,"key":"SMITH"},{"data":"AT_ThunderBolt","floor":52,"key":"SMITH"}],"circlet_count":0,"master_deck":["Strike_B","Strike_B","Defend_B","Zap","Dualcast","AT_TearsDenial","Berserk+1","Ball Lightning","Cold Snap","Seek+1","Glacier","AT_RightCognition+1","Turbo+1","Ghostly","Ghostly","Ghostly","Ghostly","Ghostly","AT_WarpDrive","Hyperbeam","Hologram","AT_WaterDrop","Recycle+1","Echo Form+1","Coolheaded+1","AT_ThunderBolt+1","Chrysalis","REME_DataAnalysis","AT_StudyProgram+1","Undo+1"],"relics":["FrozenCore","AT_ATBox","REME_ComplimentaryCards","NeowsBlessing","AT_ArcaneBoots","DataDisk","Membership Card","Sundial","Bottled Tornado","Anchor","REME_HourglassOfDeath","SacredBark","Incense Burner","Bag of Preparation","Smiling Mask","Bottled Lightning","Medical Kit","AT_BladeRuinedKing"],"acts_visited":["Exordium","TheCity","TheBeyond","TheEnding"],"potions_floor_usage":[55],"damage_taken":[{"damage":0.0,"enemies":"2 Louse","floor":1.0,"turns":1.0},{"damage":0.0,"enemies":"Jaw Worm","floor":2.0,"turns":1.0},{"damage":0.0,"enemies":"Small Slimes","floor":3.0,"turns":1.0},{"damage":39.0,"enemies":"Lagavulin","floor":6.0,"turns":7.0},{"damage":13.0,"enemies":"Blue Slaver","floor":13.0,"turns":3.0},{"damage":12.0,"enemies":"Hexaghost","floor":16.0,"turns":10.0},{"damage":39.0,"enemies":"2 Thieves","floor":18.0,"turns":5.0},{"damage":0.0,"enemies":"Chosen","floor":24.0,"turns":6.0},{"damage":1.0,"enemies":"Book of Stabbing","floor":25.0,"turns":6.0},{"damage":0.0,"enemies":"Centurion and Healer","floor":29.0,"turns":9.0},{"damage":0.0,"enemies":"Cultist and Chosen","floor":31.0,"turns":8.0},{"damage":0.0,"enemies":"Automaton","floor":33.0,"turns":12.0},{"damage":12.0,"enemies":"Orb Walker","floor":35.0,"turns":8.0},{"damage":0.0,"enemies":"3 Darklings","floor":38.0,"turns":9.0},{"damage":0.0,"enemies":"Jaw Worm Horde","floor":39.0,"turns":8.0},{"damage":0.0,"enemies":"Giant Head","floor":40.0,"turns":13.0},{"damage":0.0,"enemies":"Reptomancer","floor":44.0,"turns":10.0},{"damage":0.0,"enemies":"Maw","floor":47.0,"turns":11.0},{"damage":0,"enemies":"Time Eater","floor":50,"turns":9},{"damage":0,"enemies":"Shield and Spear","floor":54,"turns":7},{"damage":17,"enemies":"The Heart","floor":55,"turns":11}],"seed_played":"316044740041865351","potions_obtained":[{"floor":2.0,"key":"REME_GoldPotion"},{"floor":3.0,"key":"Energy Potion"},{"floor":16.0,"key":"Energy Potion"},{"floor":37.0,"key":"PotionOfCapacity"},{"floor":38.0,"key":"ColorlessPotion"}],"is_trial":false,"path_per_floor":["M","M","M","?","?","E","R","?","T","R","$","$","M","T","R","B",null,"M","?","?","?","$","R","M","E","T","T","?","M","?","M","R","B",null,"M","$","?","M","M","E","R","?","T","E","$","R","M","$","R","B",null,"R","$","E","B",null],"character_chosen":"DEFECT","items_purchased":["Membership Card","AT_ThunderBolt","Sundial","AT_ThunderBolt","Incense Burner","Medical Kit","AT_StudyProgram"],"campfire_rested":1,"item_purchase_floors":[11,11,22,36,36,48,48],"current_hp_per_floor":[68,68,68,61,50,11,11,11,11,33,33,33,20,20,20,8,58,19,19,19,19,19,19,19,18,18,18,18,18,14,14,14,14,35,23,23,23,23,23,23,23,23,23,23,23,23,23,23,23,23,37,37,37,37,20],"gold":59,"neow_bonus":"THREE_ENEMY_KILL","is_daily":false,"chose_seed":false,"campfire_upgraded":7,"win_rate":0.0,"timestamp":1609070202,"path_taken":["M","M","M","?","?","E","R","?","T","R","$","?","M","?","R","BOSS","M","?","?","?","?","R","?","E","T","?","?","M","?","M","R","BOSS","M","$","?","M","?","E","R","?","T","E","$","R","M","?","R","BOSS","R","$","E","BOSS"],"items_purchased_type":["Relic","Card","Relic","Card","Relic","Relic","Card"],"build_version":"2020-12-22","purchased_purges":3,"victory":true,"max_hp_per_floor":[75,75,75,75,75,75,75,75,75,75,75,75,75,75,75,75,75,75,37,37,37,37,37,37,37,37,37,37,37,42,42,42,42,42,42,42,42,42,42,42,42,42,42,42,42,42,42,42,42,42,42,42,42,42,42],"card_choices":[{"not_picked":["Hologram","Blizzard"],"picked":"Ball Lightning","floor":1.0},{"not_picked":["Barrage","Rebound","Steam"],"picked":"SKIP","floor":2.0},{"not_picked":["Go for the Eyes","Redo"],"picked":"Cold Snap","floor":3.0},{"not_picked":["AT_HeatAcrobatics","Aggregate"],"picked":"Seek","floor":6.0},{"not_picked":["Conserve Battery","Tempest"],"picked":"Glacier","floor":13.0},{"not_picked":["Echo Form","REME_ForAll"],"picked":"AT_RightCognition","floor":16.0},{"not_picked":["Rebound+1","Steam"],"picked":"Turbo","floor":18.0},{"not_picked":["Beam Cell","Streamline"],"picked":"Hologram","floor":24.0},{"not_picked":["Compile Driver","Turbo+1","Redo"],"picked":"SKIP","floor":25.0},{"not_picked":["Steam+1","Sweeping Beam+1"],"picked":"Recycle+1","floor":29.0},{"not_picked":["Conserve Battery+1","Streamline","Static Discharge+1"],"picked":"SKIP","floor":31.0},{"not_picked":["AT_WaterDrop","Electrodynamics"],"picked":"Echo Form","floor":33.0},{"not_picked":["Stack","Reprogram+1"],"picked":"Coolheaded+1","floor":35.0},{"not_picked":["Coolheaded","AT_ThunderBolt+1","Hologram"],"picked":"SKIP","floor":38.0},{"not_picked":["Barrage","Streamline","Turbo+1"],"picked":"SKIP","floor":39.0},{"not_picked":["AT_HeatAcrobatics+1","Sweeping Beam+1","Turbo+1"],"picked":"SKIP","floor":40.0},{"not_picked":["Good Instincts","Dramatic Entrance"],"picked":"Chrysalis","floor":42.0},{"not_picked":["Cold Snap","Conserve Battery"],"picked":"REME_DataAnalysis","floor":44.0},{"not_picked":["Leap","Scrape","AT_ThunderBolt+1"],"picked":"SKIP","floor":47.0},{"not_picked":["Fusion","Self Repair"],"picked":"Undo+1","floor":54}],"player_experience":287583,"relics_obtained":[{"floor":6.0,"key":"AT_SpeedBoots"},{"floor":9.0,"key":"DataDisk"},{"floor":25.0,"key":"Bottled Tornado"},{"floor":26.0,"key":"Anchor"},{"floor":27.0,"key":"REME_HourglassOfDeath"},{"floor":40.0,"key":"Bag of Preparation"},{"floor":43.0,"key":"Smiling Mask"},{"floor":44.0,"key":"Bottled Lightning"},{"floor":54,"key":"AT_BladeRuinedKing"}],"event_choices":[{"cards_removed":["Strike_B"],"damage_healed":0.0,"max_hp_gain":0.0,"max_hp_loss":0.0,"gold_gain":0.0,"event_name":"Golden Wing","player_choice":"Card Removal","floor":4.0,"gold_loss":0.0,"damage_taken":7.0},{"damage_healed":0.0,"max_hp_gain":0.0,"max_hp_loss":0.0,"gold_gain":75.0,"event_name":"betterThird:BetterGoop","player_choice":"Gold","floor":5.0,"gold_loss":0.0,"damage_taken":11.0},{"damage_healed":11.0,"max_hp_gain":0.0,"max_hp_loss":75.0,"gold_gain":0.0,"event_name":"betterThird:BetterShining","player_choice":"Leave","floor":8.0,"gold_loss":0.0,"damage_taken":0.0},{"damage_healed":0.0,"max_hp_gain":0.0,"max_hp_loss":38.0,"gold_gain":0.0,"event_name":"Ghosts","player_choice":"Became a Ghost","floor":19.0,"gold_loss":0.0,"damage_taken":0.0,"cards_obtained":["Ghostly","Ghostly","Ghostly","Ghostly","Ghostly"]},{"damage_healed":0.0,"max_hp_gain":0.0,"max_hp_loss":0.0,"gold_gain":0.0,"event_name":"Vampires","player_choice":"Ignored","floor":20.0,"gold_loss":0.0,"damage_taken":0.0},{"damage_healed":0.0,"max_hp_gain":0.0,"max_hp_loss":0.0,"gold_gain":0.0,"cards_transformed":["Strike_B","Defend_B"],"event_name":"Drug Dealer","player_choice":"Became Test Subject","floor":21.0,"gold_loss":0.0,"damage_taken":0.0,"cards_obtained":["AT_WarpDrive","Hyperbeam"]},{"damage_healed":0.0,"max_hp_gain":0.0,"max_hp_loss":0.0,"gold_gain":0.0,"event_name":"The Library","player_choice":"Read","floor":28.0,"gold_loss":0.0,"damage_taken":0.0,"cards_obtained":["AT_WaterDrop"]},{"damage_healed":0.0,"max_hp_gain":5.0,"max_hp_loss":0.0,"gold_gain":0.0,"event_name":"Forgotten Altar","player_choice":"Shed Blood","floor":30.0,"gold_loss":0.0,"damage_taken":9.0},{"damage_healed":0.0,"max_hp_gain":0.0,"max_hp_loss":0.0,"gold_gain":0.0,"event_name":"Lab","player_choice":"Got Potions","floor":37.0,"gold_loss":0.0,"damage_taken":0.0},{"damage_healed":0.0,"max_hp_gain":0.0,"max_hp_loss":0.0,"gold_gain":0.0,"event_name":"SensoryStone","player_choice":"Memory 1","floor":42.0,"gold_loss":0.0,"damage_taken":0.0}],"is_beta":false,"boss_relics":[{"not_picked":["Tiny House","Ectoplasm"],"picked":"FrozenCore"},{"not_picked":["Astrolabe","Nuclear Battery"],"picked":"SacredBark"}],"items_purged_floors":[36,45,45],"is_endless":false,"potions_floor_spawned":[2,3,16,25,33,38,44],"ascension_level":6}}