{"host":"1eo5f82aifdzd7pr","time":1609093385,"event":{"mods":["AchievementEnabler","BaseMod","Colored Map","Colored Powertips","DeckTracker","Minty Spire (QoL Compilation)","SuperFastMode"],"gold_per_floor":[14,25,25,46,67,67,105,105,105,105,105,30,54,74,74,74,74],"floor_reached":16,"playtime":917,"items_purged":["Defend_G"],"score":179,"play_id":"81759a64-634c-4d37-985e-ad22ea5ce9ad","local_time":"20201227202305","is_ascension_mode":true,"campfire_choices":[{"floor":6,"key":"REST"},{"floor":8,"key":"DIG"},{"data":"Cloak And Dagger","floor":10,"key":"SMITH"},{"floor":15,"key":"REST"}],"circlet_count":0,"master_deck":["AscendersBane","Strike_G","Strike_G","Strike_G","Strike_G","Strike_G","Defend_G","Defend_G","Defend_G","Defend_G","Survivor","Neutralize","Doppelganger","Slice","Backflip","Cloak And Dagger+1","Deflect","PiercingWail"],"relics":["Ring of the Snake","Golden Idol","Shovel","Ninja Scroll","Mummified Hand"],"acts_visited":["Exordium"],"potions_floor_usage":[7,16],"damage_taken":[{"damage":8.0,"enemies":"2 Louse","floor":1.0,"turns":5.0},{"damage":4.0,"enemies":"Small Slimes","floor":2.0,"turns":5.0},{"damage":0.0,"enemies":"Jaw Worm","floor":4.0,"turns":6.0},{"damage":8,"enemies":"Exordium Thugs","floor":5,"turns":7},{"damage":49,"enemies":"Lagavulin","floor":7,"turns":9},{"damage":0,"enemies":"Exordium Wildlife","floor":13,"turns":2},{"damage":0,"enemies":"3 Louse","floor":14,"turns":4},{"damage":55,"enemies":"The Guardian","floor":16,"turns":13}],"seed_played":"-728553929186350919","potions_obtained":[{"floor":4.0,"key":"Poison Potion"},{"floor":7,"key":"Swift Potion"},{"floor":13,"key":"FearPotion"},{"floor":14,"key":"Regen Potion"}],"is_trial":false,"path_per_floor":["M","M","?","M","M","R","E","R","T","R","?","$","M","M","R","B"],"character_chosen":"THE_SILENT","items_purchased":[],"campfire_rested":2,"item_purchase_floors":[],"current_hp_per_floor":[51,47,47,47,39,57,8,8,8,8,8,8,8,8,26,0,0],"gold":74,"neow_bonus":"THREE_RARE_CARDS","is_daily":false,"chose_seed":false,"campfire_upgraded":1,"win_rate":0.0,"timestamp":1609093385,"path_taken":["M","M","?","M","M","R","E","R","T","R","?","?","M","M","R","BOSS"],"items_purchased_type":[],"build_version":"2020-12-22","purchased_purges":1,"victory":false,"max_hp_per_floor":[66,66,60,60,60,60,60,60,60,60,60,60,60,60,60,60,60],"card_choices":[{"not_picked":["Storm of Steel","Unload"],"picked":"Doppelganger","floor":0.0},{"not_picked":["Bane","Noxious Fumes"],"picked":"Slice","floor":1.0},{"not_picked":["Deadly Poison","Flying Knee"],"picked":"Backflip","floor":2.0},{"not_picked":["Crippling Poison","Flying Knee"],"picked":"Cloak And Dagger","floor":4.0},{"not_picked":["Skewer","All Out Attack"],"picked":"Deflect","floor":5},{"not_picked":["Prepared","Well Laid Plans","Accuracy"],"picked":"SKIP","floor":7},{"not_picked":["Storm of Steel","Flying Knee"],"picked":"PiercingWail","floor":13},{"not_picked":["Finisher","Choke","Dash"],"picked":"SKIP","floor":14}],"player_experience":708160,"relics_obtained":[{"floor":7,"key":"Shovel"},{"floor":8,"key":"Ninja Scroll"},{"floor":9,"key":"Mummified Hand"}],"event_choices":[{"damage_healed":0.0,"max_hp_gain":0.0,"max_hp_loss":6.0,"gold_gain":0.0,"event_name":"Golden Idol","player_choice":"Lose Max HP","floor":3.0,"gold_loss":0.0,"damage_taken":0.0,"relics_obtained":["Golden Idol"]},{"damage_healed":0,"gold_gain":0,"player_choice":"Ignored","damage_taken":0,"max_hp_gain":0,"max_hp_loss":0,"event_name":"Shining Light","floor":11,"gold_loss":0}],"is_beta":false,"boss_relics":[],"items_purged_floors":[12],"is_endless":false,"potions_floor_spawned":[4,7,13,14],"killed_by":"The Guardian","ascension_level":15}}