{"host":"rkizb0bayd67deyv","time":1609043295,"event":{"mods":["2.2 Compatiblity","AchievementEnabler","Astrologer","BaseMod","Beaked The Cultist","BetterRewards","CapriCore","Colored Map","Colored Powertips","GifTheSpireLib","Gremlin Mod","KinomotoSakuraMod(ñÿîVñ{?)","Koishi","Mad Scientist","MarisaÅiñ∂âJÅ@ñÇóùçπÅj","Minty Spire (QoL Compilation)","Quick Restart","StSLib","SuperFastMode","The Bladedancer","The Cursed","The Death Knight","The Immortal","The Mystic","The Poker Player","Unknown Chances","YoumuÅiç∞ÈÆódöÎÅj"],"gold_per_floor":[65,65,75,89,101,132,132,165,190,219,230,258,292,312,312,407,407,420,212,137,137,137,172,184,212,224,236,268,300,340,352,364,473,485,513,544,574,296,296,323,323,69,92,121,138,138,138,156,156,156],"floor_reached":51,"playtime":1687,"items_purged":["Gremlin:Defend","Gremlin:Strike","Gremlin:Defend"],"score":2055,"play_id":"1017ba33-5c10-4818-bf1c-7e4f8816d3aa","local_time":"20201227132815","is_ascension_mode":true,"campfire_choices":[{"data":"Apotheosis","floor":7.0,"key":"SMITH"},{"data":"Gremlin:Pinprick","floor":15.0,"key":"SMITH"},{"data":"beaked:WalkersFury","floor":27.0,"key":"SMITH"},{"data":"Gremlin:RageBreak","floor":32.0,"key":"SMITH"},{"floor":47,"key":"DIG"},{"floor":49,"key":"DIG"}],"circlet_count":0,"master_deck":["AscendersBane","Gremlin:Strike","Gremlin:Strike+1","Gremlin:Defend+1","Gremlin:Defend+1","Gremlin:TagTeam","Gremlin:GremlinDance","Apotheosis+1","Gremlin:GremlinMeal+1","Gremlin:GlitterGuard","Gremlin:Erupt+1","Gremlin:RageBreak+1","Gremlin:FairyDust+1","Gremlin:Pinprick+1","beaked:WalkersFury+1","Gremlin:Pinprick+1","Gremlin:SecondVolley","Gremlin:Revel","Gremlin:ShowOfHands","Gremlin:Pinprick","Finesse","Gremlin:FairyDust"],"relics":["Gremlin:GremlinKnob","Incense Burner","War Paint","Torii","Membership Card","Thread and Needle","Juzu Bracelet","Bag of Marbles","Lantern","Bag of Preparation","Odd Mushroom","beaked:ShinyBauble","beaked:SacredDeck","Du-Vu Doll","MutagenicStrength","Ornamental Fan","MawBank","Eternal Feather","Anchor","Coffee Dripper","Matryoshka","Question Card","Gambling Chip","Gremlin Horn","Toolbox","Centennial Puzzle","Orichalcum","Shovel","Strawberry","Pen Nib"],"acts_visited":["Exordium","TheCity","TheBeyond"],"potions_floor_usage":[],"damage_taken":[{"damage":0.0,"enemies":"2 Louse","floor":1.0,"turns":2.0},{"damage":0.0,"enemies":"Jaw Worm","floor":3.0,"turns":3.0},{"damage":0.0,"enemies":"Small Slimes","floor":4.0,"turns":3.0},{"damage":0.0,"enemies":"Looter","floor":5.0,"turns":4.0},{"damage":0.0,"enemies":"Lagavulin","floor":6.0,"turns":8.0},{"damage":0.0,"enemies":"3 Sentries","floor":8.0,"turns":8.0},{"damage":0.0,"enemies":"Gremlin Nob","floor":10.0,"turns":3.0},{"damage":0.0,"enemies":"Lots of Slimes","floor":11.0,"turns":1.0},{"damage":0.0,"enemies":"The Mushroom Lair","floor":12.0,"turns":1.0},{"damage":0.0,"enemies":"3 Sentries","floor":13.0,"turns":6.0},{"damage":0.0,"enemies":"Blue Slaver","floor":14.0,"turns":1.0},{"damage":0.0,"enemies":"The Guardian","floor":16.0,"turns":8.0},{"damage":0.0,"enemies":"2 Thieves","floor":18.0,"turns":3.0},{"damage":1.0,"enemies":"Slavers","floor":23.0,"turns":4.0},{"damage":0.0,"enemies":"Shell Parasite","floor":24.0,"turns":4.0},{"damage":0.0,"enemies":"Book of Stabbing","floor":25.0,"turns":4.0},{"damage":0.0,"enemies":"Centurion and Healer","floor":28.0,"turns":2.0},{"damage":0.0,"enemies":"Shelled Parasite and Fungi","floor":29.0,"turns":1.0},{"damage":0.0,"enemies":"Gremlin Leader","floor":30.0,"turns":2.0},{"damage":1.0,"enemies":"Collector","floor":33.0,"turns":6.0},{"damage":0.0,"enemies":"3 Shapes","floor":35.0,"turns":1.0},{"damage":0.0,"enemies":"3 Darklings","floor":36.0,"turns":1.0},{"damage":0.0,"enemies":"Maw","floor":37.0,"turns":4.0},{"damage":0.0,"enemies":"Giant Head","floor":40.0,"turns":3.0},{"damage":0.0,"enemies":"Reptomancer","floor":44.0,"turns":1.0},{"damage":0.0,"enemies":"4 Shapes","floor":45.0,"turns":1.0},{"damage":0,"enemies":"Jaw Worm Horde","floor":48,"turns":1},{"damage":18,"enemies":"Time Eater","floor":50,"turns":4}],"seed_played":"5148458634349374912","potions_obtained":[{"floor":3.0,"key":"Regen Potion"},{"floor":5.0,"key":"FearPotion"},{"floor":11.0,"key":"SkillPotion"},{"floor":12.0,"key":"Swift Potion"},{"floor":24.0,"key":"Energy Potion"},{"floor":29.0,"key":"PowerPotion"},{"floor":37.0,"key":"DeathKnight:RimePotion"}],"is_trial":false,"path_per_floor":["M","?","M","M","M","E","R","E","T","E","M","?","E","M","R","B",null,"M","$","?","?","?","E","M","E","T","R","M","M","E","?","R","B",null,"M","M","M","$","?","E","?","$","T","E","M","?","R","M","R","B",null],"character_chosen":"GREMLIN","items_purchased":["Apotheosis","War Paint","Gremlin:GremlinMeal","Gremlin:GlitterGuard","Membership Card","Gremlin:Erupt","Du-Vu Doll","Matryoshka","Question Card","Gremlin:ShowOfHands","Gremlin Horn","Gremlin:Pinprick","Toolbox","Finesse"],"campfire_rested":0,"item_purchase_floors":[0,0,0,0,0,0,19,38,38,38,42,42,42,42],"current_hp_per_floor":[20,19,20,20,20,20,20,19,19,19,20,20,20,20,20,20,20,20,20,20,20,20,20,19,19,19,20,20,20,20,20,20,19,20,20,19,19,19,19,20,14,14,14,20,14,14,22,22,22,4],"gold":156,"neow_bonus":"","is_daily":false,"chose_seed":false,"campfire_upgraded":4,"win_rate":0.0,"timestamp":1609043295,"path_taken":["M","?","M","M","M","E","R","E","T","E","M","?","E","M","R","BOSS","M","$","?","?","?","E","M","E","T","R","M","M","E","?","R","BOSS","M","M","M","$","?","E","?","$","T","E","M","?","R","M","R","BOSS"],"items_purchased_type":["Card","Relic","Card","Card","Relic","Card","Relic","Relic","Relic","Card","Relic","Card","Relic","Card"],"build_version":"2020-12-22","purchased_purges":3,"victory":true,"max_hp_per_floor":[20,20,20,20,20,20,20,20,20,20,20,20,20,20,20,20,20,20,20,20,20,20,20,20,20,20,20,20,20,20,20,20,20,20,20,20,20,20,20,20,20,20,20,20,20,20,22,22,22,22],"card_choices":[{"not_picked":["Gremlin:GremlinMeal","Gremlin:Irritability"],"picked":"Gremlin:RageBreak","floor":1.0},{"not_picked":["Gremlin:GlitterGuard","Gremlin:Kablamo","Gremlin:Presto"],"picked":"SKIP","floor":3.0},{"not_picked":["Gremlin:MakeshiftArmor","Gremlin:Changeo","Gremlin:ShankStone"],"picked":"SKIP","floor":4.0},{"not_picked":["Gremlin:BulkUp","Gremlin:Changeo","Gremlin:Irritability"],"picked":"SKIP","floor":5.0},{"not_picked":["Gremlin:Pinprick","Gremlin:Scatter"],"picked":"Gremlin:FairyDust","floor":6.0},{"not_picked":["Gremlin:ToeStub","Gremlin:Jeer"],"picked":"Gremlin:Pinprick","floor":8.0},{"not_picked":["Gremlin:BulkUp","Gremlin:CatScratch","Gremlin:Wizardry"],"picked":"SKIP","floor":10.0},{"not_picked":["Gremlin:ToeStub","Gremlin:Necromancy","Gremlin:TwistTheKnife"],"picked":"SKIP","floor":11.0},{"not_picked":["Gremlin:TwistTheKnife","Gremlin:Pretaliation","Gremlin:Glimmer"],"picked":"SKIP","floor":13.0},{"not_picked":["Gremlin:CatScratch","Gremlin:Presto","Gremlin:GlitterGuard"],"picked":"SKIP","floor":14.0},{"not_picked":["Gremlin:GremlinMeal","Gremlin:Pretaliation+1","Gremlin:CatScratch+1"],"picked":"SKIP","floor":18.0},{"not_picked":["Gremlin:GremlinArms","Gremlin:CatScratch","Gremlin:ShowOfHands"],"picked":"SKIP","floor":23.0},{"not_picked":["Gremlin:GremlinArms","Gremlin:CatScratch","Gremlin:ShowOfHands"],"picked":"SKIP","floor":23.0},{"not_picked":["Gremlin:GremlinMeal","Gremlin:AggressiveDefense"],"picked":"Gremlin:Pinprick","floor":24.0},{"not_picked":["Gremlin:CatScratch","Gremlin:RageBreak","Gremlin:Whiz+1"],"picked":"SKIP","floor":25.0},{"not_picked":["Gremlin:GremlinArms+1","Gremlin:FeelTheAudience+1","Gremlin:EdibleArmor"],"picked":"SKIP","floor":28.0},{"not_picked":["Gremlin:Mockery","Gremlin:PourSalt","Gremlin:DaggerDance"],"picked":"SKIP","floor":29.0},{"not_picked":["Gremlin:Changeo+1","Gremlin:GremlinMeal","Gremlin:RageBreak"],"picked":"SKIP","floor":30.0},{"not_picked":["Gremlin:FlipOut","Gremlin:Erupt"],"picked":"Gremlin:SecondVolley","floor":33.0},{"not_picked":["Gremlin:CounterStrike","Gremlin:FollowThrough","Gremlin:Irritability"],"picked":"SKIP","floor":35.0},{"not_picked":["Gremlin:Presto+1","Gremlin:Whiz"],"picked":"Gremlin:Revel","floor":36.0},{"not_picked":["Gremlin:AggressiveDefense+1","Gremlin:Changeo+1","Gremlin:Jeer+1"],"picked":"SKIP","floor":37.0},{"not_picked":["Gremlin:Heckle","Gremlin:Pickpocket","Gremlin:Tricksy","Gremlin:RageBreak+1"],"picked":"SKIP","floor":40.0},{"not_picked":["Gremlin:Stupend","Gremlin:MakeshiftArmor+1","Gremlin:Jeer+1"],"picked":"Gremlin:FairyDust","floor":44.0},{"not_picked":["Gremlin:Presto+1","Gremlin:PourSalt","Gremlin:Patsy+1","Gremlin:Jeer"],"picked":"SKIP","floor":45.0},{"not_picked":["Gremlin:Flurry","Gremlin:Tricksy+1","Gremlin:PourSalt+1","Gremlin:Jeer+1"],"picked":"SKIP","floor":48}],"player_experience":286603,"relics_obtained":[{"floor":6.0,"key":"Juzu Bracelet"},{"floor":8.0,"key":"Bag of Marbles"},{"floor":9.0,"key":"Lantern"},{"floor":10.0,"key":"Bag of Preparation"},{"floor":12.0,"key":"Odd Mushroom"},{"floor":13.0,"key":"beaked:ShinyBauble"},{"floor":23.0,"key":"Ornamental Fan"},{"floor":25.0,"key":"MawBank"},{"floor":26.0,"key":"Eternal Feather"},{"floor":30.0,"key":"Anchor"},{"floor":40.0,"key":"Gambling Chip"},{"floor":43.0,"key":"Centennial Puzzle"},{"floor":43.0,"key":"Orichalcum"},{"floor":44.0,"key":"Shovel"},{"floor":47,"key":"Strawberry"},{"floor":49,"key":"Pen Nib"}],"event_choices":[{"damage_healed":0.0,"max_hp_gain":0.0,"max_hp_loss":0.0,"gold_gain":0.0,"event_name":"Shining Light","player_choice":"Entered Light","floor":2.0,"gold_loss":0.0,"damage_taken":4.0,"cards_upgraded":["Gremlin:GremlinMeal","Gremlin:Strike"]},{"damage_healed":0.0,"max_hp_gain":0.0,"max_hp_loss":0.0,"gold_gain":0.0,"event_name":"Mushrooms","player_choice":"Fought Mushrooms","floor":12.0,"gold_loss":0.0,"damage_taken":0.0},{"cards_removed":["Gremlin:Strike"],"damage_healed":0.0,"max_hp_gain":0.0,"max_hp_loss":0.0,"gold_gain":0.0,"event_name":"Beggar","player_choice":"Gave Gold","floor":20.0,"gold_loss":75.0,"damage_taken":0.0},{"damage_healed":0.0,"max_hp_gain":0.0,"max_hp_loss":0.0,"gold_gain":0.0,"event_name":"Drug Dealer","player_choice":"Inject Mutagens","floor":21.0,"gold_loss":0.0,"damage_taken":0.0,"relics_obtained":["MutagenicStrength"]},{"damage_healed":0.0,"max_hp_gain":0.0,"max_hp_loss":0.0,"gold_gain":0.0,"event_name":"The Mausoleum","player_choice":"Ignored","floor":22.0,"gold_loss":0.0,"damage_taken":0.0},{"damage_healed":0.0,"max_hp_gain":0.0,"max_hp_loss":0.0,"gold_gain":0.0,"event_name":"Ghosts","player_choice":"Ignored","floor":31.0,"gold_loss":0.0,"damage_taken":0.0},{"damage_healed":0.0,"max_hp_gain":0.0,"max_hp_loss":0.0,"gold_gain":0.0,"event_name":"Tomb of Lord Red Mask","player_choice":"Ignored","floor":39.0,"gold_loss":0.0,"damage_taken":0.0},{"damage_healed":0,"gold_gain":0,"player_choice":"Memory 1","damage_taken":0,"max_hp_gain":0,"max_hp_loss":0,"event_name":"SensoryStone","floor":46,"gold_loss":0}],"is_beta":false,"boss_relics":[{"not_picked":["Black Star","Snecko Eye"],"picked":"beaked:SacredDeck"},{"not_picked":["Tiny House","Pandora\u0027s Box"],"picked":"Coffee Dripper"}],"items_purged_floors":[0,0,19],"is_endless":false,"potions_floor_spawned":[3,5,11,12,14,24,25,29,37,40,44,48],"ascension_level":11}}