{"host":"ij91kspbsf1i6fsu","time":1609055670,"event":{"mods":["AchievementEnabler","Arknights The Spire","BaseMod","BetterRewards","Colored Map","Minty Spire (QoL Compilation)","MostiFishMod","Rare Cards Sparkle","StSLib","everything is the same but u backflip on backflip","¡¼?Úª?ø«¡½REMEMod"],"gold_per_floor":[119,74,74,74,97,97,118,136,136,167,187,205,230,245,245,364,364,387,405,405,320,345,345,361,361,361,379,404,404,384,404,404,525,525,541,541,541,287,308,308,359,359,413,413,413,447,447,464,464,465,465,465,169,208,239],"floor_reached":56,"playtime":5211,"items_purged":["ats:Strike C"],"score":1458,"play_id":"c0d25813-60a0-43f6-a960-3d3361bac133","local_time":"20201227005430","is_ascension_mode":false,"campfire_choices":[{"floor":6,"key":"RECALL"},{"data":"ats:Revitalization","floor":15,"key":"SMITH"},{"data":"ats:Nebulous Foxfire","floor":23,"key":"SMITH"},{"data":"ats:Part Time Job","floor":25,"key":"SMITH"},{"data":"ats:Composite Medical Shells","floor":29,"key":"SMITH"},{"data":"ats:Revitalization","floor":32,"key":"SMITH"},{"data":"MostiFishMod:OneDayCity","floor":40,"key":"SMITH"},{"data":"MostiFishMod:JungleRules","floor":42,"key":"SMITH"},{"data":"MostiFishMod:PerfectForm","floor":44,"key":"SMITH"},{"data":"MostiFishMod:Kaleido","floor":49,"key":"SMITH"},{"data":"ats:Roar Of Ursus","floor":52,"key":"SMITH"}],"circlet_count":0,"master_deck":["ats:Strike G","ats:Strike S","ats:Strike V","ats:Armor Crushing Shot","ats:Defend","ats:Defend","ats:Defend","ats:Defend","ats:Emotion Absorption","MostiFishMod:OneDayCity+1","ats:Blood Oath","ats:Thorns","MostiFishMod:PoisonShield","ats:Healing Drone","ats:Revitalization+1","Bash","ats:Durian","ats:Revitalization","ats:Composite Medical Shells+1","ats:Hammer On","ats:Part Time Job+1","ats:Rat Pack","ats:Revitalization+1","ats:Directed Diagnosis","ats:Calcification","ats:Nebulous Foxfire+1","ats:Soul Absorption","ats:Sword Rain+1","ats:Apocalypse","ats:Part Time Job+1","ats:Counter Healing Mode","ats:Wolf Pack","ats:Apocalypse+1","ats:Roar Of Ursus+1","ats:Curse Doll","MostiFishMod:KingOfFree","MostiFishMod:PerfectForm+1","MostiFishMod:Kaleido+1","MostiFishMod:JungleRules+1","ats:Revitalization","ats:Defend Order+1","Madness","Madness","ats:Apocalypse+1","ats:Shadow Raid+1","REME_BattleFury","ats:Defend Order","ats:Revitalization+1","ats:Shadow Assault"],"relics":["ats:Sanity","REME_ComplimentaryCards","DaveBox","HaiYi:Twilight","SynthV:TestCard","Golden Idol","Ancient Tea Set","Letter Opener","Transparent","REME_HandOfSuture","GuanYuAspect","MealTicket","Toxic Egg 2","Toy Ornithopter"],"acts_visited":["Exordium","TheCity","TheBeyond","TheEnding"],"potions_floor_usage":[16,16,16,41,50,50,50,55],"damage_taken":[{"damage":3,"enemies":"2 Louse","floor":1,"turns":2},{"damage":1,"enemies":"Small Slimes","floor":5,"turns":4},{"damage":9,"enemies":"Cultist","floor":7,"turns":4},{"damage":11,"enemies":"3 Louse","floor":8,"turns":5},{"damage":57,"enemies":"Gremlin Nob","floor":10,"turns":5},{"damage":9,"enemies":"2 Fungi Beasts","floor":11,"turns":3},{"damage":6,"enemies":"Blue Slaver","floor":12,"turns":5},{"damage":8,"enemies":"Red Slaver","floor":13,"turns":4},{"damage":3,"enemies":"2 Fungi Beasts","floor":14,"turns":4},{"damage":66,"enemies":"Hexaghost","floor":16,"turns":11},{"damage":21,"enemies":"Spheric Guardian","floor":18,"turns":3},{"damage":23,"enemies":"3 Byrds","floor":19,"turns":3},{"damage":41,"enemies":"Centurion and Healer","floor":22,"turns":3},{"damage":37,"enemies":"Snecko","floor":24,"turns":4},{"damage":35,"enemies":"Snake Plant","floor":27,"turns":3},{"damage":37,"enemies":"Centurion and Healer","floor":28,"turns":4},{"damage":28,"enemies":"Cultist and Chosen","floor":31,"turns":4},{"damage":86,"enemies":"Automaton","floor":33,"turns":7},{"damage":6,"enemies":"Orb Walker","floor":35,"turns":2},{"damage":41,"enemies":"3 Shapes","floor":39,"turns":3},{"damage":19,"enemies":"Maw","floor":41,"turns":6},{"damage":29,"enemies":"Reptomancer","floor":46,"turns":4},{"damage":21,"enemies":"4 Shapes","floor":48,"turns":2},{"damage":15,"enemies":"Donu and Deca","floor":50,"turns":5},{"damage":8,"enemies":"Shield and Spear","floor":54,"turns":4},{"damage":62,"enemies":"The Heart","floor":55,"turns":6}],"seed_played":"3005577566719651274","potions_obtained":[{"floor":5,"key":"Ancient Potion"},{"floor":7,"key":"LiquidMemories"},{"floor":11,"key":"SteroidPotion"},{"floor":13,"key":"EssenceOfSteel"},{"floor":22,"key":"LiquidMemories"},{"floor":28,"key":"SneckoOil"},{"floor":30,"key":"PowerPotion"},{"floor":39,"key":"REME_GoldPotion"},{"floor":46,"key":"EssenceOfSteel"},{"floor":54,"key":"REME_GoldPotion"}],"is_trial":false,"path_per_floor":["M","$","?","?","M","R","M","M","T","E","M","M","M","M","R","B",null,"M","M","?","?","M","R","M","R","T","M","M","R","?","M","R","B",null,"M","?","?","$","M","R","M","R","T","R","?","E","?","M","R","B",null,"R","$","E","B",null],"character_chosen":"DOCTOR_CLASS","items_purchased":["MostiFishMod:OneDayCity","ats:Blood Oath","ats:Thorns","ats:Revitalization","MostiFishMod:JungleRules","REME_BattleFury","ats:Defend Order","ats:Revitalization+1"],"campfire_rested":0,"item_purchase_floors":[0,0,0,2,38,53,53,53],"current_hp_per_floor":[57,57,39,39,53,53,63,64,64,28,33,46,62,72,72,72,72,72,72,72,72,72,72,72,72,72,72,72,72,72,72,72,72,36,36,36,26,26,24,24,38,38,38,38,33,38,38,38,38,38,38,38,38,38,38],"gold":239,"neow_bonus":"","is_daily":false,"chose_seed":false,"campfire_upgraded":10,"win_rate":0.0,"timestamp":1609055670,"path_taken":["M","$","?","?","?","R","M","M","T","E","M","M","M","M","R","BOSS","M","M","?","?","M","R","M","R","T","M","M","R","?","M","R","BOSS","M","?","?","$","M","R","?","R","T","R","?","E","?","M","R","BOSS","R","$","E","BOSS"],"items_purchased_type":["Card","Card","Card","Card","Card","Card","Card","Card"],"build_version":"2020-12-22","purchased_purges":1,"victory":true,"max_hp_per_floor":[72,72,72,72,72,72,72,72,72,72,72,72,72,72,72,72,72,72,72,72,72,72,72,72,72,72,72,72,72,72,72,72,72,36,36,36,36,36,36,36,38,38,38,38,38,38,38,38,38,38,38,38,38,38,38],"card_choices":[{"not_picked":["ats:Thorns","ats:Thermite Blade"],"picked":"ats:Healing Drone","floor":1},{"not_picked":["ats:Ignite","ats:Curse Doll","ats:Hook Shot","ats:Very Hot Blade"],"picked":"ats:Revitalization","floor":5},{"not_picked":["ats:Assault Order","ats:Thermite Blade","ats:Shadow Raid","ats:Hook Shot"],"picked":"ats:Composite Medical Shells","floor":7},{"not_picked":["ats:Poison Spread","ats:Apocalypse","ats:Leaping Hammer","ats:Consecutive Shot Auto"],"picked":"ats:Hammer On","floor":8},{"not_picked":["ats:Support Order","ats:Magnetic Hammer","ats:Cat Scratch","ats:Blood Oath"],"picked":"ats:Part Time Job","floor":10},{"not_picked":["ats:Apocalypse","ats:Shadow Raid","ats:Encircling Forest","ats:Flexible Camouflage"],"picked":"ats:Rat Pack","floor":11},{"not_picked":["ats:Hammer On","ats:Charging Defense","ats:Childhood Dance","ats:Poison Spread"],"picked":"ats:Revitalization","floor":12},{"not_picked":["ats:Apocalypse","ats:Explosion Area Strengthen","ats:Poison Spread","ats:Flexible Camouflage"],"picked":"ats:Directed Diagnosis","floor":13},{"not_picked":["ats:Hammer On","ats:Consecutive Shot Auto","ats:Flexible Camouflage","ats:Charging Defense"],"picked":"ats:Calcification","floor":14},{"not_picked":["ats:Volcano","ats:Calcification","ats:Disruption Kick","ats:Soul Rend"],"picked":"ats:Nebulous Foxfire","floor":16},{"not_picked":["ats:Spore Proliferation","ats:Explosion Area Strengthen+1","ats:Thorns","ats:Cat Scratch"],"picked":"ats:Soul Absorption","floor":18},{"not_picked":["ats:Steam Pump","ats:Support Order+1","ats:Shell Defense","ats:Cat Scratch"],"picked":"ats:Sword Rain+1","floor":19},{"not_picked":["ats:Thermite Blade","ats:Flexible Camouflage","ats:Leaping Hammer","ats:Closed Bolt Burst Fire"],"picked":"ats:Apocalypse","floor":22},{"not_picked":["ats:Magnetic Hammer","ats:Explosion Area Strengthen","ats:Song Of Battle+1","ats:Poison Spread"],"picked":"ats:Part Time Job+1","floor":24},{"not_picked":["ats:Flexible Camouflage+1","ats:Automatic Cover+1","ats:Neurotoxin","ats:Hammer On"],"picked":"ats:Counter Healing Mode","floor":27},{"not_picked":["ats:Powerful Strike","ats:Poison Spread","ats:Chain Hook+1","ats:Childhood Dance"],"picked":"ats:Wolf Pack","floor":28},{"not_picked":["ats:Ignite","ats:Poison Spread","ats:Consecutive Shot Auto","ats:Childhood Dance"],"picked":"ats:Apocalypse+1","floor":31},{"not_picked":["ats:Disruption Kick","ats:Calcification","ats:Soul Rend","ats:Dogmatic Field"],"picked":"ats:Roar Of Ursus","floor":33},{"not_picked":["ats:Ignite+1","ats:Powerful Strike","ats:Hammer On+1","ats:Guardian Obelisk+1"],"picked":"ats:Curse Doll","floor":35},{"not_picked":["Impatience","Enlightenment","Flash of Steel","Trip"],"picked":"MostiFishMod:KingOfFree","floor":37},{"not_picked":["REME_MawOfCthun","MostiFishMod:ElfcollectionBox","Enlightenment","Swift Strike"],"picked":"MostiFishMod:PerfectForm","floor":37},{"not_picked":["Chrysalis","Panacea","MostiFishMod:SupremeArchaeology","REME_TwoStrings"],"picked":"MostiFishMod:Kaleido","floor":37},{"not_picked":["ats:Apocalypse","ats:Hammer On","ats:Leaping Hammer+1","ats:Assault Order+1"],"picked":"ats:Revitalization","floor":39},{"not_picked":["ats:Automatic Cover+1","ats:Calcification","ats:Curse Doll+1","ats:Healing Drone"],"picked":"ats:Defend Order+1","floor":41},{"not_picked":["ats:Spore Proliferation+1","ats:Directed Diagnosis+1","ats:Hook Shot+1","ats:Ignite"],"picked":"ats:Apocalypse+1","floor":46},{"not_picked":["ats:Poison Spread+1","ats:Ignite","ats:Burning Ground","ats:Powerful Strike"],"picked":"ats:Shadow Raid+1","floor":48},{"not_picked":["ats:Support Order+1","ats:Sword Rain+1","ats:Leaping Hammer","ats:Assault Order+1"],"picked":"ats:Shadow Assault","floor":54}],"player_experience":19962,"relics_obtained":[{"floor":1,"key":"SynthV:TestCard"},{"floor":9,"key":"Ancient Tea Set"},{"floor":10,"key":"Letter Opener"},{"floor":43,"key":"MealTicket"},{"floor":46,"key":"Toxic Egg 2"},{"floor":54,"key":"Toy Ornithopter"}],"event_choices":[{"damage_healed":0,"gold_gain":0,"player_choice":"Take Damage","damage_taken":18,"relics_obtained":["Golden Idol"],"max_hp_gain":0,"max_hp_loss":0,"event_name":"Golden Idol","floor":3,"gold_loss":0},{"damage_healed":0,"gold_gain":0,"player_choice":"2 cards matched","damage_taken":0,"max_hp_gain":0,"max_hp_loss":0,"event_name":"Match and Keep!","floor":4,"gold_loss":0,"cards_obtained":["Bash","ats:Durian"]},{"damage_healed":0,"gold_gain":0,"player_choice":"Ignored","damage_taken":0,"max_hp_gain":0,"max_hp_loss":0,"event_name":"Ghosts","floor":20,"gold_loss":0},{"damage_healed":0,"gold_gain":0,"player_choice":"Obtained Relic","damage_taken":0,"relics_obtained":["REME_HandOfSuture"],"max_hp_gain":0,"max_hp_loss":0,"event_name":"Addict","floor":21,"gold_loss":85},{"damage_healed":0,"gold_gain":0,"player_choice":"Bought 1 Potion","damage_taken":0,"max_hp_gain":0,"max_hp_loss":0,"event_name":"The Woman in Blue","floor":30,"gold_loss":0},{"damage_healed":0,"gold_gain":0,"player_choice":"Ignored","damage_taken":0,"max_hp_gain":0,"max_hp_loss":0,"event_name":"Tomb of Lord Red Mask","floor":36,"gold_loss":0},{"damage_healed":0,"gold_gain":0,"player_choice":"Memory 3","damage_taken":10,"max_hp_gain":0,"max_hp_loss":0,"event_name":"SensoryStone","floor":37,"gold_loss":0},{"damage_healed":0,"gold_gain":0,"player_choice":"Embrace Madness","damage_taken":5,"max_hp_gain":0,"max_hp_loss":0,"event_name":"Winding Halls","floor":45,"gold_loss":0,"cards_obtained":["Madness","Madness"]},{"damage_healed":0,"gold_gain":0,"player_choice":"Ignored","damage_taken":0,"max_hp_gain":0,"max_hp_loss":0,"event_name":"The Moai Head","floor":47,"gold_loss":0}],"is_beta":false,"boss_relics":[{"not_picked":["SlaversCollar","Runic Pyramid"],"picked":"Transparent"},{"not_picked":["ChiXiaoBlade","xbg"],"picked":"GuanYuAspect"}],"items_purged_floors":[38],"is_endless":false,"potions_floor_spawned":[5,7,11,13,14,22,28,31,39,46,54],"ascension_level":0}}