{"host":"z9grmtg2w0nmz8n1","time":1609044682,"event":{"mods":["Aspiration","Bard","BaseMod","Beaked The Cultist","Better Altar","Better Match","Better Note","Better Sensory Stone","Better Skull","Better Third Choice","BetterRewards","CCEM","Colored Map","Conspire","Downfall","GifTheSpireLib","Googly Eyes","Halation","Hermit","Highlight Path","Hubris","Hunter ??","Jedi Mod","Jorbs\u0027s Wanderer Trilogy","Mad Scientist","Marisa????????","Minty Spire (QoL Compilation)","Permanent Neow","Replay The Spire","Shade Mod","Shop Mod","Spicy Shops","StSLib","Stuff the Spire","The Bug Knight","The Construct","The Necromancer","The Runesmith","The Witch"],"gold_per_floor":[110,124,234,7,25,54,54,85,85,103,114,134,34,45,45,146,146,165,165,185,196,71,103,120,148,148,2,19,45,45,45,45],"floor_reached":31,"playtime":1669,"items_purged":["Strike_G","Strike_G","stsjorbsmod:DemonicCoup"],"score":324,"play_id":"652a1579-1772-410f-95f4-7b59d1275448","local_time":"20201227025122","is_ascension_mode":true,"campfire_choices":[{"floor":15,"key":"REST"}],"circlet_count":0,"master_deck":["Strike_G","Strike_G","Strike_G","Defend_G","Defend_G","Defend_G","Defend_G","Defend_G","Survivor","Neutralize","Underhanded Strike","All Out Attack","hubris:EnhanceAbility+1","Dash","hubris:EnhanceAbility+1","All Out Attack","Blade Dance","Infinite Blades","stsjorbsmod:RepressedMemory","Cloak And Dagger+1","Blade Dance","Footwork+1","Cloak And Dagger+1"],"relics":["Ring of the Snake","NeowsBlessing","CCEMRelics:FestiveHat","jedi:fakemustache","CCEMRelics:OverlyComfyChair","aspiration:SeaSaltIceCream","aspiration:Nostalgia","stsjorbsmod:BookOfTrialsRelic","construct:ClawGrip","HollowMod:LifeEnderRelic","Centennial Puzzle","hubris:PeanutButter","StuffTheSpire:HeavyRock","hubris:BundleOfHerbs"],"acts_visited":["Exordium","TheCity"],"potions_floor_usage":[6,20,23,25],"damage_taken":[{"damage":0,"enemies":"Jaw Worm","floor":1,"turns":1},{"damage":0,"enemies":"Cultist","floor":2,"turns":1},{"damage":0,"enemies":"2 Louse","floor":5,"turns":1},{"damage":14,"enemies":"Gremlin Nob","floor":6,"turns":4},{"damage":25,"enemies":"Lagavulin","floor":8,"turns":7},{"damage":4,"enemies":"Large Slime","floor":10,"turns":7},{"damage":0,"enemies":"Red Slaver","floor":11,"turns":4},{"damage":0,"enemies":"3 Louse","floor":12,"turns":3},{"damage":0,"enemies":"2 Fungi Beasts","floor":14,"turns":3},{"damage":12,"enemies":"Fading Forest","floor":16,"turns":11},{"damage":0,"enemies":"Spheric Guardian","floor":18,"turns":3},{"damage":1,"enemies":"3 Byrds","floor":20,"turns":5},{"damage":19,"enemies":"conspire:HollyBat","floor":21,"turns":6},{"damage":10,"enemies":"Gremlin Leader","floor":23,"turns":8},{"damage":3,"enemies":"3 Cultists","floor":24,"turns":4},{"damage":15,"enemies":"Replay:Snechameleon","floor":25,"turns":6},{"damage":0,"enemies":"Snecko","floor":28,"turns":4},{"damage":25,"enemies":"Slavers","floor":29,"turns":4},{"damage":12,"enemies":"Snake Plant","floor":31,"turns":3}],"seed_played":"-5471202895550191994","potions_obtained":[{"floor":1,"key":"Strength Potion"},{"floor":6,"key":"SpeedPotion"},{"floor":10,"key":"GamblersBrew"},{"floor":11,"key":"Elixir"},{"floor":16,"key":"jedi:StrikingPotion"},{"floor":20,"key":"Block Potion"},{"floor":23,"key":"Dexterity Potion"},{"floor":29,"key":"SteroidPotion"}],"is_trial":false,"path_per_floor":["M","M","?","$","M","E","$","E","T","M","M","M","$","M","R","B",null,"M","?","M","M","$","E","M","E","T","$","M","E","?","M"],"character_chosen":"THE_SILENT","items_purchased":["jedi:fakemustache","StuffTheSpire:HeavyRock"],"campfire_rested":1,"item_purchase_floors":[4,27],"current_hp_per_floor":[70,70,47,57,57,43,43,19,19,16,18,19,24,26,47,46,70,70,70,69,50,55,46,43,28,28,33,35,12,12,0,0],"gold":45,"neow_bonus":"THREE_ENEMY_KILL","is_daily":false,"chose_seed":false,"campfire_upgraded":0,"win_rate":0.0,"timestamp":1609044682,"path_taken":["M","M","?","$","M","E","$","E","T","?","M","M","?","M","R","BOSS","M","?","M","M","$","E","M","E","T","$","?","E","?","?"],"items_purchased_type":["Relic","Relic"],"build_version":"2020-12-22","purchased_purges":3,"victory":false,"max_hp_per_floor":[70,70,70,70,70,70,70,70,70,70,70,70,70,70,70,70,70,70,70,70,70,70,70,70,70,70,70,70,70,70,70,70],"card_choices":[{"not_picked":["jedi:acidrain","Prepared"],"picked":"Underhanded Strike","floor":1},{"not_picked":["Sucker Punch","Slice"],"picked":"All Out Attack","floor":2},{"not_picked":["Replay:SS_hec_2+1","expansioncontent:DecasProtection+1"],"picked":"hubris:EnhanceAbility+1","floor":5},{"not_picked":["Dagger Throw","StuffTheSpire:Sprint"],"picked":"Dash","floor":5},{"not_picked":["Discovery+1","StuffTheSpire:Recharge+1"],"picked":"hubris:EnhanceAbility+1","floor":6},{"not_picked":["Outmaneuver","Prepared"],"picked":"All Out Attack","floor":6},{"not_picked":["StuffTheSpire:FreeRealEstate+1","expansioncontent:LastStand+1","expansioncontent:Torchfire+1"],"picked":"SKIP","floor":8},{"not_picked":["Backflip","StuffTheSpire:Python","jedi:unstablefumes"],"picked":"SKIP","floor":8},{"not_picked":["Outmaneuver","jedi:pocketpoison","Sucker Punch"],"picked":"SKIP","floor":10},{"not_picked":["Bane","conspire:DoublingDagger","Leg Sweep"],"picked":"SKIP","floor":11},{"not_picked":["ReplayTheSpireMod:Shiv Toss","Corpse Explosion"],"picked":"Blade Dance","floor":12},{"not_picked":["Draining Mist","ReplayTheSpireMod:Scrap Shanks"],"picked":"Infinite Blades","floor":14},{"not_picked":["Dagger Throw+1","PiercingWail","hubris:SlightOfHand"],"picked":"SKIP","floor":18},{"not_picked":["Slice","Bane","Deflect"],"picked":"SKIP","floor":20},{"not_picked":["StuffTheSpire:Fury","Flying Knee+1"],"picked":"Cloak And Dagger+1","floor":21},{"not_picked":["Slice","StuffTheSpire:Incantation","Dodge and Roll+1"],"picked":"SKIP","floor":23},{"not_picked":["Dodge and Roll+1","Deadly Poison"],"picked":"Blade Dance","floor":24},{"not_picked":["hubris:TrickCloak+1","StuffTheSpire:BumpUp+1"],"picked":"Footwork+1","floor":25},{"not_picked":["StuffTheSpire:ReptileScales","StuffTheSpire:Injection","StuffTheSpire:BrimstoneBlast"],"picked":"SKIP","floor":28},{"not_picked":["Night Terror","Hidden Blade","Deflect"],"picked":"SKIP","floor":29}],"player_experience":721421,"relics_obtained":[{"floor":6,"key":"CCEMRelics:OverlyComfyChair"},{"floor":8,"key":"aspiration:SeaSaltIceCream"},{"floor":23,"key":"HollowMod:LifeEnderRelic"},{"floor":25,"key":"Centennial Puzzle"},{"floor":26,"key":"hubris:PeanutButter"},{"floor":29,"key":"hubris:BundleOfHerbs"}],"event_choices":[{"damage_healed":0,"gold_gain":110,"player_choice":"GO RE ","damage_taken":26,"relics_obtained":["CCEMRelics:FestiveHat"],"max_hp_gain":0,"max_hp_loss":0,"event_name":"betterSkull:BetterSkull","floor":3,"gold_loss":0,"cards_upgraded":[]},{"damage_healed":0,"gold_gain":0,"player_choice":"Got Potions","damage_taken":0,"max_hp_gain":0,"max_hp_loss":0,"event_name":"Lab","floor":19,"gold_loss":0},{"damage_healed":0,"gold_gain":0,"player_choice":"Copied","damage_taken":0,"max_hp_gain":0,"max_hp_loss":0,"event_name":"Duplicator","floor":30,"gold_loss":0,"cards_obtained":["Cloak And Dagger"]}],"is_beta":false,"boss_relics":[{"not_picked":["conspire:SlowCooker","CCEMRelics:TransientCore"],"picked":"construct:ClawGrip"}],"items_purged_floors":[4,13,22],"is_endless":false,"potions_floor_spawned":[1,6,10,11,14,16,20,23,24,29],"killed_by":"Snake Plant","ascension_level":1}}