{"host":"86c6vgocyjlprmyx","time":1609033193,"event":{"mods":["BaseMod","Downfall","Hermit","Minty Spire (QoL Compilation)","Quick Restart","Replay The Spire","Shade Mod","StSLib","The Cursed","The Hierophant"],"gold_per_floor":[112,39,39,50,61,66,66],"floor_reached":6,"playtime":532,"items_purged":[],"score":36,"play_id":"30b3a6b7-2b0d-4da1-909e-ec42525795a2","local_time":"20201227023953","is_ascension_mode":false,"campfire_choices":[],"circlet_count":0,"master_deck":["hermit:Strike_Hermit","hermit:Strike_Hermit","hermit:Strike_Hermit","hermit:Defend_Hermit","hermit:Defend_Hermit","hermit:Defend_Hermit","hermit:Defend_Hermit","hermit:Snapshot","hermit:Covet","hermit:Reprieve","hermit:Misfire","hermit:Dissolve","hermit:LowProfile","hermit:Scavenge"],"relics":["hermit:Momento"],"acts_visited":["Exordium"],"potions_floor_usage":[6],"damage_taken":[{"damage":1,"enemies":"Cultist","floor":1,"turns":3},{"damage":1,"enemies":"2 Louse","floor":4,"turns":2},{"damage":4,"enemies":"Jaw Worm","floor":5,"turns":4},{"damage":84,"enemies":"Gremlin Nob","floor":6,"turns":6}],"seed_played":"307177501877902737","potions_obtained":[{"floor":4,"key":"SkillPotion"}],"is_trial":false,"path_per_floor":["M","$","?","M","M","E"],"character_chosen":"HERMIT","items_purchased":["hermit:Dissolve"],"campfire_rested":0,"item_purchase_floors":[2],"current_hp_per_floor":[67,67,67,66,66,0,0],"gold":66,"neow_bonus":"THREE_RARE_CARDS","is_daily":false,"chose_seed":false,"campfire_upgraded":0,"win_rate":0.0,"timestamp":1609033193,"path_taken":["M","$","?","?","M","E"],"items_purchased_type":["Card"],"build_version":"2020-12-22","purchased_purges":0,"victory":false,"max_hp_per_floor":[68,68,68,68,68,68,68],"card_choices":[{"not_picked":["hermit:Dissolve","hermit:EternalForm"],"picked":"hermit:Reprieve","floor":0},{"not_picked":["hermit:LowProfile","hermit:Feint"],"picked":"hermit:Misfire","floor":1},{"not_picked":["hermit:LuckOfTheDraw","hermit:Coalescence"],"picked":"hermit:LowProfile","floor":4},{"not_picked":["hermit:Snipe","hermit:CalledShot"],"picked":"hermit:Scavenge","floor":5}],"player_experience":193754,"relics_obtained":[],"event_choices":[{"cards_removed":["hermit:Strike_Hermit"],"damage_healed":0,"gold_gain":0,"player_choice":"Offered Basic","damage_taken":0,"max_hp_gain":0,"max_hp_loss":0,"event_name":"Bonfire Elementals","floor":3,"gold_loss":0}],"is_beta":false,"boss_relics":[],"items_purged_floors":[],"is_endless":false,"potions_floor_spawned":[4],"killed_by":"Gremlin Nob","ascension_level":0}}