{"host":"z9grmtg2w0nmz8n1","time":1609094753,"event":{"mods":["Aspiration","Bard","BaseMod","Beaked The Cultist","Better Altar","Better Match","Better Note","Better Sensory Stone","Better Skull","Better Third Choice","BetterRewards","CCEM","Colored Map","Conspire","Downfall","GifTheSpireLib","Googly Eyes","Halation","Hermit","Highlight Path","Hubris","Hunter ??","Jedi Mod","Jorbs\u0027s Wanderer Trilogy","Mad Scientist","Marisa????????","Minty Spire (QoL Compilation)","Permanent Neow","Replay The Spire","Shade Mod","Shop Mod","Spicy Shops","StSLib","Stuff the Spire","The Bug Knight","The Construct","The Necromancer","The Runesmith","The Witch"],"gold_per_floor":[11,11,30,30,50,50,50,50],"floor_reached":7,"playtime":220,"items_purged":[],"score":43,"play_id":"4e4e0b2d-14f0-42c1-9e35-8e9836d775b2","local_time":"20201227164553","is_ascension_mode":true,"campfire_choices":[{"floor":6,"key":"RECALL"}],"circlet_count":0,"master_deck":["Strike_G","Strike_G","Strike_G","Strike_G","Defend_G","Defend_G","Defend_G","Defend_G","Defend_G","Survivor","Neutralize","Die Die Die","Cloak And Dagger"],"relics":["Ring of the Snake"],"acts_visited":["Exordium"],"potions_floor_usage":[5],"damage_taken":[{"damage":0,"enemies":"2 Louse","floor":1,"turns":2},{"damage":0,"enemies":"Cultist","floor":3,"turns":5},{"damage":14,"enemies":"Jaw Worm","floor":5,"turns":5},{"damage":35,"enemies":"Lagavulin","floor":7,"turns":7}],"seed_played":"-4006183810668117919","potions_obtained":[{"floor":1,"key":"Energy Potion"},{"floor":3,"key":"conspire:TimeTravelPotion"}],"is_trial":false,"path_per_floor":["M","?","M","$","M","R","E"],"character_chosen":"THE_SILENT","items_purchased":[],"campfire_rested":0,"item_purchase_floors":[],"current_hp_per_floor":[70,70,70,70,70,70,35,35],"gold":50,"neow_bonus":"THREE_RARE_CARDS","is_daily":false,"chose_seed":false,"campfire_upgraded":0,"win_rate":0.0,"timestamp":1609094753,"path_taken":["M","?","?","$","M","R","E"],"items_purchased_type":[],"build_version":"2020-12-22","purchased_purges":0,"victory":false,"max_hp_per_floor":[70,70,70,70,70,70,70,70],"card_choices":[{"not_picked":["StuffTheSpire:FinalStruggle","Tools of the Trade"],"picked":"Die Die Die","floor":0},{"not_picked":["Setup","jedi:pocketpoison","Outmaneuver"],"picked":"SKIP","floor":1},{"not_picked":["Toxin Wave","Slice","StuffTheSpire:Python"],"picked":"SKIP","floor":3},{"not_picked":["Sucker Punch","Riddle With Holes"],"picked":"Cloak And Dagger","floor":5}],"player_experience":733007,"relics_obtained":[],"event_choices":[{"cards_removed":["Strike_G"],"damage_healed":0,"gold_gain":0,"player_choice":"Offered Basic","damage_taken":0,"max_hp_gain":0,"max_hp_loss":0,"event_name":"Bonfire Elementals","floor":2,"gold_loss":0}],"is_beta":false,"boss_relics":[],"items_purged_floors":[],"is_endless":false,"potions_floor_spawned":[1,3],"killed_by":"Lagavulin","ascension_level":1}}