{"host":"rqd50iigewdjy74u","time":1609062396,"event":{"mods":["AchievementEnabler","BaseMod","BetterRewards","Custom Start","Minty Spire (QoL Compilation)","StSLib"],"gold_per_floor":[114,186,37,57,70,70,87,87,87,117,133,150,150,162,162,264,264,281,293,223,223,241,269,269,269,269],"floor_reached":25,"playtime":1167,"items_purged":[],"score":350,"play_id":"f386eb53-c787-499d-a9a5-346d74096ab0","local_time":"20201227034636","is_ascension_mode":false,"campfire_choices":[{"data":"Seeing Red","floor":6,"key":"SMITH"},{"data":"Armaments","floor":8,"key":"SMITH"},{"data":"Seeing Red","floor":15,"key":"SMITH"},{"data":"Seeing Red","floor":24,"key":"SMITH"}],"circlet_count":0,"master_deck":["Sword Boomerang","Sword Boomerang","Sword Boomerang","Sword Boomerang","Sword Boomerang","Feed","Feed","Demon Form","Demon Form+1","Combust","Combust","Combust","Metallicize","Metallicize","Metallicize","Armaments+1","Armaments","Seeing Red+1","Seeing Red+1","Seeing Red+1","Inflame","Flex","Shrug It Off","Battle Trance","Body Slam","Seeing Red","Anger+1","Brutality","Heavy Blade","Metallicize","Iron Wave+1","Iron Wave"],"relics":["Burning Blood","Bag of Marbles","Ornamental Fan","Darkstone Periapt","Black Star","MealTicket","Pear"],"acts_visited":["Exordium","TheCity"],"potions_floor_usage":[16,16,23,25],"damage_taken":[{"damage":4,"enemies":"2 Louse","floor":1,"turns":2},{"damage":7,"enemies":"Small Slimes","floor":4,"turns":2},{"damage":0,"enemies":"Cultist","floor":5,"turns":2},{"damage":1,"enemies":"Looter","floor":7,"turns":3},{"damage":18,"enemies":"Gremlin Nob","floor":10,"turns":4},{"damage":10,"enemies":"2 Fungi Beasts","floor":11,"turns":3},{"damage":18,"enemies":"Large Slime","floor":12,"turns":3},{"damage":4,"enemies":"Blue Slaver","floor":14,"turns":2},{"damage":29,"enemies":"Hexaghost","floor":16,"turns":6},{"damage":30,"enemies":"Shell Parasite","floor":18,"turns":4},{"damage":17,"enemies":"Spheric Guardian","floor":19,"turns":5},{"damage":34,"enemies":"Chosen and Byrds","floor":22,"turns":5},{"damage":69,"enemies":"Slavers","floor":23,"turns":5},{"damage":23,"enemies":"Sentry and Sphere","floor":25,"turns":4}],"seed_played":"2769519806151518","potions_obtained":[{"floor":1,"key":"Block Potion"},{"floor":4,"key":"FairyPotion"},{"floor":10,"key":"LiquidBronze"},{"floor":22,"key":"AttackPotion"},{"floor":23,"key":"ColorlessPotion"}],"is_trial":true,"path_per_floor":["M","?","$","M","M","R","M","R","T","E","M","M","?","M","R","B",null,"M","M","$","?","M","E","R","M"],"character_chosen":"IRONCLAD","items_purchased":["Bag of Marbles","Metallicize"],"campfire_rested":0,"item_purchase_floors":[3,20],"current_hp_per_floor":[83,83,83,85,86,86,89,89,89,77,76,68,49,54,54,31,99,75,67,67,67,39,21,21,0,0],"gold":269,"neow_bonus":"","is_daily":false,"chose_seed":false,"campfire_upgraded":4,"win_rate":0.0,"timestamp":1609062396,"path_taken":["M","?","$","M","M","R","M","R","T","E","M","M","?","M","R","BOSS","M","M","$","?","M","E","R","M"],"items_purchased_type":["Relic","Card"],"build_version":"2020-12-22","purchased_purges":0,"victory":false,"max_hp_per_floor":[83,83,83,86,86,86,89,89,89,89,92,96,96,99,99,99,99,99,102,102,102,102,115,115,115,115],"card_choices":[{"not_picked":["Evolve","Pommel Strike"],"picked":"Inflame","floor":1},{"not_picked":["Sentinel","Dual Wield"],"picked":"Flex","floor":4},{"not_picked":["Armaments","Ghostly Armor"],"picked":"Shrug It Off","floor":5},{"not_picked":["Clothesline","Cleave"],"picked":"Battle Trance","floor":7},{"not_picked":["Evolve","Bludgeon"],"picked":"Body Slam","floor":10},{"not_picked":["Feel No Pain","Sword Boomerang"],"picked":"Seeing Red","floor":11},{"not_picked":["Feel No Pain","Thunderclap"],"picked":"Anger","floor":12},{"not_picked":["Sword Boomerang","Twin Strike","Clash"],"picked":"SKIP","floor":14},{"not_picked":["Corruption","Bludgeon"],"picked":"Brutality","floor":16},{"not_picked":["Clash","Perfected Strike+1"],"picked":"Heavy Blade","floor":18},{"not_picked":["Disarm","Evolve","Hemokinesis"],"picked":"SKIP","floor":19},{"not_picked":["Power Through","Clothesline"],"picked":"Iron Wave+1","floor":22},{"not_picked":["Cleave+1","Double Tap"],"picked":"Iron Wave","floor":23}],"player_experience":112736,"relics_obtained":[{"floor":9,"key":"Ornamental Fan"},{"floor":10,"key":"Darkstone Periapt"},{"floor":23,"key":"MealTicket"},{"floor":23,"key":"Pear"}],"event_choices":[{"damage_healed":0,"gold_gain":72,"player_choice":"Gained Gold","damage_taken":0,"max_hp_gain":0,"max_hp_loss":0,"event_name":"Golden Wing","floor":2,"gold_loss":0},{"damage_healed":0,"gold_gain":0,"player_choice":"Entered Light","damage_taken":19,"max_hp_gain":0,"max_hp_loss":0,"event_name":"Shining Light","floor":13,"gold_loss":0,"cards_upgraded":["Anger","Demon Form"]},{"damage_healed":0,"gold_gain":0,"player_choice":"Ignored","damage_taken":0,"max_hp_gain":0,"max_hp_loss":0,"event_name":"Ghosts","floor":21,"gold_loss":0}],"is_beta":false,"boss_relics":[{"not_picked":["Astrolabe","Snecko Eye"],"picked":"Black Star"}],"items_purged_floors":[],"is_endless":true,"potions_floor_spawned":[1,4,10,12,22,23],"killed_by":"Sentry and Sphere","ascension_level":0}}