{"host":"vumwfieg2b2mnrfl","time":1609028260,"event":{"mods":["AchievementEnabler","BaseMod","Minty Spire (QoL Compilation)","Rare Cards Sparkle","Relic Stats"],"gold_per_floor":[119,139,150,150,165,193,193,227,253,278,296,307,335,345,345,421,421,404,404,418,418,219,219,253,253,253,284,295,312,362,389,389,461,461,475,492,442,465,465,465,465,478,478,478,478],"floor_reached":44,"playtime":1939,"items_purged":["Defend_R","Anger"],"score":872,"play_id":"01dd861b-c5c6-4cfb-a85b-130174569873","local_time":"20201226181740","is_ascension_mode":true,"campfire_choices":[{"floor":7.0,"key":"REST"},{"data":"Disarm","floor":15.0,"key":"SMITH"},{"floor":23.0,"key":"REST"},{"floor":25.0,"key":"REST"},{"data":"Barricade","floor":32,"key":"SMITH"},{"data":"Demon Form","floor":41,"key":"SMITH"}],"circlet_count":0,"master_deck":["AscendersBane","Strike_R","Strike_R","Strike_R","Defend_R","Defend_R","Bash","Reaper","Fiend Fire","Hemokinesis","Battle Trance","True Grit","Armaments","Headbutt","Armaments","Disarm+1","Flame Barrier","Demon Form+1","Iron Wave","Reaper","Shrug It Off","Blood for Blood+1","Barricade+1","Berserk","Burning Pact","Thinking Ahead","Heavy Blade"],"relics":["Burning Blood","Self Forming Clay","Tiny Chest","Smiling Mask","Boot","Dream Catcher","Sozu","Blood Vial","Bottled Tornado","Anchor","Red Skull","SlaversCollar","Bag of Marbles","Mercury Hourglass"],"acts_visited":["Exordium","TheCity","TheBeyond"],"potions_floor_usage":[33],"damage_taken":[{"damage":8.0,"enemies":"Jaw Worm","floor":1.0,"turns":4.0},{"damage":0.0,"enemies":"Small Slimes","floor":2.0,"turns":3.0},{"damage":5.0,"enemies":"2 Louse","floor":3.0,"turns":2.0},{"damage":24.0,"enemies":"Gremlin Gang","floor":5.0,"turns":4.0},{"damage":30.0,"enemies":"Lagavulin","floor":6.0,"turns":4.0},{"damage":15.0,"enemies":"3 Sentries","floor":8.0,"turns":8.0},{"damage":18.0,"enemies":"Gremlin Nob","floor":10.0,"turns":3.0},{"damage":13.0,"enemies":"Exordium Wildlife","floor":11.0,"turns":5.0},{"damage":4.0,"enemies":"Looter","floor":12.0,"turns":4.0},{"damage":19.0,"enemies":"Lagavulin","floor":13.0,"turns":6.0},{"damage":5.0,"enemies":"Large Slime","floor":14.0,"turns":5.0},{"damage":25.0,"enemies":"Hexaghost","floor":16.0,"turns":12.0},{"damage":23.0,"enemies":"2 Thieves","floor":18.0,"turns":4.0},{"damage":18.0,"enemies":"Shell Parasite","floor":20.0,"turns":8.0},{"damage":63.0,"enemies":"Slavers","floor":24.0,"turns":9.0},{"damage":29.0,"enemies":"Book of Stabbing","floor":27.0,"turns":7.0},{"damage":2.0,"enemies":"Centurion and Healer","floor":28.0,"turns":6.0},{"damage":40.0,"enemies":"Shelled Parasite and Fungi","floor":29.0,"turns":5.0},{"damage":47,"enemies":"Slavers","floor":31,"turns":9},{"damage":17,"enemies":"Champ","floor":33,"turns":9},{"damage":2,"enemies":"3 Shapes","floor":35,"turns":19},{"damage":7,"enemies":"Orb Walker","floor":36,"turns":3},{"damage":42,"enemies":"Sphere and 2 Shapes","floor":42,"turns":5},{"damage":31,"enemies":"Jaw Worm Horde","floor":44,"turns":2}],"seed_played":"4085665213443400607","potions_obtained":[{"floor":1.0,"key":"Energy Potion"},{"floor":5.0,"key":"FearPotion"},{"floor":6.0,"key":"PowerPotion"},{"floor":10.0,"key":"Ancient Potion"},{"floor":13.0,"key":"DuplicationPotion"}],"is_trial":false,"path_per_floor":["M","M","M","?","M","E","R","E","T","E","M","M","E","M","R","B",null,"M","?","M","?","$","R","E","R","T","E","M","M","?","E","R","B",null,"M","M","$","T","?","?","R","M","T","M"],"character_chosen":"IRONCLAD","items_purchased":["Reaper"],"campfire_rested":3,"item_purchase_floors":[22],"current_hp_per_floor":[66,68,68,68,56,32,52,50,50,38,36,44,31,32,32,13,54,37,37,31,31,31,51,25,45,45,61,68,48,48,56,56,47,63,68,67,67,67,67,62,62,28,28,0,0],"gold":478,"neow_bonus":"TRANSFORM_TWO_CARDS","is_daily":false,"chose_seed":false,"campfire_upgraded":3,"win_rate":0.0,"timestamp":1609028260,"path_taken":["M","M","M","?","M","E","R","E","T","E","M","M","E","M","R","BOSS","M","?","M","?","$","R","E","R","T","E","M","M","?","E","R","BOSS","M","M","$","?","?","?","R","M","T","M"],"items_purchased_type":["Card"],"build_version":"2020-12-22","purchased_purges":2,"victory":false,"max_hp_per_floor":[68,68,68,68,68,68,68,68,68,68,68,68,68,68,68,68,68,68,68,68,68,68,68,68,68,68,68,68,68,68,68,68,68,68,68,68,68,68,68,68,68,68,68,68,68],"relic_stats":{"Sozu":4,"Blood Vial":14,"Dream Catcher":2,"counters":[24,146],"Self Forming Clay":[219],"Tiny Chest":1,"Smiling Mask":75,"Boot":[18],"obtain_stats":[{"Self Forming Clay":6,"Bottled Tornado":26,"Smiling Mask":9,"Boot":10,"Burning Blood":0,"Mercury Hourglass":43,"Sozu":17,"Blood Vial":24,"SlaversCollar":34,"Dream Catcher":13,"Anchor":27,"Tiny Chest":8,"Bag of Marbles":38,"Red Skull":31},{"Self Forming Clay":5,"Bottled Tornado":15,"Smiling Mask":6,"Boot":7,"Burning Blood":0,"Mercury Hourglass":23,"Sozu":12,"Blood Vial":15,"SlaversCollar":20,"Dream Catcher":10,"Anchor":16,"Tiny Chest":6,"Bag of Marbles":22,"Red Skull":19},{"Self Forming Clay":17,"Bottled Tornado":81,"Smiling Mask":25,"Boot":28,"Burning Blood":0,"Mercury Hourglass":144,"Sozu":60,"Blood Vial":81,"SlaversCollar":117,"Dream Catcher":43,"Anchor":88,"Tiny Chest":25,"Bag of Marbles":139,"Red Skull":108}],"Burning Blood":119,"Mercury Hourglass":[3]},"card_choices":[{"not_picked":["Havoc","Burning Pact"],"picked":"Anger","floor":1.0},{"not_picked":["Perfected Strike","Shrug It Off"],"picked":"Hemokinesis","floor":2.0},{"not_picked":["True Grit","Body Slam"],"picked":"Battle Trance","floor":3.0},{"not_picked":["Thunderclap","Twin Strike"],"picked":"True Grit","floor":5.0},{"not_picked":["Inflame","Sever Soul"],"picked":"Armaments","floor":6.0},{"not_picked":["Twin Strike","Perfected Strike"],"picked":"Headbutt","floor":8.0},{"not_picked":["Searing Blow","Wild Strike"],"picked":"Armaments","floor":10.0},{"not_picked":["Havoc","Warcry","True Grit"],"picked":"SKIP","floor":11.0},{"not_picked":["Combust","Reckless Charge","Power Through"],"picked":"SKIP","floor":12.0},{"not_picked":["Uppercut","Dual Wield"],"picked":"Disarm","floor":13.0},{"not_picked":["Second Wind","Iron Wave"],"picked":"Flame Barrier","floor":14.0},{"not_picked":["Immolate","Feed"],"picked":"Demon Form","floor":16.0},{"not_picked":["Heavy Blade","Cleave"],"picked":"Iron Wave","floor":18.0},{"not_picked":["Flex","Pummel","Headbutt"],"picked":"SKIP","floor":20.0},{"not_picked":["Perfected Strike","Fire Breathing"],"picked":"Shrug It Off","floor":24.0},{"not_picked":["Sword Boomerang","Corruption","Entrench"],"picked":"SKIP","floor":27.0},{"not_picked":["Reckless Charge","Dropkick","Clash"],"picked":"SKIP","floor":28.0},{"not_picked":["Pommel Strike","Dual Wield"],"picked":"Blood for Blood+1","floor":29.0},{"not_picked":["Thunderclap","True Grit"],"picked":"Barricade","floor":31},{"not_picked":["Juggernaut","Immolate"],"picked":"Berserk","floor":33},{"not_picked":["Wild Strike","True Grit","Sever Soul"],"picked":"SKIP","floor":35},{"not_picked":["Wild Strike","Clothesline"],"picked":"Burning Pact","floor":36},{"not_picked":["Deep Breath","Dramatic Entrance"],"picked":"Thinking Ahead","floor":40},{"not_picked":["Warcry","Inflame"],"picked":"Heavy Blade","floor":42}],"player_experience":313346,"relics_obtained":[{"floor":6.0,"key":"Self Forming Clay"},{"floor":8.0,"key":"Tiny Chest"},{"floor":9.0,"key":"Smiling Mask"},{"floor":10.0,"key":"Boot"},{"floor":13.0,"key":"Dream Catcher"},{"floor":24.0,"key":"Blood Vial"},{"floor":26.0,"key":"Bottled Tornado"},{"floor":27.0,"key":"Anchor"},{"floor":31,"key":"Red Skull"},{"floor":38,"key":"Bag of Marbles"},{"floor":43,"key":"Mercury Hourglass"}],"event_choices":[{"damage_healed":0.0,"max_hp_gain":0.0,"max_hp_loss":0.0,"gold_gain":0.0,"event_name":"Shining Light","player_choice":"Ignored","floor":4.0,"gold_loss":0.0,"damage_taken":0.0},{"damage_healed":0.0,"max_hp_gain":0.0,"max_hp_loss":0.0,"gold_gain":0.0,"event_name":"Vampires","player_choice":"Ignored","floor":19.0,"gold_loss":0.0,"damage_taken":0.0},{"damage_healed":0.0,"max_hp_gain":0.0,"max_hp_loss":0.0,"gold_gain":0.0,"event_name":"Cursed Tome","player_choice":"Ignored","floor":21.0,"gold_loss":0.0,"damage_taken":0.0},{"damage_healed":0.0,"max_hp_gain":0.0,"max_hp_loss":0.0,"gold_gain":100.0,"event_name":"The Joust","player_choice":"Bet on Murderer","floor":30.0,"gold_loss":50.0,"damage_taken":0.0},{"cards_removed":["Defend_R"],"damage_healed":0,"gold_gain":0,"player_choice":"Removed Skill","damage_taken":0,"max_hp_gain":0,"max_hp_loss":0,"event_name":"Falling","floor":39,"gold_loss":0},{"damage_healed":0,"gold_gain":0,"player_choice":"Memory 2","damage_taken":5,"max_hp_gain":0,"max_hp_loss":0,"event_name":"SensoryStone","floor":40,"gold_loss":0}],"is_beta":false,"boss_relics":[{"not_picked":["Ectoplasm","Pandora\u0027s Box"],"picked":"Sozu"},{"not_picked":["Busted Crown","Philosopher\u0027s Stone"],"picked":"SlaversCollar"}],"items_purged_floors":[22,37],"is_endless":false,"potions_floor_spawned":[1,5,6,10,13,14,20,24,33,35],"killed_by":"Jaw Worm Horde","ascension_level":15}}