{"host":"tpad8qsc9e0g0pa5","time":1609051766,"event":{"mods":["BaseMod","Minty Spire (QoL Compilation)","Quick Restart","StSLib","The Bug Knight","The Servant 0.9.4"],"gold_per_floor":[111,72,22,42,42,74,90,90,90,105,105,119,119,135,135,240,240,258,28,41,41,41,41,53,69,116,116,127,127,127,226,226,226,226],"floor_reached":33,"playtime":2848,"items_purged":["HollowMod:NailStrikeStart"],"score":288,"play_id":"414d07c8-c502-4975-b7b1-a61ae6b748ad","local_time":"20201227144926","is_ascension_mode":true,"campfire_choices":[{"data":"HollowMod:PureVessel","floor":11.0,"key":"SMITH"},{"data":"HollowMod:RecoilStrike","floor":13.0,"key":"SMITH"},{"data":"HollowMod:CycloneSlash","floor":15.0,"key":"SMITH"},{"floor":23.0,"key":"REST"},{"floor":27.0,"key":"REST"},{"floor":32,"key":"REST"}],"circlet_count":0,"master_deck":["HollowMod:NailStrikeStart","HollowMod:NailStrikeStart","HollowMod:QuickDashStart","HollowMod:QuickDashStart","HollowMod:QuickDashStart","HollowMod:FocusHealStart","HollowMod:PogoStrike","HollowMod:MonarchWings","HollowMod:MonarchWings","HollowMod:VengefulSpirit","HollowMod:MantisMark+1","HollowMod:RecoilStrike+1","HollowMod:CycloneSlash+1","HollowMod:PureVessel+1","HollowMod:NewLittleFool","HollowMod:CornifersMapStart","HollowMod:AwokenDreamNail","HollowMod:SoulSplash","HollowMod:PerfectDash+1","HollowMod:SoulVessel+1","HollowMod:MantisMark","HollowMod:ChannelNail","HollowMod:LifebloodCocoon+1","HollowMod:GreatSlash+1","HollowMod:MylasSalvation","HollowMod:SoulShaman"],"relics":["HollowMod:KingsSoulRelic","NeowsBlessing","InkBottle","HollowMod:StagPassRelic","MutagenicStrength","Dream Catcher"],"acts_visited":["Exordium","TheCity"],"potions_floor_usage":[28,33,33],"damage_taken":[{"damage":0.0,"enemies":"Jaw Worm","floor":1.0,"turns":1.0},{"damage":0.0,"enemies":"2 Louse","floor":4.0,"turns":1.0},{"damage":0.0,"enemies":"3 Sentries","floor":6.0,"turns":1.0},{"damage":0.0,"enemies":"Cultist","floor":7.0,"turns":3.0},{"damage":0.0,"enemies":"Lots of Slimes","floor":8.0,"turns":1.0},{"damage":2.0,"enemies":"2 Fungi Beasts","floor":10.0,"turns":3.0},{"damage":2.0,"enemies":"Looter","floor":12.0,"turns":4.0},{"damage":10.0,"enemies":"Large Slime","floor":14.0,"turns":4.0},{"damage":35.0,"enemies":"Slime Boss","floor":16.0,"turns":6.0},{"damage":36.0,"enemies":"2 Thieves","floor":18.0,"turns":4.0},{"damage":17.0,"enemies":"3 Byrds","floor":20.0,"turns":5.0},{"damage":48.0,"enemies":"Shelled Parasite and Fungi","floor":24.0,"turns":7.0},{"damage":0.0,"enemies":"Cultist and Chosen","floor":25.0,"turns":6.0},{"damage":15,"enemies":"Snecko","floor":28,"turns":4},{"damage":88,"enemies":"Champ","floor":33,"turns":10}],"seed_played":"2125425796718146101","potions_obtained":[{"floor":1.0,"key":"FearPotion"},{"floor":4.0,"key":"SmokeBomb"},{"floor":6.0,"key":"PowerPotion"},{"floor":14.0,"key":"Swift Potion"},{"floor":24.0,"key":"Explosive Potion"},{"floor":25.0,"key":"ColorlessPotion"},{"floor":28,"key":"Swift Potion"}],"is_trial":false,"path_per_floor":["M","$","?","M","?","E","M","M","T","M","R","M","R","M","R","B",null,"M","$","M","?","?","R","M","M","T","R","M","?","?","?","R","B"],"character_chosen":"THE_BUGKNIGHT","items_purchased":["HollowMod:VengefulSpirit","HollowMod:PerfectDash","HollowMod:SoulVessel"],"campfire_rested":3,"item_purchase_floors":[2,19,19],"current_hp_per_floor":[75,75,75,75,75,75,75,75,75,75,75,73,73,63,63,34,75,39,39,32,32,32,54,16,22,22,44,29,29,47,47,69,0,0],"gold":226,"neow_bonus":"THREE_ENEMY_KILL","is_daily":false,"chose_seed":false,"campfire_upgraded":3,"win_rate":0.0,"timestamp":1609051766,"path_taken":["M","$","?","M","?","E","?","M","T","?","R","M","R","M","R","BOSS","M","$","M","?","?","R","M","M","T","R","M","?","?","?","R","BOSS"],"items_purchased_type":["Card","Card","Card"],"build_version":"2020-12-22","purchased_purges":1,"victory":false,"max_hp_per_floor":[75,75,75,75,75,75,75,75,75,75,75,75,75,75,75,75,75,75,75,75,75,75,75,75,75,75,75,75,75,75,75,75,75,75],"card_choices":[{"not_picked":["HollowMod:CoiledNail","HollowMod:HeavyBlow"],"picked":"HollowMod:MonarchWings","floor":1.0},{"not_picked":["HollowMod:CoiledNail","HollowMod:HeavyBlow"],"picked":"HollowMod:MonarchWings","floor":1.0},{"not_picked":["HollowMod:HowlingWraiths","HollowMod:MawleksShell"],"picked":"HollowMod:MantisMark","floor":4.0},{"not_picked":["HollowMod:WraithStrike","HollowMod:ElderbugsWisdom"],"picked":"HollowMod:RecoilStrike","floor":6.0},{"not_picked":["HollowMod:BrokenVessel","HollowMod:ShadowDash"],"picked":"HollowMod:CycloneSlash","floor":7.0},{"not_picked":["HollowMod:SoulSplash","HollowMod:DescendingDark"],"picked":"HollowMod:PureVessel","floor":10.0},{"not_picked":["HollowMod:InfectedCysts","HollowMod:InfectionAssault"],"picked":"HollowMod:NewLittleFool","floor":12.0},{"not_picked":["HollowMod:LifebloodCocoon","HollowMod:QuirrelsAssistance"],"picked":"HollowMod:CornifersMapStart","floor":14.0},{"not_picked":["HollowMod:Weaversong","HollowMod:Hiveblood"],"picked":"HollowMod:AwokenDreamNail","floor":16.0},{"not_picked":["HollowMod:NewLittleFool","HollowMod:RecoilStrike+1"],"picked":"HollowMod:SoulSplash","floor":18.0},{"not_picked":["HollowMod:ShapeofUnn","HollowMod:DashSlash"],"picked":"HollowMod:MantisMark","floor":20.0},{"not_picked":["HollowMod:InfectedAttack+1","HollowMod:DescendingDark"],"picked":"HollowMod:ChannelNail","floor":24.0},{"not_picked":["HollowMod:InfectedCysts+1","HollowMod:SoulStrike"],"picked":"HollowMod:LifebloodCocoon+1","floor":25.0},{"not_picked":["HollowMod:DashSlash","HollowMod:WraithStrike+1"],"picked":"HollowMod:GreatSlash+1","floor":27.0},{"not_picked":["HollowMod:SharpenedShadows","HollowMod:InfectedCysts+1","HollowMod:ChannelNail"],"picked":"SKIP","floor":28},{"not_picked":["HollowMod:MidwifesHunger","HollowMod:TaintedHusks"],"picked":"HollowMod:SoulShaman","floor":32}],"player_experience":282279,"relics_obtained":[{"floor":6.0,"key":"InkBottle"},{"floor":9.0,"key":"HollowMod:StagPassRelic"},{"floor":26.0,"key":"Dream Catcher"}],"event_choices":[{"cards_removed":["HollowMod:QuickDashStart"],"damage_healed":0.0,"max_hp_gain":0.0,"max_hp_loss":0.0,"gold_gain":0.0,"event_name":"The Cleric","player_choice":"Card Removal","floor":3.0,"gold_loss":50.0,"damage_taken":0.0},{"damage_healed":0.0,"max_hp_gain":0.0,"max_hp_loss":0.0,"gold_gain":0.0,"event_name":"Accursed Blacksmith","player_choice":"Forge","floor":5.0,"gold_loss":0.0,"damage_taken":0.0,"cards_upgraded":["HollowMod:MantisMark"]},{"damage_healed":0.0,"max_hp_gain":0.0,"max_hp_loss":0.0,"gold_gain":0.0,"event_name":"Drug Dealer","player_choice":"Inject Mutagens","floor":21.0,"gold_loss":0.0,"damage_taken":0.0,"relics_obtained":["MutagenicStrength"]},{"cards_removed":["HollowMod:NailStrikeStart"],"damage_healed":0.0,"max_hp_gain":0.0,"max_hp_loss":0.0,"gold_gain":0.0,"event_name":"Back to Basics","player_choice":"Elegance","floor":22.0,"gold_loss":0.0,"damage_taken":0.0},{"damage_healed":0,"gold_gain":99,"player_choice":"Stole From Cult","damage_taken":0,"max_hp_gain":0,"max_hp_loss":0,"event_name":"Nest","floor":31,"gold_loss":0}],"is_beta":false,"boss_relics":[{"not_picked":["Black Star","Tiny House"],"picked":"HollowMod:KingsSoulRelic"}],"items_purged_floors":[19],"is_endless":false,"potions_floor_spawned":[1,4,6,8,14,24,25,28],"killed_by":"Champ","ascension_level":1}}