{"host":"5bdt6s51dmpd4l3v","time":1609059377,"event":{"mods":["AchievementEnabler","BaseMod","Colored Map","Colored Powertips","Highlight Path","Minty Spire (QoL Compilation)","Quick Restart","Rare Cards Sparkle","StSLib"],"gold_per_floor":[113,113,54,74,149,183,183,203,226,236,258,258,308,326,326,326,326],"floor_reached":16,"playtime":3320,"items_purged":[],"score":231,"play_id":"9f4b6714-a93a-432e-af6d-00fc641e56fa","local_time":"20201227165617","is_ascension_mode":true,"campfire_choices":[{"data":"Armaments","floor":7,"key":"SMITH"},{"data":"Flex","floor":12,"key":"SMITH"},{"floor":15,"key":"REST"}],"circlet_count":0,"master_deck":["AscendersBane","Strike_R","Strike_R","Strike_R","Strike_R","Strike_R","Defend_R","Defend_R","Defend_R","Defend_R","Bash","Twin Strike","Armaments+1","Infernal Blade","Limit Break","Flex+1","Sword Boomerang","Pummel"],"relics":["Burning Blood","NeowsBlessing","Anchor","Centennial Puzzle","Bag of Marbles","Odd Mushroom"],"acts_visited":["Exordium"],"potions_floor_usage":[10,14,16],"damage_taken":[{"damage":0,"enemies":"2 Louse","floor":1,"turns":1},{"damage":0,"enemies":"Small Slimes","floor":4,"turns":1},{"damage":0,"enemies":"Gremlin Nob","floor":6,"turns":1},{"damage":6,"enemies":"Cultist","floor":8,"turns":3},{"damage":23,"enemies":"Exordium Thugs","floor":10,"turns":5},{"damage":20,"enemies":"The Mushroom Lair","floor":11,"turns":4},{"damage":2,"enemies":"Gremlin Gang","floor":14,"turns":3},{"damage":52,"enemies":"The Guardian","floor":16,"turns":7}],"seed_played":"8153153744956753702","potions_obtained":[{"floor":6,"key":"Weak Potion"},{"floor":8,"key":"Energy Potion"},{"floor":11,"key":"Energy Potion"}],"is_trial":false,"path_per_floor":["M","?","$","M","?","E","R","M","T","M","?","R","?","M","R","B"],"character_chosen":"IRONCLAD","items_purchased":["Armaments"],"campfire_rested":1,"item_purchase_floors":[3],"current_hp_per_floor":[74,63,63,69,58,64,64,64,64,47,33,33,26,30,52,0,0],"gold":326,"neow_bonus":"THREE_ENEMY_KILL","is_daily":false,"chose_seed":false,"campfire_upgraded":2,"win_rate":0.0,"timestamp":1609059377,"path_taken":["M","?","$","M","?","E","R","M","T","M","?","R","?","?","R","BOSS"],"items_purchased_type":["Card"],"build_version":"2020-12-22","purchased_purges":0,"victory":false,"max_hp_per_floor":[75,75,75,75,75,75,75,75,75,75,75,75,75,75,75,75,75],"card_choices":[{"not_picked":["Wild Strike","Iron Wave"],"picked":"Twin Strike","floor":1},{"not_picked":["Perfected Strike","Second Wind"],"picked":"Infernal Blade","floor":4},{"not_picked":["Double Tap","Flex"],"picked":"Limit Break","floor":6},{"not_picked":["Armaments","Cleave"],"picked":"Flex","floor":8},{"not_picked":["Evolve","Wild Strike"],"picked":"Sword Boomerang","floor":10},{"not_picked":["Hemokinesis","Perfected Strike"],"picked":"Pummel","floor":11},{"not_picked":["Heavy Blade","Blood for Blood","Sword Boomerang"],"picked":"SKIP","floor":14}],"player_experience":249025,"relics_obtained":[{"floor":6,"key":"Centennial Puzzle"},{"floor":9,"key":"Bag of Marbles"},{"floor":11,"key":"Odd Mushroom"}],"event_choices":[{"damage_healed":0,"gold_gain":0,"player_choice":"Success","damage_taken":11,"relics_obtained":["Anchor"],"max_hp_gain":0,"max_hp_loss":0,"event_name":"Scrap Ooze","floor":2,"gold_loss":0},{"damage_healed":0,"gold_gain":75,"player_choice":"Gather Gold","damage_taken":11,"max_hp_gain":0,"max_hp_loss":0,"event_name":"World of Goop","floor":5,"gold_loss":0},{"damage_healed":0,"gold_gain":0,"player_choice":"Fought Mushrooms","damage_taken":0,"max_hp_gain":0,"max_hp_loss":0,"event_name":"Mushrooms","floor":11,"gold_loss":0},{"damage_healed":0,"gold_gain":50,"player_choice":"Touch","damage_taken":7,"max_hp_gain":0,"max_hp_loss":0,"event_name":"FaceTrader","floor":13,"gold_loss":0}],"is_beta":false,"boss_relics":[],"items_purged_floors":[],"is_endless":false,"potions_floor_spawned":[6,8,11],"killed_by":"The Guardian","ascension_level":17}}