{"host":"dbo0lztt1pyfwysk","time":1609055225,"event":{"mods":["Act Like it!","BaseMod","Conspire","Downfall","Gensokyo","GifTheSpireLib","Hubris","Infinite Spire","KinomotoSakuraMod(????)","Koishi","Luminous","Marisa????????","Minty Spire (QoL Compilation)","Prisma Mod","Remilia??????","Replay The Spire","Shade Mod","Shop Mod","StSLib","The Gatherer"],"gold_per_floor":[212,228,303,26,40,40,40,40,108,124,157,168,168,183,183,183,183],"floor_reached":16,"playtime":614,"items_purged":[],"score":163,"play_id":"65c74fac-a961-4488-ab97-c382b7ba83ac","local_time":"20201227084705","is_ascension_mode":true,"campfire_choices":[{"data":"Prepared","floor":6,"key":"SMITH"},{"data":"Neutralize","floor":13,"key":"SMITH"},{"data":"ReplayTheSpireMod:Scrap Shanks","floor":15,"key":"SMITH"}],"circlet_count":0,"master_deck":["AscendersBane","Strike_G","Strike_G","Strike_G","Strike_G","Strike_G","Defend_G+1","Defend_G","Defend_G","Defend_G+1","Defend_G","Survivor","Neutralize+1","ReplayTheSpireMod:Scrap Shanks+1","ReplayTheSpireMod:Scrap Shanks","Prepared+1","Cloak And Dagger","PiercingWail","Unload"],"relics":["Ring of the Snake","Oddly Smooth Stone","War Paint","Letter Opener","Replay:Baseball"],"acts_visited":["Exordium"],"potions_floor_usage":[11,12,16],"damage_taken":[{"damage":0,"enemies":"2 Louse","floor":1,"turns":4},{"damage":2,"enemies":"Jaw Worm","floor":2,"turns":7},{"damage":1,"enemies":"Cultist","floor":5,"turns":4},{"damage":0,"enemies":"Blue Slaver","floor":10,"turns":4},{"damage":15,"enemies":"Gremlin Nob","floor":11,"turns":4},{"damage":0,"enemies":"Exordium Thugs","floor":12,"turns":6},{"damage":0,"enemies":"3 Louse","floor":14,"turns":6},{"damage":58,"enemies":"Fading Forest","floor":16,"turns":9}],"seed_played":"-1719878525510932197","potions_obtained":[{"floor":2,"key":"ColorlessPotion"},{"floor":5,"key":"Explosive Potion"},{"floor":8,"key":"BlessingOfTheForge"},{"floor":8,"key":"Strength Potion"},{"floor":8,"key":"Block Potion"},{"floor":11,"key":"SkillPotion"}],"is_trial":false,"path_per_floor":["M","M","?","$","M","R","T","?","T","M","E","M","R","M","R","B"],"character_chosen":"THE_SILENT","items_purchased":["ReplayTheSpireMod:Scrap Shanks","Oddly Smooth Stone","Prepared"],"campfire_rested":0,"item_purchase_floors":[4,4,4],"current_hp_per_floor":[63,61,50,50,49,49,49,49,49,49,34,34,34,34,34,0,0],"gold":183,"neow_bonus":"HUNDRED_GOLD","is_daily":false,"chose_seed":false,"campfire_upgraded":3,"win_rate":0.0,"timestamp":1609055225,"path_taken":["M","M","?","$","M","R","?","?","T","M","E","?","R","M","R","BOSS"],"items_purchased_type":["Card","Relic","Card"],"build_version":"2020-12-22","purchased_purges":0,"victory":false,"max_hp_per_floor":[70,70,70,70,70,70,70,70,70,70,70,70,70,70,70,70,70],"card_choices":[{"not_picked":["Deflect","PiercingWail"],"picked":"ReplayTheSpireMod:Scrap Shanks","floor":1},{"not_picked":["Dodge and Roll","Flying Knee","Bane"],"picked":"SKIP","floor":2},{"not_picked":["Bane","Flechettes","Slice"],"picked":"SKIP","floor":5},{"not_picked":["Dagger Spray","Riddle With Holes"],"picked":"Cloak And Dagger","floor":10},{"not_picked":["Sneak Up","Slice"],"picked":"PiercingWail","floor":11},{"not_picked":["Flechettes","Replay:Poison Smokescreen","Quick Slash"],"picked":"SKIP","floor":12},{"not_picked":["Poisoned Stab","Deflect"],"picked":"Unload","floor":14}],"player_experience":616411,"relics_obtained":[{"floor":7,"key":"War Paint"},{"floor":9,"key":"Letter Opener"},{"floor":11,"key":"Replay:Baseball"}],"event_choices":[{"damage_healed":0,"gold_gain":75,"player_choice":"Gather Gold","damage_taken":11,"max_hp_gain":0,"max_hp_loss":0,"event_name":"World of Goop","floor":3,"gold_loss":0},{"damage_healed":0,"gold_gain":0,"player_choice":"Got Potions","damage_taken":0,"max_hp_gain":0,"max_hp_loss":0,"event_name":"Lab","floor":8,"gold_loss":0}],"is_beta":false,"boss_relics":[],"items_purged_floors":[],"is_endless":false,"potions_floor_spawned":[2,5,11],"killed_by":"Fading Forest","ascension_level":12}}