{"host":"ws4mzzemcqsz5e2k","time":1609073081,"event":{"mods":["BaseMod","Colored Powertips","Minty Spire (QoL Compilation)","StSLib","TestMod","没有小屋子和绿帽子啦"],"gold_per_floor":[119,119,137,137,154,154,168,197,197,197,197,197,212,242,242,315,315,327,252,252,167,179,179,104,137,137,149,149,12,31,57,57,132,132,146,159,159,178,189,219,219,219,245,262,137,162,162,190,190,190,190,190,190,40,70,70],"floor_reached":57,"playtime":2252,"items_purged":["Strike_G","Strike_G","Strike_G","Strike_G"],"score":3466,"play_id":"b5b754d6-8883-4b6e-a327-52a0ea4b9989","local_time":"20201227204441","is_ascension_mode":true,"campfire_choices":[{"data":"Neutralize","floor":6.0,"key":"SMITH"},{"floor":10.0,"key":"RECALL"},{"data":"Expertise","floor":15.0,"key":"SMITH"},{"data":"Backflip","floor":23.0,"key":"SMITH"},{"data":"Blade Dance","floor":28.0,"key":"SMITH"},{"data":"Accuracy","floor":32.0,"key":"SMITH"},{"data":"Expertise","floor":42,"key":"SMITH"},{"data":"Purity","floor":49,"key":"SMITH"},{"data":"Backflip","floor":53,"key":"SMITH"}],"circlet_count":0,"master_deck":["AscendersBane","Defend_G","Defend_G","Defend_G","Defend_G","Defend_G","Survivor","Neutralize+1","Dagger Spray+1","Backflip+1","Expertise+1","Blade Dance+1","Accuracy+1","Backflip+1","Terror","Expertise+1","Blur","Purity+1"],"relics":["testmod-TestBox","testmod-BatchProcessingSystem","WristBlade","testmod-BlackFramedGlasses","testmod-Motorcycle","Du-Vu Doll","Bottled Lightning","testmod-PortableAltar","testmod-Muramasa","HornCleat","Pear","Anchor","testmod-Recursion","Singing Bowl","Vajra","Bird Faced Urn","Mercury Hourglass"],"acts_visited":["Exordium","TheCity","TheBeyond","TheEnding"],"potions_floor_usage":[56,56,56,56],"damage_taken":[{"damage":0.0,"enemies":"Jaw Worm","floor":1.0,"turns":4.0},{"damage":4.0,"enemies":"Small Slimes","floor":3.0,"turns":3.0},{"damage":0.0,"enemies":"Cultist","floor":5.0,"turns":3.0},{"damage":0.0,"enemies":"Exordium Wildlife","floor":7.0,"turns":3.0},{"damage":17.0,"enemies":"3 Sentries","floor":8.0,"turns":8.0},{"damage":4.0,"enemies":"Blue Slaver","floor":13.0,"turns":4.0},{"damage":0.0,"enemies":"Lagavulin","floor":14.0,"turns":3.0},{"damage":0.0,"enemies":"Hexaghost","floor":16.0,"turns":8.0},{"damage":3.0,"enemies":"3 Byrds","floor":18.0,"turns":3.0},{"damage":1.0,"enemies":"Shell Parasite","floor":22.0,"turns":2.0},{"damage":2.0,"enemies":"Gremlin Leader","floor":25.0,"turns":3.0},{"damage":1.0,"enemies":"Snecko","floor":27.0,"turns":3.0},{"damage":0.0,"enemies":"Cultist and Chosen","floor":30.0,"turns":2.0},{"damage":0.0,"enemies":"Book of Stabbing","floor":31.0,"turns":2.0},{"damage":0.0,"enemies":"Collector","floor":33.0,"turns":2.0},{"damage":0.0,"enemies":"3 Darklings","floor":35.0,"turns":1.0},{"damage":0.0,"enemies":"Orb Walker","floor":36.0,"turns":1.0},{"damage":0.0,"enemies":"Writhing Mass","floor":38.0,"turns":2.0},{"damage":0.0,"enemies":"Spire Growth","floor":39.0,"turns":1.0},{"damage":0.0,"enemies":"Nemesis","floor":40.0,"turns":1.0},{"damage":0,"enemies":"Transient","floor":44,"turns":4},{"damage":0,"enemies":"Mind Bloom Boss Battle","floor":46,"turns":1},{"damage":0,"enemies":"Reptomancer","floor":48,"turns":1},{"damage":0,"enemies":"Awakened One","floor":50,"turns":2},{"damage":0,"enemies":"Time Eater","floor":51,"turns":3},{"damage":0,"enemies":"Shield and Spear","floor":55,"turns":1},{"damage":0,"enemies":"The Heart","floor":56,"turns":6}],"seed_played":"2498951127724790351","potions_obtained":[{"floor":3.0,"key":"SteroidPotion"},{"floor":13.0,"key":"FairyPotion"},{"floor":14.0,"key":"EssenceOfSteel"},{"floor":33.0,"key":"testmod-TimePotion"},{"floor":55,"key":"EntropicBrew"}],"is_trial":false,"path_per_floor":["M","?","M","?","M","R","M","E","T","R","?","T","M","E","R","B",null,"M","$","?","?","M","R","?","E","T","M","R","$","M","E","R","B",null,"M","M","?","M","M","E","?","R","T","M","$","?","?","E","R","B","B",null,"R","$","E","B",null],"character_chosen":"THE_SILENT","items_purchased":["Accuracy"],"campfire_rested":0,"item_purchase_floors":[29],"current_hp_per_floor":[59,41,40,40,43,43,46,37,37,37,42,42,42,45,45,53,67,67,67,48,48,49,49,49,50,60,62,62,62,64,66,66,68,69,68,67,63,62,61,60,59,58,57,58,57,56,49,54,54,58,57,56,55,54,55,54],"gold":70,"neow_bonus":"BOSS_RELIC","is_daily":false,"chose_seed":false,"campfire_upgraded":8,"win_rate":0.0,"timestamp":1609073081,"path_taken":["M","?","M","?","?","R","M","E","T","R","?","?","M","E","R","BOSS","M","$","?","?","M","R","?","E","T","M","R","$","M","E","R","BOSS","M","M","?","M","M","E","?","R","T","M","$","?","?","E","R","BOSS","BOSS","R","$","E","BOSS"],"items_purchased_type":["Card"],"build_version":"2020-12-22","purchased_purges":4,"victory":true,"max_hp_per_floor":[66,66,66,66,66,66,66,66,66,66,71,71,71,71,71,71,71,70,69,73,72,71,70,69,68,77,76,75,74,73,72,71,70,69,68,67,63,62,61,60,59,58,57,58,57,56,59,60,59,58,57,56,55,54,55,54],"card_choices":[{"not_picked":["Slice","Skewer","Outmaneuver"],"picked":"SKIP","floor":1.0},{"not_picked":["Flying Knee","Prepared"],"picked":"Dagger Spray","floor":3.0},{"not_picked":["Storm of Steel","Backstab","Underhanded Strike"],"picked":"SKIP","floor":5.0},{"not_picked":["Deflect","PiercingWail"],"picked":"Backflip","floor":7.0},{"not_picked":["Deflect","Heel Hook","Concentrate"],"picked":"SKIP","floor":8.0},{"not_picked":["Outmaneuver","Bouncing Flask"],"picked":"Expertise","floor":13.0},{"not_picked":["Quick Slash","Choke","Burst"],"picked":"SKIP","floor":14.0},{"not_picked":["Escape Plan","Distraction","Riddle With Holes"],"picked":"SKIP","floor":18.0},{"not_picked":["Catalyst","Tactician","Sucker Punch"],"picked":"SKIP","floor":22.0},{"not_picked":["Tactician","Deadly Poison+1","Escape Plan"],"picked":"SKIP","floor":25.0},{"not_picked":["Prepared","Quick Slash"],"picked":"Blade Dance","floor":27.0},{"not_picked":["Catalyst","Dagger Spray","Flying Knee+1"],"picked":"SKIP","floor":30.0},{"not_picked":["Dodge and Roll","Infinite Blades","Prepared"],"picked":"SKIP","floor":31.0},{"not_picked":["Prepared+1","Calculated Gamble","Quick Slash+1"],"picked":"SKIP","floor":35.0},{"not_picked":["Bane","Sucker Punch"],"picked":"Backflip","floor":36.0},{"not_picked":["Leg Sweep","Tools of the Trade"],"picked":"Terror","floor":38.0},{"not_picked":["Catalyst","Deadly Poison","Prepared"],"picked":"SKIP","floor":39.0},{"not_picked":["Catalyst","Deadly Poison","Prepared"],"picked":"SKIP","floor":39.0},{"not_picked":["Malaise","Calculated Gamble"],"picked":"Expertise","floor":40},{"not_picked":["Deflect","Cloak And Dagger","Choke"],"picked":"Singing Bowl","floor":44},{"not_picked":["Deadly Poison","Eviscerate"],"picked":"Blur","floor":46},{"not_picked":["testmod-TemporaryDeletion","testmod-PowerStrike","testmod-Wormhole"],"picked":"Singing Bowl","floor":47},{"not_picked":["testmod-Wormhole","testmod-PocketStoneCalender"],"picked":"Purity","floor":47},{"not_picked":["The Bomb","testmod-TemporaryDeletion","testmod-WeaknessCounterattack"],"picked":"Singing Bowl","floor":47},{"not_picked":["Bane","Backstab","Crippling Poison"],"picked":"Singing Bowl","floor":48},{"not_picked":["Cloak And Dagger","Well Laid Plans","Unload"],"picked":"Singing Bowl","floor":55}],"player_experience":1373050,"relics_obtained":[{"floor":8.0,"key":"testmod-Motorcycle"},{"floor":12.0,"key":"Du-Vu Doll"},{"floor":14.0,"key":"Bottled Lightning"},{"floor":25.0,"key":"HornCleat"},{"floor":26.0,"key":"Pear"},{"floor":31.0,"key":"Anchor"},{"floor":40,"key":"Singing Bowl"},{"floor":43,"key":"Vajra"},{"floor":46,"key":"Bird Faced Urn"},{"floor":48,"key":"Mercury Hourglass"}],"event_choices":[{"damage_healed":0.0,"max_hp_gain":0.0,"max_hp_loss":0.0,"gold_gain":0.0,"event_name":"Scrap Ooze","player_choice":"Success","floor":2.0,"gold_loss":0.0,"damage_taken":18.0,"relics_obtained":["testmod-BlackFramedGlasses"]},{"damage_healed":0.0,"max_hp_gain":0.0,"max_hp_loss":0.0,"gold_gain":0.0,"event_name":"Upgrade Shrine","player_choice":"Upgraded","floor":4.0,"gold_loss":0.0,"damage_taken":0.0,"cards_upgraded":["Dagger Spray"]},{"damage_healed":0.0,"max_hp_gain":5.0,"max_hp_loss":0.0,"gold_gain":0.0,"event_name":"Big Fish","player_choice":"Donut","floor":11.0,"gold_loss":0.0,"damage_taken":0.0},{"damage_healed":0.0,"max_hp_gain":5.0,"max_hp_loss":0.0,"gold_gain":0.0,"event_name":"Forgotten Altar","player_choice":"Shed Blood","floor":20.0,"gold_loss":0.0,"damage_taken":24.0},{"damage_healed":0.0,"max_hp_gain":0.0,"max_hp_loss":0.0,"gold_gain":0.0,"event_name":"Addict","player_choice":"Obtained Relic","floor":21.0,"gold_loss":85.0,"damage_taken":0.0,"relics_obtained":["testmod-Muramasa"]},{"cards_removed":["Strike_G"],"damage_healed":0.0,"max_hp_gain":0.0,"max_hp_loss":0.0,"gold_gain":0.0,"event_name":"Beggar","player_choice":"Gave Gold","floor":24.0,"gold_loss":75.0,"damage_taken":0.0},{"damage_healed":0.0,"max_hp_gain":0.0,"max_hp_loss":3.0,"gold_gain":0.0,"event_name":"Winding Halls","player_choice":"Max HP","floor":37.0,"gold_loss":0.0,"damage_taken":0.0},{"damage_healed":0,"gold_gain":0,"player_choice":"Ignored","damage_taken":0,"max_hp_gain":0,"max_hp_loss":0,"event_name":"Tomb of Lord Red Mask","floor":41,"gold_loss":0},{"damage_healed":0,"gold_gain":0,"player_choice":"Fight","damage_taken":0,"max_hp_gain":0,"max_hp_loss":0,"event_name":"MindBloom","floor":46,"gold_loss":0},{"damage_healed":0,"gold_gain":0,"player_choice":"Memory 3","damage_taken":10,"max_hp_gain":0,"max_hp_loss":0,"event_name":"SensoryStone","floor":47,"gold_loss":0}],"is_beta":false,"boss_relics":[{"not_picked":["testmod-NegativeEmotionEnhancer","Calling Bell"],"picked":"testmod-PortableAltar"},{"not_picked":["Runic Pyramid","testmod-KeyOfTheVoid"],"picked":"testmod-Recursion"}],"items_purged_floors":[19,29,45,54],"is_endless":false,"potions_floor_spawned":[3,13,14,25,30,31,33,35,40,44,46,55],"ascension_level":20}}