{"host":"dcj2yvrgcvh5dl2s","time":1609107134,"event":{"mods":["BaseMod","Better Note","Block Reminder","Colored Powertips","DeckTracker","Minty Spire (QoL Compilation)","Quick Restart","Rare Cards Sparkle","Relic Stats","StSLib"],"gold_per_floor":[109,34,34,50,200,200,230,230,230],"floor_reached":8,"playtime":154,"items_purged":["Normality"],"score":81,"play_id":"99f6d38b-acf0-4ae7-8cc8-b17a76b5a580","local_time":"20201228081214","is_ascension_mode":true,"campfire_choices":[{"data":"Perfected Strike","floor":6,"key":"SMITH"}],"circlet_count":0,"master_deck":["AscendersBane","Strike_R","Strike_R","Strike_R","Strike_R","Strike_R","Defend_R","Defend_R","Defend_R","Defend_R","Bash","Perfected Strike+1","Shrug It Off+1","Doubt"],"relics":["Burning Blood","Bird Faced Urn","Toxic Egg 2","Odd Mushroom"],"acts_visited":["Exordium"],"potions_floor_usage":[8],"damage_taken":[{"damage":4,"enemies":"Small Slimes","floor":1,"turns":4},{"damage":0,"enemies":"2 Louse","floor":4,"turns":2},{"damage":34,"enemies":"The Mushroom Lair","floor":7,"turns":5},{"damage":46,"enemies":"Lagavulin","floor":8,"turns":6}],"seed_played":"-6198327433174434768","potions_obtained":[{"floor":4,"key":"Ancient Potion"}],"is_trial":false,"path_per_floor":["M","$","?","M","?","R","?","E"],"character_chosen":"IRONCLAD","items_purchased":[],"campfire_rested":0,"item_purchase_floors":[],"current_hp_per_floor":[70,70,59,65,65,65,37,0,0],"gold":230,"neow_bonus":"ONE_RARE_RELIC","is_daily":false,"chose_seed":false,"campfire_upgraded":1,"win_rate":0.0,"timestamp":1609107134,"path_taken":["M","$","?","M","?","R","?","E"],"items_purchased_type":[],"build_version":"2020-12-22","purchased_purges":1,"victory":false,"max_hp_per_floor":[75,75,75,75,75,75,75,75,75],"relic_stats":{"counters":[4,17],"Bird Faced Urn":[0],"obtain_stats":[{"Bird Faced Urn":0,"Toxic Egg 2":3,"Odd Mushroom":7,"Burning Blood":0},{"Bird Faced Urn":0,"Toxic Egg 2":1,"Odd Mushroom":3,"Burning Blood":0},{"Bird Faced Urn":0,"Toxic Egg 2":4,"Odd Mushroom":11,"Burning Blood":0}],"Burning Blood":18},"card_choices":[{"not_picked":["Warcry","Cleave"],"picked":"Perfected Strike","floor":1},{"not_picked":["Evolve","Twin Strike"],"picked":"Shrug It Off+1","floor":4}],"player_experience":2079968,"relics_obtained":[{"floor":7,"key":"Odd Mushroom"}],"event_choices":[{"damage_healed":0,"gold_gain":0,"player_choice":"Success","damage_taken":11,"relics_obtained":["Toxic Egg 2"],"max_hp_gain":0,"max_hp_loss":0,"event_name":"Scrap Ooze","floor":3,"gold_loss":0},{"damage_healed":0,"gold_gain":150,"player_choice":"AGREE","damage_taken":0,"max_hp_gain":0,"max_hp_loss":0,"event_name":"Liars Game","floor":5,"gold_loss":0,"cards_obtained":["Doubt"]},{"damage_healed":0,"gold_gain":0,"player_choice":"Fought Mushrooms","damage_taken":0,"max_hp_gain":0,"max_hp_loss":0,"event_name":"Mushrooms","floor":7,"gold_loss":0}],"is_beta":false,"boss_relics":[],"items_purged_floors":[2],"is_endless":false,"potions_floor_spawned":[4],"killed_by":"Lagavulin","ascension_level":17}}