{"host":"gttgmv2wah99hzdm","time":1609041775,"event":{"mods":["AchievementEnabler","BaseMod","Bestiary","Block Reminder","Filter the Spire","Highlight Path","Minty Spire (QoL Compilation)","Permanent Neow","Random Character Button","Relic Stats","StSLib","ojb\u0027s Info Mod"],"gold_per_floor":[110,110,110,124,137,165,165,183,183,201,201,228,228,248,248,326,326,341,352,18,37,37,37,64,64,88,118,118,135,135,147,147,224,224,243,243,518,537,547,547,165,165,235,235,235],"floor_reached":44,"playtime":2863,"items_purged":["Streamline","Regret"],"score":991,"play_id":"27ea427e-8232-4d2b-bcb8-4c4f31693edc","local_time":"20201226220255","is_ascension_mode":true,"campfire_choices":[{"floor":7,"key":"REST"},{"data":"Defragment","floor":11,"key":"SMITH"},{"floor":15,"key":"REST"},{"floor":23,"key":"REST"},{"floor":25,"key":"REST"},{"floor":28,"key":"REST"},{"data":"Seek","floor":32,"key":"SMITH"},{"floor":40,"key":"REST"},{"data":"Biased Cognition","floor":42,"key":"SMITH"}],"circlet_count":0,"master_deck":["AscendersBane","Defend_B","Defend_B","Defend_B","Zap","Dualcast","Sweeping Beam","Ball Lightning","Cold Snap","Defragment+1","Compile Driver","Seek+1","Cold Snap","Biased Cognition+1","Double Energy+1","Aggregate+1","Consume+1","Coolheaded","Doom and Gloom","Redo","Hologram","Core Surge","Undo","Buffer","Defragment","BootSequence+1"],"relics":["Philosopher\u0027s Stone","CaptainsWheel","Bottled Tornado","InkBottle","Astrolabe","Runic Capacitor","Nunchaku","Bronze Scales","Bag of Preparation","Snecko Eye","Sundial","Kunai"],"acts_visited":["Exordium","TheCity","TheBeyond"],"potions_floor_usage":[19,21,22,22,24,24,35,44],"damage_taken":[{"damage":7,"enemies":"Small Slimes","floor":1,"turns":4},{"damage":3,"enemies":"Jaw Worm","floor":4,"turns":4},{"damage":0,"enemies":"Cultist","floor":5,"turns":3},{"damage":22,"enemies":"Lagavulin","floor":6,"turns":6},{"damage":5,"enemies":"3 Louse","floor":8,"turns":4},{"damage":5,"enemies":"Red Slaver","floor":10,"turns":2},{"damage":22,"enemies":"Gremlin Nob","floor":12,"turns":4},{"damage":7,"enemies":"Looter","floor":14,"turns":2},{"damage":19,"enemies":"Hexaghost","floor":16,"turns":9},{"damage":11,"enemies":"Shell Parasite","floor":18,"turns":6},{"damage":19,"enemies":"2 Thieves","floor":19,"turns":4},{"damage":9,"enemies":"Snake Plant","floor":21,"turns":4},{"damage":42,"enemies":"Slavers","floor":24,"turns":7},{"damage":23,"enemies":"Gremlin Leader","floor":27,"turns":4},{"damage":1,"enemies":"Centurion and Healer","floor":29,"turns":5},{"damage":0,"enemies":"3 Cultists","floor":31,"turns":3},{"damage":0,"enemies":"Automaton","floor":33,"turns":9},{"damage":4,"enemies":"Orb Walker","floor":35,"turns":2},{"damage":41,"enemies":"3 Darklings","floor":38,"turns":8},{"damage":4,"enemies":"Sphere and 2 Shapes","floor":39,"turns":5},{"damage":52,"enemies":"Reptomancer","floor":44,"turns":2}],"seed_played":"-6106254988559169106","potions_obtained":[{"floor":6,"key":"Energy Potion"},{"floor":8,"key":"Energy Potion"},{"floor":16,"key":"Swift Potion"},{"floor":19,"key":"Fruit Juice"},{"floor":21,"key":"SkillPotion"},{"floor":22,"key":"Fruit Juice"},{"floor":22,"key":"Weak Potion"},{"floor":27,"key":"Weak Potion"},{"floor":31,"key":"PotionOfCapacity"},{"floor":38,"key":"Energy Potion"}],"is_trial":false,"path_per_floor":["M","?","?","M","M","E","R","M","T","M","R","E","?","M","R","B",null,"M","M","$","M","?","R","E","R","T","E","R","M","?","M","R","B",null,"M","?","?","M","M","R","$","R","T","E"],"character_chosen":"DEFECT","items_purchased":["Runic Capacitor","Coolheaded","Doom and Gloom","Sundial"],"campfire_rested":6,"item_purchase_floors":[20,20,20,41],"current_hp_per_floor":[57,50,50,47,47,25,46,41,41,36,36,14,14,7,28,9,56,45,26,26,17,27,51,9,33,33,10,34,33,33,33,33,33,69,65,65,65,24,20,44,44,44,44,0,0],"gold":235,"neow_bonus":"BOSS_RELIC","is_daily":false,"chose_seed":false,"campfire_upgraded":3,"win_rate":0.0,"timestamp":1609041775,"path_taken":["M","?","?","M","M","E","R","M","T","M","R","E","?","M","R","BOSS","M","?","$","M","?","R","E","R","T","E","R","?","?","M","R","BOSS","M","?","?","M","?","R","$","R","T","E"],"items_purchased_type":["Relic","Card","Card","Relic"],"build_version":"2020-12-22","purchased_purges":2,"victory":false,"max_hp_per_floor":[71,71,71,71,71,71,71,71,71,71,71,71,71,71,71,71,71,71,71,71,71,81,81,81,81,81,81,81,81,81,81,81,81,81,81,81,81,81,81,81,81,81,81,81,81],"relic_stats":{"Nunchaku":[7],"counters":[21,97],"Sundial":[0],"Astrolabe":["Double Energy","Aggregate","Consume"],"Bronze Scales":[116],"Snecko Eye":[40,32,28,43],"Bag of Preparation":[14],"Kunai":[0],"obtain_stats":[{"Astrolabe":17,"Runic Capacitor":20,"Bag of Preparation":27,"Bottled Tornado":9,"CaptainsWheel":6,"Nunchaku":24,"Sundial":41,"Bronze Scales":26,"Snecko Eye":34,"Philosopher\u0027s Stone":0,"Kunai":43,"Cracked Core":0,"InkBottle":12},{"Astrolabe":9,"Runic Capacitor":11,"Bag of Preparation":14,"Bottled Tornado":5,"CaptainsWheel":4,"Nunchaku":13,"Sundial":20,"Bronze Scales":13,"Snecko Eye":17,"Philosopher\u0027s Stone":0,"Kunai":20,"Cracked Core":0,"InkBottle":7},{"Astrolabe":38,"Runic Capacitor":48,"Bag of Preparation":63,"Bottled Tornado":21,"CaptainsWheel":17,"Nunchaku":59,"Sundial":95,"Bronze Scales":59,"Snecko Eye":80,"Philosopher\u0027s Stone":0,"Kunai":95,"Cracked Core":0,"InkBottle":27}],"InkBottle":[31]},"card_choices":[{"not_picked":["Steam","Beam Cell"],"picked":"Streamline","floor":1},{"not_picked":["Beam Cell","Leap"],"picked":"Sweeping Beam","floor":4},{"not_picked":["Coolheaded","Compile Driver"],"picked":"Ball Lightning","floor":5},{"not_picked":["Steam","Ball Lightning"],"picked":"Cold Snap","floor":6},{"not_picked":["Steam","All For One"],"picked":"Defragment","floor":8},{"not_picked":["Beam Cell","Barrage"],"picked":"Compile Driver","floor":10},{"not_picked":["Chaos","Hologram"],"picked":"Seek","floor":12},{"not_picked":["Sweeping Beam","Hologram"],"picked":"Cold Snap","floor":14},{"not_picked":["Hyperbeam","Core Surge"],"picked":"Biased Cognition","floor":16},{"not_picked":["Ball Lightning","Barrage","Turbo"],"picked":"SKIP","floor":18},{"not_picked":["Beam Cell","Lockon","Compile Driver+1"],"picked":"SKIP","floor":19},{"not_picked":["Sweeping Beam","Chaos","Gash"],"picked":"SKIP","floor":21},{"not_picked":["Go for the Eyes+1","Reprogram","Sweeping Beam"],"picked":"SKIP","floor":24},{"not_picked":["Redo","Force Field","Rebound"],"picked":"SKIP","floor":27},{"not_picked":["Force Field","Rebound"],"picked":"Redo","floor":27},{"not_picked":["Rebound","Rip and Tear"],"picked":"Hologram","floor":29},{"not_picked":["Hologram","Streamline+1"],"picked":"Undo","floor":31},{"not_picked":["Creative AI","All For One"],"picked":"Buffer","floor":33},{"not_picked":["Ball Lightning","Coolheaded"],"picked":"Defragment","floor":35},{"not_picked":["Rebound","Streamline","Consume"],"picked":"SKIP","floor":38},{"not_picked":["Rebound","Streamline","Consume"],"picked":"SKIP","floor":38},{"not_picked":["Auto Shields+1","Turbo"],"picked":"BootSequence+1","floor":39}],"player_experience":978971,"relics_obtained":[{"floor":6,"key":"CaptainsWheel"},{"floor":9,"key":"Bottled Tornado"},{"floor":12,"key":"InkBottle"},{"floor":24,"key":"Nunchaku"},{"floor":26,"key":"Bronze Scales"},{"floor":27,"key":"Bag of Preparation"},{"floor":43,"key":"Kunai"}],"event_choices":[{"cards_removed":["Strike_B"],"damage_healed":0,"gold_gain":0,"player_choice":"Card Removal","damage_taken":7,"max_hp_gain":0,"max_hp_loss":0,"event_name":"Golden Wing","floor":2,"gold_loss":0},{"damage_healed":0,"gold_gain":0,"player_choice":"Ignored","damage_taken":0,"max_hp_gain":0,"max_hp_loss":0,"event_name":"Liars Game","floor":3,"gold_loss":0},{"cards_removed":["Strike_B"],"damage_healed":0,"gold_gain":0,"player_choice":"Card Removal","damage_taken":0,"max_hp_gain":0,"max_hp_loss":0,"event_name":"Wheel of Change","floor":13,"gold_loss":0},{"damage_healed":0,"gold_gain":0,"player_choice":"Got Potions","damage_taken":0,"max_hp_gain":0,"max_hp_loss":0,"event_name":"Lab","floor":22,"gold_loss":0},{"damage_healed":0,"gold_gain":0,"player_choice":"Read","damage_taken":0,"max_hp_gain":0,"max_hp_loss":0,"event_name":"The Library","floor":30,"gold_loss":0,"cards_obtained":["Core Surge"]},{"damage_healed":0,"gold_gain":0,"player_choice":"Memory 1","damage_taken":0,"max_hp_gain":0,"max_hp_loss":0,"event_name":"SensoryStone","floor":36,"gold_loss":0},{"damage_healed":0,"gold_gain":275,"player_choice":"Desecrate","damage_taken":0,"max_hp_gain":0,"max_hp_loss":0,"event_name":"Golden Shrine","floor":37,"gold_loss":0,"cards_obtained":["Regret"]}],"is_beta":false,"boss_relics":[{"not_picked":["Inserter","Pandora\u0027s Box"],"picked":"Astrolabe"},{"not_picked":["Calling Bell","Coffee Dripper"],"picked":"Snecko Eye"}],"items_purged_floors":[20,41],"is_endless":false,"potions_floor_spawned":[6,8,16,19,21,27,31,38,39],"killed_by":"Reptomancer","ascension_level":19}}