{"host":"mi0eibewekhugwl1","time":1609066560,"event":{"mods":["AchievementEnabler","BaseMod","Colored Map","Colored Powertips","DeckTracker","Keyboard Shortcuts","Minty Spire (QoL Compilation)","Quick Restart","Rare Cards Sparkle","Relic Stats","StSLib","SuperFastMode","everything is the same but u backflip on backflip"],"gold_per_floor":[113,132,142,115,41,41,59,59,59,90,103,83,95,114,114,191,191,203,253,123,123,143,143,155,155,178,178,178],"floor_reached":27,"playtime":395,"items_purged":["Strike_R"],"score":434,"play_id":"8965a40f-a5ab-4898-afda-39011f3f9444","local_time":"20201227195600","is_ascension_mode":true,"campfire_choices":[{"data":"Inflame","floor":6,"key":"SMITH"},{"data":"Uppercut","floor":8,"key":"SMITH"},{"floor":15,"key":"REST"},{"floor":23,"key":"REST"},{"floor":25,"key":"REST"}],"circlet_count":0,"master_deck":["AscendersBane","Strike_R","Strike_R","Defend_R","Defend_R","Defend_R","Defend_R","Bash","Cleave","Pommel Strike","Sword Boomerang","Inflame+1","Uppercut+1","Intimidate","Disarm","Rampage","Limit Break","Shrug It Off","Reaper"],"relics":["Burning Blood","NeowsBlessing","Bag of Preparation","Anchor","Empty Cage","Omamori"],"acts_visited":["Exordium","TheCity"],"potions_floor_usage":[16,20,22,27],"damage_taken":[{"damage":0,"enemies":"Jaw Worm","floor":1,"turns":1},{"damage":0,"enemies":"Cultist","floor":2,"turns":1},{"damage":0,"enemies":"Small Slimes","floor":3,"turns":1},{"damage":13,"enemies":"Exordium Thugs","floor":4,"turns":4},{"damage":14,"enemies":"Blue Slaver","floor":7,"turns":4},{"damage":25,"enemies":"Lagavulin","floor":10,"turns":5},{"damage":0,"enemies":"2 Fungi Beasts","floor":11,"turns":2},{"damage":23,"enemies":"Gremlin Gang","floor":13,"turns":4},{"damage":16,"enemies":"Exordium Wildlife","floor":14,"turns":4},{"damage":34,"enemies":"The Guardian","floor":16,"turns":10},{"damage":35,"enemies":"Chosen","floor":18,"turns":4},{"damage":35,"enemies":"Spheric Guardian","floor":22,"turns":6},{"damage":21,"enemies":"Snake Plant","floor":24,"turns":4},{"damage":59,"enemies":"Book of Stabbing","floor":27,"turns":5}],"seed_played":"931497012855150223","potions_obtained":[{"floor":3,"key":"HeartOfIron"},{"floor":4,"key":"Weak Potion"},{"floor":12,"key":"FearPotion"},{"floor":24,"key":"Swift Potion"}],"is_trial":false,"path_per_floor":["M","M","M","M","$","R","M","R","T","E","M","?","M","M","R","B",null,"M","?","$","?","M","R","M","R","T","E"],"character_chosen":"IRONCLAD","items_purchased":["Inflame","BloodPotion"],"campfire_rested":3,"item_purchase_floors":[5,20],"current_hp_per_floor":[74,75,75,68,68,68,60,60,60,41,47,47,30,20,42,14,60,31,31,46,46,17,39,24,46,46,0,0],"gold":178,"neow_bonus":"THREE_ENEMY_KILL","is_daily":false,"chose_seed":false,"campfire_upgraded":2,"win_rate":0.0,"timestamp":1609066560,"path_taken":["M","M","M","M","$","R","M","R","T","E","M","?","M","?","R","BOSS","M","?","$","?","M","R","?","R","T","E"],"items_purchased_type":["Card","Potion"],"build_version":"2020-12-22","purchased_purges":1,"victory":false,"max_hp_per_floor":[75,75,75,75,75,75,75,75,75,75,75,75,75,75,75,75,75,75,75,75,75,75,75,75,75,75,75,75],"relic_stats":{"counters":[14,55],"Bag of Preparation":[18],"obtain_stats":[{"Anchor":10,"NeowsBlessing":0,"Bag of Preparation":9,"Omamori":26,"Empty Cage":17,"Burning Blood":0},{"Anchor":6,"NeowsBlessing":0,"Bag of Preparation":5,"Omamori":13,"Empty Cage":10,"Burning Blood":0},{"Anchor":16,"NeowsBlessing":0,"Bag of Preparation":11,"Omamori":50,"Empty Cage":36,"Burning Blood":0}],"Burning Blood":67},"card_choices":[{"not_picked":["Armaments","Havoc","Iron Wave"],"picked":"SKIP","floor":1},{"not_picked":["Uppercut","Flex"],"picked":"Cleave","floor":2},{"not_picked":["Headbutt","Armaments"],"picked":"Pommel Strike","floor":3},{"not_picked":["Armaments","Warcry"],"picked":"Sword Boomerang","floor":4},{"not_picked":["Hemokinesis","Dropkick"],"picked":"Uppercut","floor":7},{"not_picked":["Entrench","Warcry"],"picked":"Intimidate","floor":10},{"not_picked":["Seeing Red","Flame Barrier"],"picked":"Disarm","floor":11},{"not_picked":["Infernal Blade","Armaments","Feel No Pain"],"picked":"SKIP","floor":13},{"not_picked":["Body Slam","Sentinel"],"picked":"Rampage","floor":14},{"not_picked":["Demon Form","Juggernaut"],"picked":"Limit Break","floor":16},{"not_picked":["Iron Wave+1","Perfected Strike"],"picked":"Shrug It Off","floor":18},{"not_picked":["Sever Soul","Warcry","Armaments"],"picked":"SKIP","floor":22},{"not_picked":["Heavy Blade","Body Slam"],"picked":"Reaper","floor":24}],"player_experience":1711633,"relics_obtained":[{"floor":9,"key":"Bag of Preparation"},{"floor":10,"key":"Anchor"},{"floor":26,"key":"Omamori"}],"event_choices":[{"damage_healed":0,"gold_gain":0,"player_choice":"Bought 1 Potion","damage_taken":0,"max_hp_gain":0,"max_hp_loss":0,"event_name":"The Woman in Blue","floor":12,"gold_loss":0},{"damage_healed":0,"gold_gain":50,"player_choice":"Stole From Cult","damage_taken":0,"max_hp_gain":0,"max_hp_loss":0,"event_name":"Nest","floor":19,"gold_loss":0},{"damage_healed":0,"gold_gain":0,"player_choice":"0 cards matched","damage_taken":0,"max_hp_gain":0,"max_hp_loss":0,"event_name":"Match and Keep!","floor":21,"gold_loss":0,"cards_obtained":[]}],"is_beta":false,"boss_relics":[{"not_picked":["Coffee Dripper","Busted Crown"],"picked":"Empty Cage"}],"items_purged_floors":[20],"is_endless":false,"potions_floor_spawned":[3,4,14,24],"killed_by":"Book of Stabbing","ascension_level":20}}