{"host":"kev6uqotw4tlyx8l","time":1609028683,"event":{"mods":["Act Like it!","Aspiration","BaseMod","Colored Powertips","Dota2Spire","Downfall","Hallownest","Infinite Spire","Marisa????????","Minty Spire (QoL Compilation)","Quick Restart","Remilia??????","Replay The Spire","StSLib","The Cursed","The Jungle","The Marked","The Mystic","The Servant 0.9.4"],"gold_per_floor":[119,136,136,148,68,68,68,68,68,68,68,86,86,100,100,195,195,215,229,245,245,263,263,296,346,346,365,376,426,444,460,460,564,564,582,96,146,156,156,156],"floor_reached":39,"playtime":1393,"items_purged":["Delirium","ReplayTheSpireMod:Splinters"],"score":395,"play_id":"2e9ddd84-7ad3-4980-a18c-5014b635f2ad","local_time":"20201227072443","is_ascension_mode":false,"campfire_choices":[{"data":"SilverBlades","floor":6.0,"key":"SMITH"},{"data":"infinitespire:FinalStrike","floor":11.0,"key":"SMITH"},{"data":"Potential","floor":13.0,"key":"SMITH"},{"floor":15.0,"key":"REST"},{"floor":32.0,"key":"REST"}],"circlet_count":0,"master_deck":["Strike_S","Strike_S","Strike_S","Defend_S","Defend_S","Defend_S","Defend_S","KidneyShot","Exchange","Ricochet","Potential+1","Iron Wave","SilverBlades+1","FanOfKnives+1","infinitespire:FinalStrike+1","Snipe","BottledTime","LightFlow","FastForward+1","Potential","SpecialFormula","ShatteredReality","Luminosity","SilverBlades","Defy","Barrier+1","Foresight","SoulSculpture","Spin","Potential","ShatteredReality","Unruled+1"],"relics":["Uniform","aspiration:Nostalgia","TheCursedMod:BlackMagic101","Bronze Scales","SsserpentHead","Painkiller Herb","Replay:Multitool","Calipers","Ginger","Replay:Fungal Core","Membership Card","aspiration:HummingbirdHeart","ReplayTheSpireMod:Shallot"],"acts_visited":["Exordium","TheCity","TheBeyond"],"potions_floor_usage":[35,39],"damage_taken":[{"damage":0.0,"enemies":"Small Slimes","floor":1.0,"turns":3.0},{"damage":1.0,"enemies":"Cultist","floor":2.0,"turns":4.0},{"damage":3.0,"enemies":"Jaw Worm","floor":4.0,"turns":3.0},{"damage":0.0,"enemies":"Looter","floor":12.0,"turns":1.0},{"damage":13.0,"enemies":"Red Slaver","floor":14.0,"turns":2.0},{"damage":67.0,"enemies":"Fading Forest","floor":16.0,"turns":11.0},{"damage":25.0,"enemies":"Shell Parasite","floor":18.0,"turns":3.0},{"damage":0.0,"enemies":"Spheric Guardian","floor":19.0,"turns":2.0},{"damage":10.0,"enemies":"Cultist and Chosen","floor":20.0,"turns":4.0},{"damage":9.0,"enemies":"Snecko","floor":22.0,"turns":3.0},{"damage":23.0,"enemies":"Book of Stabbing","floor":24.0,"turns":4.0},{"damage":14.0,"enemies":"Centurion and Healer","floor":27.0,"turns":3.0},{"damage":10.0,"enemies":"Sentry and Sphere","floor":28.0,"turns":3.0},{"damage":21.0,"enemies":"Snake Plant","floor":30.0,"turns":2.0},{"damage":0.0,"enemies":"Chosen and Byrds","floor":31.0,"turns":4.0},{"damage":16.0,"enemies":"Pondfish","floor":33.0,"turns":7.0},{"damage":36,"enemies":"3 Darklings","floor":35,"turns":4},{"damage":26,"enemies":"3 Shapes","floor":38,"turns":4},{"damage":16,"enemies":"Maw","floor":39,"turns":6}],"seed_played":"6305185186866457493","potions_obtained":[{"floor":2.0,"key":"Reflective Coating"},{"floor":16.0,"key":"AttackPotion"},{"floor":18.0,"key":"Explosive Potion"},{"floor":20.0,"key":"PowerPotion"},{"floor":27.0,"key":"Strength Potion"},{"floor":30.0,"key":"infinitespire:BlackPotion"},{"floor":33.0,"key":"Energy Potion"},{"floor":38,"key":"Energy Potion"}],"is_trial":false,"path_per_floor":["M","M","?","M","$","R","?","?","T","?","R","M","R","M","R","B",null,"?","?","?","AVR","?","T","E","?","T","?","?","?","?","?","T","B",null,"?","T","?","?","?"],"character_chosen":"THE_SERVANT","items_purchased":["FanOfKnives","Membership Card","Potential","ShatteredReality","aspiration:HummingbirdHeart","ReplayTheSpireMod:Shallot"],"campfire_rested":2,"item_purchase_floors":[5,36,36,36,36,36],"current_hp_per_floor":[65,64,64,61,61,61,61,61,61,61,61,61,61,48,65,14,65,40,40,30,30,26,45,27,48,48,39,34,41,20,25,44,33,65,29,29,29,8,0,0],"gold":156,"neow_bonus":"NOSTALGIA","is_daily":false,"chose_seed":false,"campfire_upgraded":3,"win_rate":0.0,"timestamp":1609028683,"path_taken":["M","M","?","?","$","R","?","?","T","?","R","M","R","M","R","BOSS","?","?","?","AVR","?","T","E","?","T","?","?","?","?","?","T","BOSS","?","T","?","?","?"],"items_purchased_type":["Card","Relic","Card","Card","Relic","Relic"],"build_version":"2020-12-22","purchased_purges":2,"victory":false,"max_hp_per_floor":[65,65,65,65,65,65,65,65,65,65,65,65,65,65,65,65,65,65,65,65,65,65,65,65,65,65,65,65,65,65,65,65,65,65,65,65,62,62,62,62],"card_choices":[{"not_picked":["Rearm","Sabotage"],"picked":"Ricochet","floor":1.0},{"not_picked":["Hightail","Unruled"],"picked":"Potential","floor":2.0},{"not_picked":["Potential","Shuttle"],"picked":"SilverBlades","floor":4.0},{"not_picked":["infinitespire:SealOfDarkness+","infinitespire:Execution"],"picked":"infinitespire:FinalStrike","floor":8.0},{"not_picked":["SilverBlades","Replace"],"picked":"Snipe","floor":12.0},{"not_picked":["Defy","Starlight"],"picked":"BottledTime","floor":14.0},{"not_picked":["Duplication","Deny"],"picked":"LightFlow","floor":16.0},{"not_picked":["Replace","BottledTime"],"picked":"FastForward+1","floor":18.0},{"not_picked":["Desolation","Ricochet"],"picked":"Potential","floor":19.0},{"not_picked":["Rewind","Ricochet"],"picked":"SpecialFormula","floor":20.0},{"not_picked":["Gouge","FastForward+1"],"picked":"ShatteredReality","floor":22.0},{"not_picked":["Rewind","Collapse+1"],"picked":"Luminosity","floor":24.0},{"not_picked":["InstantArmor","Spin"],"picked":"SilverBlades","floor":27.0},{"not_picked":["ShatteredReality","Ricochet"],"picked":"Defy","floor":28.0},{"not_picked":["Snipe","Revamp+1"],"picked":"Barrier+1","floor":30.0},{"not_picked":["Potential","Unruled"],"picked":"Foresight","floor":31.0},{"not_picked":["FloweringNight","FlawlessForm"],"picked":"SoulSculpture","floor":33.0},{"not_picked":["Gouge+1","Alleviate+1"],"picked":"Spin","floor":35},{"not_picked":["Contraction+1","Ricochet+1"],"picked":"Unruled+1","floor":38}],"player_experience":13089,"relics_obtained":[{"floor":9.0,"key":"Bronze Scales"},{"floor":24.0,"key":"Calipers"},{"floor":26.0,"key":"Ginger"}],"event_choices":[{"cards_removed":["Strike_S"],"damage_healed":0.0,"max_hp_gain":0.0,"max_hp_loss":0.0,"gold_gain":0.0,"event_name":"NoteForYourself","player_choice":"Took Card","floor":3.0,"gold_loss":0.0,"damage_taken":0.0,"cards_obtained":["Iron Wave"]},{"damage_healed":0.0,"max_hp_gain":0.0,"max_hp_loss":0.0,"gold_gain":0.0,"event_name":"FaceTrader","player_choice":"Trade","floor":10.0,"gold_loss":0.0,"damage_taken":0.0,"relics_obtained":["SsserpentHead"]},{"damage_healed":21.0,"max_hp_gain":0.0,"max_hp_loss":0.0,"gold_gain":0.0,"event_name":"The Library","player_choice":"Heal","floor":25.0,"gold_loss":0.0,"damage_taken":0.0},{"damage_healed":0,"gold_gain":0,"player_choice":"Max HP","damage_taken":0,"max_hp_gain":0,"max_hp_loss":3,"event_name":"Winding Halls","floor":37,"gold_loss":0}],"is_beta":false,"boss_relics":[{"not_picked":["Empty Cage","Snecko Eye"],"picked":"Painkiller Herb"},{"not_picked":["Replay:Ancient Bell","Fusion Hammer"],"picked":"Replay:Fungal Core"}],"items_purged_floors":[21,36],"is_endless":false,"potions_floor_spawned":[2,16,18,20,27,30,33,38],"killed_by":"Maw","ascension_level":0}}