{"host":"dcj2yvrgcvh5dl2s","time":1609105400,"event":{"mods":["BaseMod","Better Note","Block Reminder","Colored Powertips","DeckTracker","Minty Spire (QoL Compilation)","Quick Restart","Rare Cards Sparkle","Relic Stats","StSLib"],"gold_per_floor":[112,9,9,24,24,58,58,71,71,99,118,118,118,118],"floor_reached":13,"playtime":283,"items_purged":["Strike_R"],"score":218,"play_id":"030b285b-daa4-49ad-9ff8-82dca0a62c5a","local_time":"20201228074320","is_ascension_mode":true,"campfire_choices":[{"data":"Pummel","floor":7,"key":"SMITH"}],"circlet_count":0,"master_deck":["AscendersBane","Strike_R","Strike_R","Strike_R","Defend_R","Defend_R","Defend_R","Defend_R","Bash","Shrug It Off","Sword Boomerang","Pummel+1","Perfected Strike","Regret"],"relics":["Burning Blood","NeowsBlessing","Champion Belt","Letter Opener","Kunai","Centennial Puzzle"],"acts_visited":["Exordium"],"potions_floor_usage":[10,13],"damage_taken":[{"damage":0,"enemies":"2 Louse","floor":1,"turns":1},{"damage":0,"enemies":"Jaw Worm","floor":4,"turns":1},{"damage":0,"enemies":"3 Sentries","floor":6,"turns":2},{"damage":20,"enemies":"Small Slimes","floor":8,"turns":4},{"damage":16,"enemies":"Gremlin Nob","floor":10,"turns":3},{"damage":3,"enemies":"2 Fungi Beasts","floor":11,"turns":4},{"damage":56,"enemies":"3 Sentries","floor":13,"turns":8}],"seed_played":"7585476698426179598","potions_obtained":[{"floor":4,"key":"Swift Potion"},{"floor":8,"key":"SteroidPotion"},{"floor":11,"key":"LiquidBronze"}],"is_trial":false,"path_per_floor":["M","$","?","M","$","E","R","M","T","E","M","?","E"],"character_chosen":"IRONCLAD","items_purchased":["Sword Boomerang"],"campfire_rested":0,"item_purchase_floors":[2],"current_hp_per_floor":[74,74,67,73,73,75,75,61,61,51,54,54,0,0],"gold":118,"neow_bonus":"THREE_ENEMY_KILL","is_daily":false,"chose_seed":false,"campfire_upgraded":1,"win_rate":0.0,"timestamp":1609105400,"path_taken":["M","$","?","M","$","E","R","M","T","E","M","?","E"],"items_purchased_type":["Card"],"build_version":"2020-12-22","purchased_purges":1,"victory":false,"max_hp_per_floor":[75,75,75,75,75,75,75,75,75,75,75,75,75,75],"relic_stats":{"Centennial Puzzle":[3],"counters":[7,23],"Champion Belt":[3],"Letter Opener":[10],"Kunai":[0],"obtain_stats":[{"Centennial Puzzle":12,"NeowsBlessing":0,"Champion Belt":6,"Letter Opener":9,"Kunai":10,"Burning Blood":0},{"Centennial Puzzle":6,"NeowsBlessing":0,"Champion Belt":3,"Letter Opener":4,"Kunai":5,"Burning Blood":0},{"Centennial Puzzle":15,"NeowsBlessing":0,"Champion Belt":4,"Letter Opener":8,"Kunai":11,"Burning Blood":0}],"Burning Blood":32},"card_choices":[{"not_picked":["Pommel Strike","Spot Weakness"],"picked":"Shrug It Off","floor":1},{"not_picked":["Headbutt","Anger"],"picked":"Pummel","floor":4},{"not_picked":["Dark Embrace","Anger","Wild Strike"],"picked":"SKIP","floor":6},{"not_picked":["Evolve","Fiend Fire"],"picked":"Perfected Strike","floor":8},{"not_picked":["Wild Strike","Armaments","Cleave"],"picked":"SKIP","floor":10},{"not_picked":["Armaments","Dual Wield","Sword Boomerang"],"picked":"SKIP","floor":11}],"player_experience":2079968,"relics_obtained":[{"floor":6,"key":"Champion Belt"},{"floor":9,"key":"Letter Opener"},{"floor":10,"key":"Kunai"}],"event_choices":[{"cards_removed":["Strike_R"],"damage_healed":0,"gold_gain":0,"player_choice":"Card Removal","damage_taken":7,"max_hp_gain":0,"max_hp_loss":0,"event_name":"Golden Wing","floor":3,"gold_loss":0},{"damage_healed":0,"gold_gain":0,"player_choice":"Box","damage_taken":0,"relics_obtained":["Centennial Puzzle"],"max_hp_gain":0,"max_hp_loss":0,"event_name":"Big Fish","floor":12,"gold_loss":0,"cards_obtained":["Regret"]}],"is_beta":false,"boss_relics":[],"items_purged_floors":[2],"is_endless":false,"potions_floor_spawned":[4,8,11],"killed_by":"3 Sentries","ascension_level":17}}