{"host":"vp2frn5hc2y9r85i","time":1609066724,"event":{"mods":["2.2 Compatiblity","AchievementEnabler","BaseMod","BetterRewards","Colored Map","DeckTracker","Highlight Path","Minty Spire (QoL Compilation)","Random Character Button","Rare Cards Sparkle","StSLib","The Sage","Transform Curses"],"gold_per_floor":[117,36,36,36,46,46,46,46,46,46,56,56,71,71,71,71,71],"floor_reached":16,"playtime":710,"items_purged":[],"score":138,"play_id":"76a2945f-5a64-4491-b97b-4e12417bd057","local_time":"20201227115844","is_ascension_mode":false,"campfire_choices":[{"data":"Infinite Blades","floor":6,"key":"SMITH"},{"data":"Leg Sweep","floor":8,"key":"SMITH"},{"data":"PiercingWail","floor":10,"key":"SMITH"},{"data":"Survivor","floor":12,"key":"SMITH"},{"floor":15,"key":"REST"}],"circlet_count":0,"master_deck":["Strike_G","Strike_G","Strike_G","Strike_G","Strike_G","Defend_G","Defend_G","Defend_G","Defend_G","Defend_G","Survivor+1","Neutralize","Forethought","Leg Sweep+1","Cloak And Dagger","Well Laid Plans","Deadly Poison","Infinite Blades+1","PiercingWail+1","Outmaneuver","Endless Agony"],"relics":["Ring of the Snake","Torii","sagemod:Singing_Vial","Golden Idol"],"acts_visited":["Exordium"],"potions_floor_usage":[16],"damage_taken":[{"damage":0,"enemies":"2 Louse","floor":1,"turns":3},{"damage":0,"enemies":"Small Slimes","floor":5,"turns":4},{"damage":1,"enemies":"Jaw Worm","floor":11,"turns":6},{"damage":0,"enemies":"2 Fungi Beasts","floor":13,"turns":4},{"damage":62,"enemies":"Hexaghost","floor":16,"turns":18}],"seed_played":"-8594544621884559694","potions_obtained":[{"floor":5,"key":"ColorlessPotion"}],"is_trial":false,"path_per_floor":["M","$","?","$","M","R","?","R","T","R","M","R","M","?","R","B"],"character_chosen":"THE_SILENT","items_purchased":["Torii","Forethought","Leg Sweep","Cloak And Dagger","Well Laid Plans","Infinite Blades","PiercingWail"],"campfire_rested":1,"item_purchase_floors":[0,0,0,0,0,2,2],"current_hp_per_floor":[51,51,56,56,56,56,56,56,56,56,55,55,55,37,59,0,0],"gold":71,"neow_bonus":"","is_daily":false,"chose_seed":false,"campfire_upgraded":4,"win_rate":0.0,"timestamp":1609066724,"path_taken":["M","$","?","$","M","R","?","R","T","R","?","R","M","?","R","BOSS"],"items_purchased_type":["Relic","Card","Card","Card","Card","Card","Card"],"build_version":"2020-12-22","purchased_purges":0,"victory":false,"max_hp_per_floor":[70,70,75,75,75,75,75,75,75,75,75,75,75,75,75,75,75],"card_choices":[{"not_picked":["Dagger Throw","Heel Hook"],"picked":"Deadly Poison","floor":1},{"not_picked":["PiercingWail","Cloak And Dagger"],"picked":"Outmaneuver","floor":5},{"not_picked":["Flechettes","Slice","Bane"],"picked":"Singing Bowl","floor":11},{"not_picked":["Underhanded Strike","Dagger Throw"],"picked":"Endless Agony","floor":13}],"player_experience":46086,"relics_obtained":[{"floor":9,"key":"sagemod:Singing_Vial"}],"event_choices":[{"damage_healed":0,"gold_gain":0,"player_choice":"Donut","damage_taken":0,"max_hp_gain":5,"max_hp_loss":0,"event_name":"Big Fish","floor":3,"gold_loss":0},{"damage_healed":0,"gold_gain":0,"player_choice":"Ignored","damage_taken":0,"max_hp_gain":0,"max_hp_loss":0,"event_name":"Liars Game","floor":7,"gold_loss":0},{"damage_healed":0,"gold_gain":0,"player_choice":"Take Damage","damage_taken":18,"relics_obtained":["Golden Idol"],"max_hp_gain":0,"max_hp_loss":0,"event_name":"Golden Idol","floor":14,"gold_loss":0}],"is_beta":false,"boss_relics":[],"items_purged_floors":[],"is_endless":false,"potions_floor_spawned":[5],"killed_by":"Hexaghost","ascension_level":0}}