{"host":"68ryiucqar8jyfi2","time":1609102906,"event":{"mods":["2.2 Compatiblity","Act Like it!","Aspiration","BaseMod","Better Match","Better Note","Better Skull","Better Third Choice","CCEM","CapriCore","Curses Come First","Defuse TimeMaze Blight","Displayed Cursed Tome","Emptier Cage","Energized Spire","Friendly Minions","GifTheSpireLib","HexUI Lib","Hubris","Hyrulean Relics","Minty Spire (QoL Compilation)","Permanent Neow","RNG Fix","Replay The Spire","Robot Space Explorer","StSLib","Stuff the Spire","The Blue Laboratory","Trackpad","Transform Curses","Uncapped","Wandering Minibosses"],"gold_per_floor":[114,124,142,153,165,165,193,193,193,208,227,227,240,258,258,356,356,372,390,405,420,520,520,545,545,599,409,423,423,158,225,225,322,322,333,401,401,401,276,276,291,291,344,280,310,310,310,327,327,423,423,433,463,309,309,309,309,344,344,390,401,401,412,412,216,301,402,402,414,426,537,549,561,573,595,607,654,666,678,707,730,758,770,881,893,918,943,974,986,998,998],"floor_reached":90,"playtime":3290,"items_purged":["Strike_G","Strike_G","Amnesia","Strike_G+1"],"score":1871,"play_id":"d305a8fa-bc8f-42c8-8942-a7907c528a35","local_time":"20201227210146","daily_mods":["Vintage","Heirloom","Flight"],"is_ascension_mode":false,"campfire_choices":[{"data":"Neutralize","floor":6.0,"key":"SMITH"},{"data":"Survivor","floor":8.0,"key":"SMITH"},{"floor":12.0,"key":"REST"},{"data":"Dodge and Roll","floor":23.0,"key":"SMITH"},{"data":"Dagger Spray","floor":25.0,"key":"SMITH"},{"data":"Footwork","floor":32.0,"key":"SMITH"},{"data":"Envenom","floor":40.0,"key":"SMITH"},{"data":"Strike_G","floor":42.0,"key":"SMITH"},{"data":"Strike_G+1","floor":49.0,"key":"PURGE"},{"data":"Poison Darts","floor":57.0,"key":"SMITH"},{"data":"ReplayTheSpireMod:Tripwire","floor":62.0,"key":"SMITH"},{"data":"Night Terror","floor":64.0,"key":"SMITH"},{"data":"Bullet Time","floor":74,"key":"SMITH"},{"data":"Replay:Poison Smokescreen","floor":76,"key":"SMITH"},{"data":"StuffTheSpire:ClusterCrunch","floor":78,"key":"SMITH"},{"data":"Reflex","floor":83,"key":"SMITH"}],"circlet_count":0,"master_deck":["Defend_G","Defend_G","Defend_G","Defend_G","Survivor+1","Neutralize+1","Dodge and Roll+1","Dagger Spray+1","Infinite Blades+1","Footwork+1","Blade Dance+1","Envenom+1","Poison Darts+1","Replay:Poison Smokescreen+1","Noxious Fumes+1","Reflex+1"],"relics":["Ring of the Snake","hubris:GlazedTorus","Tiny Chest","Centennial Puzzle","zeldaRelics:CourageTriforce","trackpad:ZombieHeart","MealTicket","aspiration:SeaSaltIceCream","Membership Card","Turnip","StuffTheSpire:CocoNut","CCEMRelics:CocoNut","Blue Doll","zeldaRelics:WisdomTriforce","hubris:SphereOfDissonance","hubris:ToyBattleship","TwistedFunnel","Blood Vial","Replay:Rubber Ducky","Juzu Bracelet","CCEMRelics:TechnogenicHelmet","Bag of Preparation","CCEMRelics:Pendulum","zeldaRelics:PowerTriforce","ReplayTheSpireMod:CursedCoin","hubris:Potato","Whetstone","wanderingMiniBosses:Inkheart","Odd Mushroom","Lantern","StuffTheSpire:RedRose","StuffTheSpire:WitherSkull","Replay:PocketPolymizer","Ornamental Fan","Chemical X","hubris:PeanutButter","MawBank","NlothsMask","Mercury Hourglass","Mango","CCEMRelics:Sandal","hubris:SlimyHat","ReplayTheSpireMod:Lightbulb","Bag of Marbles","StuffTheSpire:RubySignet"],"acts_visited":["Exordium","TheCity","TheBeyond","Exordium","TheCity","TheBeyond"],"potions_floor_usage":[],"damage_taken":[{"damage":2.0,"enemies":"Small Slimes","floor":1.0,"turns":5.0},{"damage":1.0,"enemies":"Cultist","floor":2.0,"turns":7.0},{"damage":0.0,"enemies":"2 Louse","floor":3.0,"turns":3.0},{"damage":24.0,"enemies":"Large Slime","floor":4.0,"turns":8.0},{"damage":2.0,"enemies":"Looter","floor":5.0,"turns":3.0},{"damage":21.0,"enemies":"3 Sentries","floor":7.0,"turns":10.0},{"damage":13.0,"enemies":"Gremlin Gang","floor":10.0,"turns":9.0},{"damage":7.0,"enemies":"Exordium Thugs","floor":11.0,"turns":7.0},{"damage":1.0,"enemies":"Large Slime","floor":13.0,"turns":6.0},{"damage":1.0,"enemies":"Blue Slaver","floor":14.0,"turns":4.0},{"damage":17.0,"enemies":"The Guardian","floor":16.0,"turns":16.0},{"damage":42.0,"enemies":"Chosen","floor":18.0,"turns":11.0},{"damage":1.0,"enemies":"Shell Parasite","floor":19.0,"turns":10.0},{"damage":5.0,"enemies":"Chosen and Byrds","floor":20.0,"turns":6.0},{"damage":10.0,"enemies":"Snake Plant","floor":21.0,"turns":5.0},{"damage":6.0,"enemies":"Replay:Snechameleon","floor":24.0,"turns":7.0},{"damage":7.0,"enemies":"Centurion and Healer","floor":28.0,"turns":6.0},{"damage":3.0,"enemies":"Champ","floor":33.0,"turns":8.0},{"damage":4.0,"enemies":"Orb Walker","floor":35.0,"turns":7.0},{"damage":0.0,"enemies":"3 Darklings","floor":41.0,"turns":3.0},{"damage":0.0,"enemies":"R_Hoarder","floor":45.0,"turns":6.0},{"damage":0.0,"enemies":"4 Shapes","floor":48.0,"turns":3.0},{"damage":32.0,"enemies":"Donu and Deca","floor":50.0,"turns":8.0},{"damage":0.0,"enemies":"Small Slimes","floor":52.0,"turns":2.0},{"damage":6.0,"enemies":"The Mushroom Lair","floor":53.0,"turns":2.0},{"damage":0.0,"enemies":"Gremlin Nob","floor":58.0,"turns":3.0},{"damage":1.0,"enemies":"Cultist","floor":61.0,"turns":2.0},{"damage":23.0,"enemies":"Jaw Worm","floor":63.0,"turns":2.0},{"damage":3.0,"enemies":"The Guardian","floor":67.0,"turns":6.0},{"damage":43.0,"enemies":"2 Thieves","floor":69.0,"turns":3.0},{"damage":0,"enemies":"Chosen","floor":75,"turns":3},{"damage":3,"enemies":"Gremlin Leader","floor":77,"turns":4},{"damage":17,"enemies":"Centurion and Healer","floor":80,"turns":3},{"damage":0,"enemies":"Cultist and Chosen","floor":81,"turns":3},{"damage":0,"enemies":"Snecko","floor":82,"turns":3},{"damage":12,"enemies":"Collector","floor":84,"turns":5},{"damage":25,"enemies":"3 Darklings","floor":86,"turns":2},{"damage":15,"enemies":"3 Shapes","floor":87,"turns":3},{"damage":50,"enemies":"Maw","floor":88,"turns":5},{"damage":0,"enemies":"Jaw Worm Horde","floor":90,"turns":1}],"seed_played":"-7305187258336418490","potions_obtained":[{"floor":1.0,"key":"Flashbang"},{"floor":2.0,"key":"EssenceOfSteel"},{"floor":11.0,"key":"PowerPotion"},{"floor":14.0,"key":"blueLaboratory:BottledHope"},{"floor":18.0,"key":"EntropicBrew"},{"floor":24.0,"key":"Block Potion"},{"floor":31.0,"key":"blueLaboratory:HorrorPotion"},{"floor":81,"key":"Weak Potion"}],"is_trial":true,"path_per_floor":["M","M","M","M","M","R","E","R","T","M","M","R","M","M","R","B",null,"M","M","M","M","?","R","E","R","T","$","M","?","$","?","R","B",null,"M","T","T","?","$","R","M","R","T","$","E","T","?","M","R","B",null,"M","?","$","?","?","R","E","?","T","M","R","M","R","$","R","B",null,"M","?","?","?","?","R","M","R","E","R","?","M","M","M","R","B",null,"M","M","M","$","M"],"character_chosen":"THE_SILENT","items_purchased":["hubris:SphereOfDissonance","Infinite Blades+1","TwistedFunnel","Blood Vial","Replay:Rubber Ducky","Footwork","Bag of Preparation","ReplayTheSpireMod:CursedCoin","hubris:Potato","Lantern","Chemical X","hubris:PeanutButter"],"campfire_rested":1,"item_purchase_floors":[27,27,30,30,30,30,39,44,44,54,65,65],"current_hp_per_floor":[68,67,67,43,41,41,20,20,20,7,2,23,24,24,24,8,76,42,47,44,35,35,35,30,30,30,45,40,40,55,17,17,17,97,94,97,98,98,98,98,104,104,104,104,105,105,105,109,109,79,111,114,111,117,117,120,120,121,121,121,121,121,100,100,115,115,115,124,83,86,89,69,72,72,75,75,75,75,78,79,83,86,86,77,148,129,119,72,87,89,89],"gold":998,"neow_bonus":"","is_daily":false,"chose_seed":false,"campfire_upgraded":14,"win_rate":0.0,"timestamp":1609102906,"path_taken":["M","M","M","M","M","R","E","R","T","M","M","R","M","M","R","BOSS","M","M","M","M","?","R","E","R","T","$","M","?","$","?","R","BOSS","M","?","?","?","$","R","M","R","T","?","E","?","?","M","R","BOSS","M","?","$","?","?","R","E","?","T","M","R","M","R","$","R","BOSS","M","?","?","?","?","R","M","R","E","R","?","M","M","M","R","BOSS","M","M","M","$","M"],"items_purchased_type":["Relic","Card","Relic","Relic","Relic","Card","Relic","Relic","Relic","Relic","Relic","Relic"],"build_version":"2020-12-22","purchased_purges":4,"victory":false,"max_hp_per_floor":[70,70,70,70,70,70,70,70,70,70,72,72,74,75,75,76,76,84,90,92,93,93,93,94,94,94,94,96,96,96,96,96,97,97,98,98,98,98,98,98,104,104,104,104,105,105,105,109,109,111,111,114,117,117,117,120,120,121,121,121,122,122,123,123,123,123,124,124,126,126,126,126,126,126,127,127,128,128,128,144,146,147,147,148,148,154,157,158,158,158,158],"card_choices":[{"not_picked":["StuffTheSpire:Incursion","ReplayTheSpireMod:Speed Training","Underhanded Strike"],"picked":"SKIP","floor":7.0},{"not_picked":["Bane","aspiration:Lunge"],"picked":"Dagger Spray","floor":24.0},{"not_picked":["Prepared","Deadly Poison"],"picked":"Blade Dance+1","floor":31.0},{"not_picked":["Atom Bomb","Adrenaline"],"picked":"Envenom","floor":33.0},{"not_picked":["StuffTheSpire:MirrorStance","Deflect+1","Flying Knee"],"picked":"SKIP","floor":45.0},{"not_picked":["Corpse Explosion","Phantasmal Killer"],"picked":"Poison Darts","floor":50.0},{"not_picked":["ReplayTheSpireMod:Necrosis","Sneak Up","Dagger Throw"],"picked":"SKIP","floor":58.0},{"not_picked":["StuffTheSpire:Incantation+1","StuffTheSpire:Python+1"],"picked":"Noxious Fumes+1","floor":77}],"player_experience":179062,"relics_obtained":[{"floor":1.0,"key":"Tiny Chest"},{"floor":2.0,"key":"Centennial Puzzle"},{"floor":7.0,"key":"zeldaRelics:CouragePiece"},{"floor":9.0,"key":"zeldaRelics:CouragePiece"},{"floor":10.0,"key":"trackpad:ZombieHeart"},{"floor":11.0,"key":"MealTicket"},{"floor":13.0,"key":"aspiration:SeaSaltIceCream"},{"floor":14.0,"key":"Turnip"},{"floor":18.0,"key":"StuffTheSpire:CocoNut"},{"floor":19.0,"key":"CCEMRelics:CocoNut"},{"floor":20.0,"key":"Blue Doll"},{"floor":24.0,"key":"zeldaRelics:CouragePiece"},{"floor":26.0,"key":"zeldaRelics:WisdomPiece"},{"floor":28.0,"key":"hubris:ToyBattleship"},{"floor":31.0,"key":"Juzu Bracelet"},{"floor":35.0,"key":"CCEMRelics:TechnogenicHelmet"},{"floor":36.0,"key":"zeldaRelics:WisdomPiece"},{"floor":37.0,"key":"zeldaRelics:WisdomPiece"},{"floor":41.0,"key":"CCEMRelics:Pendulum"},{"floor":43.0,"key":"zeldaRelics:PowerPiece"},{"floor":45.0,"key":"zeldaRelics:PowerPiece"},{"floor":46.0,"key":"zeldaRelics:PowerPiece"},{"floor":48.0,"key":"Whetstone"},{"floor":52.0,"key":"wanderingMiniBosses:Inkheart"},{"floor":53.0,"key":"Odd Mushroom"},{"floor":60.0,"key":"StuffTheSpire:WitherSkull"},{"floor":61.0,"key":"Replay:PocketPolymizer"},{"floor":63.0,"key":"Ornamental Fan"},{"floor":69.0,"key":"MawBank"},{"floor":75,"key":"Mercury Hourglass"},{"floor":80,"key":"Mango"},{"floor":81,"key":"CCEMRelics:Sandal"},{"floor":82,"key":"hubris:SlimyHat"},{"floor":86,"key":"ReplayTheSpireMod:Lightbulb"},{"floor":87,"key":"Bag of Marbles"},{"floor":88,"key":"StuffTheSpire:RubySignet"}],"event_choices":[{"damage_healed":0.0,"max_hp_gain":0.0,"max_hp_loss":0.0,"gold_gain":100.0,"event_name":"Golden Shrine","player_choice":"Pray","floor":22.0,"gold_loss":0.0,"damage_taken":0.0},{"damage_healed":0.0,"max_hp_gain":0.0,"max_hp_loss":0.0,"gold_gain":0.0,"event_name":"betterNote:BetterNote","player_choice":"Ignored","floor":29.0,"gold_loss":0.0,"damage_taken":0.0,"cards_obtained":["RobotSpaceExplorer:Counterblock"]},{"cards_removed":["Defend_G"],"damage_healed":0.0,"max_hp_gain":0.0,"max_hp_loss":0.0,"gold_gain":0.0,"event_name":"Falling","player_choice":"Removed Skill","floor":38.0,"gold_loss":0.0,"damage_taken":0.0},{"damage_healed":0.0,"max_hp_gain":0.0,"max_hp_loss":0.0,"gold_gain":0.0,"event_name":"Mushrooms","player_choice":"Fought Mushrooms","floor":53.0,"gold_loss":0.0,"damage_taken":0.0},{"damage_healed":0.0,"max_hp_gain":0.0,"max_hp_loss":0.0,"gold_gain":0.0,"event_name":"FaceTrader","player_choice":"Trade","floor":70.0,"gold_loss":0.0,"damage_taken":0.0,"relics_obtained":["NlothsMask"]},{"damage_healed":0,"gold_gain":99,"player_choice":"Steal","damage_taken":0,"max_hp_gain":0,"max_hp_loss":0,"event_name":"betterThird:BetterNest","floor":71,"gold_loss":0},{"damage_healed":0,"gold_gain":0,"cards_transformed":["StuffTheSpire:Brawn"],"player_choice":"Transformed","damage_taken":0,"max_hp_gain":0,"max_hp_loss":0,"event_name":"Transmorgrifier","floor":73,"gold_loss":0,"cards_obtained":["Leg Sweep"]}],"is_beta":false,"boss_relics":[{"not_picked":["energizedSpire:SpiderWeb","aspiration:DefectSkillbook","Runic Pyramid"]},{"not_picked":["aspiration:IroncladSkillbook","hubris:BlackHole","energizedSpire:PogoStick"]},{"not_picked":["Snecko Eye","StuffTheSpire:RunicConfusion","Replay:Wanted Poster"]},{"not_picked":["Velvet Choker","trackpad:Coffee","Kintsugi"]},{"not_picked":["StuffTheSpire:RunicHypercube","energizedSpire:DeadBattery","Replay:Drink Me"]}],"items_purged_floors":[27,39,44,54],"is_endless":true,"potions_floor_spawned":[1,2,11,13,14,18,19,24,48,50,52,61,63,77,81,84,87,88],"killed_by":"Jaw Worm Horde","ascension_level":0}}