{"host":"a1eatafr7pisesky","time":1609080106,"event":{"mods":["BaseMod","Colored Map","DeckTracker","Highlight Path","Keyboard Shortcuts","Minty Spire (QoL Compilation)","Permanent Neow","Random Character Button","StSLib","SuperFastMode","everything is the same but u backflip on backflip"],"gold_per_floor":[109,125,140,152,1,1,20,20,46,46,46,46,85,103,103,228,228,246,266,291,311,311,311,311,311],"floor_reached":24,"playtime":550,"items_purged":["Strike_G"],"score":250,"play_id":"d5258c3a-da8a-40f0-9f31-8fe0a5da2e4d","local_time":"20201227234146","is_ascension_mode":true,"campfire_choices":[{"data":"Neutralize","floor":6.0,"key":"SMITH"},{"floor":12.0,"key":"REST"},{"floor":15.0,"key":"REST"},{"floor":23.0,"key":"REST"}],"circlet_count":0,"master_deck":["Strike_G+1","Strike_G+1","Defend_G+1","Defend_G+1","Defend_G+1","Defend_G+1","Defend_G+1","Survivor+1","Neutralize+1","Dagger Spray","Cloak And Dagger","Dagger Spray","Noxious Fumes","Poisoned Stab","Backstab","Corpse Explosion","Deadly Poison","Poisoned Stab","Cloak And Dagger"],"relics":["Ring of the Snake","War Paint","Golden Idol","Vajra","Art of War","Empty Cage"],"acts_visited":["Exordium","TheCity"],"potions_floor_usage":[],"damage_taken":[{"damage":6.0,"enemies":"2 Louse","floor":1.0,"turns":3.0},{"damage":1.0,"enemies":"Jaw Worm","floor":2.0,"turns":5.0},{"damage":6.0,"enemies":"Cultist","floor":3.0,"turns":3.0},{"damage":14.0,"enemies":"Looter","floor":4.0,"turns":4.0},{"damage":9.0,"enemies":"2 Fungi Beasts","floor":7.0,"turns":3.0},{"damage":9.0,"enemies":"Lagavulin","floor":13.0,"turns":6.0},{"damage":11.0,"enemies":"Large Slime","floor":14.0,"turns":5.0},{"damage":11.0,"enemies":"The Guardian","floor":16.0,"turns":11.0},{"damage":2.0,"enemies":"2 Thieves","floor":18.0,"turns":2.0},{"damage":10.0,"enemies":"Spheric Guardian","floor":19.0,"turns":5.0},{"damage":26.0,"enemies":"Cultist and Chosen","floor":20.0,"turns":5.0},{"damage":14.0,"enemies":"Snecko","floor":21.0,"turns":4.0},{"damage":28,"enemies":"Slavers","floor":24,"turns":1}],"seed_played":"801016335434302455","potions_obtained":[{"floor":1.0,"key":"SteroidPotion"},{"floor":2.0,"key":"LiquidBronze"},{"floor":4.0,"key":"FearPotion"},{"floor":14.0,"key":"AttackPotion"},{"floor":16.0,"key":"Strength Potion"}],"is_trial":false,"path_per_floor":["M","M","M","M","$","R","M","?","T","?","$","R","E","M","R","B",null,"M","M","M","M","?","R","E"],"character_chosen":"THE_SILENT","items_purchased":["Noxious Fumes"],"campfire_rested":3,"item_purchase_floors":[5],"current_hp_per_floor":[64,63,57,43,43,43,34,34,34,21,21,40,31,20,39,28,56,54,44,18,4,4,23,0,0],"gold":311,"neow_bonus":"RANDOM_COMMON_RELIC","is_daily":false,"chose_seed":false,"campfire_upgraded":1,"win_rate":0.0,"timestamp":1609080106,"path_taken":["M","M","M","M","$","R","M","?","T","?","?","R","E","M","R","BOSS","M","M","M","?","?","R","E"],"items_purchased_type":["Card"],"build_version":"2020-12-22","purchased_purges":1,"victory":false,"max_hp_per_floor":[70,70,70,70,70,70,70,65,65,65,65,65,65,65,65,65,65,65,65,65,65,65,65,65,65],"card_choices":[{"not_picked":["Caltrops","Bouncing Flask"],"picked":"Dagger Spray","floor":1.0},{"not_picked":["Well Laid Plans","Slice","Dodge and Roll"],"picked":"SKIP","floor":2.0},{"not_picked":["Acrobatics","Outmaneuver"],"picked":"Cloak And Dagger","floor":3.0},{"not_picked":["Choke","Setup"],"picked":"Dagger Spray","floor":4.0},{"not_picked":["Escape Plan","Dagger Spray"],"picked":"Poisoned Stab","floor":7.0},{"not_picked":["Bane","Eviscerate","Caltrops"],"picked":"SKIP","floor":13.0},{"not_picked":["Choke","Finisher"],"picked":"Backstab","floor":14.0},{"not_picked":["Grand Finale","Venomology"],"picked":"Corpse Explosion","floor":16.0},{"not_picked":["Outmaneuver+1","Backflip"],"picked":"Deadly Poison","floor":18.0},{"not_picked":["Blade Dance+1","Eviscerate","Dagger Spray"],"picked":"SKIP","floor":19.0},{"not_picked":["Flying Knee+1","Endless Agony"],"picked":"Poisoned Stab","floor":20.0},{"not_picked":["Masterful Stab","Flying Knee+1"],"picked":"Cloak And Dagger","floor":21.0}],"player_experience":260208,"relics_obtained":[{"floor":9.0,"key":"Vajra"},{"floor":13.0,"key":"Art of War"}],"event_choices":[{"damage_healed":0.0,"max_hp_gain":0.0,"max_hp_loss":5.0,"gold_gain":0.0,"event_name":"Golden Idol","player_choice":"Lose Max HP","floor":8.0,"gold_loss":0.0,"damage_taken":0.0,"relics_obtained":["Golden Idol"]},{"damage_healed":0.0,"max_hp_gain":0.0,"max_hp_loss":0.0,"gold_gain":0.0,"event_name":"Shining Light","player_choice":"Entered Light","floor":10.0,"gold_loss":0.0,"damage_taken":13.0,"cards_upgraded":["Strike_G","Defend_G"]},{"damage_healed":0.0,"max_hp_gain":0.0,"max_hp_loss":0.0,"gold_gain":0.0,"event_name":"Back to Basics","player_choice":"Simplicity","floor":22.0,"gold_loss":0.0,"damage_taken":0.0,"cards_upgraded":["Strike_G","Defend_G","Defend_G","Defend_G"]}],"is_beta":false,"boss_relics":[{"not_picked":["Ring of the Serpent","Philosopher\u0027s Stone"],"picked":"Empty Cage"}],"items_purged_floors":[5],"is_endless":false,"potions_floor_spawned":[1,2,4,14,16,18],"killed_by":"Slavers","ascension_level":5}}