{"host":"fne7yx97fnz7kq05","time":1609106295,"event":{"mods":["BaseMod","Colored Map","Colored Powertips","Highlight Path","Minty Spire (QoL Compilation)","Relic Stats"],"gold_per_floor":[112,59,59,59,72,104,104,131,131,145,175,185,185,185,185,185,185],"floor_reached":16,"playtime":692,"items_purged":[],"score":279,"play_id":"5163ba37-6cd0-41a0-9cfc-b0dc70bdf26f","local_time":"20201227155815","is_ascension_mode":true,"campfire_choices":[{"data":"Predator","floor":7,"key":"SMITH"},{"data":"Well Laid Plans","floor":13,"key":"SMITH"},{"floor":15,"key":"REST"}],"circlet_count":0,"master_deck":["AscendersBane","Strike_G","Strike_G+1","Strike_G","Strike_G","Strike_G+1","Defend_G","Defend_G","Defend_G","Defend_G","Defend_G","Survivor","Neutralize","Dagger Spray","Pain","Predator+1","Acrobatics","Well Laid Plans+1","Corpse Explosion"],"relics":["Ring of the Snake","NeowsBlessing","WarpedTongs","Whetstone","MealTicket","Omamori"],"acts_visited":["Exordium"],"potions_floor_usage":[8,11,16,16],"damage_taken":[{"damage":0,"enemies":"2 Louse","floor":1,"turns":1},{"damage":1,"enemies":"Cultist","floor":5,"turns":1},{"damage":0,"enemies":"3 Sentries","floor":6,"turns":1},{"damage":35,"enemies":"Lagavulin","floor":8,"turns":8},{"damage":3,"enemies":"Small Slimes","floor":10,"turns":3},{"damage":10,"enemies":"Gremlin Nob","floor":11,"turns":3},{"damage":6,"enemies":"Looter","floor":12,"turns":3},{"damage":23,"enemies":"Hexaghost","floor":16,"turns":10}],"seed_played":"-4461398622187571429","potions_obtained":[{"floor":6,"key":"Strength Potion"},{"floor":8,"key":"GamblersBrew"},{"floor":12,"key":"AttackPotion"}],"is_trial":false,"path_per_floor":["M","$","?","$","M","E","R","E","T","M","E","M","R","?","R","B"],"character_chosen":"THE_SILENT","items_purchased":["Weak Potion"],"campfire_rested":1,"item_purchase_floors":[2],"current_hp_per_floor":[59,59,59,59,58,58,58,23,23,20,10,4,4,4,23,0,0],"gold":185,"neow_bonus":"THREE_ENEMY_KILL","is_daily":false,"chose_seed":false,"campfire_upgraded":2,"win_rate":0.0,"timestamp":1609106295,"path_taken":["M","$","?","$","?","E","R","E","T","M","E","?","R","?","R","BOSS"],"items_purchased_type":["Potion"],"build_version":"2020-12-22","purchased_purges":0,"victory":false,"max_hp_per_floor":[66,66,66,66,66,66,66,66,66,66,66,66,66,66,66,66,66],"relic_stats":{"counters":[8,30],"MealTicket":0,"Whetstone":["Strike_G","Strike_G"],"obtain_stats":[{"NeowsBlessing":0,"MealTicket":9,"Omamori":11,"Whetstone":8,"Ring of the Snake":0,"WarpedTongs":3},{"NeowsBlessing":0,"MealTicket":4,"Omamori":6,"Whetstone":4,"Ring of the Snake":0,"WarpedTongs":1},{"NeowsBlessing":0,"MealTicket":11,"Omamori":17,"Whetstone":11,"Ring of the Snake":0,"WarpedTongs":1}],"Ring of the Snake":[16],"WarpedTongs":[28]},"card_choices":[{"not_picked":["Catalyst","Accuracy"],"picked":"Dagger Spray","floor":1},{"not_picked":["Flying Knee","Calculated Gamble","Distraction"],"picked":"SKIP","floor":5},{"not_picked":["Cloak And Dagger","Underhanded Strike"],"picked":"Predator","floor":6},{"not_picked":["Finisher","Infinite Blades"],"picked":"Acrobatics","floor":8},{"not_picked":["PiercingWail","Cloak And Dagger"],"picked":"Well Laid Plans","floor":10},{"not_picked":["Dagger Throw","Masterful Stab","Outmaneuver"],"picked":"SKIP","floor":11},{"not_picked":["Prepared","Blur"],"picked":"Corpse Explosion","floor":12}],"player_experience":253201,"relics_obtained":[{"floor":8,"key":"Whetstone"},{"floor":9,"key":"MealTicket"},{"floor":11,"key":"Omamori"}],"event_choices":[{"damage_healed":0,"gold_gain":0,"player_choice":"Rummage","damage_taken":0,"relics_obtained":["WarpedTongs"],"max_hp_gain":0,"max_hp_loss":0,"event_name":"Accursed Blacksmith","floor":3,"gold_loss":0,"cards_obtained":["Pain"]},{"damage_healed":0,"gold_gain":0,"player_choice":"Ignored","damage_taken":0,"max_hp_gain":0,"max_hp_loss":0,"event_name":"Liars Game","floor":14,"gold_loss":0}],"is_beta":false,"boss_relics":[],"items_purged_floors":[],"is_endless":false,"potions_floor_spawned":[6,8,12],"killed_by":"Hexaghost","ascension_level":19}}