{"host":"agbyy69nq62afhwx","time":1609076934,"event":{"mods":["BaseMod","Colored Map","DeckTracker","Highlight Path","Keyboard Shortcuts","Minty Spire (QoL Compilation)","Quick Restart","StSLib","SuperFastMode","everything is the same but u backflip on backflip"],"gold_per_floor":[119,132,142,66,66,66,98,30,30,30,50,50,50,67,67,143,143,153,153,170,170,170],"floor_reached":21,"playtime":549,"items_purged":[],"score":313,"play_id":"6ee20610-6065-4110-9c65-edf340ec0af9","local_time":"20201227224854","is_ascension_mode":true,"campfire_choices":[{"data":"Noxious Fumes","floor":6.0,"key":"SMITH"},{"floor":10.0,"key":"REST"},{"data":"Predator","floor":13.0,"key":"SMITH"},{"data":"Flying Knee","floor":15.0,"key":"SMITH"}],"circlet_count":0,"master_deck":["AscendersBane","Strike_G","Strike_G","Strike_G","Strike_G","Defend_G","Defend_G","Defend_G","Defend_G","Defend_G","Survivor","Neutralize","Predator+1","Flying Knee+1","Noxious Fumes+1","Outmaneuver+1","Cloak And Dagger+1","Wraith Form v2","Flechettes+1","RitualDagger+1","Prepared+1"],"relics":["Ring of the Snake","Molten Egg 2","Toxic Egg 2","Philosopher\u0027s Stone"],"acts_visited":["Exordium","TheCity"],"potions_floor_usage":[],"damage_taken":[{"damage":3.0,"enemies":"2 Louse","floor":1.0,"turns":2.0},{"damage":4.0,"enemies":"Jaw Worm","floor":2.0,"turns":3.0},{"damage":0.0,"enemies":"Small Slimes","floor":3.0,"turns":3.0},{"damage":33.0,"enemies":"Lagavulin","floor":7.0,"turns":6.0},{"damage":5.0,"enemies":"Red Slaver","floor":11.0,"turns":4.0},{"damage":4.0,"enemies":"Looter","floor":14.0,"turns":3.0},{"damage":53.0,"enemies":"Slime Boss","floor":16.0,"turns":12.0},{"damage":19.0,"enemies":"2 Thieves","floor":18.0,"turns":5.0},{"damage":6.0,"enemies":"Shell Parasite","floor":20.0,"turns":2.0},{"damage":20,"enemies":"Shelled Parasite and Fungi","floor":21,"turns":4}],"seed_played":"6755512381138846481","potions_obtained":[{"floor":2.0,"key":"SkillPotion"},{"floor":14.0,"key":"AttackPotion"}],"is_trial":false,"path_per_floor":["M","M","M","$","?","R","E","?","T","R","M","?","R","M","R","B",null,"M","?","M","M"],"character_chosen":"THE_SILENT","items_purchased":["Noxious Fumes"],"campfire_rested":1,"item_purchase_floors":[4],"current_hp_per_floor":[56,52,52,52,52,52,19,19,19,38,33,66,66,62,62,9,52,33,27,21,1,1],"gold":170,"neow_bonus":"TRANSFORM_CARD","is_daily":false,"chose_seed":false,"campfire_upgraded":3,"win_rate":0.0,"timestamp":1609076934,"path_taken":["M","M","M","$","?","R","E","?","T","R","M","?","R","?","R","BOSS","M","?","M","M"],"items_purchased_type":["Card"],"build_version":"2020-12-22","purchased_purges":0,"victory":false,"max_hp_per_floor":[66,66,66,66,66,66,66,66,66,66,66,66,66,66,66,66,66,66,66,66,66,66],"card_choices":[{"not_picked":["Poisoned Stab","Outmaneuver"],"picked":"Flying Knee","floor":1.0},{"not_picked":["Riddle With Holes","Heel Hook","Sucker Punch"],"picked":"SKIP","floor":2.0},{"not_picked":["Sucker Punch","Acrobatics"],"picked":"Well Laid Plans","floor":3.0},{"not_picked":["Prepared","Blade Dance","Night Terror"],"picked":"SKIP","floor":7.0},{"not_picked":["Sucker Punch+1","Deflect+1"],"picked":"Outmaneuver+1","floor":11.0},{"not_picked":["Sucker Punch+1","Underhanded Strike+1"],"picked":"Cloak And Dagger+1","floor":14.0},{"not_picked":["Glass Knife+1","Grand Finale+1"],"picked":"Wraith Form v2","floor":16.0},{"not_picked":["Skewer+1","Tactician+1"],"picked":"Flechettes+1","floor":18.0},{"not_picked":["Endless Agony+1","Noxious Fumes"],"picked":"Prepared+1","floor":20.0}],"player_experience":386947,"relics_obtained":[{"floor":7.0,"key":"Molten Egg 2"},{"floor":9.0,"key":"Toxic Egg 2"}],"event_choices":[{"damage_healed":0.0,"max_hp_gain":0.0,"max_hp_loss":0.0,"gold_gain":0.0,"event_name":"Shining Light","player_choice":"Ignored","floor":5.0,"gold_loss":0.0,"damage_taken":0.0},{"damage_healed":0.0,"max_hp_gain":0.0,"max_hp_loss":0.0,"gold_gain":0.0,"event_name":"World of Goop","player_choice":"Left Gold","floor":8.0,"gold_loss":68.0,"damage_taken":0.0},{"cards_removed":["Well Laid Plans"],"damage_healed":33.0,"max_hp_gain":0.0,"max_hp_loss":0.0,"gold_gain":0.0,"event_name":"Bonfire Elementals","player_choice":"Offered Uncommon","floor":12.0,"gold_loss":0.0,"damage_taken":0.0},{"damage_healed":0.0,"max_hp_gain":0.0,"max_hp_loss":0.0,"gold_gain":0.0,"event_name":"Nest","player_choice":"Joined the Cult","floor":19.0,"gold_loss":0.0,"damage_taken":6.0,"cards_obtained":["RitualDagger"]}],"is_beta":false,"boss_relics":[{"not_picked":["Runic Pyramid","Busted Crown"],"picked":"Philosopher\u0027s Stone"}],"items_purged_floors":[],"is_endless":false,"potions_floor_spawned":[2,14,16],"killed_by":"Shelled Parasite and Fungi","ascension_level":15}}