{"host":"oeeu8njhzvf3llor","time":1609027849,"event":{"mods":["BaseMod","Better Match","Better Note","Better Skull","Better Third Choice","Hubris","Minty Spire (QoL Compilation)","Rare Cards Sparkle","Replay The Spire","Shop Mod","Spicy Shops","StSLib","Swap Starting Deck Mod"],"gold_per_floor":[114,114,114,134,73,98,98,113,113,38,38,38,65,90,90,189,189,222,222,254,274,16,22,22],"floor_reached":23,"playtime":899,"items_purged":["Strike_G"],"score":235,"play_id":"4ae2a51e-c709-4ea1-8676-6b070701467b","local_time":"20201226191049","is_ascension_mode":true,"campfire_choices":[{"data":"Replay:Poison Smokescreen","floor":12.0,"key":"SMITH"},{"data":"Toxin Wave","floor":15.0,"key":"SMITH"}],"circlet_count":0,"master_deck":["Strike_G","Strike_G","Strike_G","Strike_G","Defend_G","Defend_G","Defend_G","Defend_G","Defend_G","Survivor","Neutralize+1","Well Laid Plans","Toxin Wave+1","Sucker Punch","Replay:Poison Smokescreen+1","Noxious Fumes","Backstab","Atom Bomb","Poisoned Stab","PiercingWail+1","Dagger Spray+1","Crippling Poison"],"relics":["NeowsBlessing","Sizzling Blood","Sundial","Replay:Bandana","Cursed Key","hubris:SlimyHat","Gremlin Food"],"acts_visited":["Exordium","TheCity"],"potions_floor_usage":[18,21,21],"damage_taken":[{"damage":0.0,"enemies":"Jaw Worm","floor":1.0,"turns":1.0},{"damage":0.0,"enemies":"Small Slimes","floor":4.0,"turns":1.0},{"damage":0.0,"enemies":"Gremlin Nob","floor":6.0,"turns":1.0},{"damage":0.0,"enemies":"Cultist","floor":8.0,"turns":3.0},{"damage":9.0,"enemies":"Replay:BlueRogue","floor":13.0,"turns":5.0},{"damage":11.0,"enemies":"2 Fungi Beasts","floor":14.0,"turns":4.0},{"damage":9.0,"enemies":"Fading Forest","floor":16.0,"turns":11.0},{"damage":19,"enemies":"3 Byrds","floor":18,"turns":4},{"damage":15,"enemies":"2 Thieves","floor":20,"turns":4},{"damage":19,"enemies":"Cultist and Chosen","floor":21,"turns":4},{"damage":35,"enemies":"Slavers","floor":23,"turns":2}],"seed_played":"-5300588775147746040","potions_obtained":[{"floor":1.0,"key":"AttackPotion"},{"floor":4.0,"key":"Explosive Potion"},{"floor":16.0,"key":"GhostInAJar"},{"floor":18,"key":"ColorlessPotion"}],"is_trial":false,"path_per_floor":["M","?","?","M","$","E","?","M","T","$","?","R","E","M","R","B",null,"M","?","M","M","$","E"],"character_chosen":"THE_SILENT","items_purchased":["Sucker Punch","hubris:SlimyHat","Crippling Poison","Gremlin Food"],"campfire_rested":0,"item_purchase_floors":[5,22,22,22],"current_hp_per_floor":[70,74,74,74,74,74,56,60,60,60,60,60,55,48,48,43,74,59,59,48,33,33,0,0],"gold":22,"neow_bonus":"THREE_ENEMY_KILL","is_daily":false,"chose_seed":false,"campfire_upgraded":2,"win_rate":0.0,"timestamp":1609027849,"path_taken":["M","?","?","?","$","E","?","M","T","?","?","R","E","M","R","BOSS","M","?","M","M","?","E"],"items_purchased_type":["Card","Relic","Card","Relic"],"build_version":"2020-12-22","purchased_purges":1,"victory":false,"max_hp_per_floor":[70,74,74,74,74,74,74,74,74,74,74,74,74,74,74,74,74,74,74,74,74,74,74,74],"card_choices":[{"not_picked":["Deflect","Outmaneuver"],"picked":"Well Laid Plans","floor":1.0},{"not_picked":["PiercingWail","Flying Knee"],"picked":"Toxin Wave","floor":4.0},{"not_picked":["Slice","PiercingWail"],"picked":"Replay:Poison Smokescreen","floor":6.0},{"not_picked":["ReplayTheSpireMod:Scrap Shanks","Cloak And Dagger","Eviscerate"],"picked":"SKIP","floor":8.0},{"not_picked":["Fluid Movement","Cloak And Dagger"],"picked":"Noxious Fumes","floor":13.0},{"not_picked":["Slice","ReplayTheSpireMod:Tripwire"],"picked":"Backstab","floor":14.0},{"not_picked":["After Image","Storm of Steel"],"picked":"Atom Bomb","floor":16.0},{"not_picked":["Sucker Punch+1","Dagger Throw"],"picked":"Poisoned Stab","floor":18},{"not_picked":["Sucker Punch","Slice"],"picked":"PiercingWail+1","floor":20},{"not_picked":["Dagger Throw","Tactician"],"picked":"Dagger Spray+1","floor":21}],"player_experience":471044,"relics_obtained":[{"floor":6.0,"key":"Sundial"},{"floor":13.0,"key":"Replay:Bandana"}],"event_choices":[{"damage_healed":0.0,"max_hp_gain":0.0,"max_hp_loss":0.0,"gold_gain":0.0,"event_name":"Accursed Blacksmith","player_choice":"Forge","floor":3.0,"gold_loss":0.0,"damage_taken":0.0,"cards_upgraded":["Neutralize"]},{"damage_healed":0.0,"max_hp_gain":0.0,"max_hp_loss":0.0,"gold_gain":0.0,"event_name":"betterThird:BetterScrap","player_choice":"LEAVE","floor":7.0,"gold_loss":0.0,"damage_taken":18.0,"cards_obtained":["Shockwave"]},{"damage_healed":0.0,"max_hp_gain":0.0,"max_hp_loss":0.0,"gold_gain":0.0,"event_name":"Golden Wing","player_choice":"Ignored","floor":11.0,"gold_loss":0.0,"damage_taken":0.0},{"cards_removed":["Strike_G"],"damage_healed":0,"gold_gain":0,"player_choice":"Give","damage_taken":0,"max_hp_gain":0,"max_hp_loss":0,"event_name":"betterNote:BetterNote","floor":19,"gold_loss":0,"cards_obtained":["None"]}],"is_beta":false,"boss_relics":[{"not_picked":["hubris:ScarierMask","Ectoplasm"],"picked":"Cursed Key"}],"items_purged_floors":[10],"is_endless":false,"potions_floor_spawned":[1,4,16,18],"killed_by":"Slavers","ascension_level":1}}