{"host":"dcj2yvrgcvh5dl2s","time":1609049803,"event":{"mods":["BaseMod","Better Note","Block Reminder","Colored Powertips","DeckTracker","Minty Spire (QoL Compilation)","Quick Restart","Rare Cards Sparkle","Relic Stats","StSLib"],"gold_per_floor":[116,132,57,67,67,97,97,122,122,156,156,174,198,248,248,248,248],"floor_reached":16,"playtime":324,"items_purged":[],"score":212,"play_id":"db6ee3b3-ba3a-40cf-8af3-c29c8529b67b","local_time":"20201227161643","is_ascension_mode":true,"campfire_choices":[{"floor":7,"key":"REST"},{"floor":11,"key":"REST"},{"floor":15,"key":"REST"}],"circlet_count":0,"master_deck":["AscendersBane","Strike_R","Strike_R","Strike_R","Defend_R","Defend_R","Defend_R","Defend_R","Bash","Disarm","Cleave","Immolate","Inflame","Inflame","Infernal Blade"],"relics":["Burning Blood","Charon\u0027s Ashes","Magic Flower","Bottled Flame","Gremlin Horn","Calipers","MealTicket"],"acts_visited":["Exordium"],"potions_floor_usage":[16,16],"damage_taken":[{"damage":8,"enemies":"Jaw Worm","floor":1,"turns":4},{"damage":2,"enemies":"2 Louse","floor":2,"turns":3},{"damage":22,"enemies":"Small Slimes","floor":4,"turns":4},{"damage":25,"enemies":"3 Sentries","floor":6,"turns":4},{"damage":20,"enemies":"Gremlin Nob","floor":8,"turns":4},{"damage":33,"enemies":"Lagavulin","floor":10,"turns":7},{"damage":16,"enemies":"Blue Slaver","floor":12,"turns":3},{"damage":39,"enemies":"Hexaghost","floor":16,"turns":8}],"seed_played":"-5105137378703847473","potions_obtained":[{"floor":1,"key":"Energy Potion"},{"floor":10,"key":"BlessingOfTheForge"}],"is_trial":false,"path_per_floor":["M","M","?","M","?","E","R","E","T","E","R","M","T","?","R","B"],"character_chosen":"IRONCLAD","items_purchased":[],"campfire_rested":3,"item_purchase_floors":[],"current_hp_per_floor":[66,68,68,52,45,26,46,35,35,11,31,24,24,18,38,0,0],"gold":248,"neow_bonus":"ONE_RARE_RELIC","is_daily":false,"chose_seed":false,"campfire_upgraded":0,"win_rate":0.0,"timestamp":1609049803,"path_taken":["M","M","?","M","?","E","R","E","T","E","R","M","?","?","R","BOSS"],"items_purchased_type":[],"build_version":"2020-12-22","purchased_purges":0,"victory":false,"max_hp_per_floor":[68,68,68,68,68,68,68,68,68,68,68,68,68,68,68,68,68],"relic_stats":{"Gremlin Horn":[0,0],"counters":[8,37],"Magic Flower":[9],"MealTicket":0,"Charon\u0027s Ashes":[47],"obtain_stats":[{"Bottled Flame":8,"Calipers":10,"Gremlin Horn":9,"Magic Flower":6,"MealTicket":13,"Charon\u0027s Ashes":0,"Burning Blood":0},{"Bottled Flame":5,"Calipers":6,"Gremlin Horn":5,"Magic Flower":4,"MealTicket":7,"Charon\u0027s Ashes":0,"Burning Blood":0},{"Bottled Flame":19,"Calipers":26,"Gremlin Horn":19,"Magic Flower":15,"MealTicket":29,"Charon\u0027s Ashes":0,"Burning Blood":0}],"Burning Blood":49},"card_choices":[{"not_picked":["Dropkick","Pommel Strike"],"picked":"Disarm","floor":1},{"not_picked":["Ghostly Armor","Fire Breathing"],"picked":"Cleave","floor":2},{"not_picked":["Entrench","Perfected Strike"],"picked":"Immolate","floor":4},{"not_picked":["Shockwave","Headbutt"],"picked":"Inflame","floor":6},{"not_picked":["Clothesline","Headbutt","Perfected Strike"],"picked":"SKIP","floor":8},{"not_picked":["Power Through","Rupture"],"picked":"Inflame","floor":10},{"not_picked":["Rage","Perfected Strike"],"picked":"Infernal Blade","floor":12}],"player_experience":2046556,"relics_obtained":[{"floor":6,"key":"Magic Flower"},{"floor":8,"key":"Bottled Flame"},{"floor":9,"key":"Gremlin Horn"},{"floor":10,"key":"Calipers"},{"floor":13,"key":"MealTicket"}],"event_choices":[{"cards_removed":["Strike_R"],"damage_healed":0,"gold_gain":0,"player_choice":"Card Removal","damage_taken":0,"max_hp_gain":0,"max_hp_loss":0,"event_name":"The Cleric","floor":3,"gold_loss":75},{"cards_removed":["Strike_R"],"damage_healed":0,"gold_gain":0,"player_choice":"Card Removal","damage_taken":7,"max_hp_gain":0,"max_hp_loss":0,"event_name":"Golden Wing","floor":5,"gold_loss":0},{"damage_healed":0,"gold_gain":50,"player_choice":"Touch","damage_taken":6,"max_hp_gain":0,"max_hp_loss":0,"event_name":"FaceTrader","floor":14,"gold_loss":0}],"is_beta":false,"boss_relics":[],"items_purged_floors":[],"is_endless":false,"potions_floor_spawned":[1,10,12],"killed_by":"Hexaghost","ascension_level":16}}