{"host":"bjzqjr1ycgj8gt55","time":1609038560,"event":{"mods":["BaseMod","Better Altar","Better Match","Better Sensory Stone","Better Skull","Better Third Choice","Better Vampires","Block Reminder","Colored Map","Colored Powertips","Downfall","Duelist Mod","GifTheSpireLib","Hermit","Infinite Spire","Minty Spire (QoL Compilation)","Rare Cards Sparkle","Red Circlet Mod","Shop Mod","Spicy Shops","StSLib","The Cursed","TheVacant","Waifu the Spire","everything is the same but u backflip on backflip","slay the spire mod where everything is the same but ironclad has a cowboy hat"],"gold_per_floor":[99,99,99,99,110,120,147,165,165,265,265,295,295,324,342,443,443,443,458,468,518,538,557,557,657,682,682,696,696,13,38,54,158,158,158,172,187,27,77,77,156,185,16,30,30,41,54,54,72,72,72],"floor_reached":50,"playtime":2907,"items_purged":[],"score":837,"play_id":"86c072f3-4b06-442a-8425-c6b588a17ec8","local_time":"20201226210920","is_ascension_mode":true,"campfire_choices":[{"floor":1.0,"key":"RECALL"},{"data":"Guardian:DonusPower","floor":9.0,"key":"SMITH"},{"data":"Guardian:Preprogram","floor":11.0,"key":"SMITH"},{"data":"Guardian:TimeBomb","floor":18,"key":"SMITH"},{"floor":27,"key":"REST"},{"data":"infinitespire:SevenWalls","floor":29,"key":"SMITH"},{"data":"Guardian:FuturePlans","floor":35,"key":"SMITH"},{"data":"Guardian:CompilePackage","floor":40,"key":"SMITH"}],"circlet_count":0,"master_deck":["Guardian:Defend_Guardian+1","Guardian:Defend_Guardian+1","Guardian:Defend_Guardian","Guardian:CurlUp","Guardian:TwinSlam","Guardian:BronzeArmor","Guardian:PiercingHide+1","Guardian:ShieldSpikes+1","Guardian:DonusPower+1","Guardian:SpikerProtocol","Guardian:TemporalStrike","Guardian:Preprogram+1","Guardian:CompilePackage+1","Guardian:ChargeCore","Guardian:TimeBomb+1","Guardian:FierceBash","Guardian:Planning","Guardian:SpikerProtocol","Guardian:Suspension","Guardian:ShieldCharger","Guardian:GemFire","infinitespire:SevenWalls+1","J.A.X.","Guardian:TemporalShield","Guardian:Suspension","Guardian:BronzeArmor","Guardian:TimeSifter","Guardian:FastForward","Guardian:Planning","Guardian:PiercingHide","Guardian:FuturePlans+1","Guardian:ChargeUp","Guardian:EvasiveProtocol+1","Guardian:CompilePackage","Guardian:Repulse+1","infinitespire:SevenWalls+1","Guardian:Planning","Guardian:ShieldCharger+1","Guardian:TimeBomb+1","Guardian:TimeCapacitor","Panache","Guardian:FierceBash","Guardian:Gem_Lightblue","Guardian:Planning+1","Parasite","Guardian:Gem_Fragmented","Guardian:Suspension+1","infinitespire:TheBestDefense+1","Guardian:GemFire"],"relics":["StoneCalendar","hermit:ClaspedLocket","SacredBark","theDuelist:CoralToken","theDuelist:CardPoolOptionsRelic","InkBottle","champ:FightingForDummies","Red Skull","Mango","MealTicket","Mark of Pain","DollysMirror","theDuelist:DragonRelicB","theDuelist:ZombieRelic","Emotion Chip","infinitespire:Chaos","Unceasing Top","Toxic Egg 2","Bag of Preparation","TungstenRod"],"acts_visited":["Exordium","TheCity","TheBeyond"],"potions_floor_usage":[12,26,33,43,46,50,50],"damage_taken":[{"damage":0.0,"enemies":"Cultist","floor":2.0,"turns":1.0},{"damage":0.0,"enemies":"Small Slimes","floor":3.0,"turns":1.0},{"damage":0.0,"enemies":"2 Louse","floor":4.0,"turns":1.0},{"damage":0.0,"enemies":"Blue Slaver","floor":5.0,"turns":6.0},{"damage":0.0,"enemies":"2 Fungi Beasts","floor":6.0,"turns":4.0},{"damage":2.0,"enemies":"Large Slime","floor":8.0,"turns":8.0},{"damage":14.0,"enemies":"downfall:Heads","floor":10.0,"turns":5.0},{"damage":29,"enemies":"Gremlin Nob","floor":12,"turns":5},{"damage":4,"enemies":"Lagavulin","floor":14,"turns":5},{"damage":0,"enemies":"Blue Slaver","floor":15,"turns":4},{"damage":7,"enemies":"downfall:Ironclad","floor":16,"turns":5},{"damage":12,"enemies":"Spheric Guardian","floor":19,"turns":4},{"damage":16,"enemies":"Chosen","floor":20,"turns":6},{"damage":1,"enemies":"Snake Plant","floor":22,"turns":4},{"damage":0,"enemies":"Snecko","floor":23,"turns":4},{"damage":7,"enemies":"downfall:Augmenter","floor":25,"turns":6},{"damage":0,"enemies":"Masked Bandits","floor":26,"turns":3},{"damage":3,"enemies":"Sentry and Sphere","floor":28,"turns":4},{"damage":3,"enemies":"downfall:FleeingMerchant","floor":30,"turns":4},{"damage":0,"enemies":"Nightmare","floor":31,"turns":5},{"damage":3,"enemies":"Shelled Parasite and Fungi","floor":32,"turns":3},{"damage":16,"enemies":"downfall:Watcher","floor":33,"turns":8},{"damage":2,"enemies":"Orb Walker","floor":36,"turns":4},{"damage":3,"enemies":"3 Darklings","floor":37,"turns":5},{"damage":18,"enemies":"downfall:FleeingMerchant","floor":38,"turns":4},{"damage":4,"enemies":"Mind Bloom Boss Battle","floor":39,"turns":5},{"damage":0,"enemies":"Giant Head","floor":42,"turns":7},{"damage":0,"enemies":"downfall:FleeingMerchant","floor":43,"turns":4},{"damage":27,"enemies":"Transient","floor":44,"turns":5},{"damage":2,"enemies":"Writhing Mass","floor":46,"turns":4},{"damage":8,"enemies":"Jaw Worm Horde","floor":47,"turns":3},{"damage":18,"enemies":"3 Darklings","floor":49,"turns":3}],"seed_played":"-1230270712384619176","potions_obtained":[{"floor":5.0,"key":"ColorlessPotion"},{"floor":6.0,"key":"Strength Potion"},{"floor":14,"key":"Weak Potion"},{"floor":15,"key":"SneckoOil"},{"floor":19,"key":"champ:CounterPotion"},{"floor":21,"key":"LiquidMemories"},{"floor":28,"key":"Swift Potion"},{"floor":36,"key":"Guardian:AcceleratePotion"},{"floor":47,"key":"Strength Potion"},{"floor":49,"key":"Guardian:DefensiveModePotion"}],"is_trial":false,"path_per_floor":["R","M","M","M","M","M","T","M","R","?","R","E","?","E","M","B",null,"R","M","M","AVR","M","M","T","?","?","R","M","R","$","NM","M","B",null,"R","M","M","?","?","R","T","E","$","M","$","M","M","AVR","M","B"],"character_chosen":"GUARDIAN","items_purchased":["Orrery","Guardian:FuturePlans","Guardian:ChargeUp","Omamori","PreservedInsect","infinitespire:Chaos","Guardian:TimeCapacitor","Panache","Guardian:FierceBash","TungstenRod","Guardian:Gem_Lightblue"],"campfire_rested":1,"item_purchase_floors":[30,30,30,30,30,38,43,43,43,43,43],"current_hp_per_floor":[80,80,80,80,80,80,80,78,78,64,64,35,35,31,31,24,80,80,68,52,57,56,56,56,49,49,74,71,71,68,68,65,49,85,85,83,80,76,72,72,72,72,87,60,75,73,65,65,47,0,0],"gold":72,"neow_bonus":"THREE_ENEMY_KILL","is_daily":false,"chose_seed":false,"campfire_upgraded":6,"win_rate":0.0,"timestamp":1609038560,"path_taken":["R","M","M","?","M","M","T","M","R","?","R","E","?","E","M","BOSS","R","M","M","AVR","M","M","T","?","?","R","M","R","$","NM","M","BOSS","R","M","M","?","?","R","T","E","$","M","$","M","M","AVR","M","BOSS"],"items_purchased_type":["Relic","Card","Card","Relic","Relic","Relic","Card","Card","Card","Relic","Card"],"build_version":"2020-12-22","purchased_purges":0,"victory":false,"max_hp_per_floor":[80,80,80,80,80,80,80,80,80,80,80,80,80,80,80,80,80,80,80,80,85,85,85,85,85,85,85,85,85,85,85,85,85,85,85,85,85,99,99,99,99,99,99,99,99,99,99,99,99,99,99],"card_choices":[{"not_picked":["Guardian:Gem_Green","Guardian:Gem_Fragmented"],"picked":"Guardian:BronzeArmor","floor":2.0},{"not_picked":["Guardian:ChargeCore","Guardian:Recover"],"picked":"Guardian:PiercingHide","floor":3.0},{"not_picked":["Guardian:ChargeCore","Guardian:Gem_Lightblue"],"picked":"Guardian:ShieldSpikes","floor":4.0},{"not_picked":["Guardian:Reroute","Guardian:Suspension"],"picked":"Guardian:DonusPower","floor":5.0},{"not_picked":["Guardian:Gem_Green","Guardian:Incinerate"],"picked":"Guardian:SpikerProtocol","floor":6.0},{"not_picked":["Guardian:TimeCapacitor","Guardian:BronzeOrb"],"picked":"Guardian:Gem_White","floor":8.0},{"not_picked":["Guardian:WalkerClaw","Guardian:Gem_Red"],"picked":"Guardian:Preprogram","floor":10.0},{"not_picked":["Guardian:ShieldSpikes","Guardian:PolyBeam"],"picked":"Guardian:CompilePackage","floor":12},{"not_picked":["Guardian:Gem_Green","Guardian:WalkerClaw"],"picked":"Guardian:ChargeCore","floor":14},{"not_picked":["Guardian:Gem_Crimson","Guardian:Preprogram"],"picked":"Guardian:TimeBomb","floor":15},{"not_picked":["Guardian:StasisField","Guardian:StasisStrike"],"picked":"Guardian:FierceBash","floor":16},{"not_picked":["Guardian:RefractedBeam","Guardian:Gem_Lightblue"],"picked":"Guardian:Planning","floor":19},{"not_picked":["Guardian:Recover","Guardian:RefractedBeam+1"],"picked":"Guardian:Gem_Red","floor":20},{"not_picked":["Guardian:Preprogram","Guardian:CrystalBeam"],"picked":"Guardian:SpikerProtocol","floor":21},{"not_picked":["Guardian:Recover","Guardian:CrystalBeam"],"picked":"Guardian:Suspension","floor":22},{"not_picked":["Guardian:Gem_Red","Guardian:Gem_Blue"],"picked":"Guardian:ShieldCharger","floor":23},{"not_picked":["Guardian:TemporalShield+1","Guardian:Gem_Purple"],"picked":"Guardian:GemFire","floor":25},{"not_picked":[],"picked":"J.A.X.","floor":25},{"not_picked":["Guardian:ChargeCore","Guardian:MultiBeam"],"picked":"Guardian:TemporalShield","floor":26},{"not_picked":["Guardian:PrimingBeam+1","Guardian:PolyBeam"],"picked":"Guardian:Suspension","floor":28},{"not_picked":["Guardian:Gem_Fragmented","Guardian:VentSteam"],"picked":"Guardian:BronzeArmor","floor":30},{"not_picked":["Guardian:Gem_Cyan","Guardian:Gem_Green"],"picked":"Guardian:TimeSifter","floor":30},{"not_picked":["Guardian:Gem_Purple","Guardian:Gem_Red"],"picked":"Guardian:Gem_Yellow","floor":30},{"not_picked":["Guardian:Incinerate","Guardian:Reroute+1"],"picked":"Guardian:FastForward","floor":30},{"not_picked":["Guardian:ChargeCore+1","Guardian:TemporalStrike"],"picked":"Guardian:Planning","floor":30},{"not_picked":["Guardian:Clone","Guardian:DecasProtection"],"picked":"Guardian:PiercingHide","floor":30},{"not_picked":["Guardian:Incinerate","Guardian:PrismaticBeam","Guardian:Gem_Green"],"picked":"SKIP","floor":31},{"not_picked":["Guardian:ShieldSpikes","Guardian:Gem_Lightblue"],"picked":"Guardian:EvasiveProtocol+1","floor":32},{"not_picked":["Guardian:FastForward","Guardian:ConstructionForm"],"picked":"Guardian:CompilePackage","floor":33},{"not_picked":["Guardian:Gem_Red","Guardian:VentSteam"],"picked":"Guardian:Repulse+1","floor":36},{"not_picked":["Guardian:RefractedBeam","Guardian:PrismaticBarrier","Guardian:Preprogram"],"picked":"SKIP","floor":37},{"not_picked":["Guardian:Reroute+1","Guardian:MultiBeam+1","Guardian:WalkerClaw"],"picked":"SKIP","floor":38},{"not_picked":["Guardian:WalkerClaw","Guardian:RollAttack+1"],"picked":"Guardian:Planning","floor":39},{"not_picked":["Guardian:ConstructionForm","Guardian:Gem_Lightblue"],"picked":"Guardian:ShieldCharger+1","floor":42},{"not_picked":["Guardian:Repulse+1","Guardian:ShieldCharger+1"],"picked":"Guardian:TimeBomb+1","floor":43},{"not_picked":["Guardian:Gem_Red","Guardian:PiercingHide+1"],"picked":"Guardian:Planning+1","floor":44},{"not_picked":["Guardian:Gem_Lightblue","Guardian:ChargeCore"],"picked":"Guardian:Gem_Fragmented","floor":46},{"not_picked":["Guardian:SentryBeam","Guardian:Gem_Red"],"picked":"Guardian:Suspension+1","floor":47},{"not_picked":["Guardian:Planning+1","Guardian:Gem_Lightblue"],"picked":"Guardian:GemFire","floor":49}],"player_experience":146321,"relics_obtained":[{"floor":7.0,"key":"Guardian:DefensiveModeMoreBlock"},{"floor":12,"key":"War Paint"},{"floor":14,"key":"Sundial"},{"floor":25,"key":"MutagenicStrength"},{"floor":26,"key":"Red Mask"},{"floor":31,"key":"Nunchaku"},{"floor":39,"key":"Unceasing Top"},{"floor":41,"key":"Toxic Egg 2"},{"floor":42,"key":"Bag of Preparation"}],"event_choices":[{"damage_healed":0,"gold_gain":0,"player_choice":"Fought Bandits","damage_taken":0,"max_hp_gain":0,"max_hp_loss":0,"event_name":"Masked Bandits","floor":26,"gold_loss":0}],"is_beta":false,"boss_relics":[{"not_picked":["Snecko Eye","Pandora\u0027s Box"],"picked":"Empty Cage"},{"not_picked":["Sozu","Cursed Key"],"picked":"infinitespire:Cupcake"}],"items_purged_floors":[],"is_endless":true,"potions_floor_spawned":[5,6,14,15,19,22,28,31,36,39,47,49],"killed_by":"downfall:Silent","ascension_level":1}}