{"host":"kev6uqotw4tlyx8l","time":1609064008,"event":{"mods":["Act Like it!","Aspiration","BaseMod","Colored Powertips","Dota2Spire","Downfall","Hallownest","Infinite Spire","Marisa????????","Minty Spire (QoL Compilation)","Quick Restart","Remilia??????","Replay The Spire","StSLib","The Cursed","The Marked","The Mystic","The Servant 0.9.4"],"gold_per_floor":[117,13,30,30,30,30,30,59,59,59,85,85,97,128,141,252,252,347,347,365,381,381,381,381,381,381,381,406,406,459,24,66,100,100,224,224,246,67,67,67,137,137,62,62,62,62,112,159,159,240,240,401,401,421,421,84,100,100,100,100,102,102,114,114,129,154,169,169,302,302,323,28,53,74,74,74,101,101,401,401,401,401,414,441,441,569,569,586,586,611,630,630,630,648,648,674,674,703,728,748,775,775,788,788],"floor_reached":103,"playtime":2717,"items_purged":["theMarked:Strike","hexamod:Haunted","theMarked:Strike"],"score":1765,"play_id":"7a17e2cf-f02f-49e4-9171-b8b15bc4588c","local_time":"20201227171328","is_ascension_mode":false,"campfire_choices":[{"data":"theMarked:EmpowerWeapon","floor":9.0,"key":"SMITH"},{"data":"theMarked:SoldierOfQuellstein","floor":12.0,"key":"SMITH"},{"floor":17.0,"key":"REST"},{"floor":25.0,"key":"REST"},{"data":"Pot Of Greed","floor":27.0,"key":"SMITH"},{"data":"theMarked:SoldierForm","floor":42.0,"key":"SMITH"},{"data":"theMarked:EternalStudent","floor":44.0,"key":"SMITH"},{"data":"Panache","floor":46.0,"key":"SMITH"},{"data":"theMarked:RogueSparks","floor":51.0,"key":"SMITH"},{"data":"theMarked:SummonStrength","floor":59.0,"key":"SMITH"},{"floor":68.0,"key":"REST"},{"data":"Mind Blast","floor":76.0,"key":"SMITH"},{"data":"theMarked:SoldierForm","floor":76.0,"key":"SMITH"},{"data":"Pot Of Greed","floor":78.0,"key":"SMITH"},{"data":"Pot Of Greed","floor":78.0,"key":"SMITH"},{"data":"theMarked:EmpowerWeapon","floor":80.0,"key":"SMITH"},{"data":"theMarked:DeterminationOfTheMarked","floor":80.0,"key":"SMITH"},{"data":"theMarked:BindingBlade","floor":82.0,"key":"SMITH"},{"data":"infinitespire:Fortify","floor":82.0,"key":"SMITH"},{"data":"Pot Of Greed","floor":85.0,"key":"SMITH"},{"data":"Pot Of Greed","floor":85.0,"key":"SMITH"},{"data":"infinitespire:Punishment","floor":93,"key":"SMITH"},{"data":"infinitespire:Collect","floor":93,"key":"SMITH"},{"data":"infinitespire:Collect","floor":97,"key":"SMITH"},{"data":"infinitespire:Gouge","floor":97,"key":"SMITH"},{"data":"theMarked:ComboAttacks","floor":102,"key":"SMITH"},{"data":"theMarked:ParalyzingBlade","floor":102,"key":"SMITH"}],"circlet_count":0,"master_deck":["theMarked:Strike+1","theMarked:Strike","theMarked:Defend+1","theMarked:Defend","theMarked:Defend+1","theMarked:Defend+1","theMarked:SoldierOfQuellstein+1","theMarked:ElectricStrings","theMarked:ComboAttacks+1","theMarked:EmpowerWeapon+1","Pot Of Greed+1","Pot Of Greed+1","theMarked:EmpowerWeapon+1","theMarked:BanishingStrike","theMarked:MysticalArsenal+1","theMarked:Frustration","theMarked:SelfDefenseTraining","theMarked:EternalStudent+1","theMarked:RogueSparks+1","CurseOfTheBell","theMarked:WardOff+1","theMarked:EternalStudent+1","Pot Of Greed+1","theMarked:Improvise+1","theMarked:SoldierForm+1","Panache+1","infinitespire:Collect+1","infinitespire:Collect+1","theMarked:ChainLightning+1","theMarked:BanishingStrike","theMarked:DeterminationOfTheMarked+1","Replay:Sluggish","theMarked:SummonStrength+1","Swift Strike","Pot Of Greed+1","theMarked:Frustration","theMarked:ElectricStrings","theMarked:BanishingStrike","theMarked:BindingBlade+1","Writhe","theMarked:SwordAndMagic","Hallucinations","theMarked:SoldierForm+1","Replay:Sluggish","MasterSpark","theMarked:SuspiciousRaven","Mind Blast+1","Pot Of Greed+1","infinitespire:Fortify+1","infinitespire:Gouge+1","theMarked:EmpowerWeapon","theMarked:ElectricStrings+1","theMarked:EmpowerWeapon+1","theMarked:GodGivenPower","theMarked:SwordAndMagic","ReplayTheSpireMod:Restless Dread","ReplayTheSpireMod:Faulty Equipment","theMarked:EternalStudent","Normality","theMarked:EmpowerWeapon","Pot Of Greed+1","theMarked:ThrowWeapon","Replay:Sluggish","theMarked:ParalyzingBlade+1","infinitespire:Punishment+1","Shame","Shame","Regret","Lust_TH","theMarked:RogueSparks+1","theMarked:KeepCalmAndFightOn","theMarked:WardOff+1","theMarked:Improvise+1","Pot Of Greed","Doubt","theMarked:ParalyzingBlade+1","theMarked:ComboAttacks+1","theMarked:Frustration+1"],"relics":["theMarked:ArtifactOfAir","Pen Nib","Grinning Jar","Hallownest:DreamNailRelic","Oddly Smooth Stone","Nunchaku","infinitespire:Beetle Shell","Painkiller Herb","Dota2Spire:OctarineCore","Calling Bell","Replay:Bandana","Replay:Bottled Snecko","aspiration:HatOfInfinitePower","aspiration:Stabinomicon","Replay:Mystery Machine","War Paint","MealTicket","Guide Book","Juzu Bracelet","Replay:Baseball","SlaversCollar","Dota2Spire:DrumOfEndurance","Black Star","Dota2Spire:EyeOfSkadi","Anchor","Ring of Greed","Golden Idol","infinitespire:Midas Blood","Counterbalance","Dota2Spire:OrchidMalevolence","infinitespire:Bottled Soul","Dota2Spire:DivineRapier","Replay:Arrowhead","ReplayTheSpireMod:SealedPack","Bag of Marbles","Orrery","Old Coin","theMarked:Eyepatch","aspiration:HiddenCompartment","theMarked:DemonDagger"],"acts_visited":["Hallownest:Greenpath","TheCity","TheBeyond","Exordium","TheCity","TheBeyond"],"potions_floor_usage":[99,103],"damage_taken":[{"damage":6.0,"enemies":"Hallownest:2_Baldur","floor":1.0,"turns":3.0},{"damage":6.0,"enemies":"Hallownest:2_MossCreeps","floor":3.0,"turns":3.0},{"damage":8.0,"enemies":"Hallownest:eliteVengeflyKing","floor":8.0,"turns":5.0},{"damage":7.0,"enemies":"Hallownest:monsterHuskGuard","floor":13.0,"turns":3.0},{"damage":5.0,"enemies":"Hallownest:eliteMossKnight","floor":14.0,"turns":4.0},{"damage":1.0,"enemies":"Hallownest:Guard_and_Warrior","floor":15.0,"turns":3.0},{"damage":20.0,"enemies":"Hallownest:BossBrokenVessel","floor":18.0,"turns":6.0},{"damage":18.0,"enemies":"2 Thieves","floor":20.0,"turns":4.0},{"damage":10.0,"enemies":"Spheric Guardian","floor":21.0,"turns":3.0},{"damage":8.0,"enemies":"Nightmare","floor":30.0,"turns":4.0},{"damage":0.0,"enemies":"Cultist and Chosen","floor":32.0,"turns":3.0},{"damage":0.0,"enemies":"Shelled Parasite and Fungi","floor":33.0,"turns":3.0},{"damage":29.0,"enemies":"Collector","floor":35.0,"turns":6.0},{"damage":4.0,"enemies":"Orb Walker","floor":37.0,"turns":3.0},{"damage":9.0,"enemies":"Mind Bloom Boss Battle","floor":41.0,"turns":3.0},{"damage":9.0,"enemies":"3 Darklings","floor":48.0,"turns":3.0},{"damage":0.0,"enemies":"2 Orb Walkers","floor":50.0,"turns":2.0},{"damage":10.0,"enemies":"Donu and Deca","floor":52.0,"turns":5.0},{"damage":0.0,"enemies":"Small Slimes","floor":54.0,"turns":1.0},{"damage":0.0,"enemies":"Jaw Worm","floor":57.0,"turns":1.0},{"damage":0.0,"enemies":"Cultist","floor":63.0,"turns":2.0},{"damage":0.0,"enemies":"Blue Slaver","floor":65.0,"turns":1.0},{"damage":0.0,"enemies":"Looter","floor":66.0,"turns":1.0},{"damage":17.0,"enemies":"Gremlin Gang","floor":67.0,"turns":3.0},{"damage":0.0,"enemies":"Hexaghost","floor":69.0,"turns":2.0},{"damage":16.0,"enemies":"Shell Parasite","floor":71.0,"turns":2.0},{"damage":0.0,"enemies":"Spheric Guardian","floor":73.0,"turns":1.0},{"damage":0.0,"enemies":"Snecko","floor":74.0,"turns":2.0},{"damage":0.0,"enemies":"Shelled Parasite and Fungi","floor":77.0,"turns":2.0},{"damage":0.0,"enemies":"3 Cultists","floor":83.0,"turns":3.0},{"damage":0.0,"enemies":"Centurion and Healer","floor":84.0,"turns":1.0},{"damage":37.0,"enemies":"Champ","floor":86.0,"turns":4.0},{"damage":0.0,"enemies":"3 Darklings","floor":88.0,"turns":2.0},{"damage":0,"enemies":"Orb Walker","floor":90,"turns":1},{"damage":0,"enemies":"Jaw Worm Horde","floor":91,"turns":2},{"damage":0,"enemies":"Sphere and 2 Shapes","floor":94,"turns":1},{"damage":0,"enemies":"Maw","floor":98,"turns":2},{"damage":0,"enemies":"Spire Growth","floor":99,"turns":2},{"damage":0,"enemies":"Sphere and 2 Shapes","floor":100,"turns":1},{"damage":0,"enemies":"Jaw Worm Horde","floor":101,"turns":2},{"damage":92,"enemies":"Replay:Hell Engine","floor":103,"turns":3}],"seed_played":"-8398114407496876364","potions_obtained":[{"floor":0.0,"key":"FairyPotion"},{"floor":0.0,"key":"champ:CounterPotion"},{"floor":0.0,"key":"hexamod:EctoCoolerPotion"},{"floor":3.0,"key":"SteroidPotion"},{"floor":14.0,"key":"Adrenaline Potion"},{"floor":18.0,"key":"Elixir"},{"floor":21.0,"key":"BlessingOfTheForge"},{"floor":32.0,"key":"Block Potion"},{"floor":35.0,"key":"Explosive Potion"},{"floor":41.0,"key":"infinitespire:BlackPotion"},{"floor":50.0,"key":"DistilledChaos"},{"floor":52.0,"key":"Dota2Spire:Clarity"},{"floor":57.0,"key":"Fire Potion"},{"floor":63.0,"key":"BlessingOfTheForge"},{"floor":73.0,"key":"BlessingOfTheForge"},{"floor":86.0,"key":"Dota2Spire:Clarity"},{"floor":88.0,"key":"Energy Potion"},{"floor":94,"key":"LifebloodPotion"}],"is_trial":false,"path_per_floor":["M","$","M","T","PTL","PTL","?","E","R","?","T","R","M","E","M","?","R","B",null,"?","?","AVR","?","?","T","?","T","T","?","NM","T","?","?","T","B",null,"?","T","?","AVR","?","T","T","T","T","T","?","?","?","?","T","B",null,"?","?","T","?","AVR","T","?","?","T","?","T","?","?","?","T","B",null,"?","T","?","?","?","T","?","T","T","T","?","T","?","?","T","B",null,"?","AVR","?","?","?","T","?","?","T","T","?","?","?","?","T","B"],"character_chosen":"THE_DEFAULT","items_purchased":["theMarked:ComboAttacks+1","theMarked:EmpowerWeapon","Guide Book","Juzu Bracelet","Replay:Baseball","Panache","Dota2Spire:OrchidMalevolence","Swift Strike","Bag of Marbles","Orrery"],"campfire_rested":3,"item_purchase_floors":[2,2,31,31,31,38,56,56,72,72],"current_hp_per_floor":[64,64,58,58,58,58,48,40,40,40,40,40,33,28,27,21,42,22,70,52,42,42,26,26,47,70,70,70,70,62,70,70,70,70,41,70,66,70,54,54,50,50,65,65,65,65,65,56,64,64,64,54,75,75,75,75,75,75,75,75,60,60,60,75,75,75,58,75,75,75,59,74,74,74,74,74,74,74,74,74,74,74,74,74,74,37,75,75,75,75,75,75,75,75,75,75,75,75,75,75,75,75,0,0],"gold":788,"neow_bonus":"THREE_SMALL_POTIONS","is_daily":false,"chose_seed":false,"campfire_upgraded":24,"win_rate":0.0,"timestamp":1609064008,"path_taken":["M","$","M","?","PTL","PTL","?","E","R","?","T","R","M","E","?","?","R","BOSS","?","?","AVR","?","?","T","?","T","T","?","NM","T","?","?","T","BOSS","?","?","?","AVR","?","T","?","T","T","T","?","?","?","?","T","BOSS","?","?","T","?","AVR","T","?","?","T","?","T","?","?","?","T","BOSS","?","T","?","?","?","T","?","T","T","T","?","T","?","?","T","BOSS","?","AVR","?","?","?","T","?","?","T","T","?","?","?","?","T","BOSS"],"items_purchased_type":["Card","Card","Relic","Relic","Relic","Card","Relic","Card","Relic","Relic"],"build_version":"2020-12-22","purchased_purges":3,"victory":false,"max_hp_per_floor":[70,70,70,70,70,70,70,70,70,70,70,70,70,70,70,70,70,70,70,70,70,70,70,70,70,70,70,70,70,70,70,70,70,70,70,70,70,70,70,70,75,75,75,75,75,75,75,75,75,75,75,75,75,75,75,75,75,75,75,75,75,75,75,75,75,75,75,75,75,75,75,75,75,75,75,75,75,75,75,75,75,75,75,75,75,75,75,75,75,75,75,75,75,75,75,75,75,75,75,75,75,75,75,75],"card_choices":[{"not_picked":["theMarked:HeightenedSenses","theMarked:Electrocute"],"picked":"theMarked:ElectricStrings","floor":1.0},{"not_picked":["theMarked:TunnelVision","theMarked:EnhancedHearing","theMarked:Electrify"],"picked":"SKIP","floor":3.0},{"not_picked":["theMarked:Improvise","theMarked:WardOff"],"picked":"theMarked:EmpowerWeapon","floor":8.0},{"not_picked":["theMarked:Convert","theMarked:Reabsorb"],"picked":"theMarked:BanishingStrike","floor":13.0},{"not_picked":["theMarked:Indomitable","theMarked:ThrowWeapon"],"picked":"theMarked:MysticalArsenal","floor":14.0},{"not_picked":["theMarked:EnhanceMovement","theMarked:Parkour"],"picked":"theMarked:Frustration","floor":15.0},{"not_picked":["theMarked:Improvise","theMarked:Parkour"],"picked":"theMarked:SelfDefenseTraining","floor":16.0},{"not_picked":["theMarked:Defy","theMarked:Snap"],"picked":"theMarked:EternalStudent","floor":18.0},{"not_picked":["theMarked:Static+1","theMarked:HeightenedSenses","theMarked:CreepingChasm+1"],"picked":"SKIP","floor":20.0},{"not_picked":["theMarked:Opportunist","theMarked:Parkour"],"picked":"theMarked:RogueSparks","floor":21.0},{"not_picked":["theMarked:Improvise+1","theMarked:GodGivenPower+1"],"picked":"theMarked:WardOff+1","floor":30.0},{"not_picked":["theMarked:WastefulAttack","theMarked:ReduceFriction+1"],"picked":"theMarked:EternalStudent","floor":32.0},{"not_picked":["theMarked:Parkour","theMarked:ElectricStrings"],"picked":"theMarked:Improvise+1","floor":33.0},{"not_picked":["theMarked:FavorableWinds","theMarked:TurnInvisible"],"picked":"theMarked:SoldierForm","floor":35.0},{"not_picked":["theMarked:ElectricStrings","theMarked:ResourceFulStrike+1","theMarked:TwofoldDefense+1"],"picked":"SKIP","floor":37.0},{"not_picked":["infinitespire:Fortify","infinitespire:Execution"],"picked":"infinitespire:Collect","floor":39.0},{"not_picked":["theMarked:Electrocute+1","theMarked:ElectricStrings+1"],"picked":"theMarked:ChainLightning+1","floor":41.0},{"not_picked":["theMarked:ResourceFulStrike+1","theMarked:WastefulAttack+1"],"picked":"theMarked:BanishingStrike","floor":48.0},{"not_picked":["theMarked:RepellingDischarge+1","theMarked:Static"],"picked":"theMarked:DeterminationOfTheMarked","floor":50.0},{"not_picked":["theMarked:UnarmedFury","theMarked:FavorableWinds"],"picked":"theMarked:SummonStrength","floor":52.0},{"not_picked":["theMarked:Static","theMarked:BanishingStrike","theMarked:MagicAdept"],"picked":"SKIP","floor":54.0},{"not_picked":["theMarked:Indomitable","theMarked:DeterminationOfTheMarked"],"picked":"theMarked:Frustration","floor":57.0},{"not_picked":["theMarked:ParalyzingBlade","theMarked:RepellingDischarge"],"picked":"theMarked:ElectricStrings","floor":63.0},{"not_picked":["theMarked:ElectricStrings","theMarked:WastefulAttack"],"picked":"theMarked:BanishingStrike","floor":65.0},{"not_picked":["theMarked:WastefulAttack","theMarked:Panic"],"picked":"theMarked:BindingBlade","floor":66.0},{"not_picked":["theMarked:MagicAdept","theMarked:MysticalArsenal"],"picked":"theMarked:SwordAndMagic","floor":67.0},{"not_picked":["theMarked:Levitate","theMarked:SummonStrength"],"picked":"theMarked:SoldierForm","floor":69.0},{"not_picked":["sneckomod:SnekBite","Replay:GuardianBash"],"picked":"MasterSpark","floor":70.0},{"not_picked":["theMarked:Defy","theMarked:DispelDoubt"],"picked":"theMarked:SuspiciousRaven","floor":70.0},{"not_picked":["Replay:Parry","Replay:BasicMightCard"],"picked":"Mind Blast","floor":70.0},{"not_picked":["Replay:Fractal Strike","ReplayTheSpireMod:Black Plague"],"picked":"infinitespire:Fortify","floor":70.0},{"not_picked":["infinitespire:Execution","infinitespire:FinalStrike"],"picked":"infinitespire:Gouge","floor":70.0},{"not_picked":["theMarked:Static","theMarked:WastefulAttack","theMarked:Aftermath+1"],"picked":"SKIP","floor":71.0},{"not_picked":["theMarked:WardOff","theMarked:MaelstromOfLightning+1"],"picked":"theMarked:EmpowerWeapon","floor":72.0},{"not_picked":["theMarked:SwordAndMagic+1","theMarked:Static+1"],"picked":"theMarked:ElectricStrings+1","floor":72.0},{"not_picked":["theMarked:Static","theMarked:RepellingDischarge","theMarked:TurnInvisible"],"picked":"SKIP","floor":73.0},{"not_picked":["theMarked:Aftermath+1","theMarked:Improvise"],"picked":"theMarked:EmpowerWeapon+1","floor":74.0},{"not_picked":["theMarked:WastefulAttack","theMarked:MaelstromOfLightning"],"picked":"theMarked:SwordAndMagic","floor":77.0},{"not_picked":["theMarked:Seal","theMarked:HeightenedSenses"],"picked":"theMarked:EternalStudent","floor":83.0},{"not_picked":["theMarked:Improvise","theMarked:WastefulAttack"],"picked":"theMarked:EmpowerWeapon","floor":84.0},{"not_picked":["theMarked:SummonStrength","theMarked:Defy"],"picked":"theMarked:ThrowWeapon","floor":86.0},{"not_picked":["theMarked:BanishingStrike","theMarked:Improvise"],"picked":"theMarked:ParalyzingBlade+1","floor":88.0},{"not_picked":["theMarked:WardOff","theMarked:Overcharge+1"],"picked":"theMarked:RogueSparks+1","floor":90},{"not_picked":["theMarked:EnhancedHearing+1","theMarked:WardOff"],"picked":"theMarked:KeepCalmAndFightOn","floor":91},{"not_picked":["theMarked:Electrocute+1","theMarked:StartUp"],"picked":"theMarked:WardOff+1","floor":94},{"not_picked":["theMarked:Reabsorb+1","theMarked:ElectricStrings"],"picked":"theMarked:Improvise+1","floor":98},{"not_picked":["theMarked:WardOff+1","theMarked:Improvise"],"picked":"theMarked:ParalyzingBlade","floor":99},{"not_picked":["theMarked:Frustration+1","theMarked:ResourceFulStrike+1"],"picked":"theMarked:ComboAttacks","floor":100},{"not_picked":["theMarked:Generate+1","theMarked:Reabsorb"],"picked":"theMarked:Frustration+1","floor":101}],"player_experience":19972,"relics_obtained":[{"floor":4.0,"key":"Pen Nib"},{"floor":8.0,"key":"Grinning Jar"},{"floor":11.0,"key":"Oddly Smooth Stone"},{"floor":14.0,"key":"Nunchaku"},{"floor":16.0,"key":"infinitespire:Beetle Shell"},{"floor":22.0,"key":"Replay:Bandana"},{"floor":22.0,"key":"Replay:Bottled Snecko"},{"floor":22.0,"key":"aspiration:HatOfInfinitePower"},{"floor":23.0,"key":"aspiration:Stabinomicon"},{"floor":28.0,"key":"Replay:Mystery Machine"},{"floor":30.0,"key":"MealTicket"},{"floor":41.0,"key":"Dota2Spire:EyeOfSkadi"},{"floor":45.0,"key":"Anchor"},{"floor":47.0,"key":"Ring of Greed"},{"floor":47.0,"key":"Golden Idol"},{"floor":47.0,"key":"infinitespire:Midas Blood"},{"floor":50.0,"key":"Counterbalance"},{"floor":60.0,"key":"Dota2Spire:DivineRapier"},{"floor":62.0,"key":"Replay:Arrowhead"},{"floor":79.0,"key":"Old Coin"},{"floor":96,"key":"theMarked:DemonDagger"}],"event_choices":[{"damage_healed":0.0,"max_hp_gain":0.0,"max_hp_loss":0.0,"gold_gain":0.0,"event_name":"Cursed Tome","player_choice":"Obtained Book","floor":23.0,"gold_loss":0.0,"damage_taken":16.0},{"damage_healed":23.0,"max_hp_gain":0.0,"max_hp_loss":0.0,"gold_gain":0.0,"event_name":"The Library","player_choice":"Heal","floor":26.0,"gold_loss":0.0,"damage_taken":0.0},{"cards_removed":["Shame"],"damage_healed":0.0,"max_hp_gain":0.0,"max_hp_loss":0.0,"gold_gain":0.0,"event_name":"Purifier","player_choice":"Purged","floor":34.0,"gold_loss":0.0,"damage_taken":0.0},{"damage_healed":0.0,"max_hp_gain":0.0,"max_hp_loss":0.0,"gold_gain":0.0,"event_name":"MindBloom","player_choice":"Fight","floor":41.0,"gold_loss":0.0,"damage_taken":0.0},{"damage_healed":0.0,"max_hp_gain":0.0,"max_hp_loss":0.0,"gold_gain":0.0,"event_name":"Mysterious Sphere","player_choice":"Fight","floor":50.0,"gold_loss":0.0,"damage_taken":0.0},{"damage_healed":0.0,"max_hp_gain":0.0,"max_hp_loss":0.0,"gold_gain":0.0,"event_name":"Accursed Blacksmith","player_choice":"Forge","floor":55.0,"gold_loss":0.0,"damage_taken":0.0,"cards_upgraded":["Pot Of Greed"]},{"damage_healed":0.0,"max_hp_gain":0.0,"max_hp_loss":0.0,"gold_gain":0.0,"event_name":"Shining Light","player_choice":"Entered Light","floor":61.0,"gold_loss":0.0,"damage_taken":15.0,"cards_upgraded":["theMarked:Defend","theMarked:Strike"]},{"damage_healed":0.0,"max_hp_gain":0.0,"max_hp_loss":0.0,"gold_gain":0.0,"event_name":"The Library","player_choice":"Read","floor":75.0,"gold_loss":0.0,"damage_taken":0.0,"cards_obtained":["theMarked:GodGivenPower"]},{"cards_removed":["theMarked:Strike"],"damage_healed":0.0,"max_hp_gain":0.0,"max_hp_loss":0.0,"gold_gain":0.0,"event_name":"Back to Basics","player_choice":"Elegance","floor":81.0,"gold_loss":0.0,"damage_taken":0.0},{"damage_healed":0,"gold_gain":0,"player_choice":"Ignored","damage_taken":0,"max_hp_gain":0,"max_hp_loss":0,"event_name":"Tomb of Lord Red Mask","floor":92,"gold_loss":0},{"damage_healed":0,"gold_gain":0,"player_choice":"Memory 1","damage_taken":0,"max_hp_gain":0,"max_hp_loss":0,"event_name":"SensoryStone","floor":95,"gold_loss":0}],"is_beta":false,"boss_relics":[{"not_picked":["Abe\u0027s Treasure","Coffee Dripper"],"picked":"Painkiller Herb"},{"not_picked":["Philosopher\u0027s Stone","aspiration:FutureDiary"],"picked":"SlaversCollar"},{"not_picked":["aspiration:DefectSkillbook","Replay:Grab Bag","Honey Jar"]},{"not_picked":["Philosopher\u0027s Stone","aspiration:FutureDiary"],"picked":"ReplayTheSpireMod:SealedPack"},{"not_picked":["Coffee Dripper","aspiration:DefectSkillbook"],"picked":"theMarked:Eyepatch"}],"items_purged_floors":[43,58,89],"is_endless":true,"potions_floor_spawned":[3,14,18,21,32,35,41,50,52,57,63,66,73,86,88,94],"killed_by":"Replay:Hell Engine","ascension_level":0}}