{"host":"ccz","time":1609053771,"event":{"mods":["BaseMod","Minty Spire (QoL Compilation)","Reimu£®≤©¿ˆ¡È√Œ£©","StSLib","°æπ¶ƒ‹Mod°øªÏ„Á÷Æª∑–ﬁ∏¥≤π∂°","ÛÙª÷∏ƒœ"],"gold_per_floor":[119,44,44,119,139,174,194,227,304,315,168,121,136,146,146,146,146],"floor_reached":16,"playtime":556,"items_purged":["Strike_Lin:ReiMu","Strike_Lin:ReiMu"],"score":137,"play_id":"89b6f734-2b65-4415-b0ea-cc548da123ce","local_time":"20201227152251","is_ascension_mode":false,"campfire_choices":[{"floor":15,"key":"REST"}],"circlet_count":0,"master_deck":["Strike_Lin:ReiMu","Strike_Lin:ReiMu","Defend_Lin:ReiMu","Defend_Lin:ReiMu","Defend_Lin:ReiMu","Defend_Lin:ReiMu","NB:ReiMu","Stagnation:ReiMu","SpreadBorder2:ReiMu","SpiritualOutbreak2:ReiMu","AirManeuver:ReiMu","EmergencyTakeOff:ReiMu","RainPray2:ReiMu","SpreadBorder2:ReiMu","SpringWay:ReiMu","SubAcupoint:ReiMu"],"relics":["FlyPower:ReiMu","NeowsBlessing","Turnip","Happy Flower","Bottled Lightning"],"acts_visited":["Exordium"],"potions_floor_usage":[16],"damage_taken":[{"damage":0.0,"enemies":"2 Louse","floor":1.0,"turns":1.0},{"damage":0.0,"enemies":"Small Slimes","floor":5.0,"turns":2.0},{"damage":0.0,"enemies":"Gremlin Nob","floor":6.0,"turns":1.0},{"damage":5.0,"enemies":"Jaw Worm","floor":7.0,"turns":6.0},{"damage":20.0,"enemies":"Lagavulin","floor":8.0,"turns":7.0},{"damage":12.0,"enemies":"3 Louse","floor":10.0,"turns":6.0},{"damage":5.0,"enemies":"Exordium Wildlife","floor":13.0,"turns":10.0},{"damage":5.0,"enemies":"2 Fungi Beasts","floor":14.0,"turns":4.0},{"damage":27,"enemies":"Hexaghost","floor":16,"turns":21}],"seed_played":"-4714634822976421724","potions_obtained":[{"floor":6.0,"key":"ColorlessPotion"},{"floor":10.0,"key":"SkillPotion"},{"floor":13.0,"key":"Weak Potion"}],"is_trial":false,"path_per_floor":["M","$","?","?","M","E","M","E","T","M","$","R","M","M","R","B"],"character_chosen":"REIMU","items_purchased":["SpreadBorder2:ReiMu","SpringWay:ReiMu"],"campfire_rested":1,"item_purchase_floors":[11,12],"current_hp_per_floor":[65,65,65,54,54,54,49,29,29,17,17,17,12,7,26,0,0],"gold":146,"neow_bonus":"THREE_ENEMY_KILL","is_daily":false,"chose_seed":false,"campfire_upgraded":0,"win_rate":0.0,"timestamp":1609053771,"path_taken":["M","$","?","?","M","E","M","E","T","M","?","R","M","M","R","BOSS"],"items_purchased_type":["Card","Card"],"build_version":"2020-12-18","purchased_purges":2,"victory":false,"max_hp_per_floor":[65,65,65,65,65,65,65,65,65,65,65,65,65,65,65,65,65],"card_choices":[{"not_picked":["Intuition:ReiMu","SpringWay:ReiMu"],"picked":"SpreadBorder2:ReiMu","floor":1.0},{"not_picked":["SubAcupoint:ReiMu","OctopathBindingBorder2:ReiMu"],"picked":"SpiritualOutbreak2:ReiMu","floor":5.0},{"not_picked":["InherentArray:ReiMu","BarrageOfMoneybags:ReiMu","TightArray:ReiMu"],"picked":"SKIP","floor":6.0},{"not_picked":["TakeOff:ReiMu","UpKicking:ReiMu"],"picked":"AirManeuver:ReiMu","floor":7.0},{"not_picked":["OrbThrow:ReiMu","Enchanting:ReiMu"],"picked":"EmergencyTakeOff:ReiMu","floor":8.0},{"not_picked":["Revelation:ReiMu","Meditation:ReiMu"],"picked":"RainPray2:ReiMu","floor":10.0},{"not_picked":["OctopathBindingBorder2:ReiMu","PrayRite:ReiMu"],"picked":"SubAcupoint:ReiMu","floor":13.0},{"not_picked":["PhosphorusFlame:ReiMu","Gathering:ReiMu","ForcedLanding:ReiMu"],"picked":"SKIP","floor":14.0}],"player_experience":146453,"relics_obtained":[{"floor":6.0,"key":"Turnip"},{"floor":8.0,"key":"Happy Flower"},{"floor":9.0,"key":"Bottled Lightning"}],"event_choices":[{"damage_healed":0.0,"max_hp_gain":0.0,"max_hp_loss":0.0,"gold_gain":75.0,"event_name":"World of Goop","player_choice":"Gather Gold","floor":4.0,"gold_loss":0.0,"damage_taken":11.0}],"is_beta":true,"boss_relics":[],"items_purged_floors":[2,11],"is_endless":false,"potions_floor_spawned":[6,10,13],"killed_by":"Hexaghost","ascension_level":0}}