{"host":"d9tpyi6mde8z2n96","time":1609046144,"event":{"mods":["2.2 Compatiblity","AchievementEnabler","Act Like it!","AlwaysNeverKeys","Aspiration","BaseMod","Beaked The Cultist","Better Altar","CapriCore","Challenge The Spire","Colored Map","Colored Powertips","Conspire","Defuse TimeMaze Blight","Dota2Spire","Downfall","Elementarium","Energized Spire","Friendly Minions","Gensokyo","GifTheSpireLib","Gold Saver","GungeonMod","Halation","Hermit","HololiveMod","Hubris","Hyrulean Relics","Infinite Spire","Jorbs\u0027s Wanderer Trilogy","Marisa????????","Melee Mod","Minty Spire (QoL Compilation)","MostiFishMod","Pale of the Ancients","Permanent Neow","Quick Restart","Railgun Mod","Replay The Spire","Robot Space Explorer","RumiaBox-????????","Spikes Relics","StSLib","TestMod","The Alterego","The Blue Laboratory","The Death Knight","The Factory","The Fake Hero","The Marked","Trackpad","Waifu the Spire","Wandering Minibosses","WarShipGirlsR/????R mod","Yakumo Yukari mod"],"gold_per_floor":[39734,39534,39559,38078,38118,38118,38118,38118,38141,38041,38119,38138,38138,38148,38148,38148,38148],"floor_reached":16,"playtime":13164,"items_purged":[],"score":273,"play_id":"140cf64a-0da5-4c33-ab0f-81e9882ce084","local_time":"20201227001544","is_ascension_mode":false,"campfire_choices":[{"data":"alterego_mod:SakuraPetals","floor":6,"key":"SMITH"},{"data":"alterego_mod:SakuraPetals","floor":8,"key":"SMITH"},{"data":"alterego_mod:Belts","floor":13,"key":"SMITH"},{"data":"alterego_mod:SakuraPetals","floor":15,"key":"SMITH"}],"circlet_count":0,"master_deck":["alterego_mod:BigMeatyClaws+1","alterego_mod:Strike","alterego_mod:Strike","alterego_mod:Strike","alterego_mod:Strike","alterego_mod:Defend","alterego_mod:Defend","alterego_mod:Defend","alterego_mod:Defend","alterego_mod:Impale","alterego_mod:BigMeatyClaws","alterego_mod:BrynhildrsRune","Pride","testmod-Lust","testmod-Wrath","testmod-Sloth","testmod-Envy","testmod-Greed","alterego_mod:BiFurious","conspire:SpireCoStock","conspire:SpireCoStock","conspire:SpireCoStock","conspire:SpireCoStock","alterego_mod:SakuraPetals+1","alterego_mod:STier+1","alterego_mod:SakuraPetals+1","alterego_mod:SakuraPetals+1","Looming Evil","Ghostly","alterego_mod:Belts+1","alterego_mod:Smother","alterego_mod:TrickOrTreatment+1"],"relics":["alterego_mod:MasochisticConstitution","testmod-TestBox","DaveBox","testmod-SevenDeadlySins","Du-Vu Doll","Darkstone Periapt","Blue Candle","BrkXgEgg","DianDianMeat","Civilization","SynthV:TestCard","hubris:Zylophone","Quantum Egg","BirthdayGift-Icosahedron","MagicDraw3","Ring of Hypnosis","ReplayTheSpireMod:Ring of Challenge","ZombieArmy","Strawberry","DemoMod:GlassGuonStoneRelic"],"acts_visited":["Exordium"],"potions_floor_usage":[],"damage_taken":[{"damage":17,"enemies":"Jaw Worm","floor":1,"turns":4},{"damage":56,"enemies":"conspire:MimicChest","floor":3,"turns":6},{"damage":2,"enemies":"conspire:RoseBush","floor":5,"turns":1},{"damage":12,"enemies":"Replay:BlueRogue","floor":11,"turns":2},{"damage":0,"enemies":"2 Louse","floor":12,"turns":1},{"damage":5,"enemies":"2 Fungi Beasts","floor":14,"turns":3},{"damage":143,"enemies":"Hexaghost","floor":16,"turns":2}],"seed_played":"4712419668034034814","potions_obtained":[{"floor":3,"key":"ColorlessPotion"},{"floor":14,"key":"ColorlessPotion"}],"is_trial":false,"path_per_floor":["M","?","?","$","M","R","?","R","T","?","E","M","R","M","R","B"],"character_chosen":"The_Alterego","items_purchased":["alterego_mod:STier+1","alterego_mod:SakuraPetals","Quantum Egg","BirthdayGift-Icosahedron","MagicDraw3"],"campfire_rested":0,"item_purchase_floors":[4,4,4,4,4],"current_hp_per_floor":[55,69,29,44,56,56,72,72,72,83,103,123,123,142,142,0,0],"gold":38148,"neow_bonus":"REMOVE_TWO","is_daily":false,"chose_seed":false,"campfire_upgraded":4,"win_rate":0.0,"timestamp":1609046144,"path_taken":["M","?","?","$","M","R","?","R","T","?","E","M","R","M","R","BOSS"],"items_purchased_type":["Card","Card","Relic","Relic","Relic"],"build_version":"2020-12-22","purchased_purges":0,"victory":false,"max_hp_per_floor":[72,86,95,110,123,123,139,139,139,150,174,193,193,216,216,216,216],"card_choices":[{"not_picked":["alterego_mod:Punishment","alterego_mod:PerceptionDisorder"],"picked":"alterego_mod:BiFurious","floor":1},{"not_picked":["alterego_mod:Mirror","alterego_mod:Lingerie","alterego_mod:SakuraLabyrinth","alterego_mod:DiscoLights"],"picked":"alterego_mod:SakuraPetals","floor":3},{"not_picked":["alterego_mod:Jiggle","alterego_mod:Birthday","alterego_mod:Crossover","alterego_mod:Bounce"],"picked":"alterego_mod:SakuraPetals","floor":5},{"not_picked":["alterego_mod:Undulate","alterego_mod:Weigh+1","alterego_mod:Schoolgirl","alterego_mod:MagicResistance"],"picked":"alterego_mod:Belts","floor":11},{"not_picked":["alterego_mod:1TonWallop","alterego_mod:Santa","alterego_mod:TrashNCrash","alterego_mod:SuperDuperMasochism"],"picked":"alterego_mod:Smother","floor":12},{"not_picked":["alterego_mod:TrashNCrash","alterego_mod:HighServant","alterego_mod:Collar","alterego_mod:Punishment"],"picked":"alterego_mod:TrickOrTreatment+1","floor":14}],"player_experience":1139605,"relics_obtained":[{"floor":1,"key":"SynthV:TestCard"},{"floor":3,"key":"hubris:Zylophone"},{"floor":7,"key":"Ring of Hypnosis"},{"floor":7,"key":"ReplayTheSpireMod:Ring of Challenge"},{"floor":9,"key":"ZombieArmy"},{"floor":11,"key":"Strawberry"}],"event_choices":[{"damage_healed":0,"gold_gain":0,"player_choice":"Invest 4","damage_taken":0,"max_hp_gain":0,"max_hp_loss":0,"event_name":"conspire:Investor","floor":2,"gold_loss":0},{"damage_healed":0,"gold_gain":0,"player_choice":"Argue","damage_taken":0,"max_hp_gain":0,"max_hp_loss":0,"event_name":"conspire:LoneGhost","floor":10,"gold_loss":0}],"is_beta":false,"boss_relics":[],"items_purged_floors":[],"is_endless":false,"potions_floor_spawned":[3,14],"killed_by":"Hexaghost","ascension_level":0}}