{"host":"7t8rqoeeopyy0nh0","time":1609098531,"event":{"mods":["AchievementEnabler","BaseMod","Better Third Choice","BetterRewards","Colored Map","Colored Powertips","Downfall","Hubris","Infinite Spire","Marisa????????","Minty Spire (QoL Compilation)","Replay The Spire","StSLib","The Animator","The Construct","The Cursed","The Hierophant","The Necromancer"],"gold_per_floor":[116,130,130,143,160,160,176,176,200,200,200,228,128,154,154,256,256,273,51,51,11,11,11,24,24,48,76,96,122,122,135,135,243,243,263,295,331,376,376,376,428,428,452,501,501,544,609,353,353,353],"floor_reached":51,"playtime":2430,"items_purged":["ClearTheMind","WheelKick","Parasite"],"score":1669,"play_id":"3746b5ac-ef8e-424a-9346-ac36783c7e8f","local_time":"20201227144851","is_ascension_mode":true,"campfire_choices":[{"floor":6,"key":"REST"},{"data":"Eruption","floor":8,"key":"SMITH"},{"data":"Eruption","floor":10,"key":"SMITH"},{"floor":15,"key":"REST"},{"floor":23,"key":"REST"},{"data":"TalkToTheHand","floor":30,"key":"SMITH"},{"floor":32,"key":"REST"},{"data":"Alpha","floor":40,"key":"SMITH"},{"floor":42,"key":"REST"},{"data":"Nirvana","floor":45,"key":"SMITH"},{"floor":49,"key":"REST"}],"circlet_count":0,"master_deck":["Vault+1","Eruption+1","Vigilance","TalkToTheHand+1","ClearTheMind","Wireheading","Consecrate","Eruption+1","CrushJoints","Conclude","MentalFortress+1","EmptyBody","TalkToTheHand+1","FlurryOfBlows","Vault","Alpha+1","Establishment+1","EmptyMind","EmptyBody","Nirvana+1","PathToVictory","Protect","EmptyFist","EmptyFist+1","hubris:Fate","DeusExMachina","ThirdEye","LikeWater+1","animator:Curse_GriefSeed","MentalFortress+1","hubris:Greed"],"relics":["PureWater","Membership Card","OrangePellets","Replay:Rubber Ducky","Omamori","Tiny Chest","Shuriken","Pandora\u0027s Box","Anchor","Potion Belt","Replay:Blank Codex","Cursed Key","Frozen Eye","Oddly Smooth Stone","Replay:Wax Seal","Du-Vu Doll","infinitespire:EvilPickle","Black Star","Gremlin Food","hubris:Towel","Damaru","Dream Catcher","Frozen Egg 2","Gremlin Horn","Replay:Bottled Eggs","Replay:Baseball"],"acts_visited":["Exordium","TheCity","TheBeyond"],"potions_floor_usage":[12,14,21,24,37,41,46,50],"damage_taken":[{"damage":6,"enemies":"Jaw Worm","floor":1,"turns":5},{"damage":0,"enemies":"Cultist","floor":2,"turns":4},{"damage":6,"enemies":"2 Louse","floor":4,"turns":3},{"damage":10,"enemies":"Lots of Slimes","floor":5,"turns":3},{"damage":9,"enemies":"Red Slaver","floor":7,"turns":2},{"damage":14,"enemies":"3 Sentries","floor":12,"turns":5},{"damage":0,"enemies":"Gremlin Nob","floor":14,"turns":4},{"damage":10,"enemies":"Fading Forest","floor":16,"turns":12},{"damage":2,"enemies":"Chosen","floor":18,"turns":6},{"damage":12,"enemies":"2 Thieves","floor":21,"turns":5},{"damage":0,"enemies":"Chosen and Byrds","floor":24,"turns":6},{"damage":0,"enemies":"Replay:Snechameleon","floor":27,"turns":5},{"damage":11,"enemies":"Centurion and Healer","floor":28,"turns":4},{"damage":12,"enemies":"Slavers","floor":29,"turns":5},{"damage":12,"enemies":"Snake Plant","floor":31,"turns":5},{"damage":3,"enemies":"Pondfish","floor":33,"turns":7},{"damage":0,"enemies":"3 Shapes","floor":35,"turns":2},{"damage":0,"enemies":"Orb Walker","floor":36,"turns":3},{"damage":12,"enemies":"Transient","floor":37,"turns":7},{"damage":5,"enemies":"Reptomancer","floor":41,"turns":3},{"damage":0,"enemies":"Maw","floor":44,"turns":8},{"damage":32,"enemies":"Writhing Mass","floor":46,"turns":4},{"damage":0,"enemies":"Nemesis","floor":47,"turns":8},{"damage":28,"enemies":"Awakened One","floor":50,"turns":10}],"seed_played":"6364990791629779012","potions_obtained":[{"floor":1,"key":"Swift Potion"},{"floor":2,"key":"Milkshake"},{"floor":4,"key":"FearPotion"},{"floor":18,"key":"champ:CounterPotion"},{"floor":28,"key":"Flashbang"},{"floor":31,"key":"Cursed Concoction"},{"floor":37,"key":"SmokeBomb"},{"floor":44,"key":"sneckomod:MuddlingPotion"},{"floor":46,"key":"Ancient Potion"},{"floor":47,"key":"Dexterity Potion"}],"is_trial":false,"path_per_floor":["M","M","?","M","M","R","M","R","T","R","T","E","$","E","R","B",null,"M","$","?","M","$","R","M","AVR","T","E","M","E","R","M","R","B",null,"M","M","M","T","?","R","E","R","T","M","R","M","E","$","R","B",null],"character_chosen":"WATCHER","items_purchased":["Membership Card","TalkToTheHand","ClearTheMind","OrangePellets","TalkToTheHand","Weak Potion","Anchor","Potion Belt","EmptyFist","Replay:Bottled Eggs","Replay:Baseball"],"campfire_rested":6,"item_purchase_floors":[0,0,0,0,13,13,19,19,19,48,48],"current_hp_per_floor":[48,48,48,42,32,53,44,44,44,44,44,30,30,30,51,49,66,64,64,48,36,36,57,57,57,57,57,46,34,34,22,43,40,64,64,64,52,52,52,52,47,68,68,68,68,36,36,36,56,28],"gold":353,"neow_bonus":"","is_daily":false,"chose_seed":false,"campfire_upgraded":5,"win_rate":0.0,"timestamp":1609098531,"path_taken":["M","M","?","M","M","R","?","R","T","R","?","E","?","E","R","BOSS","M","?","?","M","$","R","M","AVR","T","E","M","E","R","M","R","BOSS","M","M","M","?","?","R","E","R","T","M","R","M","E","$","R","BOSS"],"items_purchased_type":["Relic","Card","Card","Relic","Card","Potion","Relic","Relic","Card","Relic","Relic"],"build_version":"2020-12-22","purchased_purges":3,"victory":true,"max_hp_per_floor":[72,72,72,72,72,72,72,72,72,72,72,72,72,72,72,72,72,72,72,72,72,72,72,72,72,72,72,72,72,72,72,72,72,72,72,72,72,72,72,72,72,72,72,72,72,72,72,69,69,69],"card_choices":[{"not_picked":["CrushJoints","JustLucky"],"picked":"Wireheading","floor":1},{"not_picked":["ClearTheMind","Replay:Battleflow"],"picked":"Consecrate","floor":2},{"not_picked":["BowlingBash","Consecrate"],"picked":"CrushJoints","floor":4},{"not_picked":["Wish","Evaluate"],"picked":"Conclude","floor":5},{"not_picked":["ClearTheMind","Replay:Battleflow"],"picked":"MentalFortress","floor":7},{"not_picked":["BowlingBash","CutThroughFate"],"picked":"EmptyBody","floor":12},{"not_picked":["Establishment","WreathOfFlame"],"picked":"FlurryOfBlows","floor":14},{"not_picked":["Alpha","Wish"],"picked":"Vault","floor":16},{"not_picked":["Replay:Vibes","BowlingBash"],"picked":"Protect","floor":18},{"not_picked":["FollowUp","Evaluate","BowlingBash"],"picked":"SKIP","floor":21},{"not_picked":["Evaluate","BowlingBash"],"picked":"EmptyFist+1","floor":24},{"not_picked":["CarveReality","Crescendo+1"],"picked":"DeusExMachina","floor":27},{"not_picked":["Replay:BluntJabs","Evaluate+1"],"picked":"ThirdEye","floor":28},{"not_picked":["TalkToTheHand","Replay:AtTheReady+1","Prostrate"],"picked":"SKIP","floor":29},{"not_picked":["FlurryOfBlows","Replay:DivineShield+1","EmptyMind"],"picked":"SKIP","floor":31},{"not_picked":["Protect+1","JustLucky","SashWhip"],"picked":"SKIP","floor":35},{"not_picked":["Adaptation","Halt"],"picked":"LikeWater+1","floor":36},{"not_picked":["JustLucky+1","Wireheading","CarveReality+1"],"picked":"SKIP","floor":37},{"not_picked":["Replay:DivineShield","CutThroughFate","Prostrate"],"picked":"SKIP","floor":41},{"not_picked":["WindmillStrike+1","FlyingSleeves+1","Protect+1"],"picked":"SKIP","floor":44},{"not_picked":["Scrawl","FlurryOfBlows+1","SashWhip+1"],"picked":"SKIP","floor":46},{"not_picked":["WindmillStrike","InnerPeace+1","Study+1"],"picked":"SKIP","floor":47},{"not_picked":["Brilliance","ThirdEye+1"],"picked":"MentalFortress+1","floor":49}],"player_experience":375283,"relics_obtained":[{"floor":9,"key":"Replay:Rubber Ducky"},{"floor":11,"key":"Omamori"},{"floor":12,"key":"Tiny Chest"},{"floor":14,"key":"Shuriken"},{"floor":20,"key":"Replay:Blank Codex"},{"floor":26,"key":"Oddly Smooth Stone"},{"floor":27,"key":"Replay:Wax Seal"},{"floor":29,"key":"Du-Vu Doll"},{"floor":38,"key":"Gremlin Food"},{"floor":41,"key":"Damaru"},{"floor":41,"key":"Dream Catcher"},{"floor":47,"key":"Frozen Egg 2"},{"floor":47,"key":"Gremlin Horn"}],"event_choices":[{"damage_healed":0,"gold_gain":0,"player_choice":"1 cards matched","damage_taken":0,"max_hp_gain":0,"max_hp_loss":0,"event_name":"Match and Keep!","floor":3,"gold_loss":0,"cards_obtained":["Eruption"]},{"damage_healed":0,"gold_gain":0,"player_choice":"Obtained Book","damage_taken":16,"max_hp_gain":0,"max_hp_loss":0,"event_name":"Cursed Tome","floor":20,"gold_loss":0}],"is_beta":false,"boss_relics":[{"not_picked":["hubris:HollowSoul","Ectoplasm"],"picked":"Pandora\u0027s Box"},{"not_picked":["Runic Dome","Empty Cage"],"picked":"Black Star"}],"items_purged_floors":[13,19,48],"is_endless":false,"potions_floor_spawned":[1,2,4,18,28,31,37,44,46,47],"ascension_level":5}}