{"host":"j06fkfseroga8i8e","time":1609041104,"event":{"mods":["BaseMod","Bestiary","Colored Map","Colored Powertips","Minty Spire (QoL Compilation)","Relic Stats","StSLib","everything is the same but u backflip on backflip"],"gold_per_floor":[116,66,66,66,80,80,108,108,132,53,86,103,113,145,145,250,250,264,264,299,299,299,299,311,163,163,163,113,141,141,152,152,152,152],"floor_reached":33,"playtime":968,"items_purged":["Writhe"],"score":490,"play_id":"87e54976-c17f-482a-92df-9679e4ddfb3c","local_time":"20201226225144","is_ascension_mode":true,"campfire_choices":[{"data":"Consume","floor":6,"key":"SMITH"},{"data":"Self Repair","floor":15,"key":"SMITH"},{"floor":23,"key":"REST"},{"floor":30,"key":"REST"},{"data":"Hologram","floor":32,"key":"SMITH"}],"circlet_count":0,"master_deck":["AscendersBane","Strike_B","Strike_B","Strike_B","Strike_B","Defend_B","Defend_B","Defend_B","Defend_B","Dualcast","Darkness+1","Consume+1","Ball Lightning","Ball Lightning","Glacier","Doom and Gloom","Coolheaded","Rebound","Steam","Self Repair+1","Multi-Cast","Steam","Redo","BootSequence","Hologram+1","Self Repair"],"relics":["Cracked Core","NeowsBlessing","StrikeDummy","Bag of Preparation","Dream Catcher","Smiling Mask","Cursed Key","Red Mask","MutagenicStrength","Lee\u0027s Waffle","Molten Egg 2","Bird Faced Urn"],"acts_visited":["Exordium","TheCity"],"potions_floor_usage":[16,16,21,29,31],"damage_taken":[{"damage":0,"enemies":"Small Slimes","floor":1,"turns":1},{"damage":0,"enemies":"2 Louse","floor":5,"turns":1},{"damage":0,"enemies":"Gremlin Nob","floor":7,"turns":1},{"damage":15,"enemies":"Lagavulin","floor":11,"turns":5},{"damage":0,"enemies":"Cultist","floor":12,"turns":2},{"damage":4,"enemies":"2 Fungi Beasts","floor":13,"turns":2},{"damage":14,"enemies":"3 Sentries","floor":14,"turns":4},{"damage":31,"enemies":"Slime Boss","floor":16,"turns":12},{"damage":17,"enemies":"Shell Parasite","floor":18,"turns":5},{"damage":41,"enemies":"Masked Bandits","floor":20,"turns":4},{"damage":0,"enemies":"2 Thieves","floor":21,"turns":1},{"damage":12,"enemies":"Snecko","floor":24,"turns":4},{"damage":59,"enemies":"Gremlin Leader","floor":29,"turns":7},{"damage":8,"enemies":"3 Cultists","floor":31,"turns":5},{"damage":79,"enemies":"Automaton","floor":33,"turns":6}],"seed_played":"-4435532464368041683","potions_obtained":[{"floor":1,"key":"SmokeBomb"},{"floor":5,"key":"FocusPotion"},{"floor":14,"key":"EntropicBrew"},{"floor":24,"key":"Regen Potion"},{"floor":29,"key":"Explosive Potion"}],"is_trial":false,"path_per_floor":["M","?","?","?","M","R","E","?","T","$","E","M","M","E","R","B",null,"M","?","?","M","?","R","M","$","T","?","$","E","R","M","R","B"],"character_chosen":"DEFECT","items_purchased":["Doom and Gloom","Lee\u0027s Waffle"],"campfire_rested":2,"item_purchase_floors":[10,25],"current_hp_per_floor":[68,68,68,68,68,68,68,68,68,68,53,53,49,35,35,29,64,57,57,16,16,16,38,26,82,82,76,76,36,60,73,73,0,0],"gold":152,"neow_bonus":"THREE_ENEMY_KILL","is_daily":false,"chose_seed":false,"campfire_upgraded":3,"win_rate":0.0,"timestamp":1609041104,"path_taken":["M","?","?","?","?","R","E","?","T","?","E","M","M","E","R","BOSS","M","?","?","M","?","R","M","$","T","?","$","E","R","M","R","BOSS"],"items_purchased_type":["Card","Relic"],"build_version":"2020-12-22","purchased_purges":1,"victory":false,"max_hp_per_floor":[75,75,75,75,75,75,75,75,75,75,75,75,75,75,75,75,75,75,75,75,75,75,75,75,82,82,82,82,82,82,82,82,82,82],"relic_stats":{"Dream Catcher":2,"Lee\u0027s Waffle":56,"counters":[15,60],"Bird Faced Urn":[8],"Bag of Preparation":[24],"Smiling Mask":25,"Cursed Key":1,"obtain_stats":[{"Dream Catcher":11,"Lee\u0027s Waffle":25,"NeowsBlessing":0,"MutagenicStrength":22,"Bird Faced Urn":29,"Molten Egg 2":26,"Bag of Preparation":9,"Red Mask":20,"Cracked Core":0,"StrikeDummy":7,"Smiling Mask":14,"Cursed Key":17},{"Dream Catcher":4,"Lee\u0027s Waffle":12,"NeowsBlessing":0,"MutagenicStrength":11,"Bird Faced Urn":13,"Molten Egg 2":12,"Bag of Preparation":3,"Red Mask":10,"Cracked Core":0,"StrikeDummy":3,"Smiling Mask":7,"Cursed Key":8},{"Dream Catcher":8,"Lee\u0027s Waffle":42,"NeowsBlessing":0,"MutagenicStrength":38,"Bird Faced Urn":49,"Molten Egg 2":42,"Bag of Preparation":3,"Red Mask":37,"Cracked Core":0,"StrikeDummy":3,"Smiling Mask":16,"Cursed Key":28}]},"card_choices":[{"not_picked":["Capacitor","Rebound"],"picked":"Darkness","floor":1},{"not_picked":["Auto Shields","Streamline"],"picked":"Ball Lightning","floor":5},{"not_picked":["Streamline","Cold Snap"],"picked":"Glacier","floor":7},{"not_picked":["Melter","Double Energy"],"picked":"Coolheaded","floor":11},{"not_picked":["Go for the Eyes","Barrage"],"picked":"Rebound","floor":12},{"not_picked":["Glacier","Scrape"],"picked":"Steam","floor":13},{"not_picked":["Heatsinks","FTL"],"picked":"Self Repair","floor":14},{"not_picked":["Electrodynamics","Reboot"],"picked":"Multi-Cast","floor":16},{"not_picked":["Gash","Aggregate"],"picked":"Steam","floor":18},{"not_picked":["Hello World","Genetic Algorithm"],"picked":"BootSequence","floor":23},{"not_picked":["Aggregate","Fusion"],"picked":"Hologram","floor":24},{"not_picked":["Gash+1","Sweeping Beam+1","Hello World+1"],"picked":"SKIP","floor":29},{"not_picked":["Stack","White Noise"],"picked":"Self Repair","floor":30},{"not_picked":["Conserve Battery","Rebound+1","Chill"],"picked":"SKIP","floor":31}],"player_experience":573213,"relics_obtained":[{"floor":7,"key":"StrikeDummy"},{"floor":9,"key":"Bag of Preparation"},{"floor":11,"key":"Dream Catcher"},{"floor":14,"key":"Smiling Mask"},{"floor":20,"key":"Red Mask"},{"floor":26,"key":"Molten Egg 2"},{"floor":29,"key":"Bird Faced Urn"}],"event_choices":[{"cards_removed":["Zap"],"damage_healed":0,"gold_gain":0,"player_choice":"Card Removal","damage_taken":0,"max_hp_gain":0,"max_hp_loss":0,"event_name":"The Cleric","floor":2,"gold_loss":50},{"damage_healed":0,"gold_gain":0,"player_choice":"Grow","damage_taken":0,"max_hp_gain":0,"max_hp_loss":0,"event_name":"Living Wall","floor":3,"gold_loss":0,"cards_upgraded":["Darkness"]},{"damage_healed":0,"gold_gain":0,"player_choice":"2 cards matched","damage_taken":0,"max_hp_gain":0,"max_hp_loss":0,"event_name":"Match and Keep!","floor":4,"gold_loss":0,"cards_obtained":["Consume","Ball Lightning"]},{"damage_healed":0,"gold_gain":0,"player_choice":"Got Potions","damage_taken":0,"max_hp_gain":0,"max_hp_loss":0,"event_name":"Lab","floor":8,"gold_loss":0},{"damage_healed":0,"gold_gain":0,"player_choice":"Read","damage_taken":0,"max_hp_gain":0,"max_hp_loss":0,"event_name":"The Library","floor":19,"gold_loss":0,"cards_obtained":["Redo"]},{"damage_healed":0,"gold_gain":0,"player_choice":"Fought Bandits","damage_taken":0,"max_hp_gain":0,"max_hp_loss":0,"event_name":"Masked Bandits","floor":20,"gold_loss":0},{"damage_healed":0,"gold_gain":0,"player_choice":"Inject Mutagens","damage_taken":0,"relics_obtained":["MutagenicStrength"],"max_hp_gain":0,"max_hp_loss":0,"event_name":"Drug Dealer","floor":22,"gold_loss":0},{"damage_healed":0,"gold_gain":0,"player_choice":"","damage_taken":6,"max_hp_gain":0,"max_hp_loss":0,"event_name":"Knowing Skull","floor":27,"potions_obtained":[],"gold_loss":0,"cards_obtained":[]}],"is_beta":false,"boss_relics":[{"not_picked":["Astrolabe","Pandora\u0027s Box"],"picked":"Cursed Key"}],"items_purged_floors":[28],"is_endless":false,"potions_floor_spawned":[1,5,7,14,24,29],"killed_by":"Automaton","ascension_level":12}}