{"host":"mj8akmyfd5lo602f","time":1609103262,"event":{"mods":["2.2 Compatiblity","Act Like it!","BaseMod","Bestiary","BshForSts","Colored Map","Colored Powertips","Downfall","Highlight Path","Minty Spire (QoL Compilation)","Permanent Neow","Relic Stats","StSLib","The Servant 0.9.4"],"gold_per_floor":[111,135,147,144,173,185,197,237,275,287,315,361,373,395,417,534,546,483,511,523,553,576,588,600,537,559,571,597,637,634,646,678,792,804,804,804],"floor_reached":34,"playtime":1356,"items_purged":[],"score":432,"play_id":"49cabd76-cecf-4a18-8d0a-aca63b483c80","local_time":"20201227210742","is_ascension_mode":false,"campfire_choices":[{"data":"champ:Taunt","floor":1,"key":"SMITH"},{"data":"champ:ShieldSigil","floor":6,"key":"SMITH"},{"data":"champ:RisingSlash","floor":10,"key":"SMITH"},{"floor":13,"key":"RECALL"},{"data":"champ:FocusedDefense","floor":18,"key":"SMITH"},{"data":"champ:Lariat","floor":25,"key":"SMITH"}],"circlet_count":0,"master_deck":["champ:Strike","champ:Strike","champ:Strike","champ:Strike","champ:Defend","champ:Defend","champ:Defend","champ:Defend","champ:Taunt+1","champ:TornadoPunch+1","champ:ShieldSigil+1","champ:RisingSlash+1","champ:DefensiveStyle+1","champ:Circumvent","champ:DefensiveShout","champ:FocusedDefense","champ:FocusedDefense+1","champ:EnchantShield","champ:Lariat+1","champ:ShieldThrow"],"relics":["champ:ChampionCrown","MawBank","Frozen Egg 2","Odd Mushroom","sneckomod:BlankCard","Pantograph","expansioncontent:StudyCardRelic","downfall:HeartBlessingRed","Enchiridion","downfall:HeartBlessingBlue","Peace Pipe","Empty Cage"],"acts_visited":["Exordium","TheCity","TheBeyond"],"potions_floor_usage":[16,29,33],"damage_taken":[{"damage":19,"enemies":"Jaw Worm","floor":2,"turns":5},{"damage":10,"enemies":"downfall:FleeingMerchant","floor":4,"turns":4},{"damage":1,"enemies":"Cultist","floor":5,"turns":4},{"damage":15,"enemies":"The Mushroom Lair","floor":8,"turns":3},{"damage":34,"enemies":"Lagavulin","floor":9,"turns":6},{"damage":0,"enemies":"Small Slimes","floor":11,"turns":2},{"damage":2,"enemies":"3 Sentries","floor":12,"turns":4},{"damage":14,"enemies":"Blue Slaver","floor":14,"turns":2},{"damage":7,"enemies":"3 Louse","floor":15,"turns":3},{"damage":26,"enemies":"downfall:Ironclad","floor":16,"turns":6},{"damage":0,"enemies":"Chosen","floor":19,"turns":4},{"damage":3,"enemies":"Shell Parasite","floor":21,"turns":3},{"damage":0,"enemies":"Chosen and Byrds","floor":22,"turns":4},{"damage":0,"enemies":"Snecko","floor":26,"turns":3},{"damage":9,"enemies":"Snake Plant","floor":28,"turns":2},{"damage":27,"enemies":"Book of Stabbing","floor":29,"turns":5},{"damage":5,"enemies":"downfall:FleeingMerchant","floor":30,"turns":4},{"damage":0,"enemies":"Cultist and Chosen","floor":32,"turns":3},{"damage":21,"enemies":"downfall:Watcher","floor":33,"turns":4}],"seed_played":"-7905808846168697547","potions_obtained":[{"floor":9,"key":"ColorlessPotion"},{"floor":12,"key":"Strength Potion"},{"floor":14,"key":"Strength Potion"},{"floor":16,"key":"SmokeBomb"},{"floor":19,"key":"SkillPotion"},{"floor":26,"key":"champ:TechniquePotion"},{"floor":29,"key":"Swift Potion"}],"is_trial":false,"path_per_floor":["R","M","?","$","M","R","T","?","E","R","M","E","R","M","M","B",null,"R","M","?","M","M","?","T","R","M","?","M","E","$","?","M","B",null],"character_chosen":"THE_CHAMP","items_purchased":[],"campfire_rested":0,"item_purchase_floors":[],"current_hp_per_floor":[90,76,76,76,75,75,75,75,56,56,56,54,54,45,43,42,90,90,90,74,71,71,71,71,81,81,61,52,25,20,20,20,39,105,105,105],"gold":804,"neow_bonus":"RANDOM_COMMON_RELIC","is_daily":false,"chose_seed":false,"campfire_upgraded":5,"win_rate":0.0,"timestamp":1609103262,"path_taken":["R","M","?","?","M","R","T","?","E","R","M","E","R","M","M","BOSS","R","M","?","M","M","?","T","R","M","?","M","E","$","?","M","BOSS"],"items_purchased_type":[],"build_version":"2020-12-22","purchased_purges":0,"victory":false,"max_hp_per_floor":[90,90,90,90,90,90,90,90,90,90,90,90,90,90,90,90,90,90,90,90,90,90,90,90,100,100,105,105,105,105,105,105,105,105,105,105],"relic_stats":{"Peace Pipe":0,"counters":[19,71],"Pantograph":50,"MawBank":408,"obtain_stats":[{"Peace Pipe":29,"downfall:HeartBlessingRed":18,"downfall:HeartBlessingBlue":25,"sneckomod:BlankCard":9,"Pantograph":12,"Enchiridion":20,"champ:ChampionCrown":0,"expansioncontent:StudyCardRelic":17,"Frozen Egg 2":7,"Odd Mushroom":8,"MawBank":0,"Empty Cage":34},{"Peace Pipe":16,"downfall:HeartBlessingRed":10,"downfall:HeartBlessingBlue":13,"sneckomod:BlankCard":5,"Pantograph":7,"Enchiridion":11,"champ:ChampionCrown":0,"expansioncontent:StudyCardRelic":10,"Frozen Egg 2":3,"Odd Mushroom":4,"MawBank":0,"Empty Cage":19},{"Peace Pipe":60,"downfall:HeartBlessingRed":39,"downfall:HeartBlessingBlue":50,"sneckomod:BlankCard":22,"Pantograph":28,"Enchiridion":43,"champ:ChampionCrown":0,"expansioncontent:StudyCardRelic":39,"Frozen Egg 2":13,"Odd Mushroom":16,"MawBank":0,"Empty Cage":71}]},"card_choices":[{"not_picked":["champ:StanceDance","champ:SwordSigil"],"picked":"champ:TornadoPunch","floor":2},{"not_picked":["champ:FlashCut","champ:AdrenalArmor"],"picked":"champ:ShieldSigil","floor":4},{"not_picked":["champ:RageSigil","champ:Aggression"],"picked":"champ:RecklessLeap","floor":5},{"not_picked":["champ:PerfectedStrike","champ:FanOfKnives"],"picked":"champ:RisingSlash","floor":8},{"not_picked":["champ:Backstep","champ:DeathBlow"],"picked":"champ:DefensiveStyle+1","floor":9},{"not_picked":["champ:BerserkersShout","champ:Haymaker"],"picked":"champ:Circumvent","floor":11},{"not_picked":["champ:CalledShot+1","champ:Circumvent"],"picked":"champ:DefensiveShout","floor":12},{"not_picked":["champ:EndlessRage+1","champ:AdrenalArmor"],"picked":"champ:FocusedDefense","floor":14},{"not_picked":["champ:DefensiveShout","champ:PerfectedStrike"],"picked":"champ:FocusedDefense","floor":15},{"not_picked":["champ:PerfectForm+1","champ:DancingMaster+1"],"picked":"champ:EnchantShield","floor":16},{"not_picked":["champ:EnGarde","champ:FaceSlap"],"picked":"champ:Lariat","floor":19},{"not_picked":["champ:GladiatorStyle+1","champ:ShieldWall+1","champ:ViciousMockery"],"picked":"SKIP","floor":21},{"not_picked":["champ:FanOfKnives+1","champ:Encircle+1","champ:Backstep"],"picked":"SKIP","floor":22},{"not_picked":["champ:CrookedStrike","champ:DefensiveShout","champ:BladeFlurry"],"picked":"SKIP","floor":26},{"not_picked":["champ:AdrenalArmor","champ:Haymaker","champ:EndlessRage+1"],"picked":"SKIP","floor":28},{"not_picked":["champ:CheapShot","champ:ShieldSigil+1","champ:BerserkersShout"],"picked":"SKIP","floor":29},{"not_picked":["champ:FocusedDefense+1","champ:RageSigil","champ:CrookedStrike"],"picked":"SKIP","floor":30},{"not_picked":["champ:IgnorePain","champ:FlashCut","champ:DefensiveStyle+1"],"picked":"SKIP","floor":32},{"not_picked":["champ:SteelEdge","champ:VampiricStrike"],"picked":"champ:ShieldThrow","floor":33}],"player_experience":459207,"relics_obtained":[{"floor":7,"key":"Frozen Egg 2"},{"floor":8,"key":"Odd Mushroom"},{"floor":9,"key":"sneckomod:BlankCard"},{"floor":12,"key":"Pantograph"},{"floor":20,"key":"Enchiridion"},{"floor":29,"key":"Peace Pipe"}],"event_choices":[{"damage_healed":0,"gold_gain":0,"player_choice":"Forge","damage_taken":0,"max_hp_gain":0,"max_hp_loss":0,"event_name":"Accursed Blacksmith","floor":3,"gold_loss":0,"cards_upgraded":["champ:TornadoPunch"]},{"damage_healed":0,"gold_gain":0,"player_choice":"Fought Mushrooms","damage_taken":0,"max_hp_gain":0,"max_hp_loss":0,"event_name":"Mushrooms","floor":8,"gold_loss":0}],"is_beta":false,"boss_relics":[{"not_picked":["champ:PowerArmor","Tiny House"],"picked":"expansioncontent:StudyCardRelic"},{"not_picked":["Astrolabe","Sozu"],"picked":"Empty Cage"}],"items_purged_floors":[],"is_endless":false,"potions_floor_spawned":[9,12,14,16,19,26,29],"ascension_level":0}}