{"host":"ao8ok4k25npyixk7","time":1609092851,"event":{"mods":["BaseMod","Minty Spire (QoL Compilation)"],"gold_per_floor":[109,38,51,62,62,62,77,77,77,110,110,124,57,57,57,178,178,196,212,60,69,101,101,101],"floor_reached":23,"playtime":1525,"items_purged":[],"score":296,"play_id":"a0505cbd-3299-453d-9187-89e95a72d139","local_time":"20201227191411","is_ascension_mode":true,"campfire_choices":[{"data":"Noxious Fumes","floor":6,"key":"SMITH"},{"data":"Neutralize","floor":8,"key":"SMITH"},{"data":"Bouncing Flask","floor":11,"key":"SMITH"},{"data":"Footwork","floor":15,"key":"SMITH"}],"circlet_count":0,"master_deck":["AscendersBane","Strike_G","Strike_G","Strike_G","Strike_G","Strike_G","Defend_G","Defend_G","Defend_G","Defend_G","Defend_G","Survivor","Neutralize+1","Panacea","Backflip","Noxious Fumes+1","Poisoned Stab","Bane","Bouncing Flask+1","Deflect","Distraction","Footwork+1","Envenom","Deadly Poison+1","Setup+1","Shame","Backflip"],"relics":["Ring of the Serpent","Golden Idol","Ginger","Ice Cream","TwistedFunnel","CeramicFish"],"acts_visited":["Exordium","TheCity"],"potions_floor_usage":[10,10,12,16,16,23],"damage_taken":[{"damage":0,"enemies":"Small Slimes","floor":1,"turns":4},{"damage":2,"enemies":"2 Louse","floor":3,"turns":4},{"damage":1,"enemies":"Jaw Worm","floor":4,"turns":4},{"damage":0,"enemies":"Large Slime","floor":7,"turns":5},{"damage":15,"enemies":"3 Sentries","floor":10,"turns":7},{"damage":4,"enemies":"Exordium Thugs","floor":12,"turns":4},{"damage":13,"enemies":"Slime Boss","floor":16,"turns":9},{"damage":1,"enemies":"Shell Parasite","floor":18,"turns":6},{"damage":47,"enemies":"3 Byrds","floor":19,"turns":6},{"damage":9,"enemies":"Centurion and Healer","floor":22,"turns":8},{"damage":6,"enemies":"Gremlin Leader","floor":23,"turns":1}],"seed_played":"5936947712739612047","potions_obtained":[{"floor":1,"key":"EntropicBrew"},{"floor":10,"key":"AttackPotion"},{"floor":12,"key":"ColorlessPotion"},{"floor":22,"key":"DuplicationPotion"}],"is_trial":false,"path_per_floor":["M","$","M","M","?","R","M","R","T","E","R","M","$","?","R","B",null,"M","M","$","?","M","E"],"character_chosen":"THE_SILENT","items_purchased":["Noxious Fumes","Footwork","TwistedFunnel"],"campfire_rested":0,"item_purchase_floors":[2,13,20],"current_hp_per_floor":[63,63,61,60,60,60,60,60,60,45,45,41,41,62,62,49,61,60,13,13,13,4,0,0],"gold":101,"neow_bonus":"RANDOM_COLORLESS","is_daily":false,"chose_seed":false,"campfire_upgraded":4,"win_rate":0.0,"timestamp":1609092851,"path_taken":["M","$","M","M","?","R","M","R","T","E","R","M","$","?","R","BOSS","M","M","$","?","M","E"],"items_purchased_type":["Card","Card","Relic"],"build_version":"2020-12-22","purchased_purges":0,"victory":false,"max_hp_per_floor":[70,70,70,70,65,65,65,65,65,65,65,65,65,65,65,65,65,65,65,65,65,65,65,65],"card_choices":[{"not_picked":["Mind Blast","Jack Of All Trades"],"picked":"Panacea","floor":0},{"not_picked":["Skewer","Sucker Punch"],"picked":"Backflip","floor":1},{"not_picked":["Outmaneuver","Sucker Punch"],"picked":"Poisoned Stab","floor":3},{"not_picked":["Endless Agony","Choke"],"picked":"Bane","floor":4},{"not_picked":["Expertise","Slice"],"picked":"Bouncing Flask","floor":7},{"not_picked":["Grand Finale","Finisher"],"picked":"Deflect","floor":10},{"not_picked":["Acrobatics","Accuracy"],"picked":"Distraction","floor":12},{"not_picked":["Storm of Steel","Glass Knife"],"picked":"Envenom","floor":16},{"not_picked":["Reflex","Skewer"],"picked":"Deadly Poison+1","floor":18},{"not_picked":["Prepared","Poisoned Stab"],"picked":"Setup+1","floor":19},{"not_picked":["Prepared","Quick Slash"],"picked":"Backflip","floor":22}],"player_experience":224111,"relics_obtained":[{"floor":9,"key":"Ginger"},{"floor":10,"key":"Ice Cream"}],"event_choices":[{"damage_healed":0,"gold_gain":0,"player_choice":"Lose Max HP","damage_taken":0,"relics_obtained":["Golden Idol"],"max_hp_gain":0,"max_hp_loss":5,"event_name":"Golden Idol","floor":5,"gold_loss":0},{"damage_healed":21,"gold_gain":0,"player_choice":"Banana","damage_taken":0,"max_hp_gain":0,"max_hp_loss":0,"event_name":"Big Fish","floor":14,"gold_loss":0},{"damage_healed":0,"gold_gain":0,"player_choice":"Stole Relic","damage_taken":0,"relics_obtained":["CeramicFish"],"max_hp_gain":0,"max_hp_loss":0,"event_name":"Addict","floor":21,"gold_loss":0,"cards_obtained":["Shame"]}],"is_beta":false,"boss_relics":[{"not_picked":["Calling Bell","SlaversCollar"],"picked":"Ring of the Serpent"}],"items_purged_floors":[],"is_endless":false,"potions_floor_spawned":[1,10,12,22],"killed_by":"Gremlin Leader","ascension_level":11}}