{"host":"6to0pdz5g3mubtyg","time":1609065441,"event":{"mods":["Act Like it!","Aspiration","BaseMod","BetterRewards","Colored Map","Energized Spire","Hallownest","Highlight Path","Infinite Spire","Jorbs\u0027s Wanderer Trilogy","Minty Spire (QoL Compilation)","Shade Mod","StSLib","The Animator","The Blue Laboratory","The Bug Knight"],"gold_per_floor":[119,39,39,39,50,50,80,93,93,18,53,66,66,43,43,140,140,152,152,152,166,66,66,66],"floor_reached":23,"playtime":990,"items_purged":["Strike_B","Defend_B"],"score":207,"play_id":"bb23c577-4308-4dc8-80e9-7570c3e8be22","local_time":"20201227033721","is_ascension_mode":true,"campfire_choices":[{"data":"Leap","floor":6.0,"key":"SMITH"},{"floor":15.0,"key":"REST"}],"circlet_count":0,"master_deck":["Strike_B","Strike_B","Strike_B","Defend_B","Defend_B","Zap","Dualcast","Trip","Barrage","FTL","Leap+1","Auto Shields","White Noise","Conserve Battery","Conserve Battery","Gash","Biased Cognition","Beam Cell+1","infinitespire:Gouge","Sweeping Beam"],"relics":["Shade:YorickSkull","infinitespire:Cubic Diamond","infinitespire:Bottled Soul","aspiration:FetidBarrel","Happy Flower","Bottled Flame","aspiration:PoetsPen_weak","Enchiridion"],"acts_visited":["Exordium","TheCity"],"potions_floor_usage":[23],"damage_taken":[{"damage":5.0,"enemies":"2 Louse","floor":1.0,"turns":2.0},{"damage":11.0,"enemies":"Jaw Worm","floor":5.0,"turns":2.0},{"damage":44.0,"enemies":"Lagavulin","floor":7.0,"turns":8.0},{"damage":0.0,"enemies":"Cultist","floor":8.0,"turns":5.0},{"damage":9.0,"enemies":"3 Sentries","floor":11.0,"turns":8.0},{"damage":3.0,"enemies":"Exordium Thugs","floor":12.0,"turns":4.0},{"damage":2.0,"enemies":"Hexaghost","floor":16.0,"turns":12.0},{"damage":16.0,"enemies":"Chosen","floor":18.0,"turns":7.0},{"damage":7.0,"enemies":"Shell Parasite","floor":21.0,"turns":5.0},{"damage":19,"enemies":"Slavers","floor":23,"turns":1}],"seed_played":"-4698741604670529361","potions_obtained":[{"floor":5.0,"key":"blueLaboratory:SystemWipe"},{"floor":11.0,"key":"Swift Potion"},{"floor":12.0,"key":"Swift Potion"},{"floor":21.0,"key":"PowerPotion"}],"is_trial":false,"path_per_floor":["M","$","?","?","M","R","E","M","T","$","E","M","T","$","R","B",null,"M","?","?","M","$","E"],"character_chosen":"DEFECT","items_purchased":["FTL","Gash"],"campfire_rested":1,"item_purchase_floors":[2,14],"current_hp_per_floor":[70,70,70,70,59,59,15,15,15,15,6,3,3,3,25,23,75,59,41,25,18,18,0,0],"gold":66,"neow_bonus":"RANDOM_COLORLESS","is_daily":false,"chose_seed":false,"campfire_upgraded":1,"win_rate":0.0,"timestamp":1609065441,"path_taken":["M","$","?","?","?","R","E","M","T","$","E","M","?","$","R","BOSS","M","?","?","M","$","E"],"items_purchased_type":["Card","Card"],"build_version":"2020-12-22","purchased_purges":2,"victory":false,"max_hp_per_floor":[75,75,75,75,75,75,75,75,75,75,75,75,75,75,75,75,75,75,75,75,75,75,75,75],"card_choices":[{"not_picked":["Panacea","Madness"],"picked":"Trip","floor":0.0},{"not_picked":["Reinforced Body","Redo"],"picked":"Barrage","floor":1.0},{"not_picked":["Chaos","Fusion"],"picked":"Leap","floor":5.0},{"not_picked":["Hologram","Biased Cognition"],"picked":"Auto Shields","floor":7.0},{"not_picked":["Scrape","Sweeping Beam"],"picked":"White Noise","floor":8.0},{"not_picked":["Stack","Reinforced Body"],"picked":"Conserve Battery","floor":11.0},{"not_picked":["Stack","Leap"],"picked":"Conserve Battery","floor":12.0},{"not_picked":["Core Surge","Rainbow"],"picked":"Biased Cognition","floor":16.0},{"not_picked":["Steam","Coolheaded"],"picked":"Beam Cell+1","floor":18.0},{"not_picked":["infinitespire:Execution","infinitespire:UltimateForm"],"picked":"infinitespire:Gouge","floor":19.0},{"not_picked":["Conserve Battery+1","Barrage"],"picked":"Sweeping Beam","floor":21.0}],"player_experience":236013,"relics_obtained":[{"floor":7.0,"key":"infinitespire:Bottled Soul"},{"floor":9.0,"key":"aspiration:FetidBarrel"},{"floor":11.0,"key":"Happy Flower"},{"floor":13.0,"key":"Bottled Flame"},{"floor":20.0,"key":"Enchiridion"}],"event_choices":[{"cards_removed":["Defend_B"],"damage_healed":0.0,"max_hp_gain":0.0,"max_hp_loss":0.0,"gold_gain":0.0,"event_name":"Purifier","player_choice":"Purged","floor":4.0,"gold_loss":0.0,"damage_taken":0.0},{"damage_healed":0.0,"max_hp_gain":0.0,"max_hp_loss":0.0,"gold_gain":0.0,"event_name":"Cursed Tome","player_choice":"Obtained Book","floor":20.0,"gold_loss":0.0,"damage_taken":16.0}],"is_beta":false,"boss_relics":[{"not_picked":["energizedSpire:OgreHead","aspiration:RunicSpoon"],"picked":"aspiration:PoetsPen_weak"}],"items_purged_floors":[10,22],"is_endless":false,"potions_floor_spawned":[5,11,12,21],"killed_by":"Slavers","ascension_level":1}}