{"host":"cxvb37eaaiijvrl4","time":1609096195,"event":{"mods":["ATMod(阿瑾Mod)","BaseMod","Better Third Choice","Minty Spire (QoL Compilation)","MostiFishMod","Quick Restart","Rare Cards Sparkle","Shop Mod","Spicy Shops","StSLib","TestMod","Uncapped","残留之物"],"gold_per_floor":[116,41,55,65,84,117,177,177,202,202,221,121,152,171,171,270,270,290,10,10,10,10,10,46,61,87,87,87,87,106,106,106,211,211,224,74,74,74,92,92,112,112,138,153,153,191,214,214,214,224,224,224,49,86,93],"floor_reached":56,"playtime":2255,"items_purged":["PlaceholderMod:BaseStrike","PlaceholderMod:BaseStrike","PlaceholderMod:BaseStrike","PlaceholderMod:BaseStrike","PlaceholderMod:PoisonWhip"],"score":1503,"play_id":"0126e8e2-059f-4f38-8acb-de2152d466e8","local_time":"20201227110955","is_ascension_mode":false,"campfire_choices":[{"data":"PlaceholderMod:Crystallization","floor":10.0,"key":"SMITH"},{"data":"PlaceholderMod:FinalSpray","floor":15.0,"key":"SMITH"},{"data":"PlaceholderMod:DiffusionPoison","floor":23,"key":"SMITH"},{"data":"PlaceholderMod:FinalSpray","floor":27,"key":"SMITH"},{"data":"PlaceholderMod:GrowthForm","floor":29,"key":"SMITH"},{"data":"PlaceholderMod:DirectingGroup","floor":32,"key":"SMITH"},{"data":"PlaceholderMod:FinalSpray","floor":40,"key":"SMITH"},{"data":"PlaceholderMod:Corrosion","floor":42,"key":"SMITH"},{"data":"PlaceholderMod:Hyperplasia","floor":45,"key":"SMITH"},{"floor":49,"key":"RECALL"},{"data":"PlaceholderMod:MultiReaction","floor":52,"key":"SMITH"}],"circlet_count":0,"master_deck":["PlaceholderMod:BaseDefend","PlaceholderMod:BaseDefend","PlaceholderMod:BaseDefend","PlaceholderMod:BaseDefend","PlaceholderMod:BaseDefend","PlaceholderMod:Crystal","PlaceholderMod:DirectingGroup+1","PlaceholderMod:Crystallization+1","PlaceholderMod:HealingAttack","PlaceholderMod:GrowthForm+1","PlaceholderMod:DissolvingSpikes+1","PlaceholderMod:HardStinger","PlaceholderMod:Corrosion+1","PlaceholderMod:FinalSpray+1","PlaceholderMod:Hyperplasia+1","PlaceholderMod:DiffusionPoison+1","PlaceholderMod:SubstitutionNucleophilic1+1","PlaceholderMod:FinalSpray+1","PlaceholderMod:InnerSoften","PlaceholderMod:FinalSpray+1","PlaceholderMod:SeverePoisonStrike+1","PlaceholderMod:FinalSpray+1","PlaceholderMod:SelectReaction+1","PlaceholderMod:PoisonAbsorb+1","PlaceholderMod:MultiReaction+1","PlaceholderMod:Activation"],"relics":["PlaceholderMod:Tancle","testmod-TestBox","AT_ATBox","testmod-CasingShield","OriginationStaff","NeowsBlessing","SynthV:TestCard","AT_RedTearstoneRing","Bag of Marbles","testmod-AssaultLearning","testmod-DeterminationOfClimber","DollysMirror","testmod-InfectionSource","Whetstone","Strawberry","DaveBox","RhineCircuit","testmod-TimeTraveler","testmod-RealStoneCalender","AT_SunfireAegis","Mercury Hourglass","White Beast Statue","testmod-TurbochargingSystem"],"acts_visited":["Exordium","TheCity","TheBeyond","TheEnding"],"potions_floor_usage":[55,55,55,55],"damage_taken":[{"damage":0.0,"enemies":"Jaw Worm","floor":1.0,"turns":1.0},{"damage":0.0,"enemies":"2 Louse","floor":3.0,"turns":1.0},{"damage":0.0,"enemies":"Small Slimes","floor":4.0,"turns":1.0},{"damage":1.0,"enemies":"Blue Slaver","floor":5.0,"turns":6.0},{"damage":17.0,"enemies":"Lagavulin","floor":6.0,"turns":10.0},{"damage":7.0,"enemies":"3 Sentries","floor":7.0,"turns":14.0},{"damage":19.0,"enemies":"Lots of Slimes","floor":11.0,"turns":7.0},{"damage":16.0,"enemies":"3 Sentries","floor":13.0,"turns":11.0},{"damage":0.0,"enemies":"Exordium Thugs","floor":14.0,"turns":3.0},{"damage":0.0,"enemies":"Slime Boss","floor":16.0,"turns":16.0},{"damage":0.0,"enemies":"Shell Parasite","floor":18.0,"turns":2.0},{"damage":0,"enemies":"Gremlin Leader","floor":24,"turns":3},{"damage":0,"enemies":"Chosen","floor":25,"turns":3},{"damage":3,"enemies":"Snake Plant","floor":30,"turns":3},{"damage":0,"enemies":"Collector","floor":33,"turns":2},{"damage":6,"enemies":"Orb Walker","floor":35,"turns":2},{"damage":0,"enemies":"3 Shapes","floor":39,"turns":1},{"damage":3,"enemies":"3 Darklings","floor":41,"turns":2},{"damage":0,"enemies":"4 Shapes","floor":44,"turns":1},{"damage":0,"enemies":"Giant Head","floor":46,"turns":2},{"damage":0,"enemies":"Maw","floor":47,"turns":2},{"damage":31,"enemies":"Awakened One","floor":50,"turns":4},{"damage":0,"enemies":"Shield and Spear","floor":54,"turns":1},{"damage":0,"enemies":"The Heart","floor":55,"turns":2}],"seed_played":"18022753929901316","potions_obtained":[{"floor":3.0,"key":"testmod-SpacePotion"},{"floor":4.0,"key":"Fire Potion"},{"floor":6.0,"key":"PlaceholderMod:PlaceholderPotion"},{"floor":11.0,"key":"SteroidPotion"},{"floor":13.0,"key":"testmod-SpacePotion"},{"floor":16.0,"key":"testmod-TestPotion"},{"floor":24,"key":"DuplicationPotion"},{"floor":30,"key":"testmod-TestPotion"},{"floor":39,"key":"GamblersBrew"},{"floor":44,"key":"Weak Potion"}],"is_trial":false,"path_per_floor":["M","$","M","M","M","E","?","?","T","R","M","$","E","M","R","B",null,"M","$","?","?","?","R","E","M","T","R","$","R","M","?","R","B",null,"M","$","?","$","M","R","M","R","T","M","R","E","M","T","R","B",null,"R","$","E","B",null],"character_chosen":"THE_PLACEHOLDER","items_purchased":["DollysMirror"],"campfire_rested":0,"item_purchase_floors":[19],"current_hp_per_floor":[78,78,78,78,78,71,74,74,74,74,65,65,59,66,66,76,78,78,78,63,63,63,63,72,78,85,85,85,85,90,90,90,90,90,90,90,90,90,90,90,89,89,89,89,89,90,90,90,90,68,90,90,90,90,90],"gold":93,"neow_bonus":"THREE_ENEMY_KILL","is_daily":false,"chose_seed":false,"campfire_upgraded":10,"win_rate":0.0,"timestamp":1609096195,"path_taken":["M","$","M","M","M","E","?","?","T","R","M","$","E","M","R","BOSS","M","$","?","?","?","R","E","M","T","R","?","R","M","?","R","BOSS","M","$","?","$","?","R","M","R","T","M","R","E","M","?","R","BOSS","R","$","E","BOSS"],"items_purchased_type":["Relic"],"build_version":"2020-12-22","purchased_purges":5,"victory":true,"max_hp_per_floor":[78,78,78,78,78,78,78,78,78,78,78,78,78,78,78,78,78,78,78,83,83,83,83,83,83,90,90,90,90,90,90,90,90,90,90,90,90,90,90,90,90,90,90,90,90,90,90,90,90,90,90,90,90,90,90],"card_choices":[{"not_picked":["PlaceholderMod:PoisonExcitation","PlaceholderMod:SprayAttack"],"picked":"PlaceholderMod:DirectingGroup","floor":1.0},{"not_picked":["PlaceholderMod:SprayAttack","PlaceholderMod:Internalization","PlaceholderMod:HornyBlast","PlaceholderMod:StressReaction"],"picked":"PlaceholderMod:Crystallization","floor":3.0},{"not_picked":["PlaceholderMod:DissolvingSpikes","PlaceholderMod:SprayAttack","PlaceholderMod:Package","PlaceholderMod:ConsolidateHit"],"picked":"PlaceholderMod:HealingAttack","floor":4.0},{"not_picked":["PlaceholderMod:Internalization","PlaceholderMod:HornyBlast","PlaceholderMod:Sweep","PlaceholderMod:OHStrongAttack"],"picked":"PlaceholderMod:GrowthForm","floor":5.0},{"not_picked":["PlaceholderMod:Hard","PlaceholderMod:Turn","PlaceholderMod:OHStrongAttack","PlaceholderMod:Stable"],"picked":"PlaceholderMod:DissolvingSpikes","floor":6.0},{"not_picked":["PlaceholderMod:StrongAcid","PlaceholderMod:ProliferateStrike","PlaceholderMod:OHStrongAttack","PlaceholderMod:Hard"],"picked":"PlaceholderMod:HardStinger","floor":7.0},{"not_picked":["PlaceholderMod:ParasiteChange","PlaceholderMod:StressReaction","PlaceholderMod:StrongAcid","PlaceholderMod:TriggerStrike"],"picked":"PlaceholderMod:Corrosion","floor":11.0},{"not_picked":["PlaceholderMod:UnpureUse","PlaceholderMod:ProliferateStrike","PlaceholderMod:Internalization","PlaceholderMod:StrongAcid"],"picked":"PlaceholderMod:FinalSpray","floor":13.0},{"not_picked":["PlaceholderMod:ParasiteChange","PlaceholderMod:StressReaction","PlaceholderMod:Break","PlaceholderMod:StrongAcid"],"picked":"PlaceholderMod:Hyperplasia","floor":14.0},{"not_picked":["PlaceholderMod:Eat","PlaceholderMod:Activation","PlaceholderMod:CorePoison","PlaceholderMod:AbsorbTouch"],"picked":"PlaceholderMod:DiffusionPoison","floor":16.0},{"not_picked":["PlaceholderMod:ChainPoly","PlaceholderMod:OHStrongAttack","PlaceholderMod:Sweep","PlaceholderMod:Polyp+1"],"picked":"PlaceholderMod:SubstitutionNucleophilic1","floor":18.0},{"not_picked":["PlaceholderMod:StressReaction","PlaceholderMod:CrystallizationStrike","PlaceholderMod:Internalization","PlaceholderMod:HornyCollision"],"picked":"PlaceholderMod:InnerSoften","floor":24},{"not_picked":["PlaceholderMod:DissolvingSpikes","PlaceholderMod:ProliferateStrike","PlaceholderMod:Internalization","PlaceholderMod:AttackAsDefend"],"picked":"PlaceholderMod:FinalSpray","floor":25},{"not_picked":["PlaceholderMod:Stratification","PlaceholderMod:ParasiteChange","PlaceholderMod:EvolutionSpray","PlaceholderMod:Colorful+1"],"picked":"PlaceholderMod:SeverePoisonStrike+1","floor":30},{"not_picked":["PlaceholderMod:CorePoison","PlaceholderMod:MultiReaction","PlaceholderMod:AbsorbTouch","PlaceholderMod:Activation"],"picked":"PlaceholderMod:FinalSpray","floor":33},{"not_picked":["PlaceholderMod:Package+1","PlaceholderMod:Colorful","PlaceholderMod:Polyp","PlaceholderMod:ProliferateStrike","PlaceholderMod:SprayAttack+1"],"picked":"SKIP","floor":35},{"not_picked":["PlaceholderMod:SpinBlade","PlaceholderMod:PoisonAbsorb","PlaceholderMod:ParasiteChange","PlaceholderMod:CorePoison","PlaceholderMod:OHStrongAttack"],"picked":"SKIP","floor":39},{"not_picked":["PlaceholderMod:ThreeBenzyolStart","PlaceholderMod:ConsolidateHit+1","PlaceholderMod:NearChange+1","PlaceholderMod:SubstitutionNucleophilic1"],"picked":"PlaceholderMod:SelectReaction+1","floor":41},{"not_picked":["PlaceholderMod:Sweep","PlaceholderMod:ChainPoly","PlaceholderMod:Turn+1","PlaceholderMod:SpinBlade","PlaceholderMod:ParasiteChange"],"picked":"SKIP","floor":44},{"not_picked":["PlaceholderMod:HornyBlast","PlaceholderMod:Colorful+1","PlaceholderMod:ChainPoly","PlaceholderMod:SprayAttack"],"picked":"PlaceholderMod:PoisonAbsorb+1","floor":46},{"not_picked":["PlaceholderMod:DirectingGroup","PlaceholderMod:OHStrongAttack","PlaceholderMod:HardStinger","PlaceholderMod:ProliferateStrike"],"picked":"PlaceholderMod:MultiReaction","floor":47},{"not_picked":["PlaceholderMod:HornyBlast","PlaceholderMod:FinalSpray","PlaceholderMod:Stable+1","PlaceholderMod:ChainPoly"],"picked":"PlaceholderMod:Activation","floor":54}],"player_experience":658962,"relics_obtained":[{"floor":1.0,"key":"SynthV:TestCard"},{"floor":6.0,"key":"AT_RedTearstoneRing"},{"floor":13.0,"key":"testmod-AssaultLearning"},{"floor":24,"key":"Whetstone"},{"floor":26,"key":"Strawberry"},{"floor":43,"key":"AT_SunfireAegis"},{"floor":46,"key":"Mercury Hourglass"},{"floor":48,"key":"White Beast Statue"},{"floor":54,"key":"testmod-TurbochargingSystem"}],"event_choices":[{"damage_healed":0.0,"max_hp_gain":0.0,"max_hp_loss":0.0,"gold_gain":30.0,"event_name":"Dead Adventurer","player_choice":"Searched \u00273\u0027 times","floor":7.0,"gold_loss":0.0,"damage_taken":0.0,"relics_obtained":["Bag of Marbles"]},{"damage_healed":0.0,"max_hp_gain":0.0,"max_hp_loss":0.0,"gold_gain":0.0,"event_name":"betterThird:BetterSerpent","player_choice":"Ignored","floor":8.0,"gold_loss":0.0,"damage_taken":177.0},{"damage_healed":0.0,"max_hp_gain":5.0,"max_hp_loss":0.0,"gold_gain":0.0,"event_name":"Forgotten Altar","player_choice":"Shed Blood","floor":20.0,"gold_loss":0.0,"damage_taken":20.0},{"cards_removed":["PlaceholderMod:BaseStrike"],"damage_healed":0.0,"max_hp_gain":0.0,"max_hp_loss":0.0,"gold_gain":0.0,"event_name":"betterThird:BetterWriting","player_choice":"Elegance","floor":21.0,"gold_loss":0.0,"damage_taken":0.0},{"damage_healed":0,"gold_gain":0,"player_choice":"Opened","damage_taken":0,"relics_obtained":["testmod-InfectionSource"],"max_hp_gain":0,"max_hp_loss":0,"event_name":"The Mausoleum","floor":22,"gold_loss":0},{"damage_healed":0,"gold_gain":0,"player_choice":"Swap Relic","damage_taken":0,"relics_obtained":["DaveBox"],"max_hp_gain":0,"max_hp_loss":0,"event_name":"给自己的盒子","floor":31,"relics_lost":["DaveBox"],"gold_loss":0},{"damage_healed":0,"gold_gain":0,"player_choice":"Gave Potion","damage_taken":0,"relics_obtained":["testmod-RealStoneCalender"],"max_hp_gain":0,"max_hp_loss":0,"event_name":"WeMeetAgain","floor":37,"gold_loss":0}],"is_beta":false,"boss_relics":[{"not_picked":["GuanYuAspect","EE1DDrone"],"picked":"testmod-DeterminationOfClimber"},{"not_picked":["JellyFishMachine","PatriotShield"],"picked":"testmod-TimeTraveler"}],"items_purged_floors":[2,12,19,36,53],"is_endless":false,"potions_floor_spawned":[3,4,6,11,13,14,16,24,25,30,39,44,47,54],"ascension_level":0}}