{"host":"zpql4quw4g2j1hsh","time":1609065815,"event":{"mods":["Act Like it!","BaseMod","Better-Laid Plans","Challenge The Spire","Googly Eyes","Hallownest","Lobotomy","Minty Spire (QoL Compilation)","Permanent Neow","Quick Restart","Relic Stats","Spicy Shops","StSLib","SuperFastMode","TestMod","The Bug Knight","óô»ðÖ¸ÄÏ"],"gold_per_floor":[113,113,129,149,161,161,188,188,188,188,188,206,236,236,236,334,334,349,377,395,412,412,437,457,13,13,13,13,25,58,73,73,174,174,191,208,225,237,86,86,117,42,42,42,56,56,65,75,75,75],"floor_reached":51,"playtime":3973,"items_purged":["HollowMod:NewLittleFool"],"score":731,"play_id":"4932505c-35f6-4c06-9b87-e3b475dea9a7","local_time":"20201227184335","is_ascension_mode":false,"campfire_choices":[{"data":"HollowMod:SlysStrikes","floor":6,"key":"SMITH"},{"data":"HollowMod:HuntersJournal","floor":8,"key":"SMITH"},{"data":"HollowMod:DashSlash","floor":11,"key":"SMITH"},{"data":"HollowMod:SoulSplash","floor":15,"key":"SMITH"},{"data":"HollowMod:SoulShaman","floor":28,"key":"SMITH"},{"data":"HollowMod:SlysStrikes","floor":32,"key":"SMITH"},{"data":"HollowMod:HuntersJournal","floor":40,"key":"SMITH"},{"data":"HollowMod:SoulSplash","floor":44,"key":"SMITH"},{"data":"HollowMod:GreatSlash","floor":46,"key":"SMITH"},{"data":"HollowMod:HornetsHelp","floor":49,"key":"SMITH"}],"circlet_count":0,"master_deck":["HollowMod:NailStrikeStart+1","HollowMod:NailStrikeStart+1","HollowMod:NailStrikeStart+1","HollowMod:QuickDashStart+1","HollowMod:QuickDashStart+1","HollowMod:QuickDashStart+1","HollowMod:QuickDashStart+1","HollowMod:FocusHealStart","HollowMod:PogoStrike","HollowMod:SoulSplash+1","HollowMod:DashSlash+1","HollowMod:HuntersJournal+1","HollowMod:SlysStrikes+1","HollowMod:GreatSlash+1","HollowMod:CrystalDash","HollowMod:AwokenDreamNail","HollowMod:HuntersJournal+1","HollowMod:SoulSplash+1","HollowMod:SoulShaman+1","HollowMod:SlysStrikes+1","HollowMod:CycloneSlash+1","HollowMod:HornetsHelp+1","HollowMod:VengefulSpirit+1","HollowMod:HuntersJournal+1","HollowMod:SoulSplash+1","HollowMod:PerfectDash+1","HollowMod:GrimmsGift+1","HollowMod:MonarchWings+1"],"relics":["HollowMod:VesselMask","Bag of Preparation","testmod-Prudence","Centennial Puzzle","Whetstone","testmod-BalancedPeriapt","Sundial","testmod-HarvestTotem","Red Mask","testmod-CrystalShield","Lee\u0027s Waffle","Frozen Eye","testmod-TurbochargingSystem","Nloth\u0027s Gift","testmod-AssaultLearning","testmod-CardMagician","testmod-Charity","Darkstone Periapt","Bottled Tornado"],"acts_visited":["Exordium","TheCity","TheBeyond"],"potions_floor_usage":[7,12,13,30,33,33,33,41,50],"damage_taken":[{"damage":4,"enemies":"Jaw Worm","floor":1,"turns":4},{"damage":0,"enemies":"Small Slimes","floor":3,"turns":2},{"damage":0,"enemies":"2 Louse","floor":4,"turns":4},{"damage":9,"enemies":"Gremlin Gang","floor":5,"turns":3},{"damage":22,"enemies":"3 Sentries","floor":7,"turns":7},{"damage":0,"enemies":"2 Fungi Beasts","floor":12,"turns":3},{"damage":10,"enemies":"Gremlin Nob","floor":13,"turns":3},{"damage":6,"enemies":"Slime Boss","floor":16,"turns":7},{"damage":24,"enemies":"2 Thieves","floor":18,"turns":3},{"damage":42,"enemies":"Masked Bandits","floor":19,"turns":4},{"damage":20,"enemies":"Spheric Guardian","floor":20,"turns":4},{"damage":1,"enemies":"Centurion and Healer","floor":21,"turns":5},{"damage":15,"enemies":"Slavers","floor":23,"turns":4},{"damage":0,"enemies":"3 Cultists","floor":24,"turns":4},{"damage":7,"enemies":"Cultist and Chosen","floor":29,"turns":5},{"damage":0,"enemies":"Book of Stabbing","floor":30,"turns":1},{"damage":6,"enemies":"Chosen and Byrds","floor":31,"turns":3},{"damage":61,"enemies":"Champ","floor":33,"turns":10},{"damage":10,"enemies":"3 Darklings","floor":35,"turns":3},{"damage":0,"enemies":"3 Shapes","floor":36,"turns":2},{"damage":0,"enemies":"Writhing Mass","floor":37,"turns":4},{"damage":41,"enemies":"HollowMod:SlobberingHusk","floor":38,"turns":6},{"damage":0,"enemies":"Giant Head","floor":41,"turns":5},{"damage":5,"enemies":"Jaw Worm Horde","floor":45,"turns":3},{"damage":0,"enemies":"Writhing Mass","floor":47,"turns":4},{"damage":0,"enemies":"HollowMod:SlobberingHusk","floor":48,"turns":5},{"damage":8,"enemies":"HollowMod:Radiance","floor":50,"turns":12}],"seed_played":"-8555045614979092842","potions_obtained":[{"floor":3,"key":"DuplicationPotion"},{"floor":5,"key":"SkillPotion"},{"floor":7,"key":"AttackPotion"},{"floor":20,"key":"SteroidPotion"},{"floor":21,"key":"SteroidPotion"},{"floor":29,"key":"testmod-EscapePotion"},{"floor":30,"key":"Explosive Potion"},{"floor":35,"key":"AttackPotion"},{"floor":38,"key":"Energy Potion"},{"floor":45,"key":"SkillPotion"}],"is_trial":false,"path_per_floor":["M","?","M","M","M","R","E","R","T","?","R","M","E","T","R","B",null,"M","?","M","M","?","E","M","R","T","?","R","M","E","M","R","B",null,"M","M","M","M","$","R","E","?","T","R","M","R","M","M","R","B",null],"character_chosen":"THE_BUGKNIGHT","items_purchased":["Lee\u0027s Waffle","HollowMod:SoulShaman","Frozen Eye","testmod-Charity"],"campfire_rested":0,"item_purchase_floors":[25,25,25,39],"current_hp_per_floor":[71,76,76,80,77,77,62,62,62,62,62,72,72,72,72,76,80,68,43,43,42,42,47,59,80,80,80,80,73,73,79,79,19,80,70,70,80,51,51,51,80,80,80,80,80,80,80,80,80,80],"gold":75,"neow_bonus":"RANDOM_COMMON_RELIC","is_daily":false,"chose_seed":false,"campfire_upgraded":10,"win_rate":0.0,"timestamp":1609065815,"path_taken":["M","?","M","M","M","R","E","R","T","?","R","M","E","?","R","BOSS","M","?","M","M","?","E","M","R","T","?","R","M","E","M","R","BOSS","M","?","M","M","$","R","E","?","T","R","M","R","M","M","R","BOSS"],"items_purchased_type":["Relic","Card","Relic","Relic"],"build_version":"2020-12-22","purchased_purges":1,"victory":true,"max_hp_per_floor":[75,80,80,80,80,80,80,80,80,80,80,80,80,80,80,80,80,80,80,80,80,80,80,80,80,80,80,80,80,80,80,80,80,80,80,80,80,80,80,80,80,80,80,80,80,80,80,80,80,80],"relic_stats":{"Darkstone Periapt":0,"Centennial Puzzle":[42],"Lee\u0027s Waffle":21,"counters":[27,120],"Sundial":[40],"Bag of Preparation":[54],"Nloth\u0027s Gift":1,"Whetstone":["HollowMod:NailStrikeStart","HollowMod:NailStrikeStart"],"obtain_stats":[{"Darkstone Periapt":41,"Lee\u0027s Waffle":25,"testmod-TestBox":0,"HollowMod:VesselMask":0,"testmod-CardMagician":34,"Bag of Preparation":0,"testmod-HarvestTotem":17,"Whetstone":9,"testmod-TurbochargingSystem":26,"Bottled Tornado":43,"testmod-Charity":39,"Frozen Eye":25,"Centennial Puzzle":7,"testmod-CrystalShield":23,"testmod-Prudence":0,"Sundial":14,"testmod-AssaultLearning":30,"Red Mask":19,"Nloth\u0027s Gift":27,"testmod-BalancedPeriapt":13},{"Darkstone Periapt":23,"Lee\u0027s Waffle":14,"testmod-TestBox":0,"HollowMod:VesselMask":0,"testmod-CardMagician":18,"Bag of Preparation":0,"testmod-HarvestTotem":8,"Whetstone":5,"testmod-TurbochargingSystem":14,"Bottled Tornado":23,"testmod-Charity":22,"Frozen Eye":14,"Centennial Puzzle":5,"testmod-CrystalShield":13,"testmod-Prudence":0,"Sundial":7,"testmod-AssaultLearning":16,"Red Mask":10,"Nloth\u0027s Gift":14,"testmod-BalancedPeriapt":7},{"Darkstone Periapt":96,"Lee\u0027s Waffle":57,"testmod-TestBox":0,"HollowMod:VesselMask":0,"testmod-CardMagician":76,"Bag of Preparation":0,"testmod-HarvestTotem":33,"Whetstone":20,"testmod-TurbochargingSystem":57,"Bottled Tornado":96,"testmod-Charity":91,"Frozen Eye":57,"Centennial Puzzle":20,"testmod-CrystalShield":53,"testmod-Prudence":0,"Sundial":26,"testmod-AssaultLearning":63,"Red Mask":40,"Nloth\u0027s Gift":57,"testmod-BalancedPeriapt":26}]},"card_choices":[{"not_picked":["HollowMod:SharpenedNail","HollowMod:TaintedHusks"],"picked":"HollowMod:SoulSplash","floor":1},{"not_picked":["HollowMod:LifebloodCocoon","HollowMod:SoulSplash"],"picked":"HollowMod:DashSlash","floor":3},{"not_picked":["HollowMod:SoulStrike","HollowMod:AbyssShriek"],"picked":"HollowMod:HuntersJournal","floor":4},{"not_picked":["HollowMod:ShadowDash","HollowMod:RecoilStrike"],"picked":"HollowMod:SlysStrikes","floor":5},{"not_picked":["HollowMod:PerfectDash","HollowMod:InfectedCysts"],"picked":"HollowMod:GreatSlash","floor":7},{"not_picked":["HollowMod:VengefulVoid","HollowMod:DescendingDark","HollowMod:GoodIntentions"],"picked":"SKIP","floor":12},{"not_picked":["HollowMod:SoulMaster","HollowMod:SiblingsShadow"],"picked":"HollowMod:CrystalDash","floor":13},{"not_picked":["HollowMod:MidwifesHunger","HollowMod:SoulMaster"],"picked":"HollowMod:AwokenDreamNail","floor":16},{"not_picked":["HollowMod:NewJinnsSoul+1","HollowMod:SiblingsSouls"],"picked":"HollowMod:HuntersJournal+1","floor":18},{"not_picked":["HollowMod:SiblingsSouls","HollowMod:FallenFury"],"picked":"HollowMod:NewLittleFool","floor":19},{"not_picked":["HollowMod:ShadowDash","HollowMod:InfectionAssault","HollowMod:HowlingWraiths"],"picked":"SKIP","floor":20},{"not_picked":["HollowMod:SharpenedNail","HollowMod:InfectedAttack"],"picked":"HollowMod:SoulSplash+1","floor":21},{"not_picked":["HollowMod:AwokenDreamNail","HollowMod:NewLittleFool","HollowMod:AbyssShriek"],"picked":"SKIP","floor":23},{"not_picked":["HollowMod:MothsMistake","HollowMod:RecoilStrike","HollowMod:GoodIntentions"],"picked":"SKIP","floor":24},{"not_picked":["HollowMod:GoodIntentions","HollowMod:SharpenedNail","HollowMod:DungDefenderAura+1"],"picked":"SKIP","floor":29},{"not_picked":["HollowMod:HuntersJournal","HollowMod:SoulSplash+1"],"picked":"HollowMod:SlysStrikes","floor":30},{"not_picked":["HollowMod:NewLittleFool+1","HollowMod:InfectedCysts"],"picked":"HollowMod:CycloneSlash+1","floor":31},{"not_picked":["HollowMod:theNailsmith","HollowMod:ElderbugsWisdom"],"picked":"HollowMod:HornetsHelp","floor":33},{"not_picked":["HollowMod:GreatSlash","HollowMod:ShapeofUnn+1"],"picked":"HollowMod:VengefulSpirit+1","floor":35},{"not_picked":["HollowMod:MonarchWings","HollowMod:DesolateDive+1"],"picked":"HollowMod:HuntersJournal","floor":36},{"not_picked":["HollowMod:ShadowDash+1","HollowMod:RecoilStrike+1"],"picked":"HollowMod:SoulSplash","floor":37},{"not_picked":["HollowMod:DoubleDash+1","HollowMod:DreamGate+1"],"picked":"HollowMod:PerfectDash+1","floor":38},{"not_picked":["HollowMod:CrystalDash+1","HollowMod:WraithStrike+1"],"picked":"HollowMod:GrimmsGift+1","floor":41},{"not_picked":["HollowMod:HowlingWraiths","HollowMod:HeavyBlow","HollowMod:InfectedCysts+1"],"picked":"SKIP","floor":45},{"not_picked":["HollowMod:QuirrelsAssistance","HollowMod:HeavyBlow","HollowMod:CycloneSlash"],"picked":"SKIP","floor":47},{"not_picked":["HollowMod:DoubleDash+1","HollowMod:HowlingWraiths"],"picked":"HollowMod:MonarchWings+1","floor":48}],"player_experience":235,"relics_obtained":[{"floor":7,"key":"Centennial Puzzle"},{"floor":9,"key":"Whetstone"},{"floor":13,"key":"testmod-BalancedPeriapt"},{"floor":14,"key":"Sundial"},{"floor":19,"key":"Red Mask"},{"floor":23,"key":"testmod-CrystalShield"},{"floor":26,"key":"testmod-TurbochargingSystem"},{"floor":30,"key":"testmod-AssaultLearning"},{"floor":41,"key":"Darkstone Periapt"},{"floor":43,"key":"Bottled Tornado"}],"event_choices":[{"damage_healed":0,"gold_gain":0,"player_choice":"Donut","damage_taken":0,"max_hp_gain":5,"max_hp_loss":0,"event_name":"Big Fish","floor":2,"gold_loss":0},{"cards_removed":["HollowMod:NailStrikeStart"],"damage_healed":0,"gold_gain":0,"player_choice":"Forget","damage_taken":0,"max_hp_gain":0,"max_hp_loss":0,"event_name":"Living Wall","floor":10,"gold_loss":0},{"damage_healed":0,"gold_gain":0,"player_choice":"Fought Bandits","damage_taken":0,"max_hp_gain":0,"max_hp_loss":0,"event_name":"Masked Bandits","floor":19,"gold_loss":0},{"damage_healed":0,"gold_gain":0,"player_choice":"Simplicity","damage_taken":0,"max_hp_gain":0,"max_hp_loss":0,"event_name":"Back to Basics","floor":22,"gold_loss":0,"cards_upgraded":["HollowMod:NailStrikeStart","HollowMod:QuickDashStart","HollowMod:QuickDashStart","HollowMod:QuickDashStart","HollowMod:QuickDashStart"]},{"damage_healed":0,"gold_gain":0,"player_choice":"Traded Relic","damage_taken":0,"relics_obtained":["Nloth\u0027s Gift"],"max_hp_gain":0,"max_hp_loss":0,"event_name":"N\u0027loth","floor":27,"relics_lost":["testmod-TestBox"],"gold_loss":0}],"is_beta":false,"boss_relics":[{"not_picked":["testmod-KeyOfTheVoid","testmod-Nine"],"picked":"testmod-HarvestTotem"},{"not_picked":["testmod-BatchProcessingSystem","Cursed Key"],"picked":"testmod-CardMagician"}],"items_purged_floors":[25],"is_endless":false,"potions_floor_spawned":[3,5,7,20,21,29,30,35,38,45],"ascension_level":0}}