{"host":"y1qks9cbebtax51i","time":1609099330,"event":{"mods":["BaseMod","Better Match","Better Silent Start","BetterRewards","Colorless Booster Pack","Conspire","Downfall","Energized Spire","Exacting","GifTheSpireLib","Gremlin Mod","GungeonMod","Halation","Hubris","Hyrulean Relics","Infinite Spire","Magitek Elite","Minty Spire (QoL Compilation)","RRrroohrrRGHHhhh!!","Rare Cards Sparkle","Replay The Spire","SacredBarkPlus","Small Relic Pack","Spikes Relics","Spire Birthday Party","StSLib","Stuff the Spire","The Construct","The Disciple","Trackpad","Useless Jewels Mod","everything is the same but u backflip on backflip","vexMod"],"gold_per_floor":[99,114,124,147,161,161,233,233,262,18,168,202,202,216,250,351,351,351,367,385,385,415,415,442,461,461,461,485,485,500,500,522,635,635,635,657,657,674,674,56,56,60,60],"floor_reached":42,"playtime":2316,"items_purged":[],"score":606,"play_id":"d44561ec-17b6-4611-b540-beba638fe2f4","local_time":"20201227150210","is_ascension_mode":true,"campfire_choices":[{"data":"Zap","floor":1,"key":"SMITH"},{"floor":13,"key":"REST"},{"floor":18,"key":"REST"},{"floor":23,"key":"REST"},{"floor":27,"key":"REST"},{"floor":35,"key":"REST"}],"circlet_count":0,"master_deck":["Strike_B","Strike_B","Strike_B","Strike_B","Defend_B","Defend_B","Defend_B","Defend_B","Zap+1","Dualcast","Static Discharge","rorgmod:Antivirus","Cold Snap","Conserve Battery","Stack","Streamline","FIFO Queue","StuffTheSpire:ForEach","Doom and Gloom","ReplayTheSpireMod:Repulse","conspire:SharedLibrary","hubris:PowerSurge","rorgmod:Biogeneration","rorgmod:Centralize","rorgmod:Ventilation Error+1","infinitespire:FinalStrike","Barrage","Loop","rorgmod:Fragmentation","StuffTheSpire:ShieldGenerator","rorgmod:LRU Cache+1","Hyperbeam","Redo+1","Cold Snap+1","Echo Form","Reinforced Body","expansioncontent:DecasProtection"],"relics":["Cracked Core","Replay:Wax Seal","trackpad:DisasterInABottle","Replay:PocketPolymizer","vexMod:BigBerry","Guard_Bracelet","halation:IllGainedPizza","Kunai","vexMod:MysteryBossChallenge","trackpad:Trackpad","MealTicket","hubris:BundleOfHerbs","trackpad:BottledTsunami"],"acts_visited":["Exordium","TheCity","TheBeyond"],"potions_floor_usage":[9,15,15,16,25,33,33,42],"damage_taken":[{"damage":0,"enemies":"Cultist","floor":2,"turns":3},{"damage":0,"enemies":"conspire:RoseBush","floor":3,"turns":3},{"damage":1,"enemies":"Jaw Worm","floor":5,"turns":3},{"damage":0,"enemies":"downfall:FleeingMerchant","floor":8,"turns":1},{"damage":19,"enemies":"Gremlin Nob","floor":9,"turns":4},{"damage":2,"enemies":"downfall:FleeingMerchant","floor":10,"turns":4},{"damage":0,"enemies":"3 Louse","floor":12,"turns":1},{"damage":13,"enemies":"Blue Slaver","floor":14,"turns":2},{"damage":0,"enemies":"Gremlin Gang","floor":15,"turns":3},{"damage":48,"enemies":"Fading Forest","floor":16,"turns":11},{"damage":10,"enemies":"Shell Parasite","floor":19,"turns":7},{"damage":6,"enemies":"Spheric Guardian","floor":20,"turns":4},{"damage":33,"enemies":"Cultist and Chosen","floor":22,"turns":5},{"damage":26,"enemies":"Centurion and Healer","floor":25,"turns":3},{"damage":4,"enemies":"Chosen and Byrds","floor":28,"turns":4},{"damage":26,"enemies":"conspire:HollyBat","floor":30,"turns":7},{"damage":13,"enemies":"Snecko","floor":32,"turns":6},{"damage":41,"enemies":"downfall:Watcher","floor":33,"turns":8},{"damage":32,"enemies":"Orb Walker","floor":36,"turns":5},{"damage":40,"enemies":"3 Darklings","floor":38,"turns":4},{"damage":5,"enemies":"downfall:FleeingMerchant","floor":40,"turns":4},{"damage":41,"enemies":"Transient","floor":42,"turns":4}],"seed_played":"-113047210205302945","potions_obtained":[{"floor":3,"key":"SpeedPotion"},{"floor":9,"key":"DemoMod:LeadSkinPotion"},{"floor":12,"key":"FocusPotion"},{"floor":14,"key":"AttackPotion"},{"floor":15,"key":"LiquidBronze"},{"floor":16,"key":"SteroidPotion"},{"floor":22,"key":"Energy Potion"},{"floor":32,"key":"SkillPotion"},{"floor":33,"key":"Block Potion"}],"is_trial":false,"path_per_floor":["R","M","M","T","M","?","T","$","E","$","?","M","R","M","M","B",null,"R","M","M","AVR","M","R","T","M","?","R","M","?","M","T","M","B",null,"R","M","?","M","?","$","T","M"],"character_chosen":"DEFECT","items_purchased":["FIFO Queue","StuffTheSpire:ForEach","Doom and Gloom","Reinforced Body","expansioncontent:DecasProtection","MealTicket","hubris:BundleOfHerbs"],"campfire_rested":5,"item_purchase_floors":[10,10,10,40,40,40,40],"current_hp_per_floor":[75,75,75,75,74,56,56,56,37,35,35,35,57,44,44,14,90,105,95,89,89,56,87,87,61,61,92,88,88,62,62,49,8,81,105,73,73,33,33,28,28,0,0],"gold":60,"neow_bonus":"RANDOM_COMMON_RELIC","is_daily":false,"chose_seed":false,"campfire_upgraded":1,"win_rate":0.0,"timestamp":1609099330,"path_taken":["R","M","M","?","?","?","T","?","E","$","?","M","R","M","M","BOSS","R","M","M","AVR","M","R","T","?","?","R","?","?","M","?","M","BOSS","R","M","?","M","?","$","T","M"],"items_purchased_type":["Card","Card","Card","Card","Card","Relic","Relic"],"build_version":"2020-12-22","purchased_purges":0,"victory":false,"max_hp_per_floor":[75,75,75,75,75,75,75,75,75,75,75,75,75,75,75,75,105,105,105,105,105,105,105,105,105,105,105,105,105,105,105,105,105,105,105,105,105,105,105,105,105,105,105],"card_choices":[{"not_picked":["Double Energy","Panic Button"],"picked":"Static Discharge","floor":2},{"not_picked":["StuffTheSpire:GlassShard","Barrage"],"picked":"rorgmod:Antivirus","floor":3},{"not_picked":["ReplayTheSpireMod:System Scan","Blizzard"],"picked":"Cold Snap","floor":5},{"not_picked":["infinitespire:UltimateForm","infinitespire:Gouge"],"picked":"infinitespire:SealOfDarkness+","floor":6},{"not_picked":["rorgmod:Fusion","rorgmod:Ventilation Error"],"picked":"Conserve Battery","floor":8},{"not_picked":["conspire:Rain","Coolheaded"],"picked":"Stack","floor":9},{"not_picked":["RefreshScreen","ReplayTheSpireMod:Reroute Power"],"picked":"Streamline","floor":10},{"not_picked":["StuffTheSpire:Purify","Double Energy"],"picked":"ReplayTheSpireMod:Repulse","floor":12},{"not_picked":["Sweeping Beam","rorgmod:Steady Aim"],"picked":"conspire:SharedLibrary","floor":14},{"not_picked":["Capacitor","ReplayTheSpireMod:GoodbyeWorld"],"picked":"hubris:PowerSurge","floor":15},{"not_picked":["Hyperbeam","hubris:Prefetch"],"picked":"rorgmod:Biogeneration","floor":16},{"not_picked":["StuffTheSpire:GlassShard","conspire:Rain"],"picked":"rorgmod:Centralize","floor":19},{"not_picked":["rorgmod:Refrigerate","rorgmod:Overcurrent"],"picked":"rorgmod:Ventilation Error+1","floor":20},{"not_picked":["Cold Snap+1","Double Energy"],"picked":"Barrage","floor":22},{"not_picked":["Sweeping Beam","Ball Lightning+1"],"picked":"Loop","floor":25},{"not_picked":["FIFO Queue","Coolheaded+1"],"picked":"rorgmod:Fragmentation","floor":28},{"not_picked":["Coolheaded","StuffTheSpire:GlassShard"],"picked":"StuffTheSpire:ShieldGenerator","floor":30},{"not_picked":["rorgmod:SQL Injection","rorgmod:Fragmentation"],"picked":"rorgmod:LRU Cache+1","floor":32},{"not_picked":["Seek","Machine Learning"],"picked":"Hyperbeam","floor":33},{"not_picked":["Recycle+1","rorgmod:Steady Aim"],"picked":"Redo+1","floor":36},{"not_picked":["rorgmod:Antivirus","rorgmod:Ventilation Error"],"picked":"Cold Snap+1","floor":38},{"not_picked":["rorgmod:Overcurrent+1","Compile Driver+1"],"picked":"Echo Form","floor":40}],"player_experience":989869,"relics_obtained":[{"floor":4,"key":"Replay:Wax Seal"},{"floor":7,"key":"trackpad:DisasterInABottle"},{"floor":9,"key":"Replay:PocketPolymizer"},{"floor":24,"key":"halation:IllGainedPizza"},{"floor":31,"key":"Kunai"},{"floor":41,"key":"trackpad:BottledTsunami"}],"event_choices":[{"damage_healed":0,"gold_gain":0,"player_choice":"Leave","damage_taken":0,"max_hp_gain":0,"max_hp_loss":0,"event_name":"conspire:Investor","floor":29,"gold_loss":0}],"is_beta":false,"boss_relics":[{"not_picked":["CosmicIsotope","halation:PlatinumPhoenix"],"picked":"vexMod:BigBerry"},{"not_picked":["Pandora\u0027s Box","hubris:VirtuousBlindfold"],"picked":"vexMod:MysteryBossChallenge"}],"items_purged_floors":[],"is_endless":false,"potions_floor_spawned":[3,9,12,14,16,22,32,33],"killed_by":"Transient","ascension_level":5}}