{"host":"dpbezu80jg8zk7un","time":1609107986,"event":{"mods":["BaseMod","Colored Map","Colored Powertips","Custom Start","DeckTracker","Minty Spire (QoL Compilation)","Quick Restart","StSLib","SuperFastMode"],"gold_per_floor":[113,128,128,138,150,181,181,194,194,194,207,233,243,268,268,339,339,353,371,286,466,484,484,513,513,513,513,532,248,248,77,77,154,154,171,183,83,101,116,116,116,150,174,174,189,199,227,239,239,239,239,239,239,76,107,107],"floor_reached":57,"playtime":2387,"items_purged":["Strike_R","Bash"],"score":2862,"play_id":"42e37c10-adcc-4adc-a04e-de3183b1d98b","local_time":"20201228072626","is_ascension_mode":true,"campfire_choices":[{"data":"Dark Embrace","floor":7.0,"key":"SMITH"},{"data":"Fire Breathing","floor":10.0,"key":"SMITH"},{"data":"Strike_R","floor":15.0,"key":"PURGE"},{"data":"Evolve","floor":23.0,"key":"SMITH"},{"floor":25.0,"key":"REST"},{"data":"Strike_R","floor":27.0,"key":"PURGE"},{"floor":30.0,"key":"REST"},{"data":"Shockwave","floor":32.0,"key":"SMITH"},{"floor":40.0,"key":"RECALL"},{"data":"Feel No Pain","floor":44.0,"key":"SMITH"},{"data":"Reckless Charge","floor":49,"key":"SMITH"},{"data":"Second Wind","floor":53,"key":"SMITH"}],"circlet_count":0,"master_deck":["AscendersBane","Defend_R","Defend_R","Defend_R","Defend_R","Feed+1","Fire Breathing+1","Reckless Charge+1","Shockwave+1","Dark Embrace+1","Shrug It Off","Second Wind+1","Power Through","Feel No Pain+1","Evolve+1","Master of Strategy","Fire Breathing+1"],"relics":["Burning Blood","Oddly Smooth Stone","Charon\u0027s Ashes","InkBottle","Peace Pipe","Philosopher\u0027s Stone","Ginger","Question Card","Mercury Hourglass","TheAbacus","Black Star","MealTicket","Champion Belt","HornCleat","Molten Egg 2","DollysMirror","Akabeko","Self Forming Clay"],"acts_visited":["Exordium","TheCity","TheBeyond","TheEnding"],"potions_floor_usage":[],"damage_taken":[{"damage":8.0,"enemies":"2 Louse","floor":1.0,"turns":3.0},{"damage":8.0,"enemies":"Cultist","floor":2.0,"turns":5.0},{"damage":2.0,"enemies":"Jaw Worm","floor":4.0,"turns":3.0},{"damage":14.0,"enemies":"Red Slaver","floor":5.0,"turns":7.0},{"damage":12.0,"enemies":"Gremlin Nob","floor":6.0,"turns":4.0},{"damage":12.0,"enemies":"Lots of Slimes","floor":8.0,"turns":6.0},{"damage":2.0,"enemies":"3 Louse","floor":11.0,"turns":3.0},{"damage":2.0,"enemies":"3 Sentries","floor":12.0,"turns":3.0},{"damage":15.0,"enemies":"Red Slaver","floor":13.0,"turns":4.0},{"damage":0.0,"enemies":"Lagavulin","floor":14.0,"turns":7.0},{"damage":25.0,"enemies":"Slime Boss","floor":16.0,"turns":6.0},{"damage":20.0,"enemies":"Spheric Guardian","floor":18.0,"turns":5.0},{"damage":4.0,"enemies":"Shell Parasite","floor":19.0,"turns":5.0},{"damage":0.0,"enemies":"Centurion and Healer","floor":22.0,"turns":6.0},{"damage":67.0,"enemies":"Slavers","floor":24.0,"turns":5.0},{"damage":31.0,"enemies":"Shelled Parasite and Fungi","floor":28.0,"turns":4.0},{"damage":0.0,"enemies":"Collector","floor":33.0,"turns":7.0},{"damage":0.0,"enemies":"3 Shapes","floor":35.0,"turns":4.0},{"damage":0.0,"enemies":"Orb Walker","floor":36.0,"turns":4.0},{"damage":3.0,"enemies":"4 Shapes","floor":38.0,"turns":3.0},{"damage":10.0,"enemies":"Spire Growth","floor":39.0,"turns":5.0},{"damage":18.0,"enemies":"Nemesis","floor":42.0,"turns":5.0},{"damage":0.0,"enemies":"3 Darklings","floor":45.0,"turns":4.0},{"damage":0.0,"enemies":"Writhing Mass","floor":46.0,"turns":5.0},{"damage":30,"enemies":"Reptomancer","floor":47,"turns":5},{"damage":0,"enemies":"Sphere and 2 Shapes","floor":48,"turns":4},{"damage":16,"enemies":"Awakened One","floor":50,"turns":11},{"damage":15,"enemies":"Time Eater","floor":51,"turns":9},{"damage":56,"enemies":"Shield and Spear","floor":55,"turns":3},{"damage":12,"enemies":"The Heart","floor":56,"turns":8}],"seed_played":"-8130677651382116020","potions_obtained":[{"floor":1.0,"key":"HeartOfIron"},{"floor":2.0,"key":"Block Potion"},{"floor":6.0,"key":"FairyPotion"},{"floor":14.0,"key":"Strength Potion"},{"floor":18.0,"key":"Block Potion"},{"floor":24.0,"key":"SpeedPotion"}],"is_trial":false,"path_per_floor":["M","M","?","M","M","E","R","M","T","R","M","E","M","E","R","B",null,"M","M","?","?","M","R","E","R","T","R","M","$","R","$","R","B",null,"M","M","$","M","M","R","?","E","T","R","M","M","E","M","R","B","B",null,"R","$","E","B",null],"character_chosen":"IRONCLAD","items_purchased":["Master of Strategy","TheAbacus","DollysMirror"],"campfire_rested":2,"item_purchase_floors":[29,31,54],"current_hp_per_floor":[69,70,70,78,74,68,68,66,66,66,74,78,69,75,75,56,82,72,78,78,59,69,69,12,43,43,43,22,22,55,55,55,65,102,112,122,122,122,122,122,122,114,114,114,124,134,114,124,124,114,105,136,136,146,96,90],"gold":107,"neow_bonus":"TRANSFORM_TWO_CARDS","is_daily":false,"chose_seed":false,"campfire_upgraded":7,"win_rate":0.0,"timestamp":1609107986,"path_taken":["M","M","?","M","M","E","R","M","T","R","M","E","?","E","R","BOSS","M","M","?","?","M","R","E","R","T","R","?","$","R","?","R","BOSS","M","M","$","M","M","R","?","E","T","R","?","M","E","M","R","BOSS","BOSS","R","$","E","BOSS"],"items_purchased_type":["Card","Relic","Relic"],"build_version":"2020-12-22","purchased_purges":2,"victory":true,"max_hp_per_floor":[71,74,74,78,82,82,82,86,86,86,90,90,90,90,90,90,90,94,98,98,98,102,102,106,106,106,106,110,110,110,110,110,114,114,118,122,122,122,126,126,126,130,130,130,134,138,142,146,146,146,146,146,146,146,146,146],"card_choices":[{"not_picked":["Rampage","Entrench"],"picked":"Reckless Charge","floor":1.0},{"not_picked":["Anger","Cleave","Sword Boomerang"],"picked":"SKIP","floor":2.0},{"not_picked":["Havoc","Shrug It Off"],"picked":"Shockwave","floor":4.0},{"not_picked":["Twin Strike","Clothesline"],"picked":"Dark Embrace","floor":5.0},{"not_picked":["Whirlwind","Havoc"],"picked":"Shrug It Off","floor":6.0},{"not_picked":["Clash","Pommel Strike"],"picked":"Second Wind","floor":8.0},{"not_picked":["Clash","Pommel Strike"],"picked":"Power Through","floor":11.0},{"not_picked":["Thunderclap","Corruption","Shockwave"],"picked":"SKIP","floor":12.0},{"not_picked":["Flex","Havoc","Clash"],"picked":"SKIP","floor":13.0},{"not_picked":["Heavy Blade","Headbutt"],"picked":"Feel No Pain","floor":14.0},{"not_picked":["Metallicize","Heavy Blade","Armaments"],"picked":"SKIP","floor":18.0},{"not_picked":["Heavy Blade","Fire Breathing","Inflame"],"picked":"SKIP","floor":19.0},{"not_picked":["Rage","Reckless Charge"],"picked":"Evolve","floor":22.0},{"not_picked":["Metallicize","Juggernaut","Perfected Strike"],"picked":"SKIP","floor":24.0},{"not_picked":["Clothesline","Twin Strike+1","Armaments","True Grit"],"picked":"SKIP","floor":28.0},{"not_picked":["Feel No Pain","Heavy Blade+1","Perfected Strike+1","Iron Wave"],"picked":"SKIP","floor":35.0},{"not_picked":["Heavy Blade","Burning Pact","Carnage+1","Evolve"],"picked":"SKIP","floor":36.0},{"not_picked":["Infernal Blade+1","Shrug It Off+1","Clash","Rampage"],"picked":"SKIP","floor":38.0},{"not_picked":["Uppercut+1","Perfected Strike+1","Flex","Armaments"],"picked":"SKIP","floor":39.0},{"not_picked":["Flex","Wild Strike","Anger+1","True Grit"],"picked":"SKIP","floor":42.0},{"not_picked":["Combust","Metallicize","Shrug It Off","Impervious"],"picked":"SKIP","floor":45.0},{"not_picked":["Iron Wave","Sever Soul","Bloodletting","Headbutt"],"picked":"SKIP","floor":46.0},{"not_picked":["Hemokinesis+1","Rampage+1","Armaments+1","Twin Strike+1"],"picked":"SKIP","floor":47},{"not_picked":["Spot Weakness","Wild Strike+1","Sword Boomerang+1","Ghostly Armor"],"picked":"SKIP","floor":48},{"not_picked":["Immolate+1","Shrug It Off","Inflame","Metallicize"],"picked":"SKIP","floor":55}],"player_experience":2781830,"relics_obtained":[{"floor":6.0,"key":"Oddly Smooth Stone"},{"floor":9.0,"key":"Charon\u0027s Ashes"},{"floor":12.0,"key":"InkBottle"},{"floor":14.0,"key":"Peace Pipe"},{"floor":24.0,"key":"Question Card"},{"floor":26.0,"key":"Mercury Hourglass"},{"floor":42.0,"key":"MealTicket"},{"floor":42.0,"key":"Champion Belt"},{"floor":47,"key":"HornCleat"},{"floor":47,"key":"Molten Egg 2"},{"floor":55,"key":"Akabeko"},{"floor":55,"key":"Self Forming Clay"}],"event_choices":[{"damage_healed":0.0,"max_hp_gain":0.0,"max_hp_loss":0.0,"gold_gain":0.0,"event_name":"Upgrade Shrine","player_choice":"Upgraded","floor":3.0,"gold_loss":0.0,"damage_taken":0.0,"cards_upgraded":["Feed"]},{"damage_healed":0.0,"max_hp_gain":0.0,"max_hp_loss":0.0,"gold_gain":0.0,"event_name":"Addict","player_choice":"Obtained Relic","floor":20.0,"gold_loss":85.0,"damage_taken":0.0,"relics_obtained":["Ginger"]},{"damage_healed":0.0,"max_hp_gain":0.0,"max_hp_loss":0.0,"gold_gain":180.0,"event_name":"Knowing Skull","player_choice":"GOLD GOLD ","floor":21.0,"potions_obtained":[],"gold_loss":0.0,"damage_taken":19.0,"cards_obtained":[]},{"damage_healed":0.0,"max_hp_gain":0.0,"max_hp_loss":0.0,"gold_gain":0.0,"event_name":"Match and Keep!","player_choice":"0 cards matched","floor":41.0,"gold_loss":0.0,"damage_taken":0.0,"cards_obtained":[]}],"is_beta":false,"boss_relics":[{"not_picked":["Calling Bell","Tiny House"],"picked":"Philosopher\u0027s Stone"},{"not_picked":["Mark of Pain","Coffee Dripper"],"picked":"Black Star"}],"items_purged_floors":[29,37],"is_endless":false,"potions_floor_spawned":[1,2,6,8,14,18,24,28,35,36,39,48],"ascension_level":20}}