{"host":"svab9sudlrudptws","time":1609107066,"event":{"mods":["BaseMod","Colored Powertips","Minty Spire (QoL Compilation)","Robot Space Explorer","Shade Mod","StSLib","The Blackbeard","The Mystic","The Necromancer","The Poker Player","The Servant 0.9.4"],"gold_per_floor":[20,35,35,35,110,144,144,177,177,188,41,41,61,90,90,161,161,172,271,271,271,271,298,298,624,651,219,230,250,317,349,349,421,421,435,447,458,476,526,526,552,404,472,502,502,522,552,5,5,5,5,5,5,38,38],"floor_reached":56,"playtime":5205,"items_purged":["Strike_W"],"score":2154,"play_id":"5bf9b2b7-e1a5-4137-a42d-858a715865c6","local_time":"20201228001106","is_ascension_mode":true,"campfire_choices":[{"floor":7.0,"key":"REST"},{"floor":12.0,"key":"REST"},{"data":"Blood_Curse","floor":15.0,"key":"SMITH"},{"data":"Cloudkill","floor":32,"key":"SMITH"},{"floor":40,"key":"REST"},{"floor":45,"key":"RECALL"},{"floor":49,"key":"REST"},{"data":"Apotheosis","floor":52,"key":"SMITH"}],"circlet_count":0,"master_deck":["AscendersBane","Strike_W","Defend_W","Defend_W","Defend_W","Defend_W","Negative_Energy_Arrows","Bone_Wall","Thousand_Bone_Knives","Death_March_Dance","Blood_Curse+1","Bone_Prison","Negative_Energy_Shield","Cloudkill+1","Violent_Necrosis","Chill_Blood","Siphon_Strength","Acid_Javelin+1","Spectral_Walk","Violent_Necrosis","Vampiric_Strike","Spectral_Walk","Spectral_Armor+1","Apotheosis+1","Spectral_Armor"],"relics":["Vampire_Amulet","Dead Branch","Happy Flower","Mercury Hourglass","Matryoshka","Sundial","PreservedInsect","Shuriken","Boot","TungstenRod","Busted Crown","StrikeDummy","SsserpentHead","Old Coin","MawBank","Vajra","Potion Belt","Singing Bowl","SlaversCollar","Letter Opener","Medical Kit","Ornamental Fan","Smiling Mask","Pen Nib","Bird Faced Urn","Bronze Scales"],"acts_visited":["Exordium","TheCity","TheBeyond","TheEnding"],"potions_floor_usage":[28,41,55,55,55,55],"damage_taken":[{"damage":4.0,"enemies":"Small Slimes","floor":1.0,"turns":5.0},{"damage":7.0,"enemies":"2 Louse","floor":2.0,"turns":4.0},{"damage":32.0,"enemies":"Gremlin Nob","floor":6.0,"turns":4.0},{"damage":25.0,"enemies":"3 Sentries","floor":8.0,"turns":6.0},{"damage":6.0,"enemies":"Jaw Worm","floor":10.0,"turns":3.0},{"damage":6.0,"enemies":"3 Louse","floor":13.0,"turns":2.0},{"damage":7.0,"enemies":"Lagavulin","floor":14.0,"turns":3.0},{"damage":7.0,"enemies":"Hexaghost","floor":16.0,"turns":9.0},{"damage":5.0,"enemies":"2 Thieves","floor":18.0,"turns":4.0},{"damage":6.0,"enemies":"Slavers","floor":23.0,"turns":4.0},{"damage":0.0,"enemies":"Book of Stabbing","floor":25.0,"turns":3.0},{"damage":0,"enemies":"3 Byrds","floor":28,"turns":4},{"damage":6,"enemies":"Snecko","floor":29,"turns":5},{"damage":0,"enemies":"Snake Plant","floor":30,"turns":2},{"damage":12,"enemies":"Gremlin Leader","floor":31,"turns":6},{"damage":55,"enemies":"Automaton","floor":33,"turns":10},{"damage":27,"enemies":"3 Darklings","floor":35,"turns":4},{"damage":8,"enemies":"Orb Walker","floor":36,"turns":3},{"damage":18,"enemies":"Spire Growth","floor":37,"turns":4},{"damage":12,"enemies":"Maw","floor":38,"turns":6},{"damage":19,"enemies":"Reptomancer","floor":41,"turns":5},{"damage":5,"enemies":"Giant Head","floor":44,"turns":5},{"damage":0,"enemies":"Transient","floor":46,"turns":5},{"damage":0,"enemies":"Reptomancer","floor":47,"turns":4},{"damage":25,"enemies":"Awakened One","floor":50,"turns":13},{"damage":54,"enemies":"Shield and Spear","floor":54,"turns":9},{"damage":20,"enemies":"The Heart","floor":55,"turns":8}],"seed_played":"-7755360129025061993","potions_obtained":[{"floor":1.0,"key":"LiquidBronze"},{"floor":13.0,"key":"SteroidPotion"},{"floor":14.0,"key":"LiquidBronze"},{"floor":18.0,"key":"DuplicationPotion"},{"floor":28,"key":"Fruit Juice"},{"floor":31,"key":"Strength Potion"},{"floor":36,"key":"SpeedPotion"},{"floor":37,"key":"Dexterity Potion"},{"floor":41,"key":"Ancient Potion"}],"is_trial":false,"path_per_floor":["M","M","?","?","T","E","R","E","T","M","$","R","M","E","R","B",null,"M","?","?","?","?","E","?","E","T","$","M","M","M","E","R","B",null,"M","M","M","M","?","R","E","$","T","E","R","M","E","$","R","B",null,"R","$","E","B",null],"character_chosen":"NECROMANCER","items_purchased":["Boot","Vajra","Potion Belt","Spectral_Walk","Medical Kit","Apotheosis","Spectral_Armor","Bird Faced Urn"],"campfire_rested":4,"item_purchase_floors":[11,27,27,27,42,48,48,48],"current_hp_per_floor":[64,61,43,48,48,18,40,21,21,17,17,39,39,34,34,29,64,63,63,63,63,50,50,50,52,52,52,63,59,61,63,63,16,72,49,49,39,33,33,61,50,50,50,51,51,57,71,71,101,97,101,101,101,64,53],"gold":38,"neow_bonus":"ONE_RARE_RELIC","is_daily":false,"chose_seed":false,"campfire_upgraded":3,"win_rate":0.0,"timestamp":1609107066,"path_taken":["M","M","?","?","?","E","R","E","T","M","$","R","M","E","R","BOSS","M","?","?","?","?","E","?","E","T","$","M","M","?","E","R","BOSS","M","M","M","M","?","R","E","$","T","E","R","M","E","$","R","BOSS","R","$","E","BOSS"],"items_purchased_type":["Relic","Relic","Relic","Card","Relic","Card","Card","Relic"],"build_version":"2020-12-22","purchased_purges":1,"victory":true,"max_hp_per_floor":[71,71,71,76,76,76,76,76,76,76,76,76,76,76,76,76,76,76,76,76,76,81,81,81,81,81,81,86,86,86,88,88,90,90,92,92,94,96,96,96,96,96,96,98,98,100,102,102,102,102,102,102,102,104,104],"card_choices":[{"not_picked":["Exploit","Negative_Energy_Sphere"],"picked":"Thousand_Bone_Knives","floor":1.0},{"not_picked":["Consume_Illness","Chill_Blood"],"picked":"Death_March_Dance","floor":2.0},{"not_picked":["Violent_Necrosis","Flesh_Made_Foul","Bone_Bullets"],"picked":"SKIP","floor":6.0},{"not_picked":["Bone_Spikes","Chill_Blood","Negative_Energy_Mist"],"picked":"SKIP","floor":8.0},{"not_picked":["Blood_Whip","Bone_Bullets"],"picked":"Blood_Curse","floor":10.0},{"not_picked":["Plague_Bolt","Negative_Energy_Mist"],"picked":"Bone_Prison","floor":13.0},{"not_picked":["Death_Knell","Negative_Energy_Javelin"],"picked":"Negative_Energy_Shield","floor":14.0},{"not_picked":["Negative_Energy_Bomb","Blood_Magic"],"picked":"Cloudkill","floor":16.0},{"not_picked":[],"picked":"Violent_Necrosis","floor":18.0},{"not_picked":[],"picked":"Acid_Javelin+1","floor":23.0},{"not_picked":["Negative_Energy_Sphere"],"picked":"SKIP","floor":25.0},{"not_picked":["Shackles_Of_Pain"],"picked":"SKIP","floor":28},{"not_picked":["Negative_Energy_Mist"],"picked":"SKIP","floor":29},{"not_picked":[],"picked":"Violent_Necrosis","floor":30},{"not_picked":["Bone_Shift"],"picked":"Singing Bowl","floor":31},{"not_picked":["Blood_Magic"],"picked":"Singing Bowl","floor":33},{"not_picked":["Negative_Energy_Mist+1"],"picked":"Singing Bowl","floor":35},{"not_picked":[],"picked":"Vampiric_Strike","floor":36},{"not_picked":["Whirlwind_of_Bones"],"picked":"Singing Bowl","floor":37},{"not_picked":["Negative_Energy_Javelin"],"picked":"Singing Bowl","floor":38},{"not_picked":[],"picked":"Spectral_Armor+1","floor":41},{"not_picked":["Slay_Living"],"picked":"Singing Bowl","floor":44},{"not_picked":["Plague_Bolt"],"picked":"Singing Bowl","floor":46},{"not_picked":["Chill_Blood"],"picked":"Singing Bowl","floor":47},{"not_picked":["Blood_Wake"],"picked":"Singing Bowl","floor":54}],"player_experience":1654271,"relics_obtained":[{"floor":5.0,"key":"Mercury Hourglass"},{"floor":6.0,"key":"Matryoshka"},{"floor":8.0,"key":"Sundial"},{"floor":9.0,"key":"PreservedInsect"},{"floor":9.0,"key":"Shuriken"},{"floor":14.0,"key":"TungstenRod"},{"floor":23.0,"key":"StrikeDummy"},{"floor":25.0,"key":"Old Coin"},{"floor":26.0,"key":"MawBank"},{"floor":31,"key":"Singing Bowl"},{"floor":41,"key":"Letter Opener"},{"floor":43,"key":"Ornamental Fan"},{"floor":44,"key":"Smiling Mask"},{"floor":47,"key":"Pen Nib"},{"floor":54,"key":"Bronze Scales"}],"event_choices":[{"damage_healed":0.0,"max_hp_gain":0.0,"max_hp_loss":0.0,"gold_gain":0.0,"event_name":"Scrap Ooze","player_choice":"Success","floor":3.0,"gold_loss":0.0,"damage_taken":18.0,"relics_obtained":["Happy Flower"]},{"damage_healed":0.0,"max_hp_gain":5.0,"max_hp_loss":0.0,"gold_gain":0.0,"event_name":"Big Fish","player_choice":"Donut","floor":4.0,"gold_loss":0.0,"damage_taken":0.0},{"damage_healed":0.0,"max_hp_gain":0.0,"max_hp_loss":0.0,"gold_gain":99.0,"event_name":"Nest","player_choice":"Stole From Cult","floor":19.0,"gold_loss":0.0,"damage_taken":0.0},{"damage_healed":0.0,"max_hp_gain":0.0,"max_hp_loss":0.0,"gold_gain":0.0,"event_name":"Ghosts","player_choice":"Ignored","floor":20.0,"gold_loss":0.0,"damage_taken":0.0},{"damage_healed":0.0,"max_hp_gain":0.0,"max_hp_loss":0.0,"gold_gain":0.0,"cards_transformed":["Strike_W","Strike_W"],"event_name":"Drug Dealer","player_choice":"Became Test Subject","floor":21.0,"gold_loss":0.0,"damage_taken":0.0,"cards_obtained":["Chill_Blood","Siphon_Strength"]},{"damage_healed":0.0,"max_hp_gain":5.0,"max_hp_loss":0.0,"gold_gain":0.0,"event_name":"Forgotten Altar","player_choice":"Shed Blood","floor":22.0,"gold_loss":0.0,"damage_taken":19.0},{"damage_healed":0.0,"max_hp_gain":0.0,"max_hp_loss":0.0,"gold_gain":0.0,"event_name":"FaceTrader","player_choice":"Trade","floor":24.0,"gold_loss":0.0,"damage_taken":0.0,"relics_obtained":["SsserpentHead"]},{"damage_healed":0,"gold_gain":0,"player_choice":"Copied","damage_taken":0,"max_hp_gain":0,"max_hp_loss":0,"event_name":"Duplicator","floor":39,"gold_loss":0,"cards_obtained":["Spectral_Walk"]}],"is_beta":false,"boss_relics":[{"not_picked":["Pandora\u0027s Box","Sozu"],"picked":"Busted Crown"},{"not_picked":["Philosopher\u0027s Stone","Runic Dome"],"picked":"SlaversCollar"}],"items_purged_floors":[27],"is_endless":false,"potions_floor_spawned":[1,13,14,18,28,31,36,37,41],"ascension_level":14}}