{"host":"r2b8ojg4o4pyvjvq","time":1609100129,"event":{"mods":["BaseMod","Colored Map","Downfall","Highlight Path","Hubris","Marisa????????","Minty Spire (QoL Compilation)","Quick Restart","Replay The Spire","StSLib","SuperFastMode"],"gold_per_floor":[117,128,128,140,158,158,83,83,155,173,184,194,213,113,113,113,113],"floor_reached":16,"playtime":295,"items_purged":["Strike_R","Perfected Strike"],"score":158,"play_id":"d9ff1f14-9dd3-4e53-9131-dde69d85596e","local_time":"20201227211529","is_ascension_mode":true,"campfire_choices":[{"data":"Uppercut","floor":6,"key":"SMITH"},{"data":"Shrug It Off","floor":8,"key":"SMITH"},{"floor":15,"key":"REST"}],"circlet_count":0,"master_deck":["AscendersBane","Strike_R","Strike_R","Strike_R","Defend_R","Defend_R","Defend_R","Defend_R","Bash","Sword Boomerang","Twin Strike","Uppercut+1","Shrug It Off+1","Iron Wave"],"relics":["Burning Blood","Lantern","HornCleat"],"acts_visited":["Exordium"],"potions_floor_usage":[],"damage_taken":[{"damage":1,"enemies":"2 Louse","floor":1,"turns":2},{"damage":1,"enemies":"Cultist","floor":2,"turns":3},{"damage":7,"enemies":"Jaw Worm","floor":4,"turns":2},{"damage":33,"enemies":"Exordium Wildlife","floor":5,"turns":4},{"damage":25,"enemies":"Exordium Thugs","floor":10,"turns":4},{"damage":3,"enemies":"Blue Slaver","floor":11,"turns":3},{"damage":24,"enemies":"Exordium Wildlife","floor":12,"turns":8},{"damage":6,"enemies":"3 Louse","floor":13,"turns":5},{"damage":12,"enemies":"Fading Forest","floor":16,"turns":4}],"seed_played":"-5221795418267292441","potions_obtained":[{"floor":1,"key":"Explosive Potion"},{"floor":4,"key":"champ:CounterPotion"},{"floor":10,"key":"champ:CounterPotion"}],"is_trial":false,"path_per_floor":["M","M","?","M","M","R","$","R","T","M","M","M","M","$","R","B"],"character_chosen":"IRONCLAD","items_purchased":[],"campfire_rested":1,"item_purchase_floors":[],"current_hp_per_floor":[77,80,80,79,52,52,52,52,52,33,36,18,18,18,42,30,30],"gold":113,"neow_bonus":"RANDOM_COMMON_RELIC","is_daily":false,"chose_seed":false,"campfire_upgraded":2,"win_rate":0.0,"timestamp":1609100129,"path_taken":["M","M","?","?","M","R","$","R","T","M","M","?","M","?","R","BOSS"],"items_purchased_type":[],"build_version":"2020-12-22","purchased_purges":2,"victory":false,"max_hp_per_floor":[80,80,80,80,80,80,80,80,80,80,80,80,80,80,80,80,80],"card_choices":[{"not_picked":["Searing Blow","Cleave"],"picked":"Sword Boomerang","floor":1},{"not_picked":["ReplayTheSpireMod:Strike From Hell","Thunderclap"],"picked":"Twin Strike","floor":2},{"not_picked":["Heavy Blade","Ghostly Armor"],"picked":"Uppercut","floor":4},{"not_picked":["Heavy Blade","hubris:ReadiedAction"],"picked":"Shrug It Off","floor":5},{"not_picked":["Bloodletting","Sword Boomerang","Clash"],"picked":"SKIP","floor":10},{"not_picked":["ReplayTheSpireMod:Corrosion Curse","Feel No Pain","Dual Wield"],"picked":"SKIP","floor":11},{"not_picked":["Power Through","Anger"],"picked":"Iron Wave","floor":12},{"not_picked":["Cleave","ReplayTheSpireMod:Limb From Limb","Clothesline"],"picked":"SKIP","floor":13}],"player_experience":482680,"relics_obtained":[{"floor":9,"key":"HornCleat"}],"event_choices":[{"damage_healed":0,"gold_gain":0,"cards_transformed":["Strike_R"],"player_choice":"Transformed","damage_taken":0,"max_hp_gain":0,"max_hp_loss":0,"event_name":"Transmorgrifier","floor":3,"gold_loss":0,"cards_obtained":["Perfected Strike"]}],"is_beta":false,"boss_relics":[],"items_purged_floors":[7,14],"is_endless":false,"potions_floor_spawned":[1,4,10,13],"killed_by":"Fading Forest","ascension_level":13}}