{"host":"7uqz56agclckh39o","time":1609064039,"event":{"mods":["Astrologer","BaseMod","BetterRewards","Colored Map","Fiend Mod","FutureSeer","Gremlin Mod","Hermit","Hero for Fun","Highlight Path","Mad Scientist","Marisa????????","Minty Spire (QoL Compilation)","Quarter Circle Forward PUNCH!","Replay The Spire","Somnambulant","StSLib","Td1madao Mod","The Bladedancer","The Clintock","The Cursed","The Disciple","The Elementalist","The Florist","The IronCluck","The Juggle","The Runesmith","The Saiyan","The Servant 0.9.4","The Spell Scribe"],"gold_per_floor":[117,192,210,226,226,226,196,196,196,196,223,42,54,69,69,164,164,181,192,215,226,237,237,237,20,20,20,52,70,81,97,97,194,194,204,65,84,101,111,411,411,439,439,439,449,460,460,460,327,346,346,346],"floor_reached":53,"playtime":5433,"items_purged":[],"score":938,"play_id":"c29011c1-6555-4049-add3-eb212fe4cae7","local_time":"20201227051359","is_ascension_mode":false,"campfire_choices":[{"data":"blademaster:DragonStrike","floor":6,"key":"SMITH"},{"data":"blademaster:DaggerAndCloak","floor":8,"key":"SMITH"},{"data":"blademaster:DaggerAndCloak","floor":10,"key":"SMITH"},{"floor":15,"key":"REST"},{"data":"blademaster:AspectOfLightning","floor":23,"key":"SMITH"},{"data":"Replay:Bootleg Shield Generator","floor":27,"key":"SMITH"},{"data":"blademaster:Bloodbath","floor":32,"key":"SMITH"},{"data":"blademaster:EnchantedCuirass","floor":41,"key":"SMITH"},{"data":"blademaster:LightningDraw","floor":44,"key":"SMITH"},{"data":"blademaster:LeechingStrike","floor":51,"key":"SMITH"}],"circlet_count":0,"master_deck":["blademaster:Strike","blademaster:Strike","blademaster:Strike","blademaster:Strike","blademaster:Defend+1","blademaster:Defend","blademaster:Defend","blademaster:Defend+1","blademaster:RagingBlow","blademaster:HighVoltage","blademaster:AspectOfLightning+1","blademaster:DragonStrike+1","blademaster:DaggerAndCloak+1","blademaster:DaggerAndCloak+1","blademaster:Vortex","blademaster:Gust","blademaster:WindSlash","blademaster:EyeOfTheStorm","blademaster:AncestralHealing","blademaster:Stability","blademaster:ThreePointStrike","blademaster:Sharpen+1","blademaster:Discharge","blademaster:LeechingStrike","blademaster:Havoc+1","blademaster:FuriousStrike","Replay:Bootleg Shield Generator+1","blademaster:Bloodbath+1","blademaster:LeechingStrike+1","blademaster:Frontflip+1","blademaster:CullingStrike+1","blademaster:EnchantedCuirass+1","blademaster:AwakeningStrike","blademaster:Cut","blademaster:Havoc","blademaster:CombatPrep+1","blademaster:BrainBloom","blademaster:Momentum+1","blademaster:LightningDraw+1","blademaster:CombatPrep+1","blademaster:Cut","blademaster:ChargingUp","blademaster:KiBarrier","blademaster:SlyStabs+1"],"relics":["blademaster:DancersAmulet","NeowsBlessing","Kunai","Strawberry","Coffee Dripper","qcfpunch:Red_Beret","Membership Card","PreservedInsect","Nunchaku","SlaversCollar","Pen Nib","War Paint","Quantum Egg","Replay:Baseball"],"acts_visited":["Exordium","TheCity","TheBeyond"],"potions_floor_usage":[13,16,33,33,39,42],"damage_taken":[{"damage":0,"enemies":"Cultist","floor":1,"turns":2},{"damage":0,"enemies":"Small Slimes","floor":3,"turns":1},{"damage":0,"enemies":"2 Louse","floor":4,"turns":1},{"damage":0,"enemies":"Looter","floor":7,"turns":4},{"damage":23,"enemies":"Lagavulin","floor":11,"turns":19},{"damage":8,"enemies":"Red Slaver","floor":13,"turns":5},{"damage":4,"enemies":"Large Slime","floor":14,"turns":6},{"damage":65,"enemies":"Hexaghost","floor":16,"turns":16},{"damage":0,"enemies":"Chosen","floor":18,"turns":4},{"damage":13,"enemies":"Shell Parasite","floor":19,"turns":3},{"damage":0,"enemies":"Centurion and Healer","floor":21,"turns":4},{"damage":0,"enemies":"Cultist and Chosen","floor":22,"turns":4},{"damage":2,"enemies":"Slavers","floor":28,"turns":3},{"damage":0,"enemies":"Sentry and Sphere","floor":29,"turns":3},{"damage":7,"enemies":"Centurion and Healer","floor":30,"turns":4},{"damage":0,"enemies":"3 Cultists","floor":31,"turns":4},{"damage":4,"enemies":"Pondfish","floor":33,"turns":6},{"damage":20,"enemies":"3 Shapes","floor":35,"turns":3},{"damage":8,"enemies":"Orb Walker","floor":37,"turns":3},{"damage":4,"enemies":"4 Shapes","floor":38,"turns":2},{"damage":0,"enemies":"Maw","floor":39,"turns":5},{"damage":0,"enemies":"Reptomancer","floor":42,"turns":3},{"damage":5,"enemies":"3 Darklings","floor":45,"turns":4},{"damage":0,"enemies":"Sphere and 2 Shapes","floor":46,"turns":3},{"damage":16,"enemies":"Maw","floor":50,"turns":5},{"damage":22,"enemies":"Replay:Hell Engine","floor":52,"turns":6}],"seed_played":"-988274417972444093","potions_obtained":[{"floor":1,"key":"Swift Potion"},{"floor":4,"key":"Adrenaline Potion"},{"floor":16,"key":"Reflective Coating"},{"floor":28,"key":"Regen Potion"},{"floor":29,"key":"Weak Potion"},{"floor":31,"key":"Weak Potion"},{"floor":35,"key":"Ancient Potion"},{"floor":38,"key":"Swift Potion"},{"floor":50,"key":"SteroidPotion"}],"is_trial":false,"path_per_floor":["M","?","M","M","?","R","M","R","T","R","E","$","M","M","R","B",null,"M","M","T","M","M","R","?","$","T","R","E","M","M","M","R","B",null,"M","$","M","M","M","?","R","E","T","R","M","M","PTL","PTL","$","M","R","B",null],"character_chosen":"THE_BLADEMASTER","items_purchased":["blademaster:Gust","blademaster:WindSlash","blademaster:EyeOfTheStorm","Membership Card","blademaster:FuriousStrike","Replay:Bootleg Shield Generator","Pen Nib","blademaster:Cut","blademaster:Havoc","Replay:Baseball","blademaster:ChargingUp","blademaster:KiBarrier"],"campfire_rested":1,"item_purchase_floors":[12,12,12,25,25,25,36,36,36,49,49,49],"current_hp_per_floor":[75,64,64,64,64,64,64,64,64,64,48,48,40,36,60,7,82,82,69,69,69,69,69,53,53,53,53,51,54,50,50,50,63,87,70,70,65,69,69,69,69,75,75,75,76,77,77,77,77,64,64,50],"gold":346,"neow_bonus":"THREE_ENEMY_KILL","is_daily":false,"chose_seed":false,"campfire_upgraded":9,"win_rate":0.0,"timestamp":1609064039,"path_taken":["M","?","M","M","?","R","M","R","T","R","E","$","M","M","R","BOSS","M","M","?","?","M","R","?","$","T","R","E","M","M","M","R","BOSS","M","$","M","M","M","?","R","E","T","R","?","M","PTL","PTL","$","M","R","BOSS"],"items_purchased_type":["Card","Card","Card","Relic","Card","Card","Relic","Card","Card","Relic","Card","Card"],"build_version":"2020-12-22","purchased_purges":0,"victory":true,"max_hp_per_floor":[75,75,75,75,75,75,75,75,75,75,82,82,82,82,82,82,82,82,82,82,82,82,82,87,87,87,87,87,87,87,87,87,87,87,87,87,87,87,87,87,87,87,87,87,87,87,87,87,87,87,87,87],"card_choices":[{"not_picked":["blademaster:AirSlash","blademaster:Bloodbath"],"picked":"blademaster:AspectOfLightning","floor":1},{"not_picked":["blademaster:AwakeningStrike","blademaster:Havoc"],"picked":"blademaster:DragonStrike","floor":3},{"not_picked":["blademaster:Sunder","blademaster:Safeguard"],"picked":"blademaster:DaggerAndCloak","floor":4},{"not_picked":["blademaster:Hailwind","blademaster:Thrust"],"picked":"blademaster:DaggerAndCloak","floor":7},{"not_picked":["blademaster:Frenzy","blademaster:Cut"],"picked":"blademaster:Vortex","floor":11},{"not_picked":["blademaster:AwakeningDefend","blademaster:WindSlash"],"picked":"blademaster:AncestralHealing","floor":13},{"not_picked":["blademaster:AwakeningDefend","blademaster:Quickness"],"picked":"blademaster:Stability","floor":14},{"not_picked":["blademaster:Empower","blademaster:EnchantedCuirass"],"picked":"blademaster:ThreePointStrike","floor":16},{"not_picked":["blademaster:Quickstep","blademaster:Thrust+1"],"picked":"blademaster:Sharpen+1","floor":18},{"not_picked":["blademaster:Flurry","blademaster:AwakeningDefend"],"picked":"blademaster:Discharge","floor":19},{"not_picked":["blademaster:Quickstep","blademaster:ThunderSlash"],"picked":"blademaster:LeechingStrike","floor":21},{"not_picked":["blademaster:Stormstrike+1","blademaster:Flurry"],"picked":"blademaster:Havoc+1","floor":22},{"not_picked":["blademaster:SlyStabs+1","blademaster:LeechingStrike"],"picked":"blademaster:Bloodbath","floor":28},{"not_picked":["blademaster:Sharpen","blademaster:WindSlash"],"picked":"blademaster:LeechingStrike","floor":29},{"not_picked":["blademaster:HighVoltage","blademaster:ThunderSlash"],"picked":"blademaster:Frontflip+1","floor":30},{"not_picked":["blademaster:DaggerAndCloak+1","blademaster:BladeMastery"],"picked":"blademaster:CullingStrike+1","floor":31},{"not_picked":["blademaster:StanceMastery","blademaster:RagingBlow"],"picked":"blademaster:EnchantedCuirass","floor":33},{"not_picked":["blademaster:Flurry","blademaster:Bloodbath"],"picked":"blademaster:AwakeningStrike","floor":35},{"not_picked":["blademaster:Gust+1","blademaster:Discharge"],"picked":"blademaster:CombatPrep+1","floor":37},{"not_picked":["blademaster:CloudOfSteel","blademaster:AspectOfLightning"],"picked":"blademaster:BrainBloom","floor":38},{"not_picked":["blademaster:ChargingUp+1","blademaster:Blockade"],"picked":"blademaster:Momentum+1","floor":39},{"not_picked":["blademaster:AwakeningStrike+1","blademaster:DancingEdge"],"picked":"blademaster:LightningDraw","floor":42},{"not_picked":["blademaster:AspectOfLightning","blademaster:Meditate+1"],"picked":"blademaster:CombatPrep+1","floor":45},{"not_picked":["blademaster:AspectOfLightning","blademaster:Safeguard"],"picked":"blademaster:Cut","floor":46},{"not_picked":["blademaster:Sunder","blademaster:Stability"],"picked":"blademaster:SlyStabs+1","floor":50}],"player_experience":90033,"relics_obtained":[{"floor":9,"key":"Kunai"},{"floor":11,"key":"Strawberry"},{"floor":11,"key":"blademaster:StrongPerk"},{"floor":20,"key":"qcfpunch:Red_Beret"},{"floor":26,"key":"PreservedInsect"},{"floor":28,"key":"Nunchaku"},{"floor":28,"key":"blademaster:RandomBladePerk"},{"floor":42,"key":"War Paint"},{"floor":42,"key":"blademaster:BonusFuryPerk"},{"floor":43,"key":"Quantum Egg"}],"event_choices":[{"damage_healed":0,"gold_gain":75,"player_choice":"Gather Gold","damage_taken":11,"max_hp_gain":0,"max_hp_loss":0,"event_name":"World of Goop","floor":2,"gold_loss":0},{"cards_removed":["Strike_G"],"damage_healed":0,"gold_gain":0,"player_choice":"Took Card","damage_taken":0,"max_hp_gain":0,"max_hp_loss":0,"event_name":"NoteForYourself","floor":5,"gold_loss":0,"cards_obtained":["Strike_G"]},{"damage_healed":0,"gold_gain":0,"player_choice":"Shed Blood","damage_taken":21,"max_hp_gain":5,"max_hp_loss":0,"event_name":"Forgotten Altar","floor":24,"gold_loss":0},{"damage_healed":0,"gold_gain":300,"player_choice":"Gold","damage_taken":0,"max_hp_gain":0,"max_hp_loss":0,"event_name":"Wheel of Change","floor":40,"gold_loss":0}],"is_beta":false,"boss_relics":[{"not_picked":["Runesmith:UraniumAnvil","Kintsugi"],"picked":"Coffee Dripper"},{"not_picked":["Calling Bell","ChewingGum"],"picked":"SlaversCollar"}],"items_purged_floors":[],"is_endless":false,"potions_floor_spawned":[1,4,16,28,29,31,35,38,50],"ascension_level":0}}