{"host":"pletss163z7s8pvv","time":1609032489,"event":{"mods":["AchievementEnabler","BaseMod","Colored Map","Colored Powertips","Minty Spire (QoL Compilation)"],"gold_per_floor":[114,129,129,144,159,189,43,43,43,58,58,88,88,103,103,203,203,218,15,30,30,4,4,4,19,19,19,19],"floor_reached":27,"playtime":555,"items_purged":[],"score":248,"play_id":"f6a3da72-6cc6-4363-9eb5-af2d092f8083","local_time":"20201226192809","daily_mods":["Chimera","Red Cards","Lethality"],"is_ascension_mode":false,"campfire_choices":[{"floor":8,"key":"REST"},{"data":"Eruption","floor":13,"key":"SMITH"},{"data":"MasterReality","floor":15,"key":"SMITH"},{"data":"Alpha","floor":23,"key":"SMITH"}],"circlet_count":0,"master_deck":["Bash+1","Survivor","Zap","Eruption+1","Strike_R","Strike_G","Defend_G","Defend_P","Armaments+1","ReachHeaven","Consecrate","TalkToTheHand","EmptyBody","Intimidate","Wild Strike","True Grit","BattleHymn","MasterReality+1","Pray","Alpha+1","FollowUp+1","Cleave","Consecrate","PathToVictory","CutThroughFate+1"],"relics":["PureWater","Regal Pillow","Question Card","Dead Branch","Empty Cage","Lee\u0027s Waffle","Pantograph","Girya"],"acts_visited":["Exordium","TheCity"],"potions_floor_usage":[16,16,16,27,27],"damage_taken":[{"damage":0,"enemies":"2 Louse","floor":1,"turns":2},{"damage":0,"enemies":"Small Slimes","floor":2,"turns":2},{"damage":0,"enemies":"Cultist","floor":4,"turns":2},{"damage":10,"enemies":"Blue Slaver","floor":5,"turns":3},{"damage":13,"enemies":"Lagavulin","floor":6,"turns":3},{"damage":12,"enemies":"Red Slaver","floor":10,"turns":2},{"damage":0,"enemies":"Gremlin Nob","floor":12,"turns":3},{"damage":0,"enemies":"Exordium Wildlife","floor":14,"turns":1},{"damage":26,"enemies":"Hexaghost","floor":16,"turns":5},{"damage":9,"enemies":"Shell Parasite","floor":18,"turns":4},{"damage":11,"enemies":"2 Thieves","floor":20,"turns":2},{"damage":61,"enemies":"Shelled Parasite and Fungi","floor":25,"turns":5},{"damage":0,"enemies":"3 Cultists","floor":27,"turns":2}],"seed_played":"4726349093531193793","potions_obtained":[{"floor":4,"key":"CultistPotion"},{"floor":5,"key":"BlessingOfTheForge"},{"floor":6,"key":"BottledMiracle"},{"floor":10,"key":"Strength Potion"},{"floor":18,"key":"EssenceOfSteel"},{"floor":25,"key":"Swift Potion"}],"is_trial":false,"path_per_floor":["M","M","?","M","M","E","$","R","T","M","?","E","R","M","R","B",null,"M","$","M","?","$","R","?","M","T","M"],"character_chosen":"WATCHER","items_purchased":["Intimidate","Wild Strike","True Grit","Lee\u0027s Waffle","Cleave","PathToVictory"],"campfire_rested":1,"item_purchase_floors":[7,7,7,19,19,22],"current_hp_per_floor":[72,72,58,58,48,35,35,71,71,59,59,59,59,59,59,33,72,63,79,68,68,68,68,68,7,7,7,7],"gold":19,"neow_bonus":"","is_daily":true,"chose_seed":false,"campfire_upgraded":3,"win_rate":0.0,"timestamp":1609032489,"path_taken":["M","M","?","M","M","E","$","R","T","M","?","E","R","M","R","BOSS","M","?","M","?","$","R","?","M","T","?"],"items_purchased_type":["Card","Card","Card","Relic","Card","Card"],"build_version":"2020-12-22","purchased_purges":0,"victory":false,"max_hp_per_floor":[72,72,72,72,72,72,72,72,72,72,72,72,72,72,72,72,72,72,79,79,79,79,79,79,79,79,79,79],"card_choices":[{"not_picked":["Warcry","Power Through"],"picked":"Armaments","floor":1},{"not_picked":["ThirdEye","Study"],"picked":"ReachHeaven","floor":2},{"not_picked":["Whirlwind","Wild Strike"],"picked":"Consecrate","floor":4},{"not_picked":["EmptyFist","Wild Strike"],"picked":"TalkToTheHand","floor":5},{"not_picked":["Blood for Blood","Seeing Red"],"picked":"EmptyBody","floor":6},{"not_picked":["Body Slam","Second Wind","Protect"],"picked":"BattleHymn","floor":10},{"not_picked":["Metallicize","SashWhip","Iron Wave"],"picked":"MasterReality","floor":12},{"not_picked":["Pommel Strike","Whirlwind","Dropkick"],"picked":"Pray","floor":14},{"not_picked":["Fiend Fire","Brutality","SpiritShield"],"picked":"Alpha","floor":16},{"not_picked":["Battle Trance+1","Bloodletting","Havoc"],"picked":"FollowUp+1","floor":18},{"not_picked":["Rupture","EmptyMind","EmptyBody"],"picked":"Consecrate","floor":20},{"not_picked":["Vengeance","Whirlwind","EmptyFist"],"picked":"CutThroughFate+1","floor":25}],"player_experience":400247,"relics_obtained":[{"floor":6,"key":"Regal Pillow"},{"floor":9,"key":"Question Card"},{"floor":12,"key":"Dead Branch"},{"floor":26,"key":"Girya"}],"event_choices":[{"damage_healed":0,"gold_gain":0,"player_choice":"Entered Light","damage_taken":14,"max_hp_gain":0,"max_hp_loss":0,"event_name":"Shining Light","floor":3,"gold_loss":0,"cards_upgraded":["Armaments","Bash"]},{"damage_healed":0,"gold_gain":0,"player_choice":"Bought 0 Potions","damage_taken":0,"max_hp_gain":0,"max_hp_loss":0,"event_name":"The Woman in Blue","floor":11,"gold_loss":0},{"damage_healed":0,"gold_gain":0,"player_choice":"Stole Relic","damage_taken":0,"relics_obtained":["Pantograph"],"max_hp_gain":0,"max_hp_loss":0,"event_name":"Addict","floor":21,"gold_loss":0,"cards_obtained":["Shame"]},{"cards_removed":["Shame"],"damage_healed":0,"gold_gain":0,"player_choice":"Purged","damage_taken":0,"max_hp_gain":0,"max_hp_loss":0,"event_name":"Purifier","floor":24,"gold_loss":0}],"is_beta":false,"boss_relics":[{"not_picked":["SlaversCollar","Pandora\u0027s Box"],"picked":"Empty Cage"}],"items_purged_floors":[],"is_endless":false,"potions_floor_spawned":[4,5,6,10,18,25],"killed_by":"3 Cultists","ascension_level":0}}