{"host":"utqe55yv0jihe4d6","time":1609039223,"event":{"mods":["2.2 Compatiblity","AchievementEnabler","BaseMod","Block Reminder","Colored Map","Colored Powertips","Minty Spire (QoL Compilation)","Quick Restart","Rare Cards Sparkle","Relic Stats","SuperFastMode"],"gold_per_floor":[361,376,391,466,49,49,74,93,93,110,110,145,170,204,204,295,295,319,319,370,380,395,395,395,422,422,422,447,26,76,95,95,168,168,180,197,222,242,291,291,325,34,86,104,0,10,21,55,55,55,55,55,55,14,14,14],"floor_reached":55,"playtime":2648,"items_purged":["Injury","Strike_G","Strike_G"],"score":2014,"play_id":"d4431fe9-a418-4e03-91eb-e5bee8055c75","local_time":"20201226222023","is_ascension_mode":true,"campfire_choices":[{"data":"Neutralize","floor":6.0,"key":"SMITH"},{"data":"Noxious Fumes","floor":15,"key":"SMITH"},{"floor":24,"key":"REST"},{"data":"Infinite Blades","floor":27,"key":"SMITH"},{"data":"Accuracy","floor":32,"key":"SMITH"},{"data":"After Image","floor":40,"key":"SMITH"},{"floor":49,"key":"RECALL"},{"data":"Footwork","floor":53,"key":"SMITH"}],"circlet_count":0,"master_deck":["AscendersBane","Strike_G","Strike_G","Strike_G","Defend_G","Defend_G","Defend_G","Defend_G","Defend_G","Survivor","Neutralize+1","Blade Dance","Endless Agony","Footwork+1","Infinite Blades+1","Endless Agony","Crippling Poison","Sucker Punch","Backflip","Noxious Fumes+1","Footwork","Dagger Throw","Corpse Explosion","CurseOfTheBell","Catalyst+1","Accuracy+1","PiercingWail+1","Dash","After Image+1","Dodge and Roll","Swift Strike","Skewer","Infinite Blades","A Thousand Cuts","Backstab","After Image","Noxious Fumes+1","Blur+1","Dodge and Roll","Dodge and Roll","Malaise","Caltrops","Backflip","Footwork","Choke","Blur+1","Blur","Accuracy"],"relics":["Ring of the Snake","Blood Vial","Mercury Hourglass","Bird Faced Urn","Bloody Idol","Prayer Wheel","Eternal Feather","Calling Bell","Snake Skull","InkBottle","StoneCalendar","Akabeko","Kunai","MawBank","Coffee Dripper","Shovel","Du-Vu Doll","Nunchaku","Membership Card","Omamori","Red Mask","Meat on the Bone"],"acts_visited":["Exordium","TheCity","TheBeyond","TheEnding"],"potions_floor_usage":[7,10,14,16,22,23,31,39,44,50,51],"damage_taken":[{"damage":12.0,"enemies":"Jaw Worm","floor":1.0,"turns":8.0},{"damage":4.0,"enemies":"Small Slimes","floor":2.0,"turns":3.0},{"damage":0.0,"enemies":"2 Louse","floor":3.0,"turns":3.0},{"damage":0,"enemies":"Gremlin Nob","floor":7,"turns":2},{"damage":8,"enemies":"Exordium Wildlife","floor":8,"turns":5},{"damage":0,"enemies":"Red Slaver","floor":10,"turns":2},{"damage":13,"enemies":"Lagavulin","floor":12,"turns":7},{"damage":0,"enemies":"Looter","floor":13,"turns":3},{"damage":9,"enemies":"Gremlin Nob","floor":14,"turns":4},{"damage":11,"enemies":"Hexaghost","floor":16,"turns":9},{"damage":8,"enemies":"Shell Parasite","floor":18,"turns":7},{"damage":0,"enemies":"3 Byrds","floor":21,"turns":2},{"damage":35,"enemies":"Snake Plant","floor":22,"turns":7},{"damage":36,"enemies":"Book of Stabbing","floor":23,"turns":5},{"damage":25,"enemies":"Gremlin Leader","floor":25,"turns":5},{"damage":61,"enemies":"Book of Stabbing","floor":28,"turns":6},{"damage":12,"enemies":"Chosen and Byrds","floor":31,"turns":4},{"damage":22,"enemies":"Champ","floor":33,"turns":10},{"damage":1,"enemies":"3 Shapes","floor":35,"turns":5},{"damage":14,"enemies":"Orb Walker","floor":36,"turns":3},{"damage":0,"enemies":"Mind Bloom Boss Battle","floor":37,"turns":5},{"damage":23,"enemies":"3 Darklings","floor":38,"turns":3},{"damage":34,"enemies":"2 Orb Walkers","floor":39,"turns":4},{"damage":52,"enemies":"Giant Head","floor":41,"turns":9},{"damage":33,"enemies":"Transient","floor":44,"turns":6},{"damage":14,"enemies":"Jaw Worm Horde","floor":46,"turns":5},{"damage":4,"enemies":"Spire Growth","floor":47,"turns":5},{"damage":51,"enemies":"Reptomancer","floor":48,"turns":11},{"damage":63,"enemies":"Time Eater","floor":50,"turns":15},{"damage":37,"enemies":"Donu and Deca","floor":51,"turns":12},{"damage":78,"enemies":"Shield and Spear","floor":55,"turns":5}],"seed_played":"-7668404197428832087","potions_obtained":[{"floor":1.0,"key":"SteroidPotion"},{"floor":8,"key":"DuplicationPotion"},{"floor":14,"key":"Poison Potion"},{"floor":16,"key":"SmokeBomb"},{"floor":22,"key":"Fruit Juice"},{"floor":33,"key":"GhostInAJar"},{"floor":41,"key":"Explosive Potion"},{"floor":44,"key":"BlessingOfTheForge"},{"floor":47,"key":"LiquidBronze"},{"floor":48,"key":"EssenceOfSteel"}],"is_trial":false,"path_per_floor":["M","M","M","?","$","R","E","M","T","M","?","E","M","E","R","B",null,"M","?","T","M","M","E","R","E","T","R","E","$","?","M","R","B",null,"M","M","?","M","?","R","E","$","T","M","?","M","M","E","R","B","B",null,"R","$","E"],"character_chosen":"THE_SILENT","items_purchased":["Infinite Blades","Blood Vial","FearPotion","Endless Agony","Swift Strike","Skewer","Block Potion","Strength Potion","Infinite Blades","Membership Card","Footwork","Choke","Accuracy"],"campfire_rested":1,"item_purchase_floors":[5,5,5,5,29,29,29,29,29,42,42,42,54],"current_hp_per_floor":[47,43,43,32,32,32,34,28,28,32,32,25,29,30,42,41,55,55,55,60,60,37,13,50,42,42,60,17,22,27,30,51,52,62,65,60,65,50,31,55,26,26,31,25,25,30,51,27,54,27,28,56,65,65,0,0],"gold":14,"neow_bonus":"TWO_FIFTY_GOLD","is_daily":false,"chose_seed":false,"campfire_upgraded":6,"win_rate":0.0,"timestamp":1609039223,"path_taken":["M","M","M","?","$","R","E","M","T","M","?","E","M","E","R","BOSS","M","?","?","?","M","E","R","E","T","R","E","$","?","M","R","BOSS","M","M","?","M","?","R","E","?","T","M","?","?","M","E","R","BOSS","BOSS","R","$","E"],"items_purchased_type":["Card","Relic","Potion","Card","Card","Card","Potion","Potion","Card","Relic","Card","Card","Card"],"build_version":"2020-12-22","purchased_purges":3,"victory":false,"max_hp_per_floor":[66,66,66,66,66,66,66,66,66,66,60,60,60,60,60,60,60,60,60,60,60,65,65,65,65,65,65,65,65,65,65,65,65,65,65,65,65,65,65,65,65,65,65,65,65,65,65,65,65,65,65,65,65,65,65,65],"relic_stats":{"counters":[31,180],"Eternal Feather":129,"StoneCalendar":[294],"Snake Skull":[93],"MawBank":12,"Mercury Hourglass":[518],"Blood Vial":46,"Nunchaku":[15],"Shovel":0,"Bird Faced Urn":[247],"Bloody Idol":85,"Prayer Wheel":11,"Kunai":[69],"obtain_stats":[{"Golden Idol":11,"Eternal Feather":14,"StoneCalendar":17,"Snake Skull":17,"Omamori":43,"MawBank":28,"Akabeko":25,"Mercury Hourglass":7,"Blood Vial":5,"Calling Bell":17,"Du-Vu Doll":39,"Nunchaku":41,"Shovel":37,"Bird Faced Urn":9,"Bloody Idol":19,"Prayer Wheel":12,"Coffee Dripper":34,"Red Mask":45,"Kunai":26,"Membership Card":42,"InkBottle":17,"Ring of the Snake":0,"Meat on the Bone":48},{"Golden Idol":6,"Eternal Feather":9,"StoneCalendar":10,"Snake Skull":10,"Omamori":24,"MawBank":16,"Akabeko":15,"Mercury Hourglass":4,"Blood Vial":3,"Calling Bell":10,"Du-Vu Doll":23,"Nunchaku":24,"Shovel":21,"Bird Faced Urn":5,"Bloody Idol":11,"Prayer Wheel":7,"Coffee Dripper":18,"Red Mask":25,"Kunai":15,"Membership Card":24,"InkBottle":10,"Ring of the Snake":0,"Meat on the Bone":28},{"Golden Idol":23,"Eternal Feather":37,"StoneCalendar":46,"Snake Skull":46,"Omamori":121,"MawBank":78,"Akabeko":72,"Mercury Hourglass":16,"Blood Vial":14,"Calling Bell":46,"Du-Vu Doll":112,"Nunchaku":121,"Shovel":105,"Bird Faced Urn":21,"Bloody Idol":53,"Prayer Wheel":30,"Coffee Dripper":92,"Red Mask":127,"Kunai":72,"Membership Card":121,"InkBottle":46,"Ring of the Snake":0,"Meat on the Bone":148}],"InkBottle":[72],"Ring of the Snake":[62],"Meat on the Bone":24},"card_choices":[{"not_picked":["Terror","Deflect"],"picked":"Blade Dance","floor":1.0},{"not_picked":["Outmaneuver","PiercingWail"],"picked":"Endless Agony","floor":2.0},{"not_picked":["Outmaneuver","Acrobatics"],"picked":"Footwork","floor":3.0},{"not_picked":["Dagger Throw","Accuracy"],"picked":"Crippling Poison","floor":7},{"not_picked":["Deflect","Slice","Infinite Blades"],"picked":"SKIP","floor":8},{"not_picked":["Quick Slash","Masterful Stab"],"picked":"Sucker Punch","floor":10},{"not_picked":["Escape Plan","Underhanded Strike"],"picked":"Backflip","floor":12},{"not_picked":["Underhanded Strike","Sucker Punch"],"picked":"Noxious Fumes","floor":13},{"not_picked":["Blur","Predator"],"picked":"Footwork","floor":13},{"not_picked":["Unload","Calculated Gamble"],"picked":"Dagger Throw","floor":14},{"not_picked":["Wraith Form v2","Storm of Steel"],"picked":"Corpse Explosion","floor":16},{"not_picked":["Flying Knee","Blade Dance"],"picked":"Catalyst+1","floor":18},{"not_picked":["Caltrops","Dodge and Roll"],"picked":"Accuracy","floor":18},{"not_picked":["Terror","Riddle With Holes"],"picked":"PiercingWail+1","floor":21},{"not_picked":["Slice","Flechettes"],"picked":"Dash","floor":21},{"not_picked":["Poisoned Stab","All Out Attack"],"picked":"After Image","floor":22},{"not_picked":["Bane","Quick Slash","Flying Knee"],"picked":"SKIP","floor":22},{"not_picked":["All Out Attack","Flying Knee+1","Sucker Punch"],"picked":"SKIP","floor":25},{"not_picked":["Slice+1","Dagger Throw"],"picked":"Dodge and Roll","floor":28},{"not_picked":["Backflip","Predator"],"picked":"A Thousand Cuts","floor":31},{"not_picked":["Poisoned Stab","Calculated Gamble"],"picked":"Backstab","floor":31},{"not_picked":["Phantasmal Killer","Wraith Form v2"],"picked":"After Image","floor":33},{"not_picked":["Expertise+1","Backflip"],"picked":"Noxious Fumes+1","floor":35},{"not_picked":["Outmaneuver","Bane","Riddle With Holes+1"],"picked":"SKIP","floor":35},{"not_picked":["Quick Slash","Deflect"],"picked":"Blur+1","floor":36},{"not_picked":["Masterful Stab","Sucker Punch+1"],"picked":"Dodge and Roll","floor":36},{"not_picked":["Heel Hook+1","Dagger Spray"],"picked":"Dodge and Roll","floor":37},{"not_picked":["Cloak And Dagger+1","Deadly Poison+1"],"picked":"Malaise","floor":38},{"not_picked":["Slice","Cloak And Dagger"],"picked":"Caltrops","floor":38},{"not_picked":["Sucker Punch","Infinite Blades"],"picked":"Backflip","floor":41},{"not_picked":["Underhanded Strike","Sucker Punch"],"picked":"Blur+1","floor":44},{"not_picked":["Cloak And Dagger","Night Terror","Riddle With Holes"],"picked":"SKIP","floor":44},{"not_picked":["Dagger Throw+1","Cloak And Dagger","Reflex+1"],"picked":"SKIP","floor":46},{"not_picked":["Cloak And Dagger","Riddle With Holes","Outmaneuver"],"picked":"SKIP","floor":46},{"not_picked":["A Thousand Cuts","Underhanded Strike"],"picked":"Blur","floor":47},{"not_picked":["Flying Knee","Skewer","Reflex"],"picked":"SKIP","floor":47},{"not_picked":["Grand Finale","Choke","Bane+1"],"picked":"SKIP","floor":48}],"player_experience":2877658,"relics_obtained":[{"floor":7,"key":"Mercury Hourglass"},{"floor":9,"key":"Bird Faced Urn"},{"floor":12,"key":"Prayer Wheel"},{"floor":14,"key":"Eternal Feather"},{"floor":17,"key":"Snake Skull"},{"floor":17,"key":"InkBottle"},{"floor":17,"key":"StoneCalendar"},{"floor":25,"key":"Akabeko"},{"floor":26,"key":"Kunai"},{"floor":28,"key":"MawBank"},{"floor":37,"key":"Shovel"},{"floor":39,"key":"Du-Vu Doll"},{"floor":41,"key":"Nunchaku"},{"floor":43,"key":"Omamori"},{"floor":48,"key":"Meat on the Bone"}],"event_choices":[{"damage_healed":0.0,"max_hp_gain":0.0,"max_hp_loss":0.0,"gold_gain":75.0,"event_name":"World of Goop","player_choice":"Gather Gold","floor":4.0,"gold_loss":0.0,"damage_taken":11.0},{"damage_healed":0,"gold_gain":0,"player_choice":"Lose Max HP","damage_taken":0,"relics_obtained":["Golden Idol"],"max_hp_gain":0,"max_hp_loss":6,"event_name":"Golden Idol","floor":11,"gold_loss":0},{"damage_healed":0,"gold_gain":0,"player_choice":"Gave Idol","damage_taken":0,"relics_obtained":["Bloody Idol"],"max_hp_gain":0,"max_hp_loss":0,"event_name":"Forgotten Altar","floor":19,"relics_lost":["Golden Idol"],"gold_loss":0},{"damage_healed":0,"gold_gain":50,"player_choice":"Stole From Cult","damage_taken":0,"max_hp_gain":0,"max_hp_loss":0,"event_name":"Nest","floor":30,"gold_loss":0},{"damage_healed":0,"gold_gain":0,"player_choice":"Fight","damage_taken":0,"max_hp_gain":0,"max_hp_loss":0,"event_name":"MindBloom","floor":37,"gold_loss":0},{"damage_healed":0,"gold_gain":0,"player_choice":"Fight","damage_taken":0,"max_hp_gain":0,"max_hp_loss":0,"event_name":"Mysterious Sphere","floor":39,"gold_loss":0},{"damage_healed":0,"gold_gain":0,"player_choice":"Paid","damage_taken":0,"relics_obtained":["Red Mask"],"max_hp_gain":0,"max_hp_loss":0,"event_name":"Tomb of Lord Red Mask","floor":45,"gold_loss":104}],"is_beta":false,"boss_relics":[{"not_picked":["Runic Pyramid","Busted Crown"],"picked":"Calling Bell"},{"not_picked":["Empty Cage","Fusion Hammer"],"picked":"Coffee Dripper"}],"items_purged_floors":[5,29,42],"is_endless":false,"potions_floor_spawned":[1,8,14,16,22,23,33,36,41,44,46,47,48],"killed_by":"Shield and Spear","ascension_level":20}}