{"host":"dhyczjm99amxd3qx","time":1609036909,"event":{"mods":["BaseMod","Colored Map","Googly Eyes","Highlight Path","Minty Spire (QoL Compilation)","Quick Restart","StSLib"],"gold_per_floor":[114,127,142,417,430,465,465,480,480,480,480],"floor_reached":10,"playtime":470,"items_purged":[],"score":70,"play_id":"1ee5ae9b-071a-4a22-ad9f-1bab3c41bfd1","local_time":"20201226214149","is_ascension_mode":false,"campfire_choices":[{"floor":7,"key":"REST"}],"circlet_count":0,"master_deck":["Strike_B","Strike_B","Strike_B","Strike_B","Defend_B","Defend_B","Defend_B","Defend_B","Zap","Dualcast","Cold Snap","Chaos","Compile Driver","Regret","Turbo","Creative AI"],"relics":["Cracked Core","Pocketwatch","Juzu Bracelet"],"acts_visited":["Exordium"],"potions_floor_usage":[],"damage_taken":[{"damage":1.0,"enemies":"Jaw Worm","floor":1.0,"turns":3.0},{"damage":0.0,"enemies":"Cultist","floor":2.0,"turns":3.0},{"damage":15.0,"enemies":"Small Slimes","floor":3.0,"turns":2.0},{"damage":30,"enemies":"Exordium Thugs","floor":5,"turns":4},{"damage":28,"enemies":"3 Sentries","floor":6,"turns":8},{"damage":9,"enemies":"Large Slime","floor":8,"turns":6},{"damage":33,"enemies":"Gremlin Nob","floor":10,"turns":3}],"seed_played":"-5443067858688123085","potions_obtained":[{"floor":1.0,"key":"EssenceOfDarkness"},{"floor":6,"key":"PowerPotion"}],"is_trial":false,"path_per_floor":["M","M","M","?","M","E","R","M","T","E"],"character_chosen":"DEFECT","items_purchased":[],"campfire_rested":1,"item_purchase_floors":[],"current_hp_per_floor":[81,81,66,66,36,8,32,23,23,0,0],"gold":480,"neow_bonus":"TEN_PERCENT_HP_BONUS","is_daily":false,"chose_seed":false,"campfire_upgraded":0,"win_rate":0.0,"timestamp":1609036909,"path_taken":["M","M","M","?","M","E","R","M","T","E"],"items_purchased_type":[],"build_version":"2020-12-22","purchased_purges":0,"victory":false,"max_hp_per_floor":[82,82,82,82,82,82,82,82,82,82,82],"card_choices":[{"not_picked":["Rip and Tear","Beam Cell"],"picked":"Cold Snap","floor":1.0},{"not_picked":["Coolheaded","Leap"],"picked":"Chaos","floor":2.0},{"not_picked":["Go for the Eyes","FTL"],"picked":"Compile Driver","floor":3.0},{"not_picked":["Steam","Sweeping Beam"],"picked":"Turbo","floor":5},{"not_picked":["Core Surge","Cold Snap"],"picked":"Creative AI","floor":6},{"not_picked":["Barrage","Leap","FTL"],"picked":"SKIP","floor":8}],"player_experience":80189,"relics_obtained":[{"floor":6,"key":"Pocketwatch"},{"floor":9,"key":"Juzu Bracelet"}],"event_choices":[{"damage_healed":0.0,"max_hp_gain":0.0,"max_hp_loss":0.0,"gold_gain":275.0,"event_name":"Golden Shrine","player_choice":"Desecrate","floor":4.0,"gold_loss":0.0,"damage_taken":0.0,"cards_obtained":["Regret"]}],"is_beta":false,"boss_relics":[],"items_purged_floors":[],"is_endless":false,"potions_floor_spawned":[1,6],"killed_by":"Gremlin Nob","ascension_level":0}}