{"host":"873t0y8ybyo38pfq","time":1609031577,"event":{"mods":["BaseMod","Bestiary","Colored Map","Colored Powertips","Highlight Path","Minty Spire (QoL Compilation)","Quick Restart","RNG Fix","Rare Cards Sparkle","Relic Stats","StSLib"],"gold_per_floor":[110,110,8,32,51,51,94,94,94,109,109,33,33,51,51,147,147,167,183,183,183,183,227,241,241,241],"floor_reached":25,"playtime":673,"items_purged":[],"score":442,"play_id":"20dd6627-5161-42d7-a6e8-2947556a8c3e","local_time":"20201226201257","is_ascension_mode":true,"campfire_choices":[{"data":"Apotheosis","floor":6,"key":"SMITH"},{"floor":8,"key":"REST"},{"data":"Crippling Poison","floor":11,"key":"SMITH"},{"data":"Catalyst","floor":15,"key":"SMITH"}],"circlet_count":0,"master_deck":["AscendersBane","Strike_G","Strike_G","Strike_G","Defend_G","Defend_G","Defend_G","Defend_G","Defend_G","Survivor","Neutralize","Apotheosis+1","Slice","Blade Dance","Crippling Poison+1","Backflip","Crippling Poison","Catalyst+1","Deflect","Backflip","Envenom","Crippling Poison","Blade Dance","Glass Knife","Well Laid Plans","Ghostly","Ghostly","Ghostly","After Image","Tactician","PiercingWail","Backflip+1","Leg Sweep"],"relics":["Ring of the Snake","Golden Idol","Question Card","Prayer Wheel","Cursed Key","Enchiridion","Omamori"],"acts_visited":["Exordium","TheCity"],"potions_floor_usage":[7,7,16,16,23,23],"damage_taken":[{"damage":0,"enemies":"Jaw Worm","floor":1,"turns":7},{"damage":3,"enemies":"Small Slimes","floor":4,"turns":4},{"damage":0,"enemies":"2 Louse","floor":5,"turns":4},{"damage":22,"enemies":"Lagavulin","floor":7,"turns":9},{"damage":6,"enemies":"Red Slaver","floor":10,"turns":3},{"damage":1,"enemies":"2 Fungi Beasts","floor":14,"turns":3},{"damage":12,"enemies":"The Guardian","floor":16,"turns":7},{"damage":1,"enemies":"Chosen","floor":18,"turns":4},{"damage":5,"enemies":"Spheric Guardian","floor":19,"turns":5},{"damage":5,"enemies":"Gremlin Leader","floor":23,"turns":5},{"damage":0,"enemies":"Snake Plant","floor":24,"turns":5},{"damage":0,"enemies":"Slavers","floor":25,"turns":1}],"seed_played":"-3375025249365309605","potions_obtained":[{"floor":1,"key":"EntropicBrew"},{"floor":5,"key":"Ancient Potion"},{"floor":16,"key":"BlessingOfTheForge"},{"floor":19,"key":"Dexterity Potion"}],"is_trial":false,"path_per_floor":["M","?","?","M","M","R","E","R","T","M","R","$","?","M","R","B",null,"M","M","?","?","?","E","M","E"],"character_chosen":"THE_SILENT","items_purchased":["Catalyst"],"campfire_rested":1,"item_purchase_floors":[12],"current_hp_per_floor":[59,59,59,56,56,56,34,52,52,46,46,46,46,45,45,33,53,52,47,30,30,9,4,4,4,4],"gold":241,"neow_bonus":"RANDOM_COLORLESS_2","is_daily":false,"chose_seed":false,"campfire_upgraded":3,"win_rate":0.0,"timestamp":1609031577,"path_taken":["M","?","?","?","M","R","E","R","T","M","R","?","?","?","R","BOSS","M","M","?","?","?","E","M","E"],"items_purchased_type":["Card"],"build_version":"2020-12-22","purchased_purges":0,"victory":false,"max_hp_per_floor":[66,60,60,60,60,60,60,60,60,60,60,60,60,60,60,60,60,60,60,30,30,30,30,30,30,30],"relic_stats":{"counters":[12,57],"Golden Idol":63,"Prayer Wheel":5,"Question Card":15,"Cursed Key":0,"obtain_stats":[{"Golden Idol":2,"Enchiridion":22,"Prayer Wheel":9,"Omamori":23,"Question Card":3,"Cursed Key":17,"Ring of the Snake":0},{"Golden Idol":1,"Enchiridion":9,"Prayer Wheel":4,"Omamori":10,"Question Card":1,"Cursed Key":7,"Ring of the Snake":0},{"Golden Idol":7,"Enchiridion":46,"Prayer Wheel":24,"Omamori":51,"Question Card":7,"Cursed Key":37,"Ring of the Snake":0}],"Ring of the Snake":[24]},"card_choices":[{"not_picked":["Thinking Ahead","Chrysalis"],"picked":"Apotheosis","floor":0},{"not_picked":["Choke","Dodge and Roll","Bane"],"picked":"SKIP","floor":1},{"not_picked":["Concentrate","Escape Plan","Dagger Throw"],"picked":"Slice","floor":4},{"not_picked":["Grand Finale","Flechettes","Outmaneuver"],"picked":"Blade Dance","floor":5},{"not_picked":["Acrobatics","Sucker Punch","Masterful Stab"],"picked":"Crippling Poison","floor":7},{"not_picked":["Underhanded Strike","All Out Attack","Acrobatics"],"picked":"Backflip","floor":10},{"not_picked":["Well Laid Plans","Underhanded Strike","Grand Finale"],"picked":"Crippling Poison","floor":10},{"not_picked":["Quick Slash","Deadly Poison","Finisher"],"picked":"Deflect","floor":14},{"not_picked":["Prepared","Backstab","Dagger Throw"],"picked":"Backflip","floor":14},{"not_picked":["Die Die Die","Glass Knife","Phantasmal Killer"],"picked":"Envenom","floor":16},{"not_picked":["Bane","Quick Slash","Prepared"],"picked":"Crippling Poison","floor":18},{"not_picked":["Prepared","Slice","Concentrate"],"picked":"Blade Dance","floor":18},{"not_picked":["Dodge and Roll","Cloak And Dagger","Escape Plan+1"],"picked":"Glass Knife","floor":19},{"not_picked":["Underhanded Strike","Outmaneuver","Tactician"],"picked":"Well Laid Plans","floor":19},{"not_picked":["Flying Knee","Dash","Bullet Time"],"picked":"PiercingWail","floor":23},{"not_picked":["Outmaneuver","Prepared+1","Bouncing Flask"],"picked":"Backflip+1","floor":24},{"not_picked":["Poisoned Stab","Expertise","Deflect"],"picked":"Leg Sweep","floor":24}],"player_experience":1358342,"relics_obtained":[{"floor":9,"key":"Prayer Wheel"},{"floor":22,"key":"Enchiridion"},{"floor":23,"key":"Omamori"}],"event_choices":[{"damage_healed":0,"gold_gain":0,"player_choice":"Lose Max HP","damage_taken":0,"relics_obtained":["Golden Idol"],"max_hp_gain":0,"max_hp_loss":6,"event_name":"Golden Idol","floor":2,"gold_loss":0},{"damage_healed":0,"gold_gain":0,"player_choice":"Paid Gold","damage_taken":0,"relics_obtained":["Question Card"],"max_hp_gain":0,"max_hp_loss":0,"event_name":"WeMeetAgain","floor":3,"gold_loss":102},{"cards_removed":["Clumsy"],"damage_healed":0,"gold_gain":0,"player_choice":"Purged","damage_taken":0,"max_hp_gain":0,"max_hp_loss":0,"event_name":"Purifier","floor":13,"gold_loss":0},{"damage_healed":0,"gold_gain":0,"player_choice":"Became a Ghost","damage_taken":0,"max_hp_gain":0,"max_hp_loss":30,"event_name":"Ghosts","floor":20,"gold_loss":0,"cards_obtained":["Ghostly","Ghostly","Ghostly"]},{"damage_healed":0,"gold_gain":0,"cards_transformed":["Strike_G","Strike_G"],"player_choice":"Became Test Subject","damage_taken":0,"max_hp_gain":0,"max_hp_loss":0,"event_name":"Drug Dealer","floor":21,"gold_loss":0,"cards_obtained":["After Image","Tactician"]},{"damage_healed":0,"gold_gain":0,"player_choice":"Obtained Book","damage_taken":21,"max_hp_gain":0,"max_hp_loss":0,"event_name":"Cursed Tome","floor":22,"gold_loss":0}],"is_beta":false,"boss_relics":[{"not_picked":["Black Star","HoveringKite"],"picked":"Cursed Key"}],"items_purged_floors":[],"is_endless":false,"potions_floor_spawned":[1,5,16,19],"killed_by":"Slavers","ascension_level":20}}