{"host":"wha9hktbkslqvblg","time":1609037493,"event":{"mods":["BaseMod","Colored Map","Minty Spire (QoL Compilation)","Relic Stats","SuperFastMode","everything is the same but u backflip on backflip"],"gold_per_floor":[110,110,35,54,10,10,44,62,85,100,165,196,196,221,221,298,298,314,18,18,18,68,68,98,98,98],"floor_reached":25,"playtime":404,"items_purged":["Strike_R","Strike_R"],"score":500,"play_id":"b1fcda47-0dbd-45cf-a87e-23f3ece47b05","local_time":"20201227115133","is_ascension_mode":true,"campfire_choices":[{"data":"Evolve","floor":6.0,"key":"SMITH"},{"data":"Body Slam","floor":13.0,"key":"SMITH"},{"data":"Juggernaut","floor":15.0,"key":"SMITH"},{"data":"Armaments","floor":23.0,"key":"SMITH"}],"circlet_count":0,"master_deck":["AscendersBane","Strike_R","Strike_R","Strike_R","Defend_R","Defend_R","Defend_R","Defend_R","Bash","Bloodletting","Evolve+1","Body Slam+1","Wild Strike","Juggernaut+1","Battle Trance","Armaments+1","Fire Breathing"],"relics":["Burning Blood","NeowsBlessing","PreservedInsect","Pen Nib","FossilizedHelix","Blood Vial","Odd Mushroom","Philosopher\u0027s Stone","Medical Kit","Orichalcum"],"acts_visited":["Exordium","TheCity"],"potions_floor_usage":[24],"damage_taken":[{"damage":0.0,"enemies":"Small Slimes","floor":1.0,"turns":1.0},{"damage":0.0,"enemies":"Cultist","floor":4.0,"turns":1.0},{"damage":0.0,"enemies":"3 Sentries","floor":7.0,"turns":2.0},{"damage":6.0,"enemies":"2 Louse","floor":8.0,"turns":2.0},{"damage":24.0,"enemies":"Blue Slaver","floor":10.0,"turns":4.0},{"damage":0.0,"enemies":"Gremlin Nob","floor":11.0,"turns":2.0},{"damage":7.0,"enemies":"Gremlin Nob","floor":12.0,"turns":3.0},{"damage":15.0,"enemies":"The Mushroom Lair","floor":14.0,"turns":4.0},{"damage":31.0,"enemies":"The Guardian","floor":16.0,"turns":10.0},{"damage":24.0,"enemies":"Spheric Guardian","floor":18.0,"turns":4.0},{"damage":49,"enemies":"Slavers","floor":24,"turns":4},{"damage":0,"enemies":"2 Thieves","floor":25,"turns":1}],"seed_played":"4730284249372015000","potions_obtained":[{"floor":4.0,"key":"SkillPotion"},{"floor":10.0,"key":"Swift Potion"},{"floor":12.0,"key":"LiquidBronze"},{"floor":18.0,"key":"Explosive Potion"}],"is_trial":false,"path_per_floor":["M","?","$","M","$","R","E","M","T","M","?","E","R","?","R","B",null,"M","$","?","$","?","R","E","M"],"character_chosen":"IRONCLAD","items_purchased":["Evolve","Fire Breathing","Medical Kit"],"campfire_rested":0,"item_purchase_floors":[5,19,19],"current_hp_per_floor":[74,70,70,75,75,75,75,75,75,57,63,62,62,55,55,32,64,48,48,48,48,48,48,7,9,9],"gold":98,"neow_bonus":"THREE_ENEMY_KILL","is_daily":false,"chose_seed":false,"campfire_upgraded":4,"win_rate":0.0,"timestamp":1609037493,"path_taken":["M","?","?","M","$","R","E","M","T","M","?","E","R","?","R","BOSS","M","$","?","$","?","R","E","M"],"items_purchased_type":["Card","Card","Relic"],"build_version":"2020-12-22","purchased_purges":2,"victory":false,"max_hp_per_floor":[75,75,75,75,75,75,75,75,75,75,75,75,75,75,75,75,75,75,75,75,75,75,75,75,75,75],"relic_stats":{"Blood Vial":10,"counters":[12,38],"PreservedInsect":85,"Pen Nib":[5],"Orichalcum":[0],"Medical Kit":[0],"obtain_stats":[{"Blood Vial":12,"NeowsBlessing":0,"Philosopher\u0027s Stone":17,"PreservedInsect":7,"Pen Nib":9,"Odd Mushroom":14,"Orichalcum":24,"Medical Kit":19,"Burning Blood":0,"FossilizedHelix":11},{"Blood Vial":7,"NeowsBlessing":0,"Philosopher\u0027s Stone":9,"PreservedInsect":3,"Pen Nib":4,"Odd Mushroom":8,"Orichalcum":11,"Medical Kit":10,"Burning Blood":0,"FossilizedHelix":6},{"Blood Vial":15,"NeowsBlessing":0,"Philosopher\u0027s Stone":29,"PreservedInsect":4,"Pen Nib":6,"Odd Mushroom":19,"Orichalcum":37,"Medical Kit":33,"Burning Blood":0,"FossilizedHelix":12}],"Burning Blood":59},"card_choices":[{"not_picked":["Havoc","Spot Weakness","Burning Pact"],"picked":"SKIP","floor":1.0},{"not_picked":["Anger","Sentinel"],"picked":"Bloodletting","floor":4.0},{"not_picked":["Headbutt","Double Tap"],"picked":"Body Slam","floor":7.0},{"not_picked":["Twin Strike","Metallicize","Wild Strike"],"picked":"SKIP","floor":8.0},{"not_picked":["Twin Strike","Metallicize"],"picked":"Wild Strike","floor":8.0},{"not_picked":["Carnage","Wild Strike"],"picked":"Juggernaut","floor":10.0},{"not_picked":["Heavy Blade","Warcry"],"picked":"Battle Trance","floor":11.0},{"not_picked":["Ghostly Armor","Dual Wield","Berserk"],"picked":"SKIP","floor":12.0},{"not_picked":["Ghostly Armor","Dual Wield","Berserk"],"picked":"SKIP","floor":12.0},{"not_picked":["Clothesline","Body Slam"],"picked":"Armaments","floor":18.0},{"not_picked":["Intimidate","Armaments","Carnage"],"picked":"SKIP","floor":24}],"player_experience":899296,"relics_obtained":[{"floor":7.0,"key":"PreservedInsect"},{"floor":9.0,"key":"Pen Nib"},{"floor":11.0,"key":"FossilizedHelix"},{"floor":12.0,"key":"Blood Vial"},{"floor":14.0,"key":"Odd Mushroom"},{"floor":24,"key":"Orichalcum"}],"event_choices":[{"damage_healed":0.0,"max_hp_gain":0.0,"max_hp_loss":0.0,"gold_gain":0.0,"event_name":"The Woman in Blue","player_choice":"Bought 0 Potions","floor":2.0,"gold_loss":0.0,"damage_taken":0.0},{"damage_healed":0.0,"max_hp_gain":0.0,"max_hp_loss":0.0,"gold_gain":0.0,"event_name":"Dead Adventurer","player_choice":"Searched \u00271\u0027 times","floor":11.0,"gold_loss":0.0,"damage_taken":0.0},{"damage_healed":0.0,"max_hp_gain":0.0,"max_hp_loss":0.0,"gold_gain":0.0,"event_name":"Mushrooms","player_choice":"Fought Mushrooms","floor":14.0,"gold_loss":0.0,"damage_taken":0.0},{"damage_healed":0.0,"max_hp_gain":0.0,"max_hp_loss":0.0,"gold_gain":50.0,"event_name":"Golden Shrine","player_choice":"Pray","floor":22.0,"gold_loss":0.0,"damage_taken":0.0}],"is_beta":false,"boss_relics":[{"not_picked":["SacredBark","Runic Pyramid"],"picked":"Philosopher\u0027s Stone"}],"items_purged_floors":[3,19],"is_endless":false,"potions_floor_spawned":[4,10,11,12,18],"killed_by":"2 Thieves","ascension_level":20}}