{"host":"cccop0r9ue4xv1s4","time":1609055577,"event":{"mods":["BaseMod","Minty Spire (QoL Compilation)","Quick Restart","Shop Mod","StSLib","SuperFastMode","The Bug Knight","The Servant 0.9.4"],"gold_per_floor":[99,99,99455,99455,99455,99455,99455,99455,99455,99071,99071,99009,99009,99009,99009,99009,99009,98909,98909,98909,98654,98654,98306,98306,98306,98306,98306,98306,98306,98306,98306,98306,98306,98306,98306,98306,97833,97833,97833,97833,97833,97833,97833,97833,97833,97510,97510,97510,97510,97510,97510],"floor_reached":52,"playtime":2649,"items_purged":["Strike_G","Strike_G","Strike_G","Defend_G","Strike_G","Quick Slash"],"score":2062,"play_id":"cf03074d-7443-4660-86bc-1d9573b6f863","local_time":"20201227155257","is_ascension_mode":true,"campfire_choices":[{"data":"Crippling Poison","floor":6,"key":"SMITH"},{"data":"Deadly Poison","floor":8,"key":"SMITH"},{"floor":15,"key":"REST"},{"data":"A Thousand Cuts","floor":29,"key":"SMITH"},{"data":"Footwork","floor":32,"key":"SMITH"},{"data":"Cloak And Dagger","floor":42,"key":"SMITH"},{"data":"Blade Dance","floor":49,"key":"SMITH"}],"circlet_count":0,"master_deck":["AscendersBane","Defend_G","Defend_G","Defend_G","Defend_G+1","Survivor","Neutralize+1","Footwork+1","Crippling Poison+1","Deadly Poison+1","Backstab","Well Laid Plans","Prepared","Blade Dance+1","After Image","Quick Slash","Deadly Poison","Master of Strategy","Leg Sweep+1","A Thousand Cuts+1","Caltrops","Blade Dance","Tools of the Trade","Prepared+1","Accuracy","Cloak And Dagger+1","Acrobatics+1","Choke+1","Madness","Madness","Acrobatics+1"],"relics":["Ectoplasm","Golden Idol","Membership Card","Gremlin Horn","Tingsha","Medical Kit","Anchor","Omamori","Turnip","Thread and Needle","Philosopher\u0027s Stone","MutagenicStrength","Strawberry","Frozen Eye","HollowMod:PaleOreRelic","Pear","Bag of Preparation","Kunai","HoveringKite","TwistedFunnel","Happy Flower","Shovel","FossilizedHelix","Meat on the Bone","War Paint","Cauldron","Pantograph","Old Coin","Gambling Chip"],"acts_visited":["Exordium","TheCity","TheBeyond"],"potions_floor_usage":[14,16,23,31,33,48],"damage_taken":[{"damage":0.0,"enemies":"Small Slimes","floor":1.0,"turns":5.0},{"damage":0,"enemies":"2 Louse","floor":5,"turns":3},{"damage":1,"enemies":"Cultist","floor":7,"turns":4},{"damage":2,"enemies":"Lagavulin","floor":11,"turns":6},{"damage":0,"enemies":"2 Fungi Beasts","floor":13,"turns":2},{"damage":37,"enemies":"Gremlin Nob","floor":14,"turns":5},{"damage":10,"enemies":"Hexaghost","floor":16,"turns":11},{"damage":8,"enemies":"2 Thieves","floor":18,"turns":5},{"damage":2,"enemies":"Shell Parasite","floor":19,"turns":4},{"damage":0,"enemies":"Snecko","floor":22,"turns":6},{"damage":17,"enemies":"Slavers","floor":24,"turns":7},{"damage":9,"enemies":"Snake Plant","floor":25,"turns":4},{"damage":17,"enemies":"Book of Stabbing","floor":30,"turns":5},{"damage":0,"enemies":"Centurion and Healer","floor":31,"turns":5},{"damage":1,"enemies":"Champ","floor":33,"turns":11},{"damage":0,"enemies":"3 Shapes","floor":35,"turns":5},{"damage":0,"enemies":"Orb Walker","floor":38,"turns":3},{"damage":19,"enemies":"Mind Bloom Boss Battle","floor":39,"turns":4},{"damage":0,"enemies":"HollowMod:StalkingDevout","floor":40,"turns":5},{"damage":0,"enemies":"Spire Growth","floor":41,"turns":3},{"damage":0,"enemies":"Jaw Worm Horde","floor":45,"turns":2},{"damage":0,"enemies":"Reptomancer","floor":47,"turns":4},{"damage":0,"enemies":"2 Orb Walkers","floor":48,"turns":3},{"damage":17,"enemies":"Awakened One","floor":50,"turns":8},{"damage":14,"enemies":"Donu and Deca","floor":51,"turns":6}],"seed_played":"-3132936656442996108","potions_obtained":[{"floor":11,"key":"Energy Potion"},{"floor":13,"key":"PowerPotion"},{"floor":14,"key":"FearPotion"},{"floor":22,"key":"Fruit Juice"},{"floor":25,"key":"FairyPotion"},{"floor":30,"key":"DistilledChaos"},{"floor":31,"key":"SkillPotion"},{"floor":45,"key":"Explosive Potion"},{"floor":46,"key":"Swift Potion"}],"is_trial":false,"path_per_floor":["M","?","$","?","M","R","M","R","T","$","E","?","M","E","R","B",null,"M","M","?","$","M","$","E","M","T","?","?","R","E","M","R","B",null,"M","?","$","M","?","E","M","R","T","?","M","$","E","?","R","B","B",null],"character_chosen":"THE_SILENT","items_purchased":["Footwork","Membership Card","Gremlin Horn","Tingsha","Crippling Poison","Medical Kit","Anchor","Omamori","Backstab","Well Laid Plans","Strawberry","Master of Strategy","Frozen Eye","HollowMod:PaleOreRelic","A Thousand Cuts","Energy Potion","TwistedFunnel","Happy Flower","Shovel","Accuracy","Cloak And Dagger","Cauldron","Pantograph"],"campfire_rested":1,"item_purchase_floors":[3,3,3,3,3,10,10,10,10,10,21,21,23,23,23,23,37,37,37,37,37,46,46],"current_hp_per_floor":[59,59,59,59,59,59,58,58,58,58,56,56,56,19,37,27,52,44,42,42,49,49,54,47,38,38,54,54,54,37,37,37,36,71,71,71,71,71,52,52,52,52,52,37,49,49,49,49,49,57,68],"gold":97510,"neow_bonus":"BOSS_RELIC","is_daily":false,"chose_seed":false,"campfire_upgraded":6,"win_rate":0.0,"timestamp":1609055577,"path_taken":["M","?","$","?","M","R","M","R","T","$","E","?","M","E","R","BOSS","M","M","?","$","M","$","E","M","T","?","?","R","E","?","R","BOSS","M","?","$","M","?","E","M","R","T","?","M","$","E","?","R","BOSS","BOSS"],"items_purchased_type":["Card","Relic","Relic","Relic","Card","Relic","Relic","Relic","Card","Card","Relic","Card","Relic","Relic","Card","Potion","Relic","Relic","Relic","Card","Card","Relic","Relic"],"build_version":"2020-12-22","purchased_purges":6,"victory":true,"max_hp_per_floor":[66,60,60,60,60,60,60,60,60,60,60,60,60,60,60,60,60,60,60,60,67,67,72,82,82,82,82,82,82,82,82,82,82,82,82,82,82,82,82,82,82,82,82,82,82,82,82,82,82,82,82],"card_choices":[{"not_picked":["Sucker Punch","Outmaneuver","Skewer"],"picked":"SKIP","floor":1.0},{"not_picked":["Crippling Poison","Skewer","Setup"],"picked":"SKIP","floor":5},{"not_picked":["Deflect","All Out Attack"],"picked":"Deadly Poison","floor":7},{"not_picked":["Dagger Spray","Underhanded Strike"],"picked":"Prepared","floor":11},{"not_picked":["Dodge and Roll","Finisher","Deflect"],"picked":"SKIP","floor":13},{"not_picked":["Flying Knee","Acrobatics"],"picked":"Blade Dance","floor":14},{"not_picked":["Venomology","Unload"],"picked":"After Image","floor":16},{"not_picked":["Flying Knee","Blur"],"picked":"Quick Slash","floor":18},{"not_picked":["Dagger Throw","Slice+1"],"picked":"Deadly Poison","floor":19},{"not_picked":["Dodge and Roll","Tactician"],"picked":"Leg Sweep+1","floor":22},{"not_picked":["Setup+1","Phantasmal Killer","Accuracy"],"picked":"SKIP","floor":24},{"not_picked":["Dagger Spray","Sucker Punch"],"picked":"Caltrops","floor":25},{"not_picked":["Tactician","Prepared","PiercingWail"],"picked":"SKIP","floor":30},{"not_picked":["Bane","Outmaneuver"],"picked":"Blade Dance","floor":31},{"not_picked":["Doppelganger","Wraith Form v2"],"picked":"Tools of the Trade","floor":33},{"not_picked":["Leg Sweep+1","Crippling Poison+1"],"picked":"Prepared","floor":35},{"not_picked":["Concentrate+1","PiercingWail"],"picked":"Quick Slash","floor":38},{"not_picked":["Night Terror","Blur+1"],"picked":"Acrobatics+1","floor":39},{"not_picked":["PiercingWail","Reflex"],"picked":"Choke+1","floor":40},{"not_picked":["Calculated Gamble+1","Skewer+1","Riddle With Holes"],"picked":"SKIP","floor":41},{"not_picked":["Dagger Throw","Flying Knee"],"picked":"Acrobatics+1","floor":45},{"not_picked":["Eviscerate","Noxious Fumes+1","Masterful Stab"],"picked":"SKIP","floor":47}],"player_experience":284972,"relics_obtained":[{"floor":11,"key":"Turnip"},{"floor":14,"key":"Thread and Needle"},{"floor":24,"key":"Pear"},{"floor":26,"key":"Bag of Preparation"},{"floor":30,"key":"Kunai"},{"floor":39,"key":"FossilizedHelix"},{"floor":40,"key":"Meat on the Bone"},{"floor":43,"key":"War Paint"},{"floor":47,"key":"Old Coin"},{"floor":48,"key":"Gambling Chip"}],"event_choices":[{"damage_healed":0.0,"max_hp_gain":0.0,"max_hp_loss":6.0,"gold_gain":0.0,"event_name":"Golden Idol","player_choice":"Lose Max HP","floor":2.0,"gold_loss":0.0,"damage_taken":0.0,"relics_obtained":["Golden Idol"]},{"damage_healed":0,"gold_gain":0,"player_choice":"Grow","damage_taken":0,"max_hp_gain":0,"max_hp_loss":0,"event_name":"Living Wall","floor":4,"gold_loss":0,"cards_upgraded":["Neutralize"]},{"damage_healed":0,"gold_gain":0,"player_choice":"Left Gold","damage_taken":0,"max_hp_gain":0,"max_hp_loss":0,"event_name":"World of Goop","floor":12,"gold_loss":62},{"damage_healed":0,"gold_gain":0,"player_choice":"Inject Mutagens","damage_taken":0,"relics_obtained":["MutagenicStrength"],"max_hp_gain":0,"max_hp_loss":0,"event_name":"Drug Dealer","floor":20,"gold_loss":0},{"damage_healed":16,"gold_gain":0,"player_choice":"Heal","damage_taken":0,"max_hp_gain":0,"max_hp_loss":0,"event_name":"The Library","floor":27,"gold_loss":0},{"damage_healed":0,"gold_gain":0,"player_choice":"Got Potions","damage_taken":0,"max_hp_gain":0,"max_hp_loss":0,"event_name":"Lab","floor":28,"gold_loss":0},{"cards_removed":["Strike_G"],"damage_healed":0,"gold_gain":0,"player_choice":"Removed Attack","damage_taken":0,"max_hp_gain":0,"max_hp_loss":0,"event_name":"Falling","floor":36,"gold_loss":0},{"damage_healed":0,"gold_gain":0,"player_choice":"Fight","damage_taken":0,"max_hp_gain":0,"max_hp_loss":0,"event_name":"MindBloom","floor":39,"gold_loss":0},{"damage_healed":0,"gold_gain":0,"player_choice":"Embrace Madness","damage_taken":15,"max_hp_gain":0,"max_hp_loss":0,"event_name":"Winding Halls","floor":44,"gold_loss":0,"cards_obtained":["Madness","Madness"]},{"damage_healed":0,"gold_gain":0,"player_choice":"Fight","damage_taken":0,"max_hp_gain":0,"max_hp_loss":0,"event_name":"Mysterious Sphere","floor":48,"gold_loss":0}],"is_beta":false,"boss_relics":[{"not_picked":["Astrolabe","SacredBark"],"picked":"Philosopher\u0027s Stone"},{"not_picked":["Runic Dome","Cursed Key"],"picked":"HoveringKite"}],"items_purged_floors":[3,10,21,23,37,46],"is_endless":false,"potions_floor_spawned":[11,13,14,22,25,30,31,38,45],"ascension_level":20}}