{"host":"h78e02h09yhg9y5r","time":1609063301,"event":{"mods":["ATMod(阿瑾Mod)","AchievementEnabler","Act Like it!","Aspiration","BaseMod","BetterRewards","Dota2Spire","Hermit","KinomotoSakuraMod(木之本樱)","Minty Spire (QoL Compilation)","MostiFishMod","RumiaBox-露米娅的神秘盒子","Shop Mod","Spicy Shops","StSLib","The Runesmith","【功能Mod】混沌之环修复补丁"],"gold_per_floor":[142,142,142,185,185,185,241,241,288,288,288],"floor_reached":10,"playtime":600,"items_purged":["Strike_P","Defend_P"],"score":134,"play_id":"94ca2054-8eab-47e5-8bb4-f54119f572ef","local_time":"20201227180141","is_ascension_mode":true,"campfire_choices":[{"data":"AT_FamilyPortrait","floor":6,"key":"SMITH"},{"data":"WindmillStrike","floor":8,"key":"SMITH"}],"circlet_count":0,"master_deck":["AscendersBane","Strike_P+1","Strike_P+1","Strike_P","Defend_P","Defend_P","Defend_P","Eruption","Vigilance","AT_FamilyPortrait+1","WindmillStrike+1"],"relics":["PureWater","DaveBox","AT_ATBox","AT_MibuBalloonWealth","AT_ChloranthyRing","SynthV:C4","SynthV:TestCard","Dota2Spire:MantaStyle","Dota2Spire:PhaseBoots"],"acts_visited":["Exordium"],"potions_floor_usage":[7,7,10,10,10],"damage_taken":[{"damage":0.0,"enemies":"Jaw Worm","floor":1.0,"turns":2.0},{"damage":0,"enemies":"Cultist","floor":4,"turns":2},{"damage":0,"enemies":"Gremlin Nob","floor":7,"turns":2},{"damage":0,"enemies":"Lagavulin","floor":10,"turns":2}],"seed_played":"-7893618654223037874","potions_obtained":[{"floor":3,"key":"DistilledChaos"},{"floor":3,"key":"Energy Potion"},{"floor":3,"key":"Fire Potion"},{"floor":4,"key":"EntropicBrew"},{"floor":7,"key":"Fruit Juice"}],"is_trial":false,"path_per_floor":["M","$","?","M","?","R","E","R","T","E"],"character_chosen":"WATCHER","items_purchased":["AT_MibuBalloonWealth","AT_ChloranthyRing"],"campfire_rested":0,"item_purchase_floors":[0,0],"current_hp_per_floor":[65,65,65,65,51,51,56,56,56,56,56],"gold":288,"neow_bonus":"","is_daily":false,"chose_seed":false,"campfire_upgraded":2,"win_rate":0.0,"timestamp":1609063301,"path_taken":["M","$","?","?","?","R","E","R","T","E"],"items_purchased_type":["Relic","Relic"],"build_version":"2020-12-22","purchased_purges":2,"victory":false,"max_hp_per_floor":[72,72,72,72,72,72,77,77,77,77,77],"card_choices":[{"not_picked":["PathToVictory","Halt","Wireheading"],"picked":"SKIP","floor":1.0},{"not_picked":["CrushJoints","Nirvana","ThirdEye","EmptyFist","JustLucky"],"picked":"SKIP","floor":4},{"not_picked":["SashWhip","Nirvana","Halt","LessonLearned"],"picked":"WindmillStrike","floor":7}],"player_experience":487005,"relics_obtained":[{"floor":1.0,"key":"SynthV:TestCard"},{"floor":7,"key":"Dota2Spire:MantaStyle"},{"floor":9,"key":"Dota2Spire:PhaseBoots"}],"event_choices":[{"damage_healed":0,"gold_gain":0,"player_choice":"Got Potions","damage_taken":0,"max_hp_gain":0,"max_hp_loss":0,"event_name":"Lab","floor":3,"gold_loss":0},{"damage_healed":0,"gold_gain":0,"player_choice":"Entered Light","damage_taken":14,"max_hp_gain":0,"max_hp_loss":0,"event_name":"Shining Light","floor":5,"gold_loss":0,"cards_upgraded":["Strike_P","Strike_P"]}],"is_beta":false,"boss_relics":[],"items_purged_floors":[0,0],"is_endless":false,"potions_floor_spawned":[4,7],"killed_by":"Lagavulin","ascension_level":10}}