{"host":"bq4pt811tk9yrmjl","time":1609088879,"event":{"mods":["AchievementEnabler","BaseMod","Colored Map","Colored Powertips","Defuse TimeMaze Blight","Hermit","Minty Spire (QoL Compilation)","StSLib","SuperFastMode"],"gold_per_floor":[117,117,38,62,62,62,89,107,107,142,142,160,224,243,243,348,348,368,368,368,387,387,387,407,407,407,74,74,105,105,119,119,215,215,227,227,227,238,252,252,65,77,124,124,46,58,58,58,58,58,58,58,8,8,8],"floor_reached":54,"playtime":1173,"items_purged":[],"score":721,"play_id":"2fd83b70-2c21-4024-b406-a2a2cc86397a","local_time":"20201227150759","is_ascension_mode":true,"campfire_choices":[{"data":"hermit:Brawl","floor":6.0,"key":"SMITH"},{"floor":11.0,"key":"REST"},{"floor":15.0,"key":"REST"},{"floor":23.0,"key":"REST"},{"data":"Apotheosis","floor":28.0,"key":"SMITH"},{"floor":30.0,"key":"REST"},{"floor":32.0,"key":"REST"},{"floor":40,"key":"REST"},{"floor":47,"key":"RECALL"},{"data":"hermit:Maintenance","floor":49,"key":"SMITH"},{"data":"hermit:GoldenBullet","floor":52,"key":"SMITH"}],"circlet_count":0,"master_deck":["hermit:Strike_Hermit","hermit:Strike_Hermit","hermit:Strike_Hermit","hermit:Strike_Hermit","hermit:Defend_Hermit","hermit:Defend_Hermit","hermit:Defend_Hermit","hermit:Defend_Hermit","hermit:Snapshot","hermit:Covet","hermit:Brawl+1","hermit:Determination","hermit:GoldenBullet+1","hermit:Feint","hermit:Shortfuse+1","hermit:Roughhouse","hermit:TakeCover+1","Apotheosis+1","hermit:CalledShot+1","hermit:Maintenance+1"],"relics":["hermit:Momento","NeowsBlessing","Calipers","hermit:Horseshoe","hermit:Spyglass","Gremlin Horn","Omamori","hermit:BartenderGlass","StrikeDummy","Chemical X","Darkstone Periapt","Busted Crown","Membership Card","Centennial Puzzle","Potion Belt"],"acts_visited":["Exordium","TheCity","TheBeyond","TheEnding"],"potions_floor_usage":[44,45,46,50,50,50,50,50,50,54],"damage_taken":[{"damage":0.0,"enemies":"Jaw Worm","floor":1.0,"turns":1.0},{"damage":0.0,"enemies":"Gremlin Nob","floor":7.0,"turns":1.0},{"damage":0.0,"enemies":"Cultist","floor":8.0,"turns":1.0},{"damage":46.0,"enemies":"Lagavulin","floor":10.0,"turns":10.0},{"damage":5.0,"enemies":"Small Slimes","floor":12.0,"turns":2.0},{"damage":8.0,"enemies":"Gremlin Nob","floor":13.0,"turns":5.0},{"damage":1.0,"enemies":"Exordium Thugs","floor":14.0,"turns":3.0},{"damage":24.0,"enemies":"The Guardian","floor":16.0,"turns":12.0},{"damage":24.0,"enemies":"Shell Parasite","floor":18.0,"turns":4.0},{"damage":9.0,"enemies":"Chosen","floor":21.0,"turns":5.0},{"damage":0.0,"enemies":"Snake Plant","floor":24.0,"turns":2.0},{"damage":21.0,"enemies":"Slavers","floor":29.0,"turns":7.0},{"damage":15.0,"enemies":"Sentry and Sphere","floor":31.0,"turns":4.0},{"damage":68.0,"enemies":"Collector","floor":33.0,"turns":12.0},{"damage":20.0,"enemies":"Orb Walker","floor":35.0,"turns":4.0},{"damage":0,"enemies":"3 Shapes","floor":38,"turns":6},{"damage":13,"enemies":"Writhing Mass","floor":39,"turns":6},{"damage":31,"enemies":"Maw","floor":42,"turns":9},{"damage":0,"enemies":"3 Darklings","floor":44,"turns":1},{"damage":16,"enemies":"Jaw Worm Horde","floor":46,"turns":4},{"damage":45,"enemies":"Time Eater","floor":50,"turns":12},{"damage":49,"enemies":"Shield and Spear","floor":54,"turns":6}],"seed_played":"-17933210350894248","potions_obtained":[{"floor":1.0,"key":"Fire Potion"},{"floor":7.0,"key":"FearPotion"},{"floor":13.0,"key":"ColorlessPotion"},{"floor":14.0,"key":"hermit:Eclipse"},{"floor":18.0,"key":"FearPotion"},{"floor":29.0,"key":"Fire Potion"},{"floor":31.0,"key":"Fruit Juice"},{"floor":42,"key":"SpeedPotion"}],"is_trial":false,"path_per_floor":["M","?","$","T","?","R","E","M","T","E","R","M","?","M","R","B",null,"M","?","?","M","?","R","M","$","T","$","R","E","R","M","R","B",null,"M","?","?","M","M","R","$","M","T","M","$","M","R","?","R","B",null,"R","$","E"],"character_chosen":"HERMIT","items_purchased":["hermit:Brawl","Apotheosis","Chemical X","Membership Card","hermit:Maintenance","Potion Belt","ColorlessPotion","SpeedPotion"],"campfire_rested":6,"item_purchase_floors":[3,27,27,41,41,45,53,53],"current_hp_per_floor":[75,75,75,75,75,75,75,75,75,29,51,46,38,37,59,35,75,51,37,37,28,28,52,52,52,52,52,52,31,55,45,70,2,85,65,65,65,65,52,77,77,46,46,46,46,30,30,85,85,40,85,85,85,36,36],"gold":8,"neow_bonus":"THREE_ENEMY_KILL","is_daily":false,"chose_seed":false,"campfire_upgraded":4,"win_rate":0.0,"timestamp":1609088879,"path_taken":["M","?","$","?","?","R","E","M","T","E","R","?","?","M","R","BOSS","M","?","?","?","?","R","?","?","T","$","R","E","R","M","R","BOSS","M","?","?","M","?","R","$","?","T","M","$","M","R","?","R","BOSS","R","$","E"],"items_purchased_type":["Card","Card","Relic","Relic","Card","Relic","Potion","Potion"],"build_version":"2020-12-22","purchased_purges":0,"victory":false,"max_hp_per_floor":[75,75,75,75,75,75,75,75,75,75,75,75,75,75,75,75,75,75,80,80,80,80,80,80,80,80,80,80,80,80,85,85,85,85,85,85,85,85,85,85,85,85,85,85,85,85,85,85,85,85,85,85,85,85,85],"card_choices":[{"not_picked":["hermit:Midnight","hermit:Snipe","hermit:SprayPray"],"picked":"SKIP","floor":1.0},{"not_picked":["hermit:Gestalt","hermit:ShadowCloak"],"picked":"hermit:Determination","floor":7.0},{"not_picked":["hermit:TrackingShot","hermit:Headshot"],"picked":"hermit:GoldenBullet","floor":8.0},{"not_picked":["hermit:CursedWeapon","hermit:Quickdraw"],"picked":"hermit:Feint","floor":10.0},{"not_picked":["hermit:Determination","hermit:Headshot","hermit:LoneWolf"],"picked":"SKIP","floor":12.0},{"not_picked":["hermit:Snipe","hermit:CalledShot"],"picked":"hermit:Shortfuse","floor":13.0},{"not_picked":["hermit:EternalForm","hermit:Feint","hermit:WideOpen"],"picked":"SKIP","floor":14.0},{"not_picked":["hermit:Gambit","hermit:Magnum"],"picked":"hermit:Roughhouse","floor":16.0},{"not_picked":["hermit:Feint","hermit:HighCaliber"],"picked":"hermit:TakeCover+1","floor":18.0},{"not_picked":["hermit:BodyArmor","hermit:Combo","hermit:Cheat"],"picked":"SKIP","floor":21.0},{"not_picked":["hermit:PistolWhip","hermit:Quickdraw","hermit:TakeCover"],"picked":"SKIP","floor":24.0},{"not_picked":["hermit:LowProfile","hermit:TakeAim","hermit:Quickdraw"],"picked":"SKIP","floor":29.0},{"not_picked":["hermit:LowProfile","hermit:Showdown","hermit:Dive"],"picked":"SKIP","floor":31.0},{"not_picked":["hermit:Snipe"],"picked":"SKIP","floor":35.0},{"not_picked":[],"picked":"hermit:CalledShot+1","floor":38},{"not_picked":["hermit:Deadeye"],"picked":"SKIP","floor":39},{"not_picked":["hermit:TrackingShot"],"picked":"SKIP","floor":42},{"not_picked":["hermit:Headshot+1"],"picked":"SKIP","floor":46}],"player_experience":128519,"relics_obtained":[{"floor":7.0,"key":"hermit:Horseshoe"},{"floor":9.0,"key":"hermit:Spyglass"},{"floor":10.0,"key":"Gremlin Horn"},{"floor":13.0,"key":"Omamori"},{"floor":26.0,"key":"StrikeDummy"},{"floor":29.0,"key":"Darkstone Periapt"},{"floor":43,"key":"Centennial Puzzle"}],"event_choices":[{"damage_healed":0.0,"max_hp_gain":0.0,"max_hp_loss":0.0,"gold_gain":0.0,"event_name":"Purifier","player_choice":"Ignored","floor":2.0,"gold_loss":0.0,"damage_taken":0.0},{"damage_healed":0.0,"max_hp_gain":0.0,"max_hp_loss":0.0,"gold_gain":0.0,"event_name":"WeMeetAgain","player_choice":"Gave Potion","floor":5.0,"gold_loss":0.0,"damage_taken":0.0,"relics_obtained":["Calipers"]},{"damage_healed":0.0,"max_hp_gain":0.0,"max_hp_loss":0.0,"gold_gain":30.0,"event_name":"Dead Adventurer","player_choice":"Searched \u00272\u0027 times","floor":13.0,"gold_loss":0.0,"damage_taken":0.0},{"damage_healed":0.0,"max_hp_gain":5.0,"max_hp_loss":0.0,"gold_gain":0.0,"event_name":"Forgotten Altar","player_choice":"Shed Blood","floor":19.0,"gold_loss":0.0,"damage_taken":19.0},{"damage_healed":0.0,"max_hp_gain":0.0,"max_hp_loss":0.0,"gold_gain":0.0,"event_name":"Upgrade Shrine","player_choice":"Upgraded","floor":20.0,"gold_loss":0.0,"damage_taken":0.0,"cards_upgraded":["hermit:Shortfuse"]},{"damage_healed":0.0,"max_hp_gain":0.0,"max_hp_loss":0.0,"gold_gain":0.0,"event_name":"The Woman in Blue","player_choice":"Bought 0 Potions","floor":22.0,"gold_loss":0.0,"damage_taken":0.0},{"damage_healed":0,"gold_gain":0,"player_choice":"Ignored","damage_taken":0,"max_hp_gain":0,"max_hp_loss":0,"event_name":"Mysterious Sphere","floor":36,"gold_loss":0},{"damage_healed":0,"gold_gain":0,"player_choice":"Ignored","damage_taken":0,"max_hp_gain":0,"max_hp_loss":0,"event_name":"Tomb of Lord Red Mask","floor":37,"gold_loss":0},{"damage_healed":55,"gold_gain":0,"player_choice":"Heal","damage_taken":0,"max_hp_gain":0,"max_hp_loss":0,"event_name":"MindBloom","floor":48,"gold_loss":0,"cards_obtained":["Doubt"]}],"is_beta":false,"boss_relics":[{"not_picked":["Philosopher\u0027s Stone","Runic Pyramid"],"picked":"hermit:BartenderGlass"},{"not_picked":["Sozu","Velvet Choker"],"picked":"Busted Crown"}],"items_purged_floors":[],"is_endless":false,"potions_floor_spawned":[1,7,13,14,18,29,31,42],"killed_by":"Shield and Spear","ascension_level":1}}