{"host":"baymyijz6sxaqj5s","time":1609058722,"event":{"mods":["AchievementEnabler","BaseMod","Colored Map","Colored Powertips","DeckTracker","KOR Keyword Fix","Keyboard Shortcuts","Minty Spire (QoL Compilation)","Quick Restart","StSLib","SuperFastMode"],"gold_per_floor":[114,114,189,199,199,199,212,230,230,250,264,284,304,284,284,389,389,358,109,127,127,127],"floor_reached":21,"playtime":499,"items_purged":[],"score":193,"play_id":"7aee726e-0a26-4bfc-b1f9-ddf308648558","local_time":"20201227174522","is_ascension_mode":true,"campfire_choices":[{"data":"Whirlwind","floor":6,"key":"SMITH"},{"data":"Heavy Blade","floor":15,"key":"SMITH"}],"circlet_count":0,"master_deck":["Strike_R","Strike_R","Strike_R","Strike_R","Strike_R","Defend_R","Defend_R","Defend_R","Defend_R","Bash","Whirlwind+1","Sword Boomerang","Flash of Steel","Heavy Blade+1","Impervious","Body Slam","Spot Weakness","Offering","Battle Trance","Power Through"],"relics":["Burning Blood","Letter Opener","Boot","SlaversCollar","Molten Egg 2"],"acts_visited":["Exordium","TheCity"],"potions_floor_usage":[12,13,16,16,21,21],"damage_taken":[{"damage":3,"enemies":"Jaw Worm","floor":1,"turns":5},{"damage":4,"enemies":"Small Slimes","floor":4,"turns":4},{"damage":1,"enemies":"Cultist","floor":7,"turns":3},{"damage":0,"enemies":"2 Fungi Beasts","floor":8,"turns":2},{"damage":0,"enemies":"Gremlin Gang","floor":10,"turns":1},{"damage":7,"enemies":"Looter","floor":11,"turns":3},{"damage":4,"enemies":"Large Slime","floor":12,"turns":5},{"damage":12,"enemies":"Blue Slaver","floor":13,"turns":3},{"damage":48,"enemies":"The Guardian","floor":16,"turns":9},{"damage":35,"enemies":"2 Thieves","floor":18,"turns":5},{"damage":56,"enemies":"Chosen","floor":20,"turns":7},{"damage":10,"enemies":"Snecko","floor":21,"turns":3}],"seed_played":"4586839836535953663","potions_obtained":[{"floor":7,"key":"AttackPotion"},{"floor":10,"key":"Weak Potion"},{"floor":11,"key":"HeartOfIron"},{"floor":12,"key":"FearPotion"},{"floor":14,"key":"SteroidPotion"},{"floor":18,"key":"Ancient Potion"}],"is_trial":false,"path_per_floor":["M","?","?","M","?","R","M","M","T","M","M","M","M","?","R","B",null,"M","$","M","M"],"character_chosen":"IRONCLAD","items_purchased":["Molten Egg 2"],"campfire_rested":0,"item_purchase_floors":[19],"current_hp_per_floor":[88,81,70,72,72,72,77,83,83,88,87,88,82,82,82,40,88,59,59,9,0,0],"gold":127,"neow_bonus":"TEN_PERCENT_HP_BONUS","is_daily":false,"chose_seed":false,"campfire_upgraded":2,"win_rate":0.0,"timestamp":1609058722,"path_taken":["M","?","?","M","?","R","M","?","T","M","M","M","M","?","R","BOSS","M","$","M","M"],"items_purchased_type":["Relic"],"build_version":"2020-12-22","purchased_purges":0,"victory":false,"max_hp_per_floor":[88,88,88,88,88,88,88,88,88,88,88,88,88,88,88,88,88,88,88,88,88,88],"card_choices":[{"not_picked":["Havoc","Wild Strike"],"picked":"Whirlwind","floor":1},{"not_picked":["Pommel Strike","Flex","Anger"],"picked":"SKIP","floor":4},{"not_picked":["Perfected Strike","Twin Strike","Flex"],"picked":"SKIP","floor":7},{"not_picked":["Ghostly Armor","Shrug It Off"],"picked":"Heavy Blade","floor":8},{"not_picked":["Rupture","Headbutt","Bloodletting"],"picked":"SKIP","floor":10},{"not_picked":["Bloodletting","Heavy Blade"],"picked":"Impervious","floor":11},{"not_picked":["Anger","Clothesline"],"picked":"Body Slam","floor":12},{"not_picked":["Feel No Pain","Rage"],"picked":"Spot Weakness","floor":13},{"not_picked":["Corruption","Immolate"],"picked":"Offering","floor":16},{"not_picked":["Flex","Dual Wield+1"],"picked":"Battle Trance","floor":18},{"not_picked":["Flex","Uppercut+1"],"picked":"Power Through","floor":20}],"player_experience":256165,"relics_obtained":[{"floor":9,"key":"Boot"}],"event_choices":[{"damage_healed":0,"gold_gain":0,"player_choice":"Success","damage_taken":7,"relics_obtained":["Letter Opener"],"max_hp_gain":0,"max_hp_loss":0,"event_name":"Scrap Ooze","floor":2,"gold_loss":0},{"damage_healed":0,"gold_gain":75,"player_choice":"Gather Gold","damage_taken":11,"max_hp_gain":0,"max_hp_loss":0,"event_name":"World of Goop","floor":3,"gold_loss":0},{"damage_healed":0,"gold_gain":0,"player_choice":"2 cards matched","damage_taken":0,"max_hp_gain":0,"max_hp_loss":0,"event_name":"Match and Keep!","floor":5,"gold_loss":0,"cards_obtained":["Sword Boomerang","Flash of Steel"]},{"damage_healed":0,"gold_gain":0,"player_choice":"Bought 1 Potion","damage_taken":0,"max_hp_gain":0,"max_hp_loss":0,"event_name":"The Woman in Blue","floor":14,"gold_loss":0}],"is_beta":false,"boss_relics":[{"not_picked":["Velvet Choker","Astrolabe"],"picked":"SlaversCollar"}],"items_purged_floors":[],"is_endless":false,"potions_floor_spawned":[7,10,11,12,18],"killed_by":"Snecko","ascension_level":2}}