{"host":"pr6x8hyknev46vut","time":1609091280,"event":{"mods":["Aspiration","BaseMod","CCEM","Colored Map","Downfall","Googly Eyes","Hermit","Highlight Path","Minty Spire (QoL Compilation)","Permanent Neow","Replay The Spire","Shop Mod","StSLib","The Bug Knight","The Construct","The Cursed","The Disciple","The Necromancer","The Runesmith","The Servant 0.9.4"],"gold_per_floor":[111,111,111,111,126,126,143,156,156,182,197,31,47,82,82,183,183,193,27,27,45,62,62,28,59,83,3,3,13,30,43,43,145,145,159,11,11,25,39,66,66,93,93,93,113,128,50,83,83,83],"floor_reached":51,"playtime":3307,"items_purged":["Regret"],"score":1139,"play_id":"73478857-b560-4562-8cee-cb19e5674374","local_time":"20201227184800","is_ascension_mode":false,"campfire_choices":[{"data":"Survivor","floor":6,"key":"SMITH"},{"data":"Noxious Fumes","floor":23,"key":"SMITH"},{"data":"Noxious Fumes","floor":28,"key":"SMITH"},{"data":"Quick Slash","floor":32,"key":"SMITH"},{"floor":41,"key":"REST"},{"data":"Atom Bomb","floor":44,"key":"SMITH"},{"floor":49,"key":"REST"}],"circlet_count":0,"master_deck":["Strike_G","Strike_G","Strike_G","Strike_G","Strike_G","Defend_G","Defend_G","Defend_G","Defend_G","Defend_G","Survivor+1","Neutralize","Dagger Spray","Injury","Crippling Poison+1","Blade Dance+1","Noxious Fumes+1","After Image","PiercingWail+1","Blade Dance+1","Predator","LockedMedicine","Dash+1","Poison Darts+1","Backflip+1","Quick Slash+1","Looming Evil","Apotheosis+1","Noxious Fumes+1","Trip+1","Replay:Poison Smokescreen+1","Blur+1","Bandage Up+1","Deadly Poison+1","Fluid Movement","Deadly Poison+1","Deflect+1","Terror+1","ReplayTheSpireMod:Necrosis+1","Deadly Poison+1","aspiration:Lunge","Neutralize","Hidden Blade+1","Atom Bomb+1","Poisoned Stab","Flechettes+1","Flying Knee+1","Dodge and Roll+1","Phantasmal Killer+1","ReplayTheSpireMod:Splinters","Dagger Spray+1"],"relics":["Ring of the Snake","aspiration:Nostalgia","m_MercuryCore","Bronze Scales","ReplayFunnel","Toxic Egg 2","Centennial Puzzle","Pet Ghost","Replay:Rubber Ducky","construct:ClawGrip","CCEMRelics:FestiveHat","Ring of Panic","Ring of Fury","ReplayTheSpireMod:TigerMarble","Potion Belt","WristBlade","Happy Flower","Regal Pillow","ReplayTheSpireMod:Lightbulb","construct:FoamFinger","Unceasing Top"],"acts_visited":["Exordium","TheCity","TheBeyond"],"potions_floor_usage":[10,11,39,39,42,42,50],"damage_taken":[{"damage":0,"enemies":"2 Louse","floor":1,"turns":2},{"damage":3,"enemies":"Jaw Worm","floor":5,"turns":4},{"damage":7,"enemies":"Small Slimes","floor":7,"turns":3},{"damage":5,"enemies":"Exordium Wildlife","floor":8,"turns":3},{"damage":14,"enemies":"Lagavulin","floor":10,"turns":6},{"damage":8,"enemies":"Gremlin Gang","floor":11,"turns":2},{"damage":0,"enemies":"Blue Slaver","floor":13,"turns":3},{"damage":16,"enemies":"3 Sentries","floor":14,"turns":6},{"damage":7,"enemies":"Slime Boss","floor":16,"turns":8},{"damage":2,"enemies":"2 Thieves","floor":18,"turns":4},{"damage":0,"enemies":"Shell Parasite","floor":21,"turns":3},{"damage":0,"enemies":"3 Cultists","floor":22,"turns":3},{"damage":0,"enemies":"HollowMod:Nosk","floor":25,"turns":5},{"damage":22,"enemies":"Snecko","floor":29,"turns":5},{"damage":0,"enemies":"Shelled Parasite and Fungi","floor":30,"turns":4},{"damage":0,"enemies":"Cultist and Chosen","floor":31,"turns":4},{"damage":12,"enemies":"Pondfish","floor":33,"turns":10},{"damage":13,"enemies":"3 Shapes","floor":35,"turns":3},{"damage":4,"enemies":"Orb Walker","floor":38,"turns":2},{"damage":0,"enemies":"Maw","floor":39,"turns":6},{"damage":14,"enemies":"Reptomancer","floor":40,"turns":3},{"damage":9,"enemies":"Giant Head","floor":42,"turns":6},{"damage":7,"enemies":"Transient","floor":45,"turns":5},{"damage":16,"enemies":"4 Shapes","floor":46,"turns":2},{"damage":69,"enemies":"Awakened One","floor":50,"turns":9}],"seed_played":"-5641046790218038840","potions_obtained":[{"floor":5,"key":"SteroidPotion"},{"floor":7,"key":"Energy Potion"},{"floor":8,"key":"Explosive Potion"},{"floor":10,"key":"Elixir"},{"floor":21,"key":"EntropicBrew"},{"floor":40,"key":"Energy Potion"},{"floor":42,"key":"Fruit Juice"},{"floor":46,"key":"sneckomod:MuddlingPotion"}],"is_trial":false,"path_per_floor":["M","?","?","?","M","R","M","M","T","E","M","$","M","E","R_BF","B",null,"M","$","?","M","M","R","$","E","T","$","R","M","M","M","R","B",null,"M","$","?","M","M","E","R","E","T","R","M","M","$","?","R","B",null],"character_chosen":"THE_SILENT","items_purchased":["Blade Dance+1","Predator","CCEMRelics:FestiveHat","Quick Slash","Blur+1","Fluid Movement","Happy Flower","Phantasmal Killer+1"],"campfire_rested":2,"item_purchase_floors":[12,12,19,19,24,27,36,47],"current_hp_per_floor":[70,70,63,63,60,60,53,48,48,34,26,26,26,10,31,24,70,68,68,68,68,68,68,68,68,68,68,68,52,58,64,64,58,70,57,57,57,53,59,45,70,66,66,66,65,55,55,55,75,12],"gold":83,"neow_bonus":"NOSTALGIA","is_daily":false,"chose_seed":false,"campfire_upgraded":5,"win_rate":0.0,"timestamp":1609091280,"path_taken":["M","?","?","?","M","R","M","?","T","E","M","$","?","E","R_BF","BOSS","M","$","?","M","M","R","$","E","T","$","R","M","M","M","R","BOSS","M","$","?","?","M","E","R","E","T","R","M","M","?","?","R","BOSS"],"items_purchased_type":["Card","Card","Relic","Card","Card","Card","Relic","Card"],"build_version":"2020-12-22","purchased_purges":1,"victory":true,"max_hp_per_floor":[70,70,70,70,70,70,70,70,70,70,70,70,70,70,70,70,70,70,70,70,70,70,70,70,70,70,70,70,70,70,70,70,70,70,70,70,70,70,70,70,70,75,75,75,75,75,75,75,75,75],"card_choices":[{"not_picked":["Heatsinks","Riddle With Holes"],"picked":"Dagger Spray","floor":1},{"not_picked":["Self Repair","Fluid Movement"],"picked":"Crippling Poison+1","floor":5},{"not_picked":["Prepared+1","PiercingWail+1"],"picked":"Blade Dance+1","floor":7},{"not_picked":["Sucker Punch","Escape Plan+1"],"picked":"Noxious Fumes","floor":8},{"not_picked":["LockedScales","All Out Attack"],"picked":"After Image","floor":10},{"not_picked":["Slice","FTL"],"picked":"PiercingWail+1","floor":11},{"not_picked":["Sneak Up+1","Caltrops"],"picked":"LockedMedicine","floor":13},{"not_picked":["Dagger Throw","All Out Attack"],"picked":"Dash","floor":14},{"not_picked":["Creative AI","LockedLightning"],"picked":"Poison Darts+1","floor":16},{"not_picked":["Hidden Blade+1","Underhanded Strike+1"],"picked":"Backflip+1","floor":18},{"not_picked":["expansioncontent:DefensiveMode+1","expansioncontent:DonusPower+1"],"picked":"Apotheosis+1","floor":21},{"not_picked":["Quick Slash","Flying Knee"],"picked":"Noxious Fumes","floor":21},{"not_picked":["Madness+1","expansioncontent:Chronoboost+1"],"picked":"Trip+1","floor":22},{"not_picked":["All Out Attack","Deadly Poison+1"],"picked":"Replay:Poison Smokescreen+1","floor":22},{"not_picked":["Sadistic Nature+1","Chrysalis+1"],"picked":"Bandage Up+1","floor":25},{"not_picked":["Reflex+1","Phantasmal Killer+1"],"picked":"Deadly Poison+1","floor":25},{"not_picked":["Bouncing Flask+1","ReplayTheSpireMod:Shiv Toss+1"],"picked":"Deadly Poison+1","floor":29},{"not_picked":["Sucker Punch","Acrobatics+1"],"picked":"Deflect+1","floor":30},{"not_picked":["Poisoned Stab+1","Dagger Spray+1"],"picked":"Terror+1","floor":31},{"not_picked":["Doppelganger+1","Malaise+1"],"picked":"ReplayTheSpireMod:Necrosis+1","floor":33},{"not_picked":["Poisoned Stab","Prepared+1"],"picked":"Deadly Poison+1","floor":35},{"not_picked":["Distraction+1","Dagger Spray"],"picked":"Hidden Blade+1","floor":38},{"not_picked":["Skewer+1","Backflip+1"],"picked":"Atom Bomb","floor":39},{"not_picked":["Crippling Poison+1","Dagger Spray"],"picked":"Poisoned Stab","floor":40},{"not_picked":["Prepared+1","Predator"],"picked":"Flechettes+1","floor":42},{"not_picked":["Hidden Blade+1","Deflect+1"],"picked":"Flying Knee+1","floor":45},{"not_picked":["Expertise+1","Dagger Throw+1"],"picked":"Dodge and Roll+1","floor":46},{"not_picked":["Dagger Throw","Expertise+1"],"picked":"Dagger Spray+1","floor":48}],"player_experience":29951,"relics_obtained":[{"floor":9,"key":"Centennial Puzzle"},{"floor":10,"key":"Pet Ghost"},{"floor":14,"key":"Replay:Rubber Ducky"},{"floor":20,"key":"Ring of Panic"},{"floor":20,"key":"Ring of Fury"},{"floor":25,"key":"ReplayTheSpireMod:TigerMarble"},{"floor":26,"key":"Potion Belt"},{"floor":40,"key":"Regal Pillow"},{"floor":42,"key":"ReplayTheSpireMod:Lightbulb"},{"floor":43,"key":"construct:FoamFinger"},{"floor":48,"key":"Unceasing Top"}],"event_choices":[{"damage_healed":0,"gold_gain":0,"player_choice":"Box","damage_taken":0,"relics_obtained":["Bronze Scales"],"max_hp_gain":0,"max_hp_loss":0,"event_name":"Big Fish","floor":2,"gold_loss":0,"cards_obtained":["Regret"]},{"damage_healed":0,"gold_gain":0,"player_choice":"Success","damage_taken":7,"relics_obtained":["ReplayFunnel"],"max_hp_gain":0,"max_hp_loss":0,"event_name":"Scrap Ooze","floor":3,"gold_loss":0},{"damage_healed":0,"gold_gain":0,"player_choice":"2 cards matched","damage_taken":0,"max_hp_gain":0,"max_hp_loss":0,"event_name":"Match and Keep!","floor":37,"gold_loss":0,"cards_obtained":["aspiration:Lunge","Neutralize"]}],"is_beta":false,"boss_relics":[{"not_picked":["Cursed Key","Tiny House"],"picked":"construct:ClawGrip"},{"not_picked":["Black Star","HoveringKite"],"picked":"WristBlade"}],"items_purged_floors":[12],"is_endless":false,"potions_floor_spawned":[5,7,8,10,21,22,25,40,42,46],"ascension_level":0}}