{"host":"mjmsgaxkb56jw5c5","time":1609097784,"event":{"mods":["Aspiration","BaseMod","Colored Powertips","Conspire","Downfall","Hubris","Minty Spire (QoL Compilation)","Replay The Spire","StSLib","The Jungle"],"gold_per_floor":[118,118,133,133,133,171,190,221,248,160,175,213,229,248,248,374,374,387,406,185,206,219,253,118,156,183,183,226,244,169,268,268,397,397,417,436,125,125,141,141,159,87,87,57,57,57,57,82,82,82],"floor_reached":51,"playtime":2035,"items_purged":["conspire:Rain","Strike_B","Strike_B"],"score":1092,"play_id":"4d5ca2ae-d9c2-4192-8d0b-720835b3bbc5","local_time":"20201227203624","is_ascension_mode":true,"campfire_choices":[{"floor":15,"key":"REST"},{"floor":27,"key":"REST"},{"floor":32,"key":"REST"},{"data":"Gash","floor":40,"key":"SMITH"},{"floor":46,"key":"REST"},{"data":"Secret Weapon","floor":49,"key":"SMITH"}],"circlet_count":0,"master_deck":["Strike_B","Defend_B","Defend_B","Defend_B","Defend_B","Zap","Dualcast","Gash+1","Streamline+1","Sweeping Beam+1","Beam Cell+1","FTL+1","Beam Cell+1","Machine Learning","Go for the Eyes+1","Machine Learning","White Noise+1","FTL+1","Self Repair","Capacitor","Go for the Eyes+1","Genetic Algorithm","Rebound+1","Gash+1","All For One+1","CurseOfTheBell","Beam Cell+1","Gash+1","Secret Weapon+1","Parasite","ReplayGash+1","ReplayGash+1","Gash+1","Gash+1","Gash+1"],"relics":["FrozenCore","NeowsBlessing","Molten Egg 2","Golden Idol","Boot","Garlic","aspiration:Lifesprig","hubris:MysteriousPyramids","conspire:TopHat","Anchor","hubris:SlimyHat","Singing Bowl","Calling Bell","Blue Doll","Chameleon Ring","hubris:FunFungus","Quantum Egg"],"acts_visited":["Exordium","TheCity","TheBeyond"],"potions_floor_usage":[12,13,13,14,14,16,16,22,23,23,28,29,33,48,50],"damage_taken":[{"damage":0,"enemies":"Cultist","floor":1,"turns":1},{"damage":0,"enemies":"Small Slimes","floor":3,"turns":1},{"damage":0,"enemies":"Gremlin Nob","floor":6,"turns":1},{"damage":8,"enemies":"2 Louse","floor":7,"turns":2},{"damage":31,"enemies":"Lagavulin","floor":8,"turns":6},{"damage":1,"enemies":"Looter","floor":11,"turns":2},{"damage":16,"enemies":"3 Sentries","floor":12,"turns":5},{"damage":0,"enemies":"2 Fungi Beasts","floor":13,"turns":1},{"damage":8,"enemies":"Gremlin Gang","floor":14,"turns":3},{"damage":6,"enemies":"Fading Forest","floor":16,"turns":11},{"damage":15,"enemies":"2 Thieves","floor":18,"turns":3},{"damage":0,"enemies":"3 Byrds","floor":19,"turns":4},{"damage":12,"enemies":"3 Cultists","floor":21,"turns":5},{"damage":7,"enemies":"Centurion and Healer","floor":22,"turns":4},{"damage":1,"enemies":"Gremlin Leader","floor":23,"turns":6},{"damage":38,"enemies":"Slavers","floor":25,"turns":4},{"damage":9,"enemies":"Gremlin Leader","floor":28,"turns":6},{"damage":8,"enemies":"conspire:HollyBat","floor":29,"turns":7},{"damage":29,"enemies":"Pondfish","floor":33,"turns":8},{"damage":12,"enemies":"Orb Walker","floor":35,"turns":5},{"damage":0,"enemies":"3 Shapes","floor":36,"turns":3},{"damage":0,"enemies":"Writhing Mass","floor":39,"turns":6},{"damage":22,"enemies":"3 Darklings","floor":41,"turns":5},{"damage":3,"enemies":"Transient","floor":48,"turns":5},{"damage":56,"enemies":"Time Eater","floor":50,"turns":9}],"seed_played":"3642431281557893614","potions_obtained":[{"floor":6,"key":"Fire Potion"},{"floor":7,"key":"Strength Potion"},{"floor":11,"key":"Strength Potion"},{"floor":13,"key":"EntropicBrew"},{"floor":14,"key":"Swift Potion"},{"floor":19,"key":"Energy Potion"},{"floor":21,"key":"DistilledChaos"},{"floor":22,"key":"Block Potion"},{"floor":28,"key":"hexamod:EctoCoolerPotion"},{"floor":29,"key":"hexamod:EctoCoolerPotion"},{"floor":35,"key":"SpeedPotion"},{"floor":48,"key":"GamblersBrew"}],"is_trial":false,"path_per_floor":["M","?","M","?","?","E","M","E","T","$","M","E","M","M","R","B",null,"M","M","$","M","M","E","$","E","T","R","E","M","?","?","R","B",null,"M","M","$","?","M","R","M","$","T","$","?","R","?","M","R","B",null],"character_chosen":"DEFECT","items_purchased":["FTL+1","Beam Cell+1","FTL+1","Self Repair","Loop","Secret Weapon","ReplayGash+1","Gash+1"],"campfire_rested":4,"item_purchase_floors":[10,10,20,20,24,37,42,44],"current_hp_per_floor":[75,75,75,69,69,69,61,30,30,30,29,13,13,5,25,29,69,54,54,54,49,49,55,55,24,24,44,44,43,43,43,64,42,71,67,71,71,71,73,73,54,54,54,54,54,69,69,69,69,28],"gold":82,"neow_bonus":"THREE_ENEMY_KILL","is_daily":false,"chose_seed":false,"campfire_upgraded":2,"win_rate":0.0,"timestamp":1609097784,"path_taken":["M","?","M","?","?","E","?","E","T","$","M","E","?","M","R","BOSS","M","M","$","M","M","E","$","E","T","R","E","?","?","?","R","BOSS","M","M","$","?","M","R","M","$","T","$","?","R","?","M","R","BOSS"],"items_purchased_type":["Card","Card","Card","Card","Card","Card","Card","Card"],"build_version":"2020-12-22","purchased_purges":3,"victory":true,"max_hp_per_floor":[75,75,75,69,69,69,69,69,69,69,69,69,69,69,69,69,69,69,69,69,69,69,69,69,69,69,69,71,71,71,71,71,71,71,71,71,71,71,73,73,73,73,73,73,69,69,69,69,69,69],"card_choices":[{"not_picked":["Stack","Compile Driver"],"picked":"Gash","floor":1},{"not_picked":["Redo","Sweeping Beam+1"],"picked":"Streamline+1","floor":3},{"not_picked":["conspire:SharedLibrary","Compile Driver+1","ReplayTheSpireMod:System Scan"],"picked":"SKIP","floor":6},{"not_picked":["Barrage+1","Panic Button"],"picked":"Sweeping Beam+1","floor":7},{"not_picked":["Ball Lightning+1","BasicCrystalCard"],"picked":"Beam Cell+1","floor":8},{"not_picked":["Conserve Battery","Reinforced Body"],"picked":"Machine Learning","floor":11},{"not_picked":["Leap","Darkness"],"picked":"Go for the Eyes+1","floor":12},{"not_picked":["Blizzard+1","Recycle"],"picked":"conspire:Rain","floor":13},{"not_picked":["Coolheaded","ReplayTheSpireMod:Calculation Training","Turbo"],"picked":"SKIP","floor":14},{"not_picked":["Buffer","Electrodynamics"],"picked":"Machine Learning","floor":16},{"not_picked":["BasicCrystalCard+1","Doom and Gloom+1","Sweeping Beam+1"],"picked":"SKIP","floor":18},{"not_picked":["Hello World+1","Barrage+1"],"picked":"White Noise+1","floor":19},{"not_picked":["Conserve Battery","Steam"],"picked":"Capacitor","floor":21},{"not_picked":["Crystallizer","Doom and Gloom+1"],"picked":"Go for the Eyes+1","floor":22},{"not_picked":["Stack+1","Hyperbeam+1"],"picked":"Genetic Algorithm","floor":23},{"not_picked":["ReplayTheSpireMod:Reroute Power","Glacier"],"picked":"Rebound+1","floor":25},{"not_picked":["Coolheaded","ReplayTheSpireMod:Calculation Training","Reinforced Body+1"],"picked":"Singing Bowl","floor":28},{"not_picked":["BasicCrystalCard","Sweeping Beam+1"],"picked":"Gash+1","floor":29},{"not_picked":["Rainbow","hubris:DoWhile"],"picked":"All For One+1","floor":33},{"not_picked":["Hologram","Time Bomb"],"picked":"Beam Cell+1","floor":35},{"not_picked":["Leap+1","Coolheaded"],"picked":"Gash+1","floor":36},{"not_picked":["ReplayTheSpireMod:Calculation Training+1","Ball Lightning+1","Darkness"],"picked":"Singing Bowl","floor":39},{"not_picked":["Coolheaded+1","Static Discharge"],"picked":"ReplayGash+1","floor":41},{"not_picked":["Capacitor+1","Reprogram"],"picked":"Gash+1","floor":48}],"player_experience":218521,"relics_obtained":[{"floor":6,"key":"Boot"},{"floor":8,"key":"Garlic"},{"floor":9,"key":"aspiration:Lifesprig"},{"floor":12,"key":"hubris:MysteriousPyramids"},{"floor":23,"key":"conspire:TopHat"},{"floor":25,"key":"Anchor"},{"floor":26,"key":"hubris:SlimyHat"},{"floor":28,"key":"Singing Bowl"},{"floor":34,"key":"Blue Doll"},{"floor":34,"key":"Chameleon Ring"},{"floor":34,"key":"hubris:FunFungus"},{"floor":43,"key":"Quantum Egg"}],"event_choices":[{"damage_healed":0,"gold_gain":0,"player_choice":"Lose Max HP","damage_taken":0,"relics_obtained":["Golden Idol"],"max_hp_gain":0,"max_hp_loss":6,"event_name":"Golden Idol","floor":4,"gold_loss":0},{"cards_removed":["Injury"],"damage_healed":0,"gold_gain":0,"player_choice":"Purged","damage_taken":0,"max_hp_gain":0,"max_hp_loss":0,"event_name":"Purifier","floor":5,"gold_loss":0},{"cards_removed":["Strike_B"],"damage_healed":0,"gold_gain":0,"player_choice":"Gave Gold","damage_taken":0,"max_hp_gain":0,"max_hp_loss":0,"event_name":"Beggar","floor":30,"gold_loss":75},{"damage_healed":0,"gold_gain":99,"player_choice":"Stole From Cult","damage_taken":0,"max_hp_gain":0,"max_hp_loss":0,"event_name":"Nest","floor":31,"gold_loss":0},{"damage_healed":0,"gold_gain":0,"player_choice":"Leave","damage_taken":0,"max_hp_gain":0,"max_hp_loss":0,"event_name":"conspire:Investor","floor":38,"gold_loss":0},{"damage_healed":0,"gold_gain":0,"player_choice":"Max HP","damage_taken":0,"max_hp_gain":0,"max_hp_loss":4,"event_name":"Winding Halls","floor":45,"gold_loss":0},{"cards_removed":["Loop"],"damage_healed":0,"gold_gain":0,"player_choice":"Removed Power","damage_taken":0,"max_hp_gain":0,"max_hp_loss":0,"event_name":"Falling","floor":47,"gold_loss":0}],"is_beta":false,"boss_relics":[{"not_picked":["Runic Dome","hubris:HollowSoul"],"picked":"FrozenCore"},{"not_picked":["Black Star","SlaversCollar"],"picked":"Calling Bell"}],"items_purged_floors":[20,24,37],"is_endless":false,"potions_floor_spawned":[6,7,11,13,14,19,21,22,28,29,35,48],"ascension_level":2}}