{"host":"tx5rs9w5gu6e5gf0","time":1609098499,"event":{"mods":["BaseMod","Colored Map","Minty Spire (QoL Compilation)","Relic Stats","StSLib"],"gold_per_floor":[111,14,14,26,36,61,71,83,83,116,129,147,147,163,163,265,265,281,281,298,317,327,361,286,320,347,367,367,382,410,422,422,525,525,544,594,594,605,624,624,656,41,41,75,175,193,223,241,241,241,241,241,12,42,42],"floor_reached":56,"playtime":2401,"items_purged":["Strike_B","Defend_B","Writhe"],"score":1320,"play_id":"1953a2cf-ee4b-467d-b4ee-d65c3189856c","local_time":"20201227204819","is_ascension_mode":false,"campfire_choices":[{"floor":13,"key":"REST"},{"data":"Defragment","floor":15,"key":"SMITH"},{"data":"Buffer","floor":28,"key":"SMITH"},{"data":"Hologram","floor":32,"key":"SMITH"},{"data":"Biased Cognition","floor":40,"key":"SMITH"},{"floor":49,"key":"RECALL"},{"data":"Static Discharge","floor":52,"key":"SMITH"}],"circlet_count":0,"master_deck":["Defend_B","Defend_B","Defend_B","Zap","Dualcast","Sweeping Beam","Cold Snap","Leap","Darkness","Tempest","Defragment+1","Coolheaded","Melter","Lockon+1","Sunder+1","Electrodynamics","Biased Cognition+1","Loop","Self Repair","Buffer+1","Hologram+1","White Noise+1","Echo Form","Chill","Storm","Static Discharge+1","Bandage Up","Conserve Battery+1","Tempest","Defragment+1","Stack+1"],"relics":["Cracked Core","Unceasing Top","Gremlin Horn","Eternal Feather","Busted Crown","InkBottle","Happy Flower","Smiling Mask","Bronze Scales","Red Mask","Black Star","Bird Faced Urn","Peace Pipe","Ornamental Fan","Whetstone","Frozen Egg 2","Darkstone Periapt","CaptainsWheel","Boot","Bag of Marbles","Membership Card","Mummified Hand","Du-Vu Doll"],"acts_visited":["Exordium","TheCity","TheBeyond","TheEnding"],"potions_floor_usage":[6,8,10,23,25,33,33,39,46,50,55,55,55],"damage_taken":[{"damage":3,"enemies":"Jaw Worm","floor":1,"turns":3},{"damage":0,"enemies":"Cultist","floor":4,"turns":4},{"damage":0,"enemies":"2 Louse","floor":5,"turns":4},{"damage":49,"enemies":"Gremlin Nob","floor":6,"turns":5},{"damage":0,"enemies":"Looter","floor":7,"turns":3},{"damage":3,"enemies":"Lots of Slimes","floor":8,"turns":3},{"damage":4,"enemies":"Lagavulin","floor":10,"turns":7},{"damage":3,"enemies":"Blue Slaver","floor":11,"turns":4},{"damage":8,"enemies":"Red Slaver","floor":12,"turns":3},{"damage":2,"enemies":"Exordium Thugs","floor":14,"turns":4},{"damage":6,"enemies":"The Guardian","floor":16,"turns":10},{"damage":5,"enemies":"Chosen","floor":18,"turns":3},{"damage":0,"enemies":"Spheric Guardian","floor":20,"turns":2},{"damage":35,"enemies":"Centurion and Healer","floor":21,"turns":5},{"damage":22,"enemies":"Snake Plant","floor":22,"turns":4},{"damage":23,"enemies":"Gremlin Leader","floor":23,"turns":5},{"damage":39,"enemies":"Slavers","floor":25,"turns":4},{"damage":17,"enemies":"Cultist and Chosen","floor":27,"turns":5},{"damage":0,"enemies":"Sentry and Sphere","floor":29,"turns":3},{"damage":9,"enemies":"Masked Bandits","floor":30,"turns":3},{"damage":8,"enemies":"Snake Plant","floor":31,"turns":3},{"damage":13,"enemies":"Automaton","floor":33,"turns":9},{"damage":6,"enemies":"Orb Walker","floor":35,"turns":5},{"damage":2,"enemies":"Mind Bloom Boss Battle","floor":36,"turns":8},{"damage":13,"enemies":"3 Darklings","floor":38,"turns":4},{"damage":19,"enemies":"Writhing Mass","floor":39,"turns":4},{"damage":30,"enemies":"Reptomancer","floor":41,"turns":4},{"damage":2,"enemies":"Nemesis","floor":44,"turns":5},{"damage":24,"enemies":"Sphere and 2 Shapes","floor":46,"turns":3},{"damage":0,"enemies":"Giant Head","floor":47,"turns":8},{"damage":1,"enemies":"3 Darklings","floor":48,"turns":4},{"damage":49,"enemies":"Time Eater","floor":50,"turns":8},{"damage":53,"enemies":"Shield and Spear","floor":54,"turns":4},{"damage":77,"enemies":"The Heart","floor":55,"turns":8}],"seed_played":"3460184240357198230","potions_obtained":[{"floor":5,"key":"Swift Potion"},{"floor":6,"key":"SpeedPotion"},{"floor":8,"key":"SpeedPotion"},{"floor":12,"key":"SteroidPotion"},{"floor":14,"key":"FearPotion"},{"floor":20,"key":"LiquidBronze"},{"floor":22,"key":"ColorlessPotion"},{"floor":29,"key":"Explosive Potion"},{"floor":31,"key":"ColorlessPotion"},{"floor":38,"key":"ColorlessPotion"},{"floor":39,"key":"FearPotion"},{"floor":44,"key":"SkillPotion"},{"floor":46,"key":"Weak Potion"},{"floor":54,"key":"Weak Potion"}],"is_trial":false,"path_per_floor":["M","$","?","M","M","E","M","M","T","E","M","M","R","M","R","B",null,"M","?","M","M","M","E","?","E","T","M","R","M","?","M","R","B",null,"M","?","?","M","M","R","E","$","T","E","?","M","E","M","R","B",null,"R","$","E","B",null],"character_chosen":"DEFECT","items_purchased":["Cold Snap","Whetstone","Static Discharge","Frozen Egg 2","Bandage Up","Membership Card","Defragment+1"],"campfire_rested":1,"item_purchase_floors":[2,42,42,42,42,53,53],"current_hp_per_floor":[79,79,79,79,79,30,30,27,27,23,20,12,45,43,52,46,82,77,77,77,49,34,18,18,50,50,40,52,59,50,49,64,58,82,82,82,82,82,82,82,56,56,56,76,76,67,82,82,82,58,82,82,82,58,18],"gold":42,"neow_bonus":"TEN_PERCENT_HP_BONUS","is_daily":false,"chose_seed":false,"campfire_upgraded":5,"win_rate":0.0,"timestamp":1609098499,"path_taken":["M","$","?","M","?","E","M","M","T","E","M","M","R","M","R","BOSS","M","?","M","M","M","E","?","E","T","M","R","M","?","M","R","BOSS","M","?","?","?","M","R","E","$","T","E","?","M","E","M","R","BOSS","R","$","E","BOSS"],"items_purchased_type":["Card","Relic","Card","Relic","Card","Relic","Card"],"build_version":"2020-12-22","purchased_purges":3,"victory":true,"max_hp_per_floor":[82,82,82,82,82,82,82,82,82,82,82,82,82,82,82,82,82,82,82,82,82,82,82,82,82,82,82,82,82,82,82,82,82,82,82,82,82,82,82,82,82,82,82,82,82,82,82,82,82,82,82,82,82,82,82],"relic_stats":{"Darkstone Periapt":0,"Gremlin Horn":[26,26],"Happy Flower":[30],"counters":[34,160],"Eternal Feather":45,"Whetstone":["Sunder","Lockon"],"Smiling Mask":63,"Boot":[0],"Peace Pipe":0,"Busted Crown":42,"Ornamental Fan":[12],"Mummified Hand":[14],"Bronze Scales":[293],"Bird Faced Urn":[133],"Black Star":4,"obtain_stats":[{"Darkstone Periapt":44,"Gremlin Horn":9,"Happy Flower":23,"Eternal Feather":10,"Whetstone":42,"Frozen Egg 2":42,"Smiling Mask":25,"Boot":47,"Peace Pipe":41,"Du-Vu Doll":54,"CaptainsWheel":44,"Busted Crown":17,"Ornamental Fan":41,"Mummified Hand":54,"Bronze Scales":26,"Bird Faced Urn":36,"Red Mask":30,"Black Star":34,"Bag of Marbles":47,"Membership Card":53,"Cracked Core":0,"Unceasing Top":6,"InkBottle":19},{"Darkstone Periapt":28,"Gremlin Horn":6,"Happy Flower":16,"Eternal Feather":7,"Whetstone":27,"Frozen Egg 2":27,"Smiling Mask":17,"Boot":30,"Peace Pipe":27,"Du-Vu Doll":33,"CaptainsWheel":28,"Busted Crown":11,"Ornamental Fan":27,"Mummified Hand":33,"Bronze Scales":17,"Bird Faced Urn":24,"Red Mask":20,"Black Star":22,"Bag of Marbles":30,"Membership Card":32,"Cracked Core":0,"Unceasing Top":4,"InkBottle":12},{"Darkstone Periapt":125,"Gremlin Horn":22,"Happy Flower":69,"Eternal Feather":29,"Whetstone":120,"Frozen Egg 2":120,"Smiling Mask":73,"Boot":136,"Peace Pipe":120,"Du-Vu Doll":152,"CaptainsWheel":125,"Busted Crown":50,"Ornamental Fan":120,"Mummified Hand":152,"Bronze Scales":73,"Bird Faced Urn":108,"Red Mask":84,"Black Star":96,"Bag of Marbles":136,"Membership Card":148,"Cracked Core":0,"Unceasing Top":16,"InkBottle":53}],"Unceasing Top":[8],"InkBottle":[41]},"card_choices":[{"not_picked":["Heatsinks","Beam Cell"],"picked":"Sweeping Beam","floor":1},{"not_picked":["Barrage","Steam"],"picked":"Leap","floor":4},{"not_picked":["Compile Driver","Scrape"],"picked":"Darkness","floor":5},{"not_picked":["Redo","Leap"],"picked":"Tempest","floor":6},{"not_picked":["Sweeping Beam","Leap"],"picked":"Defragment","floor":7},{"not_picked":["Compile Driver","FTL"],"picked":"Coolheaded","floor":8},{"not_picked":["Ball Lightning","Barrage"],"picked":"Melter","floor":10},{"not_picked":["Stack","Cold Snap"],"picked":"Lockon","floor":11},{"not_picked":["Sweeping Beam","Conserve Battery"],"picked":"Sunder","floor":12},{"not_picked":["Rebound","Steam"],"picked":"Electrodynamics","floor":14},{"not_picked":["Rainbow","Meteor Strike"],"picked":"Biased Cognition","floor":16},{"not_picked":[],"picked":"Loop","floor":18},{"not_picked":[],"picked":"Self Repair","floor":20},{"not_picked":["Streamline"],"picked":"SKIP","floor":21},{"not_picked":["Barrage"],"picked":"SKIP","floor":22},{"not_picked":[],"picked":"Buffer","floor":23},{"not_picked":[],"picked":"Hologram","floor":25},{"not_picked":["Streamline"],"picked":"SKIP","floor":27},{"not_picked":["Beam Cell"],"picked":"SKIP","floor":29},{"not_picked":[],"picked":"White Noise+1","floor":31},{"not_picked":[],"picked":"Echo Form","floor":33},{"not_picked":["Reprogram+1"],"picked":"SKIP","floor":35},{"not_picked":[],"picked":"Chill","floor":36},{"not_picked":["Self Repair"],"picked":"SKIP","floor":38},{"not_picked":["Ball Lightning+1"],"picked":"SKIP","floor":39},{"not_picked":["Streamline"],"picked":"SKIP","floor":41},{"not_picked":["Aggregate"],"picked":"SKIP","floor":44},{"not_picked":[],"picked":"Conserve Battery+1","floor":46},{"not_picked":["Redo"],"picked":"SKIP","floor":47},{"not_picked":[],"picked":"Tempest","floor":48},{"not_picked":[],"picked":"Stack+1","floor":54}],"player_experience":21454,"relics_obtained":[{"floor":6,"key":"Unceasing Top"},{"floor":9,"key":"Gremlin Horn"},{"floor":10,"key":"Eternal Feather"},{"floor":23,"key":"Happy Flower"},{"floor":25,"key":"Smiling Mask"},{"floor":26,"key":"Bronze Scales"},{"floor":30,"key":"Red Mask"},{"floor":36,"key":"Bird Faced Urn"},{"floor":41,"key":"Peace Pipe"},{"floor":41,"key":"Ornamental Fan"},{"floor":44,"key":"Darkstone Periapt"},{"floor":44,"key":"CaptainsWheel"},{"floor":47,"key":"Boot"},{"floor":47,"key":"Bag of Marbles"},{"floor":54,"key":"Mummified Hand"},{"floor":54,"key":"Du-Vu Doll"}],"event_choices":[{"cards_removed":["Strike_B"],"damage_healed":0,"gold_gain":0,"player_choice":"Offered Basic","damage_taken":0,"max_hp_gain":0,"max_hp_loss":0,"event_name":"Bonfire Elementals","floor":3,"gold_loss":0},{"damage_healed":0,"gold_gain":0,"player_choice":"Opened","damage_taken":0,"relics_obtained":["InkBottle"],"max_hp_gain":0,"max_hp_loss":0,"event_name":"The Mausoleum","floor":19,"gold_loss":0,"cards_obtained":["Writhe"]},{"cards_removed":["Strike_B"],"damage_healed":0,"gold_gain":0,"player_choice":"Gave Gold","damage_taken":0,"max_hp_gain":0,"max_hp_loss":0,"event_name":"Beggar","floor":24,"gold_loss":75},{"damage_healed":0,"gold_gain":0,"player_choice":"Fought Bandits","damage_taken":0,"max_hp_gain":0,"max_hp_loss":0,"event_name":"Masked Bandits","floor":30,"gold_loss":0},{"damage_healed":0,"gold_gain":0,"player_choice":"Fight","damage_taken":0,"max_hp_gain":0,"max_hp_loss":0,"event_name":"MindBloom","floor":36,"gold_loss":0},{"damage_healed":0,"gold_gain":0,"cards_transformed":["Strike_B"],"player_choice":"Transformed","damage_taken":0,"max_hp_gain":0,"max_hp_loss":0,"event_name":"Transmorgrifier","floor":37,"gold_loss":0,"cards_obtained":["Storm"]},{"damage_healed":0,"gold_gain":100,"player_choice":"Pray","damage_taken":0,"max_hp_gain":0,"max_hp_loss":0,"event_name":"Golden Shrine","floor":45,"gold_loss":0}],"is_beta":false,"boss_relics":[{"not_picked":["Sozu","Fusion Hammer"],"picked":"Busted Crown"},{"not_picked":["Tiny House","Empty Cage"],"picked":"Black Star"}],"items_purged_floors":[2,42,53],"is_endless":false,"potions_floor_spawned":[5,6,8,12,14,20,22,29,31,38,39,44,46,54],"ascension_level":0}}