{"host":"gttgmv2wah99hzdm","time":1609031060,"event":{"mods":["AchievementEnabler","BaseMod","Bestiary","Block Reminder","Filter the Spire","Highlight Path","Minty Spire (QoL Compilation)","Permanent Neow","Random Character Button","Relic Stats","StSLib"],"gold_per_floor":[109,184,200,218,54,54,87,64,137,137,153,178,178,198,198,277,277,293,244,26,26,44,44,44,44,44,44,44,56,89,89,89,89,89],"floor_reached":33,"playtime":2019,"items_purged":["Strike_B"],"score":585,"play_id":"6dbbab00-101c-4169-9764-794727675482","local_time":"20201226190420","is_ascension_mode":true,"campfire_choices":[{"floor":6.0,"key":"REST"},{"data":"Doom and Gloom","floor":10,"key":"SMITH"},{"data":"Coolheaded","floor":15,"key":"SMITH"},{"data":"Biased Cognition","floor":23,"key":"SMITH"},{"floor":25,"key":"REST"},{"data":"Seek","floor":27,"key":"SMITH"},{"floor":32,"key":"REST"}],"circlet_count":0,"master_deck":["AscendersBane","Strike_B+1","Strike_B+1","Defend_B","Dualcast","Aggregate+1","Conserve Battery+1","Melter+1","Coolheaded+1","Leap","Conserve Battery","Doom and Gloom+1","Coolheaded+1","Ball Lightning","Creative AI","Glacier+1","Static Discharge","Biased Cognition+1","Loop","Glacier","Seek+1","Heatsinks","Ghostly","Ghostly","Ghostly"],"relics":["Astrolabe","Gambling Chip","Kunai","Whetstone","Snecko Eye","ClockworkSouvenir","War Paint","Emotion Chip","Shuriken"],"acts_visited":["Exordium","TheCity"],"potions_floor_usage":[7,7,19,30],"damage_taken":[{"damage":6.0,"enemies":"Cultist","floor":1.0,"turns":3.0},{"damage":12.0,"enemies":"Small Slimes","floor":3.0,"turns":3.0},{"damage":7.0,"enemies":"Jaw Worm","floor":4.0,"turns":3.0},{"damage":11,"enemies":"3 Sentries","floor":7,"turns":8},{"damage":23,"enemies":"Exordium Thugs","floor":8,"turns":4},{"damage":0,"enemies":"Blue Slaver","floor":11,"turns":4},{"damage":0,"enemies":"Lagavulin","floor":12,"turns":8},{"damage":0,"enemies":"2 Fungi Beasts","floor":14,"turns":3},{"damage":12,"enemies":"Hexaghost","floor":16,"turns":9},{"damage":0,"enemies":"Spheric Guardian","floor":18,"turns":3},{"damage":35,"enemies":"2 Thieves","floor":19,"turns":5},{"damage":0,"enemies":"Cultist and Chosen","floor":22,"turns":6},{"damage":0,"enemies":"Centurion and Healer","floor":29,"turns":5},{"damage":35,"enemies":"Gremlin Leader","floor":30,"turns":9},{"damage":32,"enemies":"Collector","floor":33,"turns":5}],"seed_played":"-499422925131883324","potions_obtained":[{"floor":1.0,"key":"Strength Potion"},{"floor":3.0,"key":"EntropicBrew"},{"floor":16,"key":"AttackPotion"}],"is_trial":false,"path_per_floor":["M","?","M","M","$","R","E","M","T","R","M","E","?","M","R","B",null,"M","M","$","?","M","R","T","R","T","R","?","M","E","?","R","B"],"character_chosen":"DEFECT","items_purchased":["Doom and Gloom","Coolheaded","ClockworkSouvenir","PowerPotion"],"campfire_rested":3,"item_purchase_floors":[5,5,20,20],"current_hp_per_floor":[58,47,35,28,28,49,38,15,15,15,15,15,11,11,11,21,59,59,24,24,24,24,24,24,45,45,45,45,45,10,10,20,0,0],"gold":89,"neow_bonus":"BOSS_RELIC","is_daily":false,"chose_seed":false,"campfire_upgraded":4,"win_rate":0.0,"timestamp":1609031060,"path_taken":["M","?","M","M","$","R","E","M","T","R","M","E","?","?","R","BOSS","M","M","$","?","M","R","?","R","T","R","?","M","E","?","R","BOSS"],"items_purchased_type":["Card","Card","Relic","Potion"],"build_version":"2020-12-22","purchased_purges":1,"victory":false,"max_hp_per_floor":[71,71,71,71,71,71,71,71,71,71,71,71,71,71,71,71,71,71,71,71,71,71,71,71,71,71,71,71,71,71,35,35,35,35],"relic_stats":{"Emotion Chip":[8,3,4,1,0],"counters":[15,77],"Shuriken":[0],"Astrolabe":["Aggregate","Conserve Battery","Melter"],"Gambling Chip":[21],"Snecko Eye":[62,63,58,74],"Kunai":[2],"Whetstone":["Strike_B","Strike_B"],"War Paint":["Coolheaded","Glacier"],"obtain_stats":[{"Emotion Chip":26,"Shuriken":30,"Astrolabe":0,"Gambling Chip":7,"Snecko Eye":17,"Kunai":9,"Whetstone":12,"War Paint":24,"Cracked Core":0,"ClockworkSouvenir":20},{"Emotion Chip":12,"Shuriken":14,"Astrolabe":0,"Gambling Chip":4,"Snecko Eye":9,"Kunai":5,"Whetstone":7,"War Paint":12,"Cracked Core":0,"ClockworkSouvenir":11},{"Emotion Chip":58,"Shuriken":72,"Astrolabe":0,"Gambling Chip":17,"Snecko Eye":44,"Kunai":21,"Whetstone":32,"War Paint":58,"Cracked Core":0,"ClockworkSouvenir":52}]},"card_choices":[{"not_picked":["Steam","Steam Power"],"picked":"Coolheaded","floor":1.0},{"not_picked":["Static Discharge","Beam Cell"],"picked":"Leap","floor":3.0},{"not_picked":["Storm","Blizzard"],"picked":"Conserve Battery","floor":4.0},{"not_picked":["Auto Shields","Rebound"],"picked":"Ball Lightning","floor":7},{"not_picked":["Blizzard","Redo"],"picked":"Creative AI","floor":8},{"not_picked":["Doom and Gloom","Gash"],"picked":"Glacier","floor":11},{"not_picked":["Consume","Hyperbeam"],"picked":"Static Discharge","floor":12},{"not_picked":["Sunder","Ball Lightning","Hologram"],"picked":"SKIP","floor":14},{"not_picked":["Amplify","All For One"],"picked":"Biased Cognition","floor":16},{"not_picked":["Sweeping Beam","Cold Snap"],"picked":"Loop","floor":18},{"not_picked":["Barrage","Go for the Eyes","Sunder"],"picked":"SKIP","floor":19},{"not_picked":["Rip and Tear","Lockon","Darkness"],"picked":"SKIP","floor":22},{"not_picked":["Coolheaded","Fusion+1"],"picked":"Heatsinks","floor":29},{"not_picked":["Beam Cell","Leap","Coolheaded"],"picked":"SKIP","floor":30}],"player_experience":972247,"relics_obtained":[{"floor":7,"key":"Gambling Chip"},{"floor":9,"key":"Kunai"},{"floor":12,"key":"Whetstone"},{"floor":24,"key":"War Paint"},{"floor":26,"key":"Emotion Chip"},{"floor":30,"key":"Shuriken"}],"event_choices":[{"damage_healed":0.0,"max_hp_gain":0.0,"max_hp_loss":0.0,"gold_gain":75.0,"event_name":"World of Goop","player_choice":"Gather Gold","floor":2.0,"gold_loss":0.0,"damage_taken":11.0},{"damage_healed":0,"gold_gain":0,"player_choice":"Bought 0 Potions","damage_taken":0,"max_hp_gain":0,"max_hp_loss":0,"event_name":"The Woman in Blue","floor":13,"gold_loss":0},{"damage_healed":0,"gold_gain":0,"cards_transformed":["Strike_B","Zap"],"player_choice":"Became Test Subject","damage_taken":0,"max_hp_gain":0,"max_hp_loss":0,"event_name":"Drug Dealer","floor":21,"gold_loss":0,"cards_obtained":["Glacier","Seek"]},{"damage_healed":0,"gold_gain":0,"player_choice":"Ignored","damage_taken":0,"max_hp_gain":0,"max_hp_loss":0,"event_name":"Vampires","floor":28,"gold_loss":0},{"damage_healed":0,"gold_gain":0,"player_choice":"Became a Ghost","damage_taken":0,"max_hp_gain":0,"max_hp_loss":36,"event_name":"Ghosts","floor":31,"gold_loss":0,"cards_obtained":["Ghostly","Ghostly","Ghostly"]}],"is_beta":false,"boss_relics":[{"not_picked":["Ectoplasm","Fusion Hammer"],"picked":"Snecko Eye"}],"items_purged_floors":[5],"is_endless":false,"potions_floor_spawned":[1,3,11,12,14,16,18],"killed_by":"Collector","ascension_level":19}}