{"host":"uua02xqorlefedoe","time":1609052830,"event":{"mods":["AchievementEnabler","BaseMod","Bestiary","Colored Map","DeckTracker","Googly Eyes","Minty Spire (QoL Compilation)","Quick Restart","StSLib"],"gold_per_floor":[113,132,3,3,16,47,47,81,81,114,114,126,126,1,1,103,103,116,215,230,240,256,288,298,326,351,351,379,409,459,491,491,591,591,601,601,601,651,668,698,716,742,812,838,449,469,691,718,718,718,718,718,103,128,128],"floor_reached":56,"playtime":14015,"items_purged":["Strike_G","Defend_G","Defend_G"],"score":2190,"play_id":"49448311-f2a7-4e75-9433-f364a6e7468a","local_time":"20201227070710","is_ascension_mode":true,"campfire_choices":[{"floor":7.0,"key":"REST"},{"floor":11.0,"key":"REST"},{"data":"Cloak And Dagger","floor":15.0,"key":"SMITH"},{"data":"Cloak And Dagger","floor":32.0,"key":"SMITH"},{"floor":49.0,"key":"RECALL"},{"data":"Accuracy","floor":52.0,"key":"SMITH"}],"circlet_count":0,"master_deck":["Defend_G","Survivor","Neutralize","Accuracy+1","Endless Agony","Cloak And Dagger+1","Poisoned Stab","All Out Attack","PiercingWail","Dagger Throw","Accuracy","Dash","Acrobatics","Blade Dance","Backflip","Venomology","Cloak And Dagger+1","Terror+1","PiercingWail","Backflip+1","Slice","Backflip","Ghostly","Ghostly+1","Ghostly","Ghostly","Ghostly","Accuracy+1","Finisher","Venomology","Eviscerate+1","Flying Knee+1","Night Terror+1","Blade Dance+1","Madness","Madness","PanicButton","Leg Sweep+1","Escape Plan+1","Blade Dance","Well Laid Plans","PiercingWail+1"],"relics":["Ring of the Snake","InkBottle","Thread and Needle","FossilizedHelix","Letter Opener","WristBlade","Dead Branch","Toy Ornithopter","MealTicket","Red Mask","Lizard Tail","Pear","Astrolabe","Mango","War Paint","Ornamental Fan","Ice Cream","Turnip","Lantern","Sundial","Blood Vial"],"acts_visited":["Exordium","TheCity","TheBeyond","TheEnding"],"potions_floor_usage":[55,55,55,55],"damage_taken":[{"damage":5.0,"enemies":"Small Slimes","floor":1.0,"turns":4.0},{"damage":0.0,"enemies":"Cultist","floor":2.0,"turns":4.0},{"damage":0.0,"enemies":"2 Louse","floor":5.0,"turns":2.0},{"damage":41.0,"enemies":"Lagavulin","floor":6.0,"turns":10.0},{"damage":34.0,"enemies":"Gremlin Nob","floor":8.0,"turns":5.0},{"damage":0.0,"enemies":"3 Sentries","floor":10.0,"turns":7.0},{"damage":0.0,"enemies":"Exordium Wildlife","floor":12.0,"turns":3.0},{"damage":17.0,"enemies":"Hexaghost","floor":16.0,"turns":12.0},{"damage":0.0,"enemies":"Spheric Guardian","floor":18.0,"turns":3.0},{"damage":0.0,"enemies":"3 Byrds","floor":20.0,"turns":4.0},{"damage":10.0,"enemies":"Snecko","floor":21.0,"turns":4.0},{"damage":0.0,"enemies":"Cultist and Chosen","floor":22.0,"turns":4.0},{"damage":0.0,"enemies":"Book of Stabbing","floor":23.0,"turns":5.0},{"damage":0.0,"enemies":"Sentry and Sphere","floor":24.0,"turns":4.0},{"damage":0.0,"enemies":"Gremlin Leader","floor":25.0,"turns":6.0},{"damage":0.0,"enemies":"Masked Bandits","floor":28.0,"turns":4.0},{"damage":0.0,"enemies":"Slavers","floor":29.0,"turns":4.0},{"damage":0.0,"enemies":"Book of Stabbing","floor":31.0,"turns":4.0},{"damage":28.0,"enemies":"Champ","floor":33.0,"turns":11.0},{"damage":0.0,"enemies":"Orb Walker","floor":35.0,"turns":4.0},{"damage":0.0,"enemies":"Mind Bloom Boss Battle","floor":38.0,"turns":6.0},{"damage":0.0,"enemies":"3 Darklings","floor":39.0,"turns":5.0},{"damage":0.0,"enemies":"Nemesis","floor":40.0,"turns":9.0},{"damage":0.0,"enemies":"Writhing Mass","floor":41.0,"turns":6.0},{"damage":0.0,"enemies":"Giant Head","floor":42.0,"turns":5.0},{"damage":0.0,"enemies":"Reptomancer","floor":44.0,"turns":4.0},{"damage":0.0,"enemies":"Maw","floor":46.0,"turns":8.0},{"damage":0.0,"enemies":"Nemesis","floor":48.0,"turns":5.0},{"damage":1.0,"enemies":"Awakened One","floor":50.0,"turns":10.0},{"damage":0.0,"enemies":"Shield and Spear","floor":54.0,"turns":7.0},{"damage":90,"enemies":"The Heart","floor":55,"turns":12}],"seed_played":"-2763569457019999389","potions_obtained":[{"floor":2.0,"key":"Ancient Potion"},{"floor":12.0,"key":"Fruit Juice"},{"floor":21.0,"key":"Energy Potion"},{"floor":22.0,"key":"LiquidBronze"},{"floor":25.0,"key":"Weak Potion"},{"floor":44.0,"key":"LiquidMemories"},{"floor":48.0,"key":"CunningPotion"}],"is_trial":false,"path_per_floor":["M","M","$","?","M","E","R","E","T","E","R","M","$","$","R","B",null,"M","?","M","M","M","E","M","E","T","?","?","E","?","E","R","B",null,"M","?","?","?","M","E","M","E","T","E","$","M","?","E","R","B",null,"R","$","E","B",null],"character_chosen":"THE_SILENT","items_purchased":["All Out Attack","PiercingWail","Backflip","Ice Cream","Lantern","Sundial","Well Laid Plans"],"campfire_rested":2,"item_purchase_floors":[3,3,14,45,53,53,53],"current_hp_per_floor":[58,58,58,58,58,17,35,1,1,1,19,24,24,24,24,7,53,53,53,53,43,43,43,52,52,52,34,34,34,34,44,44,17,37,42,36,36,50,58,58,58,58,58,58,58,58,58,58,58,57,58,58,58,58,29],"gold":128,"neow_bonus":"TRANSFORM_TWO_CARDS","is_daily":false,"chose_seed":false,"campfire_upgraded":3,"win_rate":0.0,"timestamp":1609052830,"path_taken":["M","M","$","?","M","E","R","E","T","E","R","M","?","$","R","BOSS","M","?","M","M","M","E","M","E","T","?","?","E","?","E","R","BOSS","M","?","?","?","M","E","M","E","T","E","?","M","?","E","R","BOSS","R","$","E","BOSS"],"items_purchased_type":["Card","Card","Card","Relic","Relic","Relic","Card"],"build_version":"2020-12-22","purchased_purges":3,"victory":true,"max_hp_per_floor":[63,63,63,63,63,63,63,63,63,63,63,68,68,68,68,68,68,68,68,68,68,68,68,68,68,68,34,34,34,34,44,44,44,44,44,44,44,58,58,58,58,58,58,58,58,58,58,58,58,58,58,58,58,58,58],"card_choices":[{"not_picked":["Slice","All Out Attack"],"picked":"Cloak And Dagger","floor":1.0},{"not_picked":["PiercingWail","Backflip"],"picked":"Poisoned Stab","floor":2.0},{"not_picked":["Sucker Punch","Backflip"],"picked":"Dagger Throw","floor":5.0},{"not_picked":["Dagger Throw","Outmaneuver"],"picked":"Accuracy","floor":6.0},{"not_picked":["Acrobatics","Catalyst"],"picked":"Dash","floor":8.0},{"not_picked":["Slice","Distraction"],"picked":"Acrobatics","floor":10.0},{"not_picked":["Distraction","Endless Agony"],"picked":"Blade Dance","floor":12.0},{"not_picked":["Doppelganger","Phantasmal Killer"],"picked":"Venomology","floor":16.0},{"not_picked":["Leg Sweep","Dagger Throw+1"],"picked":"Cloak And Dagger","floor":18.0},{"not_picked":["Skewer","Endless Agony"],"picked":"Terror","floor":20.0},{"not_picked":["Dash+1","Sucker Punch+1"],"picked":"PiercingWail","floor":21.0},{"not_picked":["Setup+1","Underhanded Strike+1"],"picked":"Backflip+1","floor":22.0},{"not_picked":["Prepared","Dagger Throw+1"],"picked":"Slice","floor":23.0},{"not_picked":["Sucker Punch","Flying Knee","Tactician"],"picked":"SKIP","floor":24.0},{"not_picked":["Reflex+1","Flying Knee+1"],"picked":"Backflip","floor":25.0},{"not_picked":["Poisoned Stab","Envenom"],"picked":"Accuracy+1","floor":29.0},{"not_picked":["Flechettes","Glass Knife"],"picked":"Finisher","floor":31.0},{"not_picked":["Phantasmal Killer","Doppelganger"],"picked":"Venomology","floor":33.0},{"not_picked":["Acrobatics+1","Dodge and Roll+1"],"picked":"Blade Dance+1","floor":35.0},{"not_picked":["Transmutation","Trip"],"picked":"PanicButton","floor":37.0},{"not_picked":["Flying Knee+1","Deadly Poison+1"],"picked":"Leg Sweep+1","floor":38.0},{"not_picked":["PiercingWail","Sucker Punch+1","Deadly Poison"],"picked":"SKIP","floor":39.0},{"not_picked":["Crippling Poison","Caltrops","Expertise"],"picked":"SKIP","floor":40.0},{"not_picked":["Sucker Punch+1","Distraction+1"],"picked":"Escape Plan+1","floor":41.0},{"not_picked":["Predator+1","Finisher+1","Flying Knee+1"],"picked":"SKIP","floor":42.0},{"not_picked":["Skewer","Expertise","Quick Slash+1"],"picked":"SKIP","floor":44.0},{"not_picked":["Flechettes+1","Distraction"],"picked":"Blade Dance","floor":46.0},{"not_picked":["Night Terror","Noxious Fumes","Deflect"],"picked":"SKIP","floor":48.0},{"not_picked":["Bane","Dagger Spray"],"picked":"PiercingWail+1","floor":54.0}],"player_experience":492031,"relics_obtained":[{"floor":6.0,"key":"InkBottle"},{"floor":8.0,"key":"Thread and Needle"},{"floor":9.0,"key":"FossilizedHelix"},{"floor":10.0,"key":"Letter Opener"},{"floor":23.0,"key":"Dead Branch"},{"floor":25.0,"key":"Toy Ornithopter"},{"floor":26.0,"key":"MealTicket"},{"floor":28.0,"key":"Red Mask"},{"floor":29.0,"key":"Lizard Tail"},{"floor":31.0,"key":"Pear"},{"floor":38.0,"key":"Mango"},{"floor":40.0,"key":"War Paint"},{"floor":44.0,"key":"Ornamental Fan"},{"floor":48.0,"key":"Turnip"},{"floor":54.0,"key":"Blood Vial"}],"event_choices":[{"cards_removed":["Strike_G"],"damage_healed":0.0,"max_hp_gain":0.0,"max_hp_loss":0.0,"gold_gain":0.0,"event_name":"Purifier","player_choice":"Purged","floor":4.0,"gold_loss":0.0,"damage_taken":0.0},{"damage_healed":0.0,"max_hp_gain":0.0,"max_hp_loss":0.0,"gold_gain":99.0,"event_name":"Nest","player_choice":"Stole From Cult","floor":19.0,"gold_loss":0.0,"damage_taken":0.0},{"damage_healed":0.0,"max_hp_gain":0.0,"max_hp_loss":34.0,"gold_gain":0.0,"event_name":"Ghosts","player_choice":"Became a Ghost","floor":27.0,"gold_loss":0.0,"damage_taken":0.0,"cards_obtained":["Ghostly","Ghostly","Ghostly","Ghostly","Ghostly"]},{"damage_healed":0.0,"max_hp_gain":0.0,"max_hp_loss":0.0,"gold_gain":0.0,"event_name":"Masked Bandits","player_choice":"Fought Bandits","floor":28.0,"gold_loss":0.0,"damage_taken":0.0},{"damage_healed":0.0,"max_hp_gain":0.0,"max_hp_loss":0.0,"gold_gain":100.0,"event_name":"The Joust","player_choice":"Bet on Murderer","floor":30.0,"gold_loss":50.0,"damage_taken":0.0},{"damage_healed":0.0,"max_hp_gain":0.0,"max_hp_loss":0.0,"gold_gain":0.0,"event_name":"Winding Halls","player_choice":"Embrace Madness","floor":36.0,"gold_loss":0.0,"damage_taken":6.0,"cards_obtained":["Madness","Madness"]},{"damage_healed":0.0,"max_hp_gain":0.0,"max_hp_loss":0.0,"gold_gain":0.0,"event_name":"SensoryStone","player_choice":"Memory 1","floor":37.0,"gold_loss":0.0,"damage_taken":0.0},{"damage_healed":0.0,"max_hp_gain":0.0,"max_hp_loss":0.0,"gold_gain":0.0,"event_name":"MindBloom","player_choice":"Fight","floor":38.0,"gold_loss":0.0,"damage_taken":0.0},{"damage_healed":0.0,"max_hp_gain":0.0,"max_hp_loss":0.0,"gold_gain":222.0,"event_name":"Tomb of Lord Red Mask","player_choice":"Wore Mask","floor":47.0,"gold_loss":0.0,"damage_taken":0.0}],"is_beta":false,"boss_relics":[{"not_picked":["Sozu","Empty Cage"],"picked":"WristBlade"},{"not_picked":["Calling Bell","HoveringKite"],"picked":"Astrolabe"}],"items_purged_floors":[14,45,53],"is_endless":false,"potions_floor_spawned":[2,12,21,22,25,31,38,39,41,44,48,54],"ascension_level":9}}