{"host":"rnys9sj607vajavv","time":1609086850,"event":{"mods":["BaseMod","Colored Map","Downfall","Minty Spire (QoL Compilation)","StSLib"],"gold_per_floor":[99,117,27,27,27,127,152,84,84,119,119,151,151,166,186,282,282,282,295,305,305,305,315,338,338,73,73,73,73,73,107,123,218,218,218,236,250,350,364,392,464,381,396,409,424,444,294,321,334,334],"floor_reached":51,"playtime":3025,"items_purged":["Regret","champ:Strike","champ:Defend"],"score":863,"play_id":"90a67ae6-91fa-44f3-b76b-5f7fd0f08ff0","local_time":"20201227083410","is_ascension_mode":true,"campfire_choices":[{"data":"champ:EnchantCrown","floor":1.0,"key":"SMITH"},{"floor":9.0,"key":"REST"},{"data":"champ:Taunt","floor":11.0,"key":"SMITH"},{"floor":13.0,"key":"REST"},{"data":"champ:GutPunch","floor":18.0,"key":"SMITH"},{"data":"champ:SwordThrow","floor":25.0,"key":"SMITH"},{"data":"1","floor":30.0,"key":"LIFT"},{"data":"2","floor":35,"key":"LIFT"},{"floor":47,"key":"RECALL"}],"circlet_count":0,"master_deck":["champ:Strike","champ:Strike","champ:Strike","champ:Defend","champ:Defend","champ:Defend","champ:Execute","champ:Taunt+1","champ:EnchantCrown+1","champ:BerserkersShout","champ:EnchantCrown","champ:AdrenalArmor","champ:GutPunch+1","champ:AdrenalArmor","champ:SwordThrow+1","champ:Encircle","champ:LastStand","champ:Backstep+1","champ:Backstep+1"],"relics":["champ:ChampionCrown","downfall:ShatteredFragment","WristBlade","Juzu Bracelet","Centennial Puzzle","Guardian:PocketSentry","Black Star","Happy Flower","Sling","Girya","Orichalcum","Mercury Hourglass","Busted Crown","downfall:GremlinWheel","Incense Burner","Anchor","Vajra","Regal Pillow","downfall:HeartBlessingGreen","downfall:HeartBlessingBlue","The Courier","Mango"],"acts_visited":["Exordium","TheCity","TheBeyond"],"potions_floor_usage":[33,33],"damage_taken":[{"damage":14.0,"enemies":"2 Louse","floor":2.0,"turns":4.0},{"damage":19.0,"enemies":"downfall:FleeingMerchant","floor":3.0,"turns":4.0},{"damage":34.0,"enemies":"downfall:FleeingMerchant","floor":6.0,"turns":6.0},{"damage":25.0,"enemies":"downfall:FleeingMerchant","floor":8.0,"turns":4.0},{"damage":17.0,"enemies":"3 Sentries","floor":10.0,"turns":5.0},{"damage":35.0,"enemies":"Lagavulin","floor":12.0,"turns":6.0},{"damage":8.0,"enemies":"Jaw Worm","floor":14.0,"turns":2.0},{"damage":0.0,"enemies":"Small Slimes","floor":15.0,"turns":2.0},{"damage":46.0,"enemies":"downfall:Ironclad","floor":16.0,"turns":6.0},{"damage":22.0,"enemies":"Chosen","floor":19.0,"turns":3.0},{"damage":23.0,"enemies":"Shell Parasite","floor":20.0,"turns":4.0},{"damage":27.0,"enemies":"Snake Plant","floor":23.0,"turns":3.0},{"damage":36.0,"enemies":"downfall:FleeingMerchant","floor":26.0,"turns":4.0},{"damage":34,"enemies":"Slavers","floor":31,"turns":3},{"damage":15,"enemies":"Centurion and Healer","floor":32,"turns":3},{"damage":61,"enemies":"downfall:Silent","floor":33,"turns":6},{"damage":27,"enemies":"3 Darklings","floor":36,"turns":3},{"damage":7,"enemies":"Orb Walker","floor":37,"turns":2},{"damage":14,"enemies":"Orb Walker","floor":38,"turns":3},{"damage":32,"enemies":"3 Darklings","floor":39,"turns":3},{"damage":47,"enemies":"Nemesis","floor":40,"turns":7},{"damage":31,"enemies":"downfall:FleeingMerchant","floor":42,"turns":3},{"damage":20,"enemies":"Spire Growth","floor":43,"turns":3},{"damage":18,"enemies":"Writhing Mass","floor":44,"turns":4},{"damage":15,"enemies":"Sphere and 2 Shapes","floor":45,"turns":3},{"damage":15,"enemies":"Jaw Worm Horde","floor":46,"turns":2},{"damage":36,"enemies":"Giant Head","floor":48,"turns":5},{"damage":28,"enemies":"Writhing Mass","floor":49,"turns":5},{"damage":63,"enemies":"downfall:Defect","floor":50,"turns":6}],"seed_played":"-7584667151037333838","potions_obtained":[{"floor":6.0,"key":"Swift Potion"},{"floor":10.0,"key":"Block Potion"},{"floor":15.0,"key":"Guardian:BlockOnCardUsePotion"},{"floor":23.0,"key":"AttackPotion"},{"floor":31,"key":"FairyPotion"},{"floor":36,"key":"Guardian:BlockOnCardUsePotion"},{"floor":38,"key":"Block Potion"},{"floor":39,"key":"EntropicBrew"}],"is_trial":false,"path_per_floor":["R","M","$","?","?","?","T","$","R","E","R","E","R","M","M","B",null,"R","M","M","?","?","M","T","R","$","?","?","?","R","E","M","B",null,"R","M","M","?","M","E","T","?","M","M","M","M","R","E","M","B",null],"character_chosen":"THE_CHAMP","items_purchased":["champ:AdrenalArmor","Sling","Vajra","Regal Pillow"],"campfire_rested":2,"item_purchase_floors":[8,26,42,42],"current_hp_per_floor":[90,81,72,45,45,26,26,16,43,41,41,28,55,55,55,46,90,90,90,83,83,83,68,68,68,68,68,68,68,68,62,62,51,90,90,84,84,81,67,43,43,24,24,24,25,25,100,114,114,94],"gold":334,"neow_bonus":"THREE_RARE_CARDS","is_daily":false,"chose_seed":false,"campfire_upgraded":4,"win_rate":0.0,"timestamp":1609086850,"path_taken":["R","M","$","?","?","?","T","?","R","E","R","E","R","M","M","BOSS","R","M","M","?","?","M","T","R","$","?","?","?","R","E","M","BOSS","R","M","M","?","M","E","T","?","M","M","M","M","R","E","M","BOSS"],"items_purchased_type":["Card","Relic","Relic","Relic"],"build_version":"2020-12-22","purchased_purges":3,"victory":true,"max_hp_per_floor":[90,90,90,90,90,90,90,90,90,90,90,90,90,90,90,90,90,90,90,90,90,90,90,90,90,90,90,90,90,90,90,90,90,90,90,90,90,90,90,90,90,90,90,90,90,90,100,114,114,114],"card_choices":[{"not_picked":["champ:SwordThrow","champ:HeavySlash"],"picked":"champ:EnchantCrown","floor":0.0},{"not_picked":["champ:RapidStrikes","champ:AdrenalArmor","champ:Riposte"],"picked":"SKIP","floor":2.0},{"not_picked":["champ:FanOfKnives","champ:Circumvent","champ:DefensiveShout"],"picked":"SKIP","floor":3.0},{"not_picked":["champ:ShieldSigil","champ:GladiatorsShout"],"picked":"champ:BerserkersShout","floor":6.0},{"not_picked":["champ:BladeFlurry","champ:Circumvent"],"picked":"champ:EnchantCrown","floor":8.0},{"not_picked":["champ:DefensiveShout","champ:StanceDance","champ:BerserkersShout"],"picked":"SKIP","floor":10.0},{"not_picked":["champ:Haymaker","champ:CalledShot","champ:Devastate"],"picked":"SKIP","floor":12.0},{"not_picked":["champ:IronFortress","champ:BerserkerStyle"],"picked":"champ:GutPunch","floor":14.0},{"not_picked":["champ:Riposte","champ:ShieldSigil"],"picked":"champ:AdrenalArmor","floor":15.0},{"not_picked":["champ:BringItOn+1","champ:FightOn","champ:GladiatorsShout+1"],"picked":"SKIP","floor":19.0},{"not_picked":["champ:Haymaker","champ:GutPunch","champ:PreciseThrust"],"picked":"SKIP","floor":20.0},{"not_picked":["champ:DefensiveShout","champ:FightOn","champ:Haymaker"],"picked":"SKIP","floor":23.0},{"not_picked":["champ:FlashCut+1","champ:ArenaPreparation"],"picked":"champ:Encircle","floor":26.0},{"not_picked":["champ:Balance","champ:ViciousMockery+1","champ:DefensiveStyle"],"picked":"SKIP","floor":31},{"not_picked":["champ:FanOfKnives","champ:AdrenalArmor+1","champ:BerserkersShout"],"picked":"SKIP","floor":32},{"not_picked":["champ:SteelEdge","champ:IgnorePain"],"picked":"champ:LastStand","floor":33},{"not_picked":["champ:TornadoPunch+1"],"picked":"SKIP","floor":36},{"not_picked":["champ:GutPunch"],"picked":"SKIP","floor":37},{"not_picked":[],"picked":"champ:Backstep+1","floor":39},{"not_picked":["champ:StanceDance"],"picked":"SKIP","floor":40},{"not_picked":[],"picked":"champ:Backstep+1","floor":42},{"not_picked":["champ:BringItOn"],"picked":"SKIP","floor":43},{"not_picked":["champ:ShieldSigil"],"picked":"SKIP","floor":44},{"not_picked":["champ:FanOfKnives+1"],"picked":"SKIP","floor":45},{"not_picked":["champ:PerfectedStrike+1"],"picked":"SKIP","floor":46},{"not_picked":["champ:BerserkerStyle+1"],"picked":"SKIP","floor":48},{"not_picked":["champ:TornadoPunch"],"picked":"SKIP","floor":49}],"player_experience":631469,"relics_obtained":[{"floor":6.0,"key":"WristBlade"},{"floor":7.0,"key":"Juzu Bracelet"},{"floor":10.0,"key":"Centennial Puzzle"},{"floor":12.0,"key":"Guardian:PocketSentry"},{"floor":24.0,"key":"Happy Flower"},{"floor":31,"key":"Orichalcum"},{"floor":31,"key":"Mercury Hourglass"},{"floor":38,"key":"downfall:GremlinWheel"},{"floor":40,"key":"Incense Burner"},{"floor":40,"key":"Anchor"},{"floor":48,"key":"The Courier"},{"floor":48,"key":"Mango"}],"event_choices":[{"damage_healed":0.0,"max_hp_gain":0.0,"max_hp_loss":0.0,"gold_gain":0.0,"event_name":"The Library","player_choice":"Read","floor":21.0,"gold_loss":0.0,"damage_taken":0.0,"cards_obtained":["champ:SwordThrow"]},{"damage_healed":0.0,"max_hp_gain":0.0,"max_hp_loss":0.0,"gold_gain":0.0,"event_name":"Vampires","player_choice":"Ignored","floor":27.0,"gold_loss":0.0,"damage_taken":0.0},{"damage_healed":65,"gold_gain":0,"player_choice":"Full Heal","damage_taken":0,"max_hp_gain":0,"max_hp_loss":0,"event_name":"Wheel of Change","floor":47,"gold_loss":0}],"is_beta":false,"boss_relics":[{"not_picked":["Calling Bell","Fusion Hammer"],"picked":"Black Star"},{"not_picked":["Velvet Choker","Pandora\u0027s Box"],"picked":"Busted Crown"}],"items_purged_floors":[3,26,42],"is_endless":false,"potions_floor_spawned":[6,10,15,23,31,32,36,38,39,45,46,49],"ascension_level":3}}