{"host":"91blwi3hgehj6ch9","time":1609090817,"event":{"mods":["2.2 Compatiblity","AchievementEnabler","BaseMod","Colored Map","DeckTracker","Keyboard Shortcuts","Minty Spire (QoL Compilation)","Permanent Neow","Quick Restart","StSLib","SuperFastMode"],"gold_per_floor":[115,115,40,59,134,134,134,134,134,34,47,47,60,71,71,175,175,193,193,177,191,67,67,87,87,87,98,198,214,241,253,253,355,355,375,395,395,395,406,441,455,468,468,468,468,480,480,495,495,495],"floor_reached":51,"playtime":3434,"items_purged":["Defend_G","Strike_G"],"score":961,"play_id":"845ee908-8167-4e7a-b18d-120cd68d26a8","local_time":"20201228024017","is_ascension_mode":true,"campfire_choices":[{"data":"Well Laid Plans","floor":6.0,"key":"SMITH"},{"data":"Neutralize","floor":8.0,"key":"SMITH"},{"data":"Cloak And Dagger","floor":12.0,"key":"SMITH"},{"data":"Blade Dance","floor":15.0,"key":"SMITH"},{"data":"Blade Dance","floor":23.0,"key":"SMITH"},{"data":"A Thousand Cuts","floor":25.0,"key":"SMITH"},{"data":"Infinite Blades","floor":32.0,"key":"SMITH"},{"floor":44.0,"key":"REST"},{"floor":49.0,"key":"REST"}],"circlet_count":0,"master_deck":["Strike_G","Strike_G","Strike_G","Defend_G","Defend_G","Survivor","Neutralize+1","Backflip","Well Laid Plans+1","Cloak And Dagger+1","Blade Dance+1","Dagger Spray","A Thousand Cuts+1","Dodge and Roll","Backstab","Choke","Blur","Blade Dance+1","Escape Plan","Prepared","Infinite Blades+1","Backflip+1","Corpse Explosion+1","Infinite Blades+1","Cloak And Dagger+1","Calculated Gamble+1","Concentrate+1","Backflip+1","PiercingWail+1","Cloak And Dagger+1","Deflect+1"],"relics":["Ring of the Serpent","Bag of Preparation","Darkstone Periapt","HornCleat","Kunai","Shuriken","Toxic Egg 2","WristBlade","Boot","The Courier","Singing Bowl"],"acts_visited":["Exordium","TheCity","TheBeyond"],"potions_floor_usage":[50,50],"damage_taken":[{"damage":0.0,"enemies":"Small Slimes","floor":1.0,"turns":4.0},{"damage":3.0,"enemies":"Jaw Worm","floor":4.0,"turns":4.0},{"damage":0.0,"enemies":"2 Louse","floor":11.0,"turns":3.0},{"damage":1.0,"enemies":"Blue Slaver","floor":13.0,"turns":4.0},{"damage":10.0,"enemies":"Gremlin Gang","floor":14.0,"turns":4.0},{"damage":0.0,"enemies":"The Guardian","floor":16.0,"turns":14.0},{"damage":11.0,"enemies":"Spheric Guardian","floor":18.0,"turns":4.0},{"damage":4.0,"enemies":"2 Thieves","floor":20.0,"turns":4.0},{"damage":13.0,"enemies":"Snecko","floor":21.0,"turns":5.0},{"damage":0.0,"enemies":"Centurion and Healer","floor":24.0,"turns":6.0},{"damage":0.0,"enemies":"3 Cultists","floor":27.0,"turns":3.0},{"damage":0.0,"enemies":"Cultist and Chosen","floor":29.0,"turns":4.0},{"damage":0.0,"enemies":"Slavers","floor":30.0,"turns":2.0},{"damage":6.0,"enemies":"Centurion and Healer","floor":31.0,"turns":5.0},{"damage":24.0,"enemies":"Automaton","floor":33.0,"turns":7.0},{"damage":8.0,"enemies":"3 Darklings","floor":35.0,"turns":4.0},{"damage":7.0,"enemies":"3 Shapes","floor":36.0,"turns":5.0},{"damage":0.0,"enemies":"Writhing Mass","floor":37.0,"turns":1.0},{"damage":2.0,"enemies":"Sphere and 2 Shapes","floor":39.0,"turns":3.0},{"damage":19.0,"enemies":"Reptomancer","floor":40.0,"turns":6.0},{"damage":0.0,"enemies":"Transient","floor":41.0,"turns":5.0},{"damage":0.0,"enemies":"Jaw Worm Horde","floor":42.0,"turns":4.0},{"damage":0.0,"enemies":"Spire Growth","floor":46.0,"turns":3.0},{"damage":3.0,"enemies":"4 Shapes","floor":48.0,"turns":2.0},{"damage":50,"enemies":"Time Eater","floor":50,"turns":8}],"seed_played":"3631672853323643269","potions_obtained":[{"floor":16.0,"key":"Weak Potion"},{"floor":20.0,"key":"SpeedPotion"},{"floor":27.0,"key":"SkillPotion"},{"floor":31.0,"key":"SmokeBomb"},{"floor":33.0,"key":"Ancient Potion"},{"floor":35.0,"key":"PowerPotion"},{"floor":36.0,"key":"Strength Potion"},{"floor":42.0,"key":"DistilledChaos"},{"floor":47.0,"key":"DuplicationPotion"}],"is_trial":false,"path_per_floor":["M","?","$","M","?","R","T","R","T","$","M","R","M","M","R","B",null,"M","?","M","M","$","R","M","R","T","M","?","M","E","M","R","B",null,"M","M","M","?","M","E","M","M","T","R","T","M","?","M","R","B",null],"character_chosen":"THE_SILENT","items_purchased":["Blur","Blade Dance"],"campfire_rested":2,"item_purchase_floors":[22,22],"current_hp_per_floor":[63,60,60,57,46,46,46,46,46,46,46,46,45,35,35,35,61,50,50,46,33,33,33,33,33,33,33,33,33,33,27,27,3,53,45,38,38,38,36,17,17,17,17,38,38,38,38,35,56,6],"gold":495,"neow_bonus":"RANDOM_COMMON_RELIC","is_daily":false,"chose_seed":false,"campfire_upgraded":7,"win_rate":0.0,"timestamp":1609090817,"path_taken":["M","?","?","M","?","R","?","R","T","?","M","R","M","M","R","BOSS","M","?","M","M","$","R","M","R","T","M","?","M","E","M","R","BOSS","M","?","?","?","M","E","M","M","T","R","?","M","?","M","R","BOSS"],"items_purchased_type":["Card","Card"],"build_version":"2020-12-22","purchased_purges":2,"victory":true,"max_hp_per_floor":[70,70,70,70,70,70,70,70,70,70,70,70,70,70,70,70,70,70,70,70,70,70,70,70,70,70,70,70,70,70,70,70,70,70,70,70,70,70,70,70,70,70,70,70,70,70,70,70,70,70],"card_choices":[{"not_picked":["Cloak And Dagger","Prepared"],"picked":"Backflip","floor":1.0},{"not_picked":["Outmaneuver","Quick Slash"],"picked":"Well Laid Plans","floor":4.0},{"not_picked":["Dagger Spray","Riddle With Holes"],"picked":"Cloak And Dagger","floor":11.0},{"not_picked":["Acrobatics","Backflip"],"picked":"Blade Dance","floor":13.0},{"not_picked":["Deadly Poison","Sucker Punch"],"picked":"Dagger Spray","floor":14.0},{"not_picked":["Night Terror","Die Die Die"],"picked":"A Thousand Cuts","floor":16.0},{"not_picked":["Deflect","Flechettes"],"picked":"Dodge and Roll","floor":18.0},{"not_picked":["Tactician","Poisoned Stab","Predator"],"picked":"SKIP","floor":20.0},{"not_picked":["Poisoned Stab","Dagger Spray","Bane"],"picked":"SKIP","floor":21.0},{"not_picked":["Tactician","Dodge and Roll"],"picked":"Escape Plan","floor":24.0},{"not_picked":["Noxious Fumes","Tactician"],"picked":"Prepared","floor":27.0},{"not_picked":["Crippling Poison","Poisoned Stab+1"],"picked":"Infinite Blades","floor":29.0},{"not_picked":["Dagger Throw","Leg Sweep+1"],"picked":"Backflip+1","floor":30.0},{"not_picked":["Noxious Fumes","Flying Knee","Quick Slash"],"picked":"SKIP","floor":31.0},{"not_picked":["Malaise+1","Tools of the Trade"],"picked":"Corpse Explosion+1","floor":33.0},{"not_picked":["Backstab+1","Quick Slash"],"picked":"Infinite Blades+1","floor":35.0},{"not_picked":["Escape Plan+1","Blade Dance+1"],"picked":"Cloak And Dagger+1","floor":36.0},{"not_picked":["Skewer","Sucker Punch"],"picked":"Calculated Gamble+1","floor":39.0},{"not_picked":["Deflect+1","Catalyst+1"],"picked":"Concentrate+1","floor":40.0},{"not_picked":["Distraction+1","Underhanded Strike"],"picked":"Backflip+1","floor":41.0},{"not_picked":["Setup+1","Slice+1"],"picked":"PiercingWail+1","floor":42.0},{"not_picked":["Bouncing Flask+1","Quick Slash"],"picked":"Cloak And Dagger+1","floor":46.0},{"not_picked":["Eviscerate","Underhanded Strike+1"],"picked":"Deflect+1","floor":48.0}],"player_experience":107756,"relics_obtained":[{"floor":7.0,"key":"HornCleat"},{"floor":9.0,"key":"Kunai"},{"floor":26.0,"key":"Shuriken"},{"floor":30.0,"key":"Toxic Egg 2"},{"floor":40.0,"key":"Boot"},{"floor":43.0,"key":"The Courier"},{"floor":45.0,"key":"Singing Bowl"}],"event_choices":[{"damage_healed":0.0,"max_hp_gain":0.0,"max_hp_loss":0.0,"gold_gain":0.0,"event_name":"Scrap Ooze","player_choice":"Success","floor":2.0,"gold_loss":0.0,"damage_taken":3.0,"relics_obtained":["Darkstone Periapt"]},{"damage_healed":0.0,"max_hp_gain":0.0,"max_hp_loss":0.0,"gold_gain":75.0,"event_name":"World of Goop","player_choice":"Gather Gold","floor":5.0,"gold_loss":0.0,"damage_taken":11.0},{"damage_healed":0.0,"max_hp_gain":0.0,"max_hp_loss":0.0,"gold_gain":0.0,"cards_transformed":["Strike_G","Defend_G"],"event_name":"Drug Dealer","player_choice":"Became Test Subject","floor":19.0,"gold_loss":0.0,"damage_taken":0.0,"cards_obtained":["Backstab","Choke"]},{"damage_healed":0.0,"max_hp_gain":0.0,"max_hp_loss":0.0,"gold_gain":100.0,"event_name":"Golden Shrine","player_choice":"Pray","floor":28.0,"gold_loss":0.0,"damage_taken":0.0},{"cards_removed":["Defend_G"],"damage_healed":0.0,"max_hp_gain":0.0,"max_hp_loss":0.0,"gold_gain":0.0,"event_name":"Falling","player_choice":"Removed Skill","floor":38.0,"gold_loss":0.0,"damage_taken":0.0},{"damage_healed":0.0,"max_hp_gain":0.0,"max_hp_loss":0.0,"gold_gain":0.0,"event_name":"Lab","player_choice":"Got Potions","floor":47.0,"gold_loss":0.0,"damage_taken":0.0}],"is_beta":false,"boss_relics":[{"not_picked":["Snecko Eye","Ectoplasm"],"picked":"Ring of the Serpent"},{"not_picked":["Tiny House","Coffee Dripper"],"picked":"WristBlade"}],"items_purged_floors":[3,10],"is_endless":false,"potions_floor_spawned":[16,20,27,29,31,33,35,36,37,42,48],"ascension_level":6}}