{"host":"udzsrhbqdxqtlypj","time":1609093982,"event":{"mods":["BaseMod","Minty Spire (QoL Compilation)","Relic Stats"],"gold_per_floor":[117,135,148,448,448,448,478,495,495,495,495,495],"floor_reached":11,"playtime":512,"items_purged":[],"score":110,"play_id":"0ed1ebcf-e422-4287-8c17-d51e4675d778","local_time":"20201227123302","is_ascension_mode":true,"campfire_choices":[{"data":"Barricade","floor":6,"key":"SMITH"},{"data":"Entrench","floor":10,"key":"SMITH"}],"circlet_count":0,"master_deck":["AscendersBane","Strike_R","Strike_R","Strike_R","Strike_R","Strike_R","Defend_R","Defend_R","Defend_R","Defend_R","Bash","Barricade+1","Entrench+1","Pommel Strike","Bloodletting","Power Through","Pommel Strike"],"relics":["Burning Blood","Old Coin","Pear","Dream Catcher"],"acts_visited":["Exordium"],"potions_floor_usage":[7,8],"damage_taken":[{"damage":6,"enemies":"Cultist","floor":1,"turns":4},{"damage":13,"enemies":"Small Slimes","floor":2,"turns":7},{"damage":13,"enemies":"Jaw Worm","floor":3,"turns":5},{"damage":40,"enemies":"Gremlin Nob","floor":7,"turns":5},{"damage":8,"enemies":"Blue Slaver","floor":8,"turns":3},{"damage":34,"enemies":"Lagavulin","floor":11,"turns":11}],"seed_played":"8534214620015593448","potions_obtained":[{"floor":2,"key":"Explosive Potion"},{"floor":7,"key":"Fire Potion"}],"is_trial":false,"path_per_floor":["M","M","M","T","?","R","E","M","T","R","E"],"character_chosen":"IRONCLAD","items_purchased":[],"campfire_rested":0,"item_purchase_floors":[],"current_hp_per_floor":[72,65,58,58,58,58,34,32,32,32,0,0],"gold":495,"neow_bonus":"ONE_RANDOM_RARE_CARD","is_daily":false,"chose_seed":false,"campfire_upgraded":2,"win_rate":0.0,"timestamp":1609093982,"path_taken":["M","M","M","?","?","R","E","M","T","R","E"],"items_purchased_type":[],"build_version":"2020-12-22","purchased_purges":0,"victory":false,"max_hp_per_floor":[80,80,80,80,80,80,90,90,90,90,90,90],"relic_stats":{"Dream Catcher":0,"counters":[6,35],"obtain_stats":[{"Dream Catcher":9,"Pear":7,"Burning Blood":0,"Old Coin":4},{"Dream Catcher":5,"Pear":4,"Burning Blood":0,"Old Coin":3},{"Dream Catcher":24,"Pear":21,"Burning Blood":0,"Old Coin":16}],"Burning Blood":30},"card_choices":[{"not_picked":["Warcry","Armaments"],"picked":"Entrench","floor":1},{"not_picked":["True Grit","Perfected Strike"],"picked":"Pommel Strike","floor":2},{"not_picked":["Sword Boomerang","Cleave"],"picked":"Bloodletting","floor":3},{"not_picked":["Demon Form","Perfected Strike"],"picked":"Power Through","floor":7},{"not_picked":["Perfected Strike","Clothesline"],"picked":"Pommel Strike","floor":8}],"player_experience":2739927,"relics_obtained":[{"floor":4,"key":"Old Coin"},{"floor":7,"key":"Pear"},{"floor":9,"key":"Dream Catcher"}],"event_choices":[{"damage_healed":0,"gold_gain":0,"player_choice":"Ignored","damage_taken":0,"max_hp_gain":0,"max_hp_loss":0,"event_name":"Liars Game","floor":5,"gold_loss":0}],"is_beta":false,"boss_relics":[],"items_purged_floors":[],"is_endless":false,"potions_floor_spawned":[2,7],"killed_by":"Lagavulin","ascension_level":10}}