{"host":"bbld1ic1uj90ldt9","time":1609105437,"event":{"mods":["2.2 Compatiblity","AchievementEnabler","Act Like it!","BaseMod","Better Third Choice","Conspire","Downfall","Emptier Cage","Gensokyo","Hallownest","Hermit","Highlight Path","Hubris","Marisa????????","Minty Spire (QoL Compilation)","Random Character Button","Replay The Spire","StSLib","The Animator","The Bug Knight","The Cursed","The Disciple","The Hierophant","The Jungle","The Runesmith","The Servant 0.9.4"],"gold_per_floor":[117,117,137,137,137,171,171,171,171],"floor_reached":8,"playtime":605,"items_purged":[],"score":83,"play_id":"7351a315-befb-44a6-8fcb-2486cb7c3195","local_time":"20201227224357","is_ascension_mode":true,"campfire_choices":[{"floor":7,"key":"REST"}],"circlet_count":0,"master_deck":["AscendersBane","Strike_G","Strike_G","Strike_G","Strike_G","Strike_G","Defend_G","Defend_G","Defend_G","Defend_G","Defend_G","Survivor","Neutralize","Prepared","hubris:SlightOfHand"],"relics":["Ring of the Snake","Ornamental Fan","hubris:Icosahedron","Gensokyo:OccultBall","Boot"],"acts_visited":["Gensokyo:Gensokyo"],"potions_floor_usage":[],"damage_taken":[{"damage":0,"enemies":"Gensokyo:Python","floor":1,"turns":4},{"damage":24,"enemies":"Gensokyo:3_Fairies","floor":3,"turns":8},{"damage":18,"enemies":"Gensokyo:Cirno","floor":6,"turns":6},{"damage":43,"enemies":"Gensokyo:Mamizou","floor":8,"turns":9}],"seed_played":"8973779690992125577","potions_obtained":[{"floor":3,"key":"sneckomod:MuddlingPotion"}],"is_trial":false,"path_per_floor":["M","?","M","?","?","E","R","E"],"character_chosen":"THE_SILENT","items_purchased":[],"campfire_rested":1,"item_purchase_floors":[],"current_hp_per_floor":[70,55,31,31,31,13,36,0,0],"gold":171,"neow_bonus":"TEN_PERCENT_HP_BONUS","is_daily":false,"chose_seed":false,"campfire_upgraded":0,"win_rate":0.0,"timestamp":1609105437,"path_taken":["M","?","M","?","?","E","R","E"],"items_purchased_type":[],"build_version":"2020-12-22","purchased_purges":0,"victory":false,"max_hp_per_floor":[77,77,77,77,77,77,77,77,77],"card_choices":[{"not_picked":["hubris:SlightOfHand","Sneak Up"],"picked":"Terror","floor":1},{"not_picked":["Hidden Blade","Bane"],"picked":"Prepared","floor":3},{"not_picked":["Prepared","Dagger Throw"],"picked":"hubris:SlightOfHand","floor":6}],"player_experience":2182818,"relics_obtained":[{"floor":6,"key":"Boot"}],"event_choices":[],"is_beta":false,"boss_relics":[],"items_purged_floors":[],"is_endless":false,"potions_floor_spawned":[3],"killed_by":"Gensokyo:Mamizou","ascension_level":13}}