{"host":"qhhcmep1unj6mpf7","time":1609075274,"event":{"mods":["2.2 Compatiblity","AchievementEnabler","BaseMod","Colored Map","DeckTracker","Highlight Path","Keyboard Shortcuts","Minty Spire (QoL Compilation)","Permanent Neow","Quick Restart","Random Character Button","StSLib","SuperFastMode","everything is the same but u backflip on backflip"],"gold_per_floor":[419,434,225,242,262,262,262,277,277,296,296,41,55,72,72,171,171,171,171],"floor_reached":18,"playtime":413,"items_purged":["Strike_B","Strike_B"],"score":164,"play_id":"c3c116d7-060e-4685-89b9-258abfe104b9","local_time":"20201227222114","is_ascension_mode":true,"campfire_choices":[{"data":"Loop","floor":6,"key":"SMITH"},{"floor":15,"key":"REST"}],"circlet_count":0,"master_deck":["Strike_B+1","Strike_B+1","Defend_B","Defend_B","Defend_B","Defend_B","Zap","Dualcast","Consume","Ball Lightning","Loop+1","Sweeping Beam","Self Repair","Echo Form"],"relics":["Cracked Core","Old Coin","Mummified Hand","Dead Branch","Art of War","Nuclear Battery"],"acts_visited":["Exordium","TheCity"],"potions_floor_usage":[16],"damage_taken":[{"damage":0,"enemies":"Cultist","floor":1,"turns":4},{"damage":0,"enemies":"Small Slimes","floor":2,"turns":3},{"damage":1,"enemies":"Jaw Worm","floor":4,"turns":3},{"damage":4,"enemies":"2 Fungi Beasts","floor":5,"turns":3},{"damage":10,"enemies":"Exordium Thugs","floor":8,"turns":3},{"damage":0,"enemies":"Looter","floor":10,"turns":3},{"damage":8,"enemies":"3 Louse","floor":13,"turns":3},{"damage":6,"enemies":"Large Slime","floor":14,"turns":5},{"damage":30,"enemies":"Hexaghost","floor":16,"turns":9},{"damage":0,"enemies":"Chosen","floor":18,"turns":1}],"seed_played":"-6845720874903759972","potions_obtained":[{"floor":5,"key":"ColorlessPotion"},{"floor":10,"key":"SteroidPotion"},{"floor":13,"key":"ColorlessPotion"},{"floor":14,"key":"FearPotion"},{"floor":16,"key":"Swift Potion"}],"is_trial":false,"path_per_floor":["M","M","$","M","M","R","?","M","T","M","?","$","M","M","R","B",null,"M"],"character_chosen":"DEFECT","items_purchased":["Ball Lightning","Loop","Art of War"],"campfire_rested":1,"item_purchase_floors":[3,3,12],"current_hp_per_floor":[54,54,54,53,49,49,34,24,24,24,24,24,16,10,32,9,75,75,75],"gold":171,"neow_bonus":"ONE_RARE_RELIC","is_daily":false,"chose_seed":false,"campfire_upgraded":1,"win_rate":0.0,"timestamp":1609075274,"path_taken":["M","M","$","M","?","R","?","M","T","M","?","$","M","M","R","BOSS","M"],"items_purchased_type":["Card","Card","Relic"],"build_version":"2020-12-22","purchased_purges":2,"victory":false,"max_hp_per_floor":[75,75,75,75,75,75,75,75,75,75,75,75,75,75,75,75,75,75,75],"card_choices":[{"not_picked":["Ball Lightning","Steam"],"picked":"Consume","floor":1},{"not_picked":["Lockon","Gash","Conserve Battery"],"picked":"SKIP","floor":2},{"not_picked":["Beam Cell","Rebound","Cold Snap"],"picked":"SKIP","floor":4},{"not_picked":["Scrape","Compile Driver","BootSequence"],"picked":"SKIP","floor":5},{"not_picked":["Consume","Rainbow"],"picked":"Sweeping Beam","floor":8},{"not_picked":["Barrage","Steam","Rebound"],"picked":"SKIP","floor":10},{"not_picked":["Barrage","Gash","Ball Lightning"],"picked":"SKIP","floor":13},{"not_picked":["Rebound","Melter"],"picked":"Self Repair","floor":14},{"not_picked":["Machine Learning","Fission"],"picked":"Echo Form","floor":16}],"player_experience":329739,"relics_obtained":[{"floor":9,"key":"Mummified Hand"}],"event_choices":[{"damage_healed":0,"gold_gain":0,"player_choice":"Entered Light","damage_taken":15,"max_hp_gain":0,"max_hp_loss":0,"event_name":"Shining Light","floor":7,"gold_loss":0,"cards_upgraded":["Strike_B","Strike_B"]},{"damage_healed":0,"gold_gain":0,"player_choice":"Gave Potion","damage_taken":0,"relics_obtained":["Dead Branch"],"max_hp_gain":0,"max_hp_loss":0,"event_name":"WeMeetAgain","floor":11,"gold_loss":0}],"is_beta":false,"boss_relics":[{"not_picked":["Cursed Key","Runic Dome"],"picked":"Nuclear Battery"}],"items_purged_floors":[3,12],"is_endless":false,"potions_floor_spawned":[5,10,13,14,16],"killed_by":"Chosen","ascension_level":1}}