{"host":"3i0tc1zs9k2bo7un","time":1609059998,"event":{"mods":["Act Like it!","Aspiration","BaseMod","Better Synergies","Communication Mod","Gensokyo","Minty Spire (QoL Compilation)","MostiFishMod","Quick Restart","Replay The Spire","StSLib","TestMod","[IsaacMod]以撒尖塔","【遗物卡牌】REMEMod"],"gold_per_floor":[112,112,112,112,16,50,50,83,108,108,124,124,140,154,154,225,225,245,73,114,127,127,127,559,559,640,565,609,621,637,683,683,766,775,789,804,395,418,368,405,405,825,902,902,902,902],"floor_reached":45,"playtime":2086,"items_purged":["Strike_B","Clumsy","Defend_B","Defend_B"],"score":1842,"play_id":"6ecdf0ed-70f5-465f-83c3-16afe9eb0ba5","local_time":"20201227170638","is_ascension_mode":true,"campfire_choices":[{"data":"Seek","floor":7.0,"key":"SMITH"},{"data":"MostiFishMod:Overload","floor":10.0,"key":"SMITH"},{"data":"Skim","floor":12.0,"key":"SMITH"},{"floor":15.0,"key":"RECALL"},{"data":"MostiFishMod:ATRI","floor":23.0,"key":"SMITH"},{"data":"MostiFishMod:ReadyAimFire","floor":41,"key":"SMITH"}],"circlet_count":0,"master_deck":["AscendersBane","Defend_B","Defend_B","Zap","Dualcast","Storm","Skim+1","MostiFishMod:Overload+1","MostiFishMod:Overload+1","MostiFishMod:InterfaceCompatibility","MostiFishMod:Distribution","MostiFishMod:Distribution+1","MostiFishMod:Tomorrow+1","Crystallizer+1","MostiFishMod:ATRI+1","Turbo","MostiFishMod:Overload","MostiFishMod:Overload","MostiFishMod:ReadyAimFire+1","Amplify","Fission+1","Glacier","Echo Form+1"],"relics":["Cracked Core","DaveBox","testmod-TestBox","HushsDoor","REME_ComplimentaryCards","Chaos","testmod-ChristmasGift","Nloth\u0027s Gift","NeowsBlessing","SynthV:TestCard","Gensokyo:NagashiBinaDoll","testmod-Fanaticism","InkBottle","Runic Cube","testmod-FatalChain","Astrolabe","GuppysCollar","HaiYi:Twilight","Gensokyo:ConquerorOfFear","Frozen Eye","REME_LowDesire","CeramicFish","Membership Card","ReplayTheSpireMod:Shallot","Meat on the Bone","BrkXgEgg","GuppysHairball","The Courier","aspiration:FutureDiary","Pen Nib","Prayer Wheel","Electric Blood"],"acts_visited":["Gensokyo:Gensokyo","Gensokyo:Gensokyoer","Gensokyo:Gensokyoest"],"potions_floor_usage":[40,40],"damage_taken":[{"damage":0.0,"enemies":"Gensokyo:2_Kodama","floor":1.0,"turns":1.0},{"damage":0.0,"enemies":"Gensokyo:Cirno","floor":6.0,"turns":2.0},{"damage":0.0,"enemies":"Gensokyo:Aya","floor":8.0,"turns":1.0},{"damage":0.0,"enemies":"Gensokyo:Python","floor":11.0,"turns":3.0},{"damage":0.0,"enemies":"Gensokyo:Gryphon","floor":13.0,"turns":2.0},{"damage":3.0,"enemies":"Gensokyo:CorruptedTreant","floor":14.0,"turns":2.0},{"damage":0.0,"enemies":"Gensokyo:Yukari","floor":16.0,"turns":2.0},{"damage":0.0,"enemies":"Gensokyo:2_Gloops","floor":18.0,"turns":3.0},{"damage":30.0,"enemies":"Gensokyo:AngelMirror","floor":20.0,"turns":3.0},{"damage":13.0,"enemies":"Gensokyo:Wraith","floor":21.0,"turns":4.0},{"damage":13.0,"enemies":"Gensokyo:Koishi","floor":24.0,"turns":5.0},{"damage":13.0,"enemies":"Gensokyo:Tenshi","floor":28.0,"turns":2.0},{"damage":31.0,"enemies":"Gensokyo:Slime_Group","floor":29.0,"turns":2.0},{"damage":17.0,"enemies":"Gensokyo:Monolith_and_Dog","floor":30.0,"turns":2.0},{"damage":0.0,"enemies":"Gensokyo:Kaguya","floor":33.0,"turns":3.0},{"damage":0.0,"enemies":"Gensokyo:3_Boulders","floor":35.0,"turns":2.0},{"damage":0.0,"enemies":"Gensokyo:AncientGuardian","floor":36.0,"turns":1.0},{"damage":61.0,"enemies":"Gensokyo:4_Bats","floor":38.0,"turns":2.0},{"damage":63,"enemies":"Gensokyo:Marisa","floor":40,"turns":7},{"damage":17,"enemies":"Gensokyo:Rafflesia","floor":42,"turns":2},{"damage":4,"enemies":"Gensokyo:Doremy","floor":45,"turns":1}],"seed_played":"2283490102867747007","potions_obtained":[{"floor":1.0,"key":"AttackPotion"},{"floor":6.0,"key":"Elixir"},{"floor":18.0,"key":"REME_GoldPotion"},{"floor":21.0,"key":"FearPotion"},{"floor":31.0,"key":"GamblersBrew"},{"floor":36.0,"key":"BlessingOfTheForge"}],"is_trial":false,"path_per_floor":["M","?","?","?","COS","E","R","E","T","R","M","R","M","M","R","B",null,"M","COS","M","M","?","R","E","?","T","$","E","M","M","?","R","B",null,"M","M","COS","M","$","E","R","M","T","?","E"],"character_chosen":"DEFECT","items_purchased":["GuppysCollar","Fission","GuppysHairball"],"campfire_rested":0,"item_purchase_floors":[17,34,34],"current_hp_per_floor":[64,78,78,78,78,79,79,80,80,80,81,81,84,83,83,85,67,67,67,64,61,61,61,63,63,63,63,67,67,51,29,14,34,43,45,46,46,27,27,46,46,37,37,37,33,33],"gold":902,"neow_bonus":"THREE_ENEMY_KILL","is_daily":false,"chose_seed":false,"campfire_upgraded":5,"win_rate":0.0,"timestamp":1609059998,"path_taken":["M","?","?","?","COS","E","R","E","T","R","M","R","M","M","R","BOSS","M","COS","M","M","?","R","E","?","T","$","E","?","M","?","R","BOSS","M","?","COS","M","$","E","R","M","T","?","E"],"items_purchased_type":["Relic","Card","Relic"],"build_version":"2020-12-22","purchased_purges":4,"victory":false,"max_hp_per_floor":[71,85,85,85,85,85,85,85,85,85,85,85,85,85,85,85,67,67,67,67,67,67,67,67,67,67,67,67,67,67,67,67,67,46,46,46,46,46,46,46,46,46,46,46,46,46],"card_choices":[{"not_picked":["Rebound","REME_Whirling","Beam Cell"],"picked":"SKIP","floor":1.0},{"not_picked":["Rebound","Gash","Stack","Beam Cell"],"picked":"Storm","floor":4.0},{"not_picked":["Doom and Gloom","Beam Cell","Force Field","Barrage"],"picked":"Skim","floor":4.0},{"not_picked":["ReplayTheSpireMod:GoodbyeWorld","Panic Button","Reinforced Body","MostiFishMod:GoodWordForIt"],"picked":"Seek","floor":6.0},{"not_picked":["Streamline","Leap","Sweeping Beam","ReplayTheSpireMod:Reroute Power"],"picked":"MostiFishMod:Overload","floor":8.0},{"not_picked":["Seek","MostiFishMod:Nova","MostiFishMod:DawningShadow","Reboot"],"picked":"MostiFishMod:InterfaceCompatibility","floor":11.0},{"not_picked":["Fusion","Auto Shields","Beam Cell","Compile Driver","ReplaySort"],"picked":"SKIP","floor":11.0},{"not_picked":["Undo","BasicCrystalCard","MostiFishMod:GatherIntelligence","Melter","Stack"],"picked":"SKIP","floor":13.0},{"not_picked":["Conserve Battery","Sweeping Beam","Rip and Tear","aspiration:Polymerization"],"picked":"ElectricPowerLearning","floor":14.0},{"not_picked":["All For One","MostiFishMod:IceShield","MostiFishMod:Nova","MostiFishMod:Prepare"],"picked":"MostiFishMod:Distribution","floor":16.0},{"not_picked":["Sweeping Beam","Gash","Stack+1","Beam Cell","Barrage"],"picked":"SKIP","floor":18.0},{"not_picked":["Streamline","MostiFishMod:DawningShadow","Leap","Gash"],"picked":"MostiFishMod:ATRI","floor":20.0},{"not_picked":["Cold Snap","Barrage+1","Panic Button+1","Streamline"],"picked":"Turbo","floor":21.0},{"not_picked":["Streamline","Self Repair","Skim","Compile Driver+1"],"picked":"MostiFishMod:Overload","floor":24.0},{"not_picked":["Aggregate","Cold Snap","Steam+1","BasicCrystalCard","Panache"],"picked":"MostiFishMod:ReadyAimFire","floor":28.0},{"not_picked":["Force Field","Hologram","Cold Snap","Conserve Battery","Sweeping Beam+1","Thinking Ahead"],"picked":"SKIP","floor":29.0},{"not_picked":["White Noise","Steam+1","Doom and Gloom","Leap","Streamline","testmod-AutoReboundSystem"],"picked":"SKIP","floor":30.0},{"not_picked":["Mirror Shield","MostiFishMod:InterfaceCompatibility","MostiFishMod:GoodWordForIt","REME_ForAll","BettingIsNotGood"],"picked":"Amplify","floor":33.0},{"not_picked":["Turbo","Steam","Undo+1","Sweeping Beam+1","aspiration:Polymerization","Bomb"],"picked":"SKIP","floor":35.0},{"not_picked":["Conserve Battery+1","Machine Learning+1","Panic Button","Hologram+1","Fusion+1","Metamorphosis+1"],"picked":"SKIP","floor":36.0},{"not_picked":["MostiFishMod:Overload+1","Hologram","Chill","Cold Snap+1","testmod-Illusory+1"],"picked":"Glacier","floor":38.0},{"not_picked":["Core Surge","MostiFishMod:Hijack","MostiFishMod:ActiveDefenseSystem","MostiFishMod:Culaccino","MostiFishMod:Distribution"],"picked":"ReplayTheSpireMod:Fabricate Wheel","floor":40},{"not_picked":["Beam Cell","ReplayTheSpireMod:Reroute Power","MostiFishMod:Impulse+1","BasicCrystalCard","Fan","testmod-Automaton"],"picked":"SKIP","floor":40},{"not_picked":["Machine Learning+1","Streamline+1","Panic Button","Doom and Gloom","BasicCrystalCard","testmod-Reflect+1"],"picked":"SKIP","floor":42},{"not_picked":["Panic Button+1","BasicCrystalCard+1","MostiFishMod:PushDownKick+1","Aggregate","Reinforced Body","Bomb"],"picked":"SKIP","floor":42}],"player_experience":658257,"relics_obtained":[{"floor":1.0,"key":"SynthV:TestCard"},{"floor":6.0,"key":"testmod-Fanaticism"},{"floor":8.0,"key":"InkBottle"},{"floor":9.0,"key":"Runic Cube"},{"floor":24.0,"key":"Gensokyo:ConquerorOfFear"},{"floor":24.0,"key":"Frozen Eye"},{"floor":26.0,"key":"REME_LowDesire"},{"floor":27.0,"key":"CeramicFish"},{"floor":27.0,"key":"Membership Card"},{"floor":28.0,"key":"Meat on the Bone"},{"floor":40,"key":"Pen Nib"}],"event_choices":[{"damage_healed":0.0,"max_hp_gain":0.0,"max_hp_loss":0.0,"gold_gain":0.0,"event_name":"给自己的盒子","player_choice":"Swap Relic","floor":2.0,"relics_lost":["Mango"],"gold_loss":0.0,"damage_taken":0.0,"relics_obtained":["Mango"]}],"is_beta":false,"boss_relics":[{"not_picked":["testmod-Acrobat","TakeMeEscape"],"picked":"Astrolabe"},{"not_picked":[]},{"not_picked":["testmod-Maize","King of Hearts"],"picked":"BrkXgEgg"},{"not_picked":[]}],"items_purged_floors":[17,27,34,39],"is_endless":false,"potions_floor_spawned":[1,6,14,18,21,28,36,42],"killed_by":"Gensokyo:Doremy","ascension_level":20}}