{"host":"w2kjv12xyhtt0cv2","time":1609085453,"event":{"mods":["10 clothes from DAL","Act Like it!","BaseMod","Colored Map","Conspire","Friendly Minions","Gensokyo","Highlight Path","Hubris","Marisa（F雨　魔理沙）","Minty Spire (QoL Compilation)","Quick Restart","Reimu（博丽灵梦）","Relic Stats","Replay The Spire","RumiaBox-露米娅的神秘盒子","Spicy Shops","StSLib","The Servant 0.9.4","UnlockEverythingMod","Waifu the Spire","[功能]功能增强和修复MOD","vexMod","【功能Mod】Neow奖励","【功能Mod】混沌之环修复补丁","【遗物卡牌】REMEMod","没有小屋子和绿帽子啦"],"gold_per_floor":[18,37,37,143,143,174,188,188,188,84,94,244,419,108,108,203,203,219,12,12,12,27,27,27],"floor_reached":23,"playtime":3644,"items_purged":["Pain","Doubt"],"score":221,"play_id":"52d8e28b-33ba-4ced-b9b0-6cb712e44f5f","local_time":"20201228001053","is_ascension_mode":true,"campfire_choices":[{"data":"LovePray:ReiMu","floor":8.0,"key":"SMITH"},{"data":"Night Terror","floor":15.0,"key":"SMITH"}],"circlet_count":0,"master_deck":["Strike_Lin:ReiMu","Strike_Lin:ReiMu","Strike_Lin:ReiMu","Strike_Lin:ReiMu","Defend_Lin:ReiMu","Defend_Lin:ReiMu","Defend_Lin:ReiMu","Defend_Lin:ReiMu","NB:ReiMu","Stagnation:ReiMu","Night Terror+1","PassingAway:ReiMu","UniversalSpiritual:ReiMu","UpKicking:ReiMu","FantasyBorder:ReiMu","LovePray:ReiMu+1","ManaGlint:ReiMu","PrayRite:ReiMu","Conquer:ReiMu+1","CleanRite:ReiMu","REME_MawOfCthun","Crusade:ReiMu"],"relics":["FlyPower:ReiMu","REME_ComplimentaryCards","hubris:CuriousFeather","WarpedTongs","vexMod:Dragonfruit","Replay:Ringing Soul","ReplayTheSpireMod:CursedCoin","hubris:DisguiseKit","REME_LowDesire","MealTicket","Gremlin Food","ReplayTheSpireMod:TigerMarble","hubris:Towel"],"acts_visited":["Exordium","TheCity"],"potions_floor_usage":[18,23],"damage_taken":[{"damage":11.0,"enemies":"Cultist","floor":1.0,"turns":6.0},{"damage":8.0,"enemies":"Small Slimes","floor":2.0,"turns":6.0},{"damage":35.0,"enemies":"Lagavulin","floor":6.0,"turns":12.0},{"damage":5.0,"enemies":"2 Louse","floor":7.0,"turns":2.0},{"damage":0.0,"enemies":"Gremlin Gang","floor":11.0,"turns":2.0},{"damage":14.0,"enemies":"The Guardian","floor":16.0,"turns":10.0},{"damage":24,"enemies":"Shell Parasite","floor":18,"turns":5},{"damage":7,"enemies":"3 Byrds","floor":22,"turns":6},{"damage":72,"enemies":"Gremlin Leader","floor":23,"turns":8}],"seed_played":"6945226508246721412","potions_obtained":[{"floor":2.0,"key":"conspire:TimeTravelPotion"},{"floor":7.0,"key":"EssenceOfSteel"},{"floor":11.0,"key":"GamblersBrew"},{"floor":16.0,"key":"PowerPotion"}],"is_trial":false,"path_per_floor":["M","M","$","?","?","E","M","R","T","$","M","$","?","$","R","B",null,"M","$","?","?","M","E"],"character_chosen":"REIMU","items_purchased":["Conquer:ReiMu+1","ReplayTheSpireMod:CursedCoin","hubris:DisguiseKit","Crusade:ReiMu","ReplayTheSpireMod:TigerMarble"],"campfire_rested":0,"item_purchase_floors":[10,12,14,19,19],"current_hp_per_floor":[54,46,46,46,46,19,14,14,14,17,17,20,23,23,23,12,82,61,79,79,79,72,0,0],"gold":27,"neow_bonus":"ONE_RARE_RELIC","is_daily":false,"chose_seed":false,"campfire_upgraded":2,"win_rate":0.0,"timestamp":1609085453,"path_taken":["M","?","$","?","?","E","?","R","T","$","M","$","?","$","R","BOSS","M","$","?","?","?","E"],"items_purchased_type":["Card","Relic","Relic","Card","Relic"],"build_version":"2020-12-22","purchased_purges":2,"victory":false,"max_hp_per_floor":[65,65,65,65,65,70,70,70,70,73,73,76,79,79,79,82,82,85,88,88,88,88,88,88],"relic_stats":{"counters":[9,57],"MealTicket":15,"obtain_stats":[{"Gremlin Food":17,"hubris:DisguiseKit":14,"ReplayTheSpireMod:CursedCoin":12,"hubris:Towel":20,"WarpedTongs":5,"vexMod:Dragonfruit":6,"Replay:Ringing Soul":9,"MealTicket":17,"hubris:CuriousFeather":0,"ReplayTheSpireMod:TigerMarble":19,"REME_LowDesire":17,"FlyPower:ReiMu":0,"REME_ComplimentaryCards":0},{"Gremlin Food":6,"hubris:DisguiseKit":5,"ReplayTheSpireMod:CursedCoin":5,"hubris:Towel":7,"WarpedTongs":2,"vexMod:Dragonfruit":3,"Replay:Ringing Soul":4,"MealTicket":6,"hubris:CuriousFeather":0,"ReplayTheSpireMod:TigerMarble":7,"REME_LowDesire":6,"FlyPower:ReiMu":0,"REME_ComplimentaryCards":0},{"Gremlin Food":38,"hubris:DisguiseKit":28,"ReplayTheSpireMod:CursedCoin":28,"hubris:Towel":43,"WarpedTongs":12,"vexMod:Dragonfruit":24,"Replay:Ringing Soul":26,"MealTicket":38,"hubris:CuriousFeather":0,"ReplayTheSpireMod:TigerMarble":43,"REME_LowDesire":38,"FlyPower:ReiMu":0,"REME_ComplimentaryCards":0}],"WarpedTongs":[45]},"card_choices":[{"not_picked":["PrepareRite:ReiMu","Enchanting:ReiMu"],"picked":"PassingAway:ReiMu","floor":1.0},{"not_picked":["SpringWay:ReiMu","WonderfulDomain:ReiMu"],"picked":"UniversalSpiritual:ReiMu","floor":2.0},{"not_picked":["SafetyPray:ReiMu","SubcavityInstant:ReiMu"],"picked":"UpKicking:ReiMu","floor":4.0},{"not_picked":["TightArray:ReiMu","RainPray2:ReiMu"],"picked":"FantasyBorder:ReiMu","floor":4.0},{"not_picked":["Amulet:ReiMu","Mountainwind:ReiMu"],"picked":"LovePray:ReiMu","floor":4.0},{"not_picked":["Enchanting:ReiMu","InherentArray:ReiMu"],"picked":"ManaGlint:ReiMu","floor":6.0},{"not_picked":["Conquer:ReiMu","SpringWay:ReiMu"],"picked":"PrayRite:ReiMu","floor":7.0},{"not_picked":["Intuition:ReiMu","SpiritualOutbreak2:ReiMu","SubAcupoint:ReiMu"],"picked":"SKIP","floor":11.0},{"not_picked":["KyokaiOfKami:ReiMu","CeremonyResonance:ReiMu","REME_WorshipGod"],"picked":"CleanRite:ReiMu","floor":16.0},{"not_picked":["BarrageOfMoneybags:ReiMu","Meditation:ReiMu","EmergencyTakeOff:ReiMu","Replay:AtTheReady"],"picked":"REME_MawOfCthun","floor":18},{"not_picked":["WonderfulDomain:ReiMu","Meditation:ReiMu","SafetyPray:ReiMu","Metamorphosis","Evaluate"],"picked":"SKIP","floor":22}],"player_experience":32945,"relics_obtained":[{"floor":6.0,"key":"vexMod:Dragonfruit"},{"floor":9.0,"key":"Replay:Ringing Soul"},{"floor":17.0,"key":"MealTicket"},{"floor":17.0,"key":"Gremlin Food"}],"event_choices":[{"damage_healed":0.0,"max_hp_gain":0.0,"max_hp_loss":0.0,"gold_gain":0.0,"event_name":"Accursed Blacksmith","player_choice":"Rummage","floor":5.0,"gold_loss":0.0,"damage_taken":0.0,"relics_obtained":["WarpedTongs"],"cards_obtained":["Pain"]},{"damage_healed":0.0,"max_hp_gain":0.0,"max_hp_loss":0.0,"gold_gain":175.0,"event_name":"Liars Game","player_choice":"AGREE","floor":13.0,"gold_loss":0.0,"damage_taken":0.0,"cards_obtained":["Doubt"]},{"cards_removed":["hubris:Despair"],"damage_healed":0,"gold_gain":0,"player_choice":"Removed Curses","damage_taken":0,"max_hp_gain":0,"max_hp_loss":0,"event_name":"Fountain of Cleansing","floor":21,"gold_loss":0}],"is_beta":false,"boss_relics":[{"not_picked":["Replay:Bronze Core","conspire:SpecialSausage"],"picked":"REME_LowDesire"}],"items_purged_floors":[10,14],"is_endless":false,"potions_floor_spawned":[2,7,11,16],"killed_by":"Gremlin Leader","ascension_level":1}}