{"host":"e4wnmsyty9uvvtwf","time":1609046790,"event":{"mods":["Aspiration","BaseMod","Colored Map","Colored Powertips","Marisa£®ÏF”Í°°ƒß¿Ì…≥£©","Minty Spire (QoL Compilation)","Rare Cards Sparkle","Replay The Spire","StSLib"],"gold_per_floor":[116,135,135,135,151,151,166,181,181,181,21,21,47,57,57,129,129,139,149,149,176,176,176,207,219,219,253,270,270,302,316,316,316,316],"floor_reached":33,"playtime":1077,"items_purged":[],"score":703,"play_id":"36a7b6fb-2cff-49a8-8cb7-974e46e02c5b","local_time":"20201227132630","is_ascension_mode":true,"campfire_choices":[{"data":"Immolate","floor":6,"key":"SMITH"},{"data":"True Grit","floor":10,"key":"SMITH"},{"data":"aspiration:Lunge","floor":15,"key":"SMITH"},{"data":"Entrench","floor":23,"key":"SMITH"},{"data":"True Grit","floor":29,"key":"SMITH"},{"data":"Body Slam","floor":32,"key":"SMITH"}],"circlet_count":0,"master_deck":["AscendersBane","Strike_R","Strike_R","Defend_R","Defend_R","Defend_R","Defend_R","Bash","Flex","Body Slam+1","Bane","Underhanded Strike","aspiration:Lunge+1","Immolate+1","True Grit+1","Metallicize","Entrench+1","True Grit+1","Juggernaut","Impervious","Fire Breathing","Inflame","Armaments+1","Impervious","Flex","Inflame","Metallicize"],"relics":["Burning Blood","Pear","OrangePellets","Replay:Accelerometer","Gremlin Food","Coffee Dripper","Red Mask","aspiration:HatOfInfinitePower","Sundial","Happy Flower","Nunchaku"],"acts_visited":["Exordium","TheCity"],"potions_floor_usage":[16,24,28,30,33],"damage_taken":[{"damage":4,"enemies":"Jaw Worm","floor":1,"turns":5},{"damage":8,"enemies":"2 Louse","floor":2,"turns":3},{"damage":1,"enemies":"Cultist","floor":5,"turns":3},{"damage":0,"enemies":"3 Louse","floor":7,"turns":1},{"damage":9,"enemies":"Blue Slaver","floor":8,"turns":3},{"damage":5,"enemies":"Gremlin Nob","floor":13,"turns":3},{"damage":9,"enemies":"2 Fungi Beasts","floor":14,"turns":2},{"damage":67,"enemies":"The Guardian","floor":16,"turns":14},{"damage":31,"enemies":"3 Byrds","floor":18,"turns":5},{"damage":0,"enemies":"Chosen","floor":19,"turns":3},{"damage":0,"enemies":"Masked Bandits","floor":21,"turns":1},{"damage":12,"enemies":"Gremlin Leader","floor":24,"turns":6},{"damage":15,"enemies":"Centurion and Healer","floor":25,"turns":7},{"damage":0,"enemies":"Slavers","floor":27,"turns":2},{"damage":17,"enemies":"Snecko","floor":28,"turns":4},{"damage":1,"enemies":"Replay:Snechameleon","floor":30,"turns":4},{"damage":9,"enemies":"Shelled Parasite and Fungi","floor":31,"turns":3},{"damage":51,"enemies":"Pondfish","floor":33,"turns":7}],"seed_played":"-795302040185166287","potions_obtained":[{"floor":5,"key":"SkillPotion"},{"floor":7,"key":"DuplicationPotion"},{"floor":8,"key":"Block Potion"},{"floor":25,"key":"Adrenaline Potion"},{"floor":27,"key":"DistilledChaos"},{"floor":28,"key":"SpeedPotion"}],"is_trial":false,"path_per_floor":["M","M","?","?","M","R","M","M","T","R","$","?","E","M","R","B",null,"M","M","?","?","?","R","E","M","T","E","M","R","E","M","R","B"],"character_chosen":"IRONCLAD","items_purchased":["OrangePellets"],"campfire_rested":0,"item_purchase_floors":[11],"current_hp_per_floor":[77,75,80,80,85,85,87,84,94,94,94,94,95,92,92,31,81,56,62,62,68,68,68,62,53,53,59,48,48,53,50,50,0,0],"gold":316,"neow_bonus":"TEN_PERCENT_HP_BONUS","is_daily":false,"chose_seed":false,"campfire_upgraded":6,"win_rate":0.0,"timestamp":1609046790,"path_taken":["M","M","?","?","M","R","M","M","T","R","$","?","E","?","R","BOSS","M","M","?","?","?","R","E","M","T","E","M","R","E","?","R","BOSS"],"items_purchased_type":["Relic"],"build_version":"2020-12-22","purchased_purges":0,"victory":false,"max_hp_per_floor":[82,82,87,87,87,87,87,87,97,97,97,97,97,97,97,97,97,97,97,97,97,97,97,97,97,97,97,97,97,97,97,97,97,97],"card_choices":[{"not_picked":["Body Slam","Anger"],"picked":"Flex","floor":1},{"not_picked":["ReplayTheSpireMod:Muscle Training","ReplayTheSpireMod:Limb From Limb"],"picked":"Body Slam","floor":2},{"not_picked":["Life Link","Spot Weakness"],"picked":"Immolate","floor":5},{"not_picked":["Cleave","ReplayTheSpireMod:Corrosion Curse"],"picked":"True Grit","floor":7},{"not_picked":["Body Slam","ReplayTheSpireMod:Strike From Hell"],"picked":"Metallicize","floor":8},{"not_picked":["Iron Wave","Impervious"],"picked":"Entrench","floor":13},{"not_picked":["Clash","Cleave"],"picked":"True Grit","floor":14},{"not_picked":["Immolate","Exhume"],"picked":"Juggernaut","floor":16},{"not_picked":["Run Through","Dark Embrace","Rampage"],"picked":"SKIP","floor":18},{"not_picked":["Clothesline","Hemokinesis","Thunderclap"],"picked":"SKIP","floor":19},{"not_picked":["Body Slam","Hemokinesis"],"picked":"Fire Breathing","floor":21},{"not_picked":["Metallicize","Headbutt"],"picked":"Inflame","floor":24},{"not_picked":["Ghostly Armor","Heavy Blade"],"picked":"Armaments+1","floor":25},{"not_picked":["Cleave","ReplayTheSpireMod:Strike From Hell"],"picked":"Impervious","floor":27},{"not_picked":["Anger","ReplayTheSpireMod:Corrosion Curse"],"picked":"Flex","floor":28},{"not_picked":["Sever Soul","Warcry"],"picked":"Inflame","floor":30},{"not_picked":["Sever Soul","Armaments"],"picked":"Metallicize","floor":31}],"player_experience":653063,"relics_obtained":[{"floor":9,"key":"Pear"},{"floor":12,"key":"Replay:Accelerometer"},{"floor":13,"key":"Gremlin Food"},{"floor":21,"key":"Red Mask"},{"floor":24,"key":"aspiration:HatOfInfinitePower"},{"floor":26,"key":"Sundial"},{"floor":27,"key":"Happy Flower"},{"floor":30,"key":"Nunchaku"}],"event_choices":[{"damage_healed":0,"gold_gain":0,"player_choice":"Donut","damage_taken":0,"max_hp_gain":5,"max_hp_loss":0,"event_name":"Big Fish","floor":3,"gold_loss":0},{"damage_healed":0,"gold_gain":0,"player_choice":"Relic","damage_taken":0,"max_hp_gain":0,"max_hp_loss":0,"event_name":"Wheel of Change","floor":12,"gold_loss":0},{"damage_healed":0,"gold_gain":0,"player_choice":"Read","damage_taken":0,"max_hp_gain":0,"max_hp_loss":0,"event_name":"The Library","floor":20,"gold_loss":0,"cards_obtained":["Impervious"]},{"damage_healed":0,"gold_gain":0,"player_choice":"Fought Bandits","damage_taken":0,"max_hp_gain":0,"max_hp_loss":0,"event_name":"Masked Bandits","floor":21,"gold_loss":0}],"is_beta":false,"boss_relics":[{"not_picked":["Honey Jar","aspiration:RitualDagger"],"picked":"Coffee Dripper"}],"items_purged_floors":[],"is_endless":false,"potions_floor_spawned":[5,7,8,13,25,27,28],"killed_by":"Pondfish","ascension_level":18}}