{"host":"yo9wwslrag05lh37","time":1609088546,"event":{"mods":["AchievementEnabler","BaseMod","Block Reminder","Colored Map","Colored Powertips","GifTheSpireLib","HexUI Lib","Highlight Path","Minty Spire (QoL Compilation)","Rare Cards Sparkle","Relic Stats","StSLib","everything is the same but u backflip on backflip"],"gold_per_floor":[116,129,144,160,170,170,197,197,197,272,288,316,316,23,23,100,100,119,119,44,44,60,60,60,92,117,117,130,161,161,172,172,243,243,256,267,36,36,53,53,88,103,182,182,236,261,261,273,273,273,273],"floor_reached":50,"playtime":2148,"items_purged":["Strike_B","Defend_B"],"score":1090,"play_id":"10351b6c-2c27-4920-9ab5-922b320d18ba","local_time":"20201227180226","is_ascension_mode":true,"campfire_choices":[{"data":"Fission","floor":6.0,"key":"SMITH"},{"data":"Electrodynamics","floor":8.0,"key":"SMITH"},{"data":"Darkness","floor":15.0,"key":"SMITH"},{"data":"Self Repair","floor":23.0,"key":"SMITH"},{"floor":27.0,"key":"RECALL"},{"data":"Thunder Strike","floor":30.0,"key":"SMITH"},{"floor":32.0,"key":"REST"},{"floor":40,"key":"REST"},{"floor":44,"key":"REST"},{"floor":47,"key":"REST"},{"floor":49,"key":"REST"}],"circlet_count":0,"master_deck":["AscendersBane","Defend_B","Defend_B","Defend_B","Zap","Dualcast","Electrodynamics+1","Ball Lightning","Conserve Battery","Darkness+1","Melter","Fission+1","Self Repair+1","Coolheaded+1","Core Surge","Ball Lightning","Necronomicurse","Thunder Strike+1","Chill","Creative AI","Darkness","Capacitor","Heatsinks","Consume","Compile Driver"],"relics":["Cracked Core","FossilizedHelix","White Beast Statue","Blue Candle","Membership Card","Orichalcum","Snecko Eye","Necronomicon","Smiling Mask","Strawberry","Regal Pillow","DataDisk","Fusion Hammer","TungstenRod","PreservedInsect","Gremlin Horn","Dead Branch","Bird Faced Urn"],"acts_visited":["Exordium","TheCity","TheBeyond"],"potions_floor_usage":[35,41,45,50],"damage_taken":[{"damage":6.0,"enemies":"2 Louse","floor":1.0,"turns":2.0},{"damage":5.0,"enemies":"Small Slimes","floor":2.0,"turns":2.0},{"damage":2.0,"enemies":"Jaw Worm","floor":3.0,"turns":3.0},{"damage":7.0,"enemies":"2 Fungi Beasts","floor":4.0,"turns":2.0},{"damage":13.0,"enemies":"Red Slaver","floor":5.0,"turns":4.0},{"damage":10.0,"enemies":"3 Sentries","floor":7.0,"turns":2.0},{"damage":0.0,"enemies":"Large Slime","floor":11.0,"turns":4.0},{"damage":0.0,"enemies":"Lagavulin","floor":12.0,"turns":3.0},{"damage":5.0,"enemies":"Slime Boss","floor":16.0,"turns":9.0},{"damage":0.0,"enemies":"Chosen","floor":18.0,"turns":4.0},{"damage":0.0,"enemies":"Shell Parasite","floor":22.0,"turns":3.0},{"damage":23.0,"enemies":"Book of Stabbing","floor":25.0,"turns":4.0},{"damage":8.0,"enemies":"Snake Plant","floor":28.0,"turns":3.0},{"damage":18.0,"enemies":"Gremlin Leader","floor":29.0,"turns":5.0},{"damage":9.0,"enemies":"Centurion and Healer","floor":31.0,"turns":3.0},{"damage":13.0,"enemies":"Champ","floor":33.0,"turns":7.0},{"damage":13,"enemies":"3 Darklings","floor":35,"turns":3},{"damage":0,"enemies":"3 Shapes","floor":36,"turns":2},{"damage":0,"enemies":"Transient","floor":39,"turns":6},{"damage":50,"enemies":"Giant Head","floor":41,"turns":6},{"damage":0,"enemies":"3 Darklings","floor":42,"turns":2},{"damage":0,"enemies":"2 Orb Walkers","floor":45,"turns":2},{"damage":0,"enemies":"Mind Bloom Boss Battle","floor":46,"turns":6},{"damage":11,"enemies":"Sphere and 2 Shapes","floor":48,"turns":3},{"damage":88,"enemies":"Time Eater","floor":50,"turns":6}],"seed_played":"7956508679774141829","potions_obtained":[{"floor":3.0,"key":"FocusPotion"},{"floor":5.0,"key":"PowerPotion"},{"floor":12.0,"key":"BlessingOfTheForge"},{"floor":16.0,"key":"Explosive Potion"},{"floor":22.0,"key":"Regen Potion"},{"floor":25.0,"key":"PotionOfCapacity"},{"floor":28.0,"key":"CultistPotion"},{"floor":33.0,"key":"BlessingOfTheForge"},{"floor":35,"key":"PotionOfCapacity"},{"floor":39,"key":"Block Potion"},{"floor":41,"key":"SpeedPotion"},{"floor":42,"key":"SkillPotion"},{"floor":45,"key":"DuplicationPotion"},{"floor":46,"key":"DuplicationPotion"}],"is_trial":false,"path_per_floor":["M","M","M","M","M","R","E","R","T","?","M","E","?","$","R","B",null,"M","?","?","?","M","R","?","E","T","R","M","E","R","M","R","B",null,"M","M","$","?","M","R","E","M","T","R","?","?","R","M","R","B"],"character_chosen":"DEFECT","items_purchased":["Membership Card","Orichalcum","TungstenRod","Capacitor"],"campfire_rested":5,"item_purchase_floors":[14,14,37,37],"current_hp_per_floor":[58,53,51,44,31,31,21,21,21,10,10,17,17,17,17,19,53,60,39,39,39,46,46,46,52,52,52,54,46,46,47,71,68,70,67,71,71,71,71,71,31,41,41,71,71,71,71,71,71,0,0],"gold":273,"neow_bonus":"TRANSFORM_TWO_CARDS","is_daily":false,"chose_seed":false,"campfire_upgraded":5,"win_rate":0.0,"timestamp":1609088546,"path_taken":["M","M","M","M","M","R","E","R","T","?","M","E","?","$","R","BOSS","M","?","?","?","?","R","?","E","T","R","?","E","R","M","R","BOSS","M","M","$","?","M","R","E","?","T","R","?","?","R","M","R","BOSS"],"items_purchased_type":["Relic","Relic","Relic","Card"],"build_version":"2020-12-22","purchased_purges":2,"victory":false,"max_hp_per_floor":[64,64,64,64,64,64,64,64,64,64,64,64,64,64,64,64,64,64,64,64,64,64,64,64,71,71,71,71,71,71,71,71,71,71,71,71,71,71,71,71,71,71,71,71,71,71,71,71,71,71,71],"relic_stats":{"Regal Pillow":12,"Gremlin Horn":[5,5],"counters":[25,96],"Blue Candle":[2],"Dead Branch":[12],"PreservedInsect":130,"Orichalcum":[132],"Smiling Mask":0,"Bird Faced Urn":[20],"Snecko Eye":[123,122,119,116],"Necronomicon":[21],"obtain_stats":[{"Regal Pillow":26,"Gremlin Horn":41,"Blue Candle":12,"Dead Branch":45,"PreservedInsect":38,"Orichalcum":14,"Smiling Mask":24,"White Beast Statue":9,"DataDisk":29,"Strawberry":25,"Bird Faced Urn":46,"Snecko Eye":17,"Fusion Hammer":34,"Necronomicon":19,"Membership Card":14,"Cracked Core":0,"FossilizedHelix":7,"TungstenRod":37},{"Regal Pillow":12,"Gremlin Horn":20,"Blue Candle":8,"Dead Branch":22,"PreservedInsect":18,"Orichalcum":8,"Smiling Mask":11,"White Beast Statue":6,"DataDisk":14,"Strawberry":12,"Bird Faced Urn":23,"Snecko Eye":9,"Fusion Hammer":16,"Necronomicon":10,"Membership Card":8,"Cracked Core":0,"FossilizedHelix":6,"TungstenRod":18},{"Regal Pillow":42,"Gremlin Horn":77,"Blue Candle":22,"Dead Branch":81,"PreservedInsect":65,"Orichalcum":22,"Smiling Mask":38,"White Beast Statue":15,"DataDisk":50,"Strawberry":42,"Bird Faced Urn":87,"Snecko Eye":31,"Fusion Hammer":60,"Necronomicon":35,"Membership Card":22,"Cracked Core":0,"FossilizedHelix":15,"TungstenRod":65}],"TungstenRod":16},"card_choices":[{"not_picked":["Sweeping Beam","Steam"],"picked":"Conserve Battery","floor":1.0},{"not_picked":["Streamline","Recycle"],"picked":"Darkness","floor":2.0},{"not_picked":["BootSequence","Fusion","Conserve Battery"],"picked":"SKIP","floor":3.0},{"not_picked":["Reinforced Body","Barrage"],"picked":"Melter","floor":4.0},{"not_picked":["Sweeping Beam","Streamline"],"picked":"Fission","floor":5.0},{"not_picked":["Turbo","Barrage","Stack"],"picked":"SKIP","floor":7.0},{"not_picked":["Coolheaded","Leap"],"picked":"Self Repair","floor":11.0},{"not_picked":["Force Field","Fusion"],"picked":"Coolheaded","floor":12.0},{"not_picked":["Amplify","Thunder Strike"],"picked":"Core Surge","floor":16.0},{"not_picked":["Hologram","Compile Driver"],"picked":"Ball Lightning","floor":18.0},{"not_picked":["Auto Shields","Redo+1","Force Field"],"picked":"SKIP","floor":22.0},{"not_picked":["Streamline+1","Turbo","Redo"],"picked":"SKIP","floor":25.0},{"not_picked":["Reprogram","Static Discharge+1"],"picked":"Thunder Strike","floor":28.0},{"not_picked":["Leap","Reprogram"],"picked":"Chill","floor":29.0},{"not_picked":["Rebound","Reinforced Body","Compile Driver"],"picked":"SKIP","floor":31.0},{"not_picked":["Rainbow","Hyperbeam"],"picked":"Creative AI","floor":33.0},{"not_picked":["Compile Driver","Steam","Rebound"],"picked":"SKIP","floor":35},{"not_picked":["Barrage","White Noise+1"],"picked":"Darkness","floor":36},{"not_picked":["Go for the Eyes","Cold Snap","Rip and Tear"],"picked":"SKIP","floor":39},{"not_picked":["Stack","Reinforced Body","Go for the Eyes"],"picked":"SKIP","floor":41},{"not_picked":["Static Discharge","Darkness","Coolheaded"],"picked":"SKIP","floor":42},{"not_picked":["Compile Driver","Ball Lightning"],"picked":"Heatsinks","floor":45},{"not_picked":["Compile Driver","Leap"],"picked":"Consume","floor":46},{"not_picked":["Ball Lightning","Aggregate"],"picked":"Compile Driver","floor":48}],"player_experience":1381706,"relics_obtained":[{"floor":7.0,"key":"FossilizedHelix"},{"floor":9.0,"key":"White Beast Statue"},{"floor":12.0,"key":"Blue Candle"},{"floor":19.0,"key":"Necronomicon"},{"floor":24.0,"key":"Smiling Mask"},{"floor":25.0,"key":"Strawberry"},{"floor":26.0,"key":"Regal Pillow"},{"floor":29.0,"key":"DataDisk"},{"floor":41,"key":"Gremlin Horn"},{"floor":45,"key":"Dead Branch"},{"floor":46,"key":"Bird Faced Urn"}],"event_choices":[{"damage_healed":0.0,"max_hp_gain":0.0,"max_hp_loss":0.0,"gold_gain":75.0,"event_name":"World of Goop","player_choice":"Gather Gold","floor":10.0,"gold_loss":0.0,"damage_taken":11.0},{"damage_healed":0.0,"max_hp_gain":0.0,"max_hp_loss":0.0,"gold_gain":0.0,"event_name":"Shining Light","player_choice":"Ignored","floor":13.0,"gold_loss":0.0,"damage_taken":0.0},{"damage_healed":0.0,"max_hp_gain":0.0,"max_hp_loss":0.0,"gold_gain":0.0,"event_name":"Cursed Tome","player_choice":"Obtained Book","floor":19.0,"gold_loss":0.0,"damage_taken":21.0},{"cards_removed":["Strike_B"],"damage_healed":0.0,"max_hp_gain":0.0,"max_hp_loss":0.0,"gold_gain":0.0,"event_name":"Beggar","player_choice":"Gave Gold","floor":20.0,"gold_loss":75.0,"damage_taken":0.0},{"damage_healed":0.0,"max_hp_gain":0.0,"max_hp_loss":0.0,"gold_gain":0.0,"event_name":"Upgrade Shrine","player_choice":"Upgraded","floor":21.0,"gold_loss":0.0,"damage_taken":0.0,"cards_upgraded":["Coolheaded"]},{"damage_healed":0.0,"max_hp_gain":0.0,"max_hp_loss":0.0,"gold_gain":0.0,"event_name":"Wheel of Change","player_choice":"Relic","floor":24.0,"gold_loss":0.0,"damage_taken":0.0},{"damage_healed":0,"gold_gain":0,"player_choice":"Gave Potion","damage_taken":0,"relics_obtained":["PreservedInsect"],"max_hp_gain":0,"max_hp_loss":0,"event_name":"WeMeetAgain","floor":38,"gold_loss":0},{"damage_healed":0,"gold_gain":0,"player_choice":"Fight","damage_taken":0,"max_hp_gain":0,"max_hp_loss":0,"event_name":"Mysterious Sphere","floor":45,"gold_loss":0},{"damage_healed":0,"gold_gain":0,"player_choice":"Fight","damage_taken":0,"max_hp_gain":0,"max_hp_loss":0,"event_name":"MindBloom","floor":46,"gold_loss":0}],"is_beta":false,"boss_relics":[{"not_picked":["Tiny House","Inserter"],"picked":"Snecko Eye"},{"not_picked":["Pandora\u0027s Box","Runic Dome"],"picked":"Fusion Hammer"}],"items_purged_floors":[14,37],"is_endless":false,"potions_floor_spawned":[3,5,7,11,12,16,18,22,25,28,29,31,33,35,36,39,41,42,45,46,48],"killed_by":"Time Eater","ascension_level":20}}