{"host":"dhyczjm99amxd3qx","time":1609101681,"event":{"mods":["BaseMod","Colored Map","Googly Eyes","Highlight Path","Minty Spire (QoL Compilation)","Quick Restart","StSLib"],"gold_per_floor":[20,31,31,46,46,221,256,281,281,281,321,207,230,243,243,366,366,354,28,46,59,72,72,107,132,132,132,132],"floor_reached":27,"playtime":2181,"items_purged":["Injury","Doubt"],"score":270,"play_id":"b3426027-4eaf-483f-a568-9ce171cffd6c","local_time":"20201227154121","is_ascension_mode":false,"campfire_choices":[{"floor":10.0,"key":"REST"},{"data":"Finisher","floor":15.0,"key":"SMITH"},{"data":"Crippling Poison","floor":23,"key":"SMITH"}],"circlet_count":0,"master_deck":["Strike_G","Strike_G","Strike_G","Strike_G","Defend_G","Defend_G","Defend_G","Defend_G","Survivor","Neutralize","Poisoned Stab+1","Sucker Punch+1","Finisher+1","Blade Dance","Well Laid Plans+1","Crippling Poison","Noxious Fumes+1","Crippling Poison+1","Leg Sweep+1","Infinite Blades+1","Sucker Punch+1","Infinite Blades+1","Tools of the Trade+1","Underhanded Strike"],"relics":["Ring of the Snake","Golden Idol","Frozen Egg 2","Odd Mushroom","Centennial Puzzle","Boot","HoveringKite","Happy Flower","Blue Candle","Thread and Needle"],"acts_visited":["Exordium","TheCity"],"potions_floor_usage":[24,27,27],"damage_taken":[{"damage":1.0,"enemies":"Cultist","floor":1.0,"turns":4.0},{"damage":0.0,"enemies":"Jaw Worm","floor":2.0,"turns":3.0},{"damage":1.0,"enemies":"2 Louse","floor":4.0,"turns":3.0},{"damage":20.0,"enemies":"Gremlin Nob","floor":7.0,"turns":4.0},{"damage":21.0,"enemies":"The Mushroom Lair","floor":8.0,"turns":5.0},{"damage":0.0,"enemies":"Lagavulin","floor":11.0,"turns":5.0},{"damage":0.0,"enemies":"2 Fungi Beasts","floor":13.0,"turns":1.0},{"damage":3.0,"enemies":"3 Louse","floor":14.0,"turns":3.0},{"damage":11.0,"enemies":"Slime Boss","floor":16.0,"turns":8.0},{"damage":10,"enemies":"2 Thieves","floor":18,"turns":4},{"damage":5,"enemies":"Spheric Guardian","floor":20,"turns":3},{"damage":15,"enemies":"Snake Plant","floor":21,"turns":4},{"damage":1,"enemies":"Centurion and Healer","floor":22,"turns":5},{"damage":9,"enemies":"Gremlin Leader","floor":24,"turns":5},{"damage":7,"enemies":"Cultist and Chosen","floor":25,"turns":5},{"damage":28,"enemies":"Masked Bandits","floor":27,"turns":3}],"seed_played":"-7448635272055588599","potions_obtained":[{"floor":4.0,"key":"SpeedPotion"},{"floor":8.0,"key":"ColorlessPotion"},{"floor":14.0,"key":"Dexterity Potion"},{"floor":18,"key":"DistilledChaos"},{"floor":21,"key":"EntropicBrew"},{"floor":22,"key":"FearPotion"},{"floor":25,"key":"CultistPotion"}],"is_trial":false,"path_per_floor":["M","M","?","M","?","?","E","?","T","R","E","$","M","M","R","B",null,"M","$","M","M","M","R","E","M","T","?"],"character_chosen":"THE_SILENT","items_purchased":["Noxious Fumes+1","Infinite Blades+1","Happy Flower"],"campfire_rested":1,"item_purchase_floors":[12,19,19],"current_hp_per_floor":[69,69,69,68,54,54,34,13,13,34,34,34,34,31,31,20,70,60,60,55,40,39,39,30,23,23,0,0],"gold":132,"neow_bonus":"REMOVE_TWO","is_daily":false,"chose_seed":false,"campfire_upgraded":2,"win_rate":0.0,"timestamp":1609101681,"path_taken":["M","M","?","M","?","?","E","?","T","R","E","$","M","M","R","BOSS","M","$","M","M","M","R","E","M","T","?"],"items_purchased_type":["Card","Card","Relic"],"build_version":"2020-12-22","purchased_purges":2,"victory":false,"max_hp_per_floor":[70,70,70,70,70,70,70,70,70,70,70,70,70,70,70,70,70,70,70,70,70,70,70,70,70,70,70,70],"card_choices":[{"not_picked":["Leg Sweep","Well Laid Plans"],"picked":"Poisoned Stab","floor":1.0},{"not_picked":["Choke","Slice"],"picked":"Sucker Punch","floor":2.0},{"not_picked":["Distraction","Backflip"],"picked":"Finisher","floor":4.0},{"not_picked":["Slice","Reflex"],"picked":"Blade Dance","floor":7.0},{"not_picked":["Slice","Dash"],"picked":"Well Laid Plans+1","floor":8.0},{"not_picked":["Skewer","Bane"],"picked":"Crippling Poison","floor":11.0},{"not_picked":["Deflect","Deadly Poison"],"picked":"Crippling Poison","floor":13.0},{"not_picked":["PiercingWail","Flying Knee","Endless Agony"],"picked":"SKIP","floor":14.0},{"not_picked":["Blade Dance+1","PiercingWail"],"picked":"Leg Sweep+1","floor":18},{"not_picked":["Deflect","Footwork+1","Deadly Poison"],"picked":"SKIP","floor":20},{"not_picked":["Dodge and Roll","Underhanded Strike"],"picked":"Sucker Punch+1","floor":21},{"not_picked":["Heel Hook","Deflect"],"picked":"Infinite Blades+1","floor":22},{"not_picked":["Acrobatics","Glass Knife"],"picked":"Tools of the Trade+1","floor":24},{"not_picked":["PiercingWail+1","Deflect"],"picked":"Underhanded Strike","floor":25}],"player_experience":103829,"relics_obtained":[{"floor":7.0,"key":"Frozen Egg 2"},{"floor":8.0,"key":"Odd Mushroom"},{"floor":9.0,"key":"Centennial Puzzle"},{"floor":11.0,"key":"Boot"},{"floor":24,"key":"Blue Candle"},{"floor":26,"key":"Thread and Needle"}],"event_choices":[{"damage_healed":0.0,"max_hp_gain":0.0,"max_hp_loss":0.0,"gold_gain":0.0,"event_name":"Golden Idol","player_choice":"Take Wound","floor":3.0,"gold_loss":0.0,"damage_taken":0.0,"relics_obtained":["Golden Idol"],"cards_obtained":["Injury"]},{"damage_healed":0.0,"max_hp_gain":0.0,"max_hp_loss":0.0,"gold_gain":0.0,"event_name":"Shining Light","player_choice":"Entered Light","floor":5.0,"gold_loss":0.0,"damage_taken":14.0,"cards_upgraded":["Sucker Punch","Poisoned Stab"]},{"damage_healed":0.0,"max_hp_gain":0.0,"max_hp_loss":0.0,"gold_gain":175.0,"event_name":"Liars Game","player_choice":"AGREE","floor":6.0,"gold_loss":0.0,"damage_taken":0.0,"cards_obtained":["Doubt"]},{"damage_healed":0.0,"max_hp_gain":0.0,"max_hp_loss":0.0,"gold_gain":0.0,"event_name":"Mushrooms","player_choice":"Fought Mushrooms","floor":8.0,"gold_loss":0.0,"damage_taken":0.0},{"damage_healed":0,"gold_gain":0,"player_choice":"Fought Bandits","damage_taken":0,"max_hp_gain":0,"max_hp_loss":0,"event_name":"Masked Bandits","floor":27,"gold_loss":0}],"is_beta":false,"boss_relics":[{"not_picked":["SacredBark","Cursed Key"],"picked":"HoveringKite"}],"items_purged_floors":[12,19],"is_endless":false,"potions_floor_spawned":[4,8,14,18,21,22,25],"killed_by":"Masked Bandits","ascension_level":0}}