{"host":"981nlwu0905dw1bz","time":1609097245,"event":{"mods":["BaseMod","DeckTracker","Minty Spire (QoL Compilation)","Rare Cards Sparkle","SuperFastMode"],"gold_per_floor":[112,112,170,186,186,186,202,235,235,235,249,249,249,249,249,351,351,337,354,354,354,34,34,34,49,74,86,98,110,122,159,171,282,294,318,345,68,86,86,86,113,113,195,208,208,258,258,276,276,276,276],"floor_reached":50,"playtime":1483,"items_purged":["Strike_R"],"score":631,"play_id":"47704e87-d31d-4331-b035-4137b0e7b39a","local_time":"20201228042725","is_ascension_mode":true,"campfire_choices":[{"data":"Rampage","floor":6.0,"key":"SMITH"},{"floor":12.0,"key":"REST"},{"data":"Armaments","floor":15.0,"key":"SMITH"},{"data":"Battle Trance","floor":23.0,"key":"SMITH"},{"floor":30.0,"key":"REST"},{"data":"Metallicize","floor":32.0,"key":"SMITH"},{"data":"Berserk","floor":40,"key":"SMITH"},{"floor":42,"key":"REST"},{"floor":49,"key":"REST"}],"circlet_count":0,"master_deck":["Strike_R","Strike_R","Strike_R","Strike_R","Defend_R","Defend_R","Defend_R","Defend_R","Bash+1","Rampage+1","Armaments+1","Iron Wave+1","Headbutt+1","Double Tap","Thunderclap+1","Headbutt+1","Dramatic Entrance+1","Metallicize+1","Dramatic Entrance+1","Berserk+1","Disarm+1","Heavy Blade+1"],"relics":["Burning Blood","Molten Egg 2","Tiny Chest","FossilizedHelix","Philosopher\u0027s Stone","Eternal Feather","Juzu Bracelet","MawBank","Nilry\u0027s Codex","Omamori","Busted Crown","Magic Flower","Ice Cream","Bottled Flame","Lizard Tail","White Beast Statue"],"acts_visited":["TheBeyond"],"potions_floor_usage":[36,38,41,46,50,50],"damage_taken":[{"damage":0.0,"enemies":"2 Louse","floor":1.0,"turns":4.0},{"damage":11.0,"enemies":"Cultist","floor":4.0,"turns":4.0},{"damage":0.0,"enemies":"Small Slimes","floor":7.0,"turns":3.0},{"damage":47.0,"enemies":"Lagavulin","floor":8.0,"turns":6.0},{"damage":0.0,"enemies":"3 Louse","floor":11.0,"turns":1.0},{"damage":65.0,"enemies":"Hexaghost","floor":16.0,"turns":10.0},{"damage":17.0,"enemies":"2 Thieves","floor":18.0,"turns":4.0},{"damage":15.0,"enemies":"Shell Parasite","floor":19.0,"turns":4.0},{"damage":0.0,"enemies":"Centurion and Healer","floor":20.0,"turns":1.0},{"damage":18.0,"enemies":"Snake Plant","floor":25.0,"turns":3.0},{"damage":54.0,"enemies":"Automaton","floor":33.0,"turns":10.0},{"damage":0,"enemies":"Orb Walker","floor":35,"turns":3},{"damage":25,"enemies":"3 Darklings","floor":36,"turns":4},{"damage":1,"enemies":"4 Shapes","floor":38,"turns":2},{"damage":47,"enemies":"Nemesis","floor":41,"turns":9},{"damage":49,"enemies":"Spire Growth","floor":44,"turns":5},{"damage":34,"enemies":"Mind Bloom Boss Battle","floor":46,"turns":4},{"damage":41,"enemies":"Maw","floor":48,"turns":7},{"damage":126,"enemies":"Donu and Deca","floor":50,"turns":8}],"seed_played":"8476826428347238824","potions_obtained":[{"floor":1.0,"key":"Explosive Potion"},{"floor":4.0,"key":"Dexterity Potion"},{"floor":19.0,"key":"SmokeBomb"},{"floor":24.0,"key":"Block Potion"},{"floor":24.0,"key":"Block Potion"},{"floor":24.0,"key":"SneckoOil"},{"floor":35,"key":"Weak Potion"},{"floor":38,"key":"EntropicBrew"},{"floor":48,"key":"Block Potion"}],"is_trial":false,"path_per_floor":["M","$","?","M","?","R","M","E","T","?","M","R","?","T","R","B",null,"M","M","M","T","$","R","?","M","T","?","?","$","R","T","R","B",null,"M","M","$","M","?","R","E","R","T","M","?","?","T","M","R","B"],"character_chosen":"IRONCLAD","items_purchased":["Juzu Bracelet","Dramatic Entrance+1","Magic Flower"],"campfire_rested":4,"item_purchase_floors":[22,22,37],"current_hp_per_floor":[78,78,78,73,73,73,79,38,38,38,44,68,68,68,68,9,62,51,42,48,48,48,57,57,45,45,45,29,29,65,65,77,29,67,73,54,54,62,62,74,36,72,72,32,70,45,45,13,46,0,0],"gold":276,"neow_bonus":"UPGRADE_CARD","is_daily":false,"chose_seed":false,"campfire_upgraded":5,"win_rate":0.0,"timestamp":1609097245,"path_taken":["M","$","?","M","?","R","?","E","T","?","M","R","?","?","R","BOSS","M","M","M","?","$","R","?","M","T","?","?","$","R","?","R","BOSS","M","M","$","M","?","R","E","R","T","M","?","?","?","M","R","BOSS"],"items_purchased_type":["Relic","Card","Relic"],"build_version":"2020-12-22","purchased_purges":1,"victory":false,"max_hp_per_floor":[80,80,80,80,80,80,80,80,80,80,80,80,80,80,80,80,80,80,80,80,80,80,80,80,80,80,80,80,80,80,80,80,80,80,80,80,80,80,80,80,80,80,80,80,70,70,70,70,70,70,70],"card_choices":[{"not_picked":["Flex","Dual Wield"],"picked":"Battle Trance","floor":1.0},{"not_picked":["Intimidate","Thunderclap"],"picked":"Rampage","floor":4.0},{"not_picked":["Pommel Strike","Feel No Pain"],"picked":"Armaments","floor":7.0},{"not_picked":["Twin Strike+1","Rage"],"picked":"Iron Wave+1","floor":8.0},{"not_picked":["Pommel Strike+1","Feel No Pain"],"picked":"Headbutt+1","floor":11.0},{"not_picked":["Impervious","Feed+1"],"picked":"Double Tap","floor":16.0},{"not_picked":["Wild Strike+1","Armaments"],"picked":"Thunderclap+1","floor":18.0},{"not_picked":["Armaments","Rampage+1"],"picked":"Headbutt+1","floor":19.0},{"not_picked":["Rupture","Sword Boomerang+1"],"picked":"Metallicize","floor":25.0},{"not_picked":["Corruption","Brutality"],"picked":"Berserk","floor":33.0},{"not_picked":["Dropkick+1"],"picked":"SKIP","floor":35},{"not_picked":["Seeing Red"],"picked":"SKIP","floor":36},{"not_picked":["Battle Trance+1"],"picked":"SKIP","floor":38},{"not_picked":["Body Slam+1"],"picked":"SKIP","floor":41},{"not_picked":["Sentinel"],"picked":"SKIP","floor":44},{"not_picked":[],"picked":"Disarm+1","floor":46},{"not_picked":[],"picked":"Heavy Blade+1","floor":48}],"player_experience":508345,"relics_obtained":[{"floor":8.0,"key":"Molten Egg 2"},{"floor":9.0,"key":"Tiny Chest"},{"floor":14.0,"key":"FossilizedHelix"},{"floor":21.0,"key":"Eternal Feather"},{"floor":26.0,"key":"MawBank"},{"floor":28.0,"key":"Nilry\u0027s Codex"},{"floor":31.0,"key":"Omamori"},{"floor":41,"key":"Ice Cream"},{"floor":43,"key":"Bottled Flame"},{"floor":46,"key":"Lizard Tail"},{"floor":47,"key":"White Beast Statue"}],"event_choices":[{"damage_healed":0.0,"max_hp_gain":0.0,"max_hp_loss":0.0,"gold_gain":58.0,"event_name":"Golden Wing","player_choice":"Gained Gold","floor":3.0,"gold_loss":0.0,"damage_taken":0.0},{"damage_healed":0.0,"max_hp_gain":0.0,"max_hp_loss":0.0,"gold_gain":0.0,"event_name":"The Woman in Blue","player_choice":"Bought 0 Potions","floor":5.0,"gold_loss":0.0,"damage_taken":0.0},{"damage_healed":0.0,"max_hp_gain":0.0,"max_hp_loss":0.0,"gold_gain":0.0,"event_name":"Golden Idol","player_choice":"Ignored","floor":10.0,"gold_loss":0.0,"damage_taken":0.0},{"damage_healed":0.0,"max_hp_gain":0.0,"max_hp_loss":0.0,"gold_gain":0.0,"event_name":"The Cleric","player_choice":"Leave","floor":13.0,"gold_loss":0.0,"damage_taken":0.0},{"damage_healed":0.0,"max_hp_gain":0.0,"max_hp_loss":0.0,"gold_gain":0.0,"event_name":"Lab","player_choice":"Got Potions","floor":24.0,"gold_loss":0.0,"damage_taken":0.0},{"damage_healed":0.0,"max_hp_gain":0.0,"max_hp_loss":0.0,"gold_gain":0.0,"event_name":"Duplicator","player_choice":"Copied","floor":27.0,"gold_loss":0.0,"damage_taken":0.0,"cards_obtained":["Dramatic Entrance"]},{"damage_healed":0.0,"max_hp_gain":0.0,"max_hp_loss":0.0,"gold_gain":0.0,"event_name":"Cursed Tome","player_choice":"Obtained Book","floor":28.0,"gold_loss":0.0,"damage_taken":16.0},{"cards_removed":["Battle Trance"],"damage_healed":0,"gold_gain":0,"player_choice":"Removed Skill","damage_taken":0,"max_hp_gain":0,"max_hp_loss":0,"event_name":"Falling","floor":39,"gold_loss":0},{"damage_healed":70,"gold_gain":0,"player_choice":"Heal","damage_taken":0,"max_hp_gain":0,"max_hp_loss":10,"event_name":"The Moai Head","floor":45,"gold_loss":0},{"damage_healed":0,"gold_gain":0,"player_choice":"Fight","damage_taken":0,"max_hp_gain":0,"max_hp_loss":0,"event_name":"MindBloom","floor":46,"gold_loss":0}],"is_beta":false,"boss_relics":[{"not_picked":["Fusion Hammer","Snecko Eye"],"picked":"Philosopher\u0027s Stone"},{"not_picked":["Velvet Choker","Runic Cube"],"picked":"Busted Crown"}],"items_purged_floors":[22],"is_endless":false,"potions_floor_spawned":[1,4,19,20,35,38,48],"killed_by":"Donu and Deca","ascension_level":6}}