{"host":"vydapxfau6612551","time":1609036824,"event":{"mods":["AchievementEnabler","BaseMod","Minty Spire (QoL Compilation)","StSLib","SuperFastMode"],"gold_per_floor":[111,127,202,219,219,245,245,277,277,303,320,332,347,362,362,464,514,524,535,547,547],"floor_reached":20,"playtime":633,"items_purged":[],"score":305,"play_id":"18f9b14f-09bd-4368-9b2e-28145e37902c","local_time":"20201227114024","is_ascension_mode":true,"campfire_choices":[{"data":"Perfected Strike","floor":7,"key":"SMITH"},{"floor":15,"key":"RECALL"}],"circlet_count":0,"master_deck":["Strike_R","Strike_R","Strike_R","Strike_R","Strike_R","Defend_R","Defend_R+1","Defend_R","Defend_R","Bash","Perfected Strike+1","Twin Strike","Wild Strike","Feed","Rupture","Pommel Strike","Shrug It Off","Dual Wield","Bludgeon","Immolate","Pommel Strike","Intimidate"],"relics":["Burning Blood","Eternal Feather","Letter Opener","Mummified Hand","InkBottle","TungstenRod","Tiny House"],"acts_visited":["Exordium","TheCity"],"potions_floor_usage":[10,11,16,19],"damage_taken":[{"damage":0,"enemies":"2 Louse","floor":1,"turns":2},{"damage":0,"enemies":"Small Slimes","floor":2,"turns":3},{"damage":1,"enemies":"Cultist","floor":4,"turns":3},{"damage":41,"enemies":"Lagavulin","floor":6,"turns":7},{"damage":8,"enemies":"Gremlin Nob","floor":8,"turns":3},{"damage":20,"enemies":"Lagavulin","floor":10,"turns":4},{"damage":5,"enemies":"3 Louse","floor":11,"turns":2},{"damage":0,"enemies":"Large Slime","floor":12,"turns":3},{"damage":0,"enemies":"Exordium Wildlife","floor":13,"turns":2},{"damage":0,"enemies":"Looter","floor":14,"turns":2},{"damage":65,"enemies":"Hexaghost","floor":16,"turns":11},{"damage":10,"enemies":"Chosen","floor":18,"turns":4},{"damage":24,"enemies":"Shell Parasite","floor":19,"turns":4},{"damage":45,"enemies":"Chosen and Byrds","floor":20,"turns":7}],"seed_played":"-2028232700966831106","potions_obtained":[{"floor":6,"key":"Fire Potion"},{"floor":8,"key":"SteroidPotion"},{"floor":12,"key":"AttackPotion"},{"floor":14,"key":"ColorlessPotion"},{"floor":17,"key":"SmokeBomb"},{"floor":19,"key":"CultistPotion"},{"floor":20,"key":"SteroidPotion"}],"is_trial":false,"path_per_floor":["M","M","?","M","?","E","R","E","T","E","M","M","M","M","R","B",null,"M","M","M"],"character_chosen":"IRONCLAD","items_purchased":[],"campfire_rested":0,"item_purchase_floors":[],"current_hp_per_floor":[86,88,77,82,82,47,53,51,51,40,44,50,59,65,74,15,82,78,63,24,24],"gold":547,"neow_bonus":"TEN_PERCENT_HP_BONUS","is_daily":false,"chose_seed":false,"campfire_upgraded":1,"win_rate":0.0,"timestamp":1609036824,"path_taken":["M","M","?","M","?","E","R","E","T","E","M","M","M","?","R","BOSS","M","M","M"],"items_purchased_type":[],"build_version":"2020-12-22","purchased_purges":0,"victory":false,"max_hp_per_floor":[88,88,88,88,88,88,88,88,88,91,94,94,97,97,97,97,102,102,105,105,105],"card_choices":[{"not_picked":["Armaments","Warcry"],"picked":"Perfected Strike","floor":1},{"not_picked":["Sword Boomerang","Disarm"],"picked":"Twin Strike","floor":2},{"not_picked":["Dark Embrace","Cleave"],"picked":"Wild Strike","floor":4},{"not_picked":["Anger","Uppercut"],"picked":"Feed","floor":6},{"not_picked":["True Grit","Second Wind"],"picked":"Rupture","floor":8},{"not_picked":["Armaments","Havoc"],"picked":"Pommel Strike","floor":10},{"not_picked":["Clash","Iron Wave"],"picked":"Shrug It Off","floor":11},{"not_picked":["Reckless Charge","Ghostly Armor"],"picked":"Dual Wield","floor":12},{"not_picked":["Havoc","Flex"],"picked":"Bludgeon","floor":13},{"not_picked":["Armaments","Iron Wave","Clash"],"picked":"SKIP","floor":14},{"not_picked":["Demon Form","Feed"],"picked":"Immolate","floor":16},{"not_picked":["Anger","Dark Embrace"],"picked":"Pommel Strike","floor":17},{"not_picked":["Clash","Thunderclap","Armaments"],"picked":"SKIP","floor":18},{"not_picked":["True Grit+1","Heavy Blade+1"],"picked":"Intimidate","floor":19}],"player_experience":385305,"relics_obtained":[{"floor":5,"key":"Eternal Feather"},{"floor":6,"key":"Letter Opener"},{"floor":8,"key":"Mummified Hand"},{"floor":9,"key":"InkBottle"},{"floor":10,"key":"TungstenRod"}],"event_choices":[{"damage_healed":0,"gold_gain":75,"player_choice":"Gather Gold","damage_taken":11,"max_hp_gain":0,"max_hp_loss":0,"event_name":"World of Goop","floor":3,"gold_loss":0},{"damage_healed":0,"gold_gain":0,"player_choice":"Relic","damage_taken":0,"max_hp_gain":0,"max_hp_loss":0,"event_name":"Wheel of Change","floor":5,"gold_loss":0}],"is_beta":false,"boss_relics":[{"not_picked":["Runic Dome","Philosopher\u0027s Stone"],"picked":"Tiny House"}],"items_purged_floors":[],"is_endless":false,"potions_floor_spawned":[6,8,12,14,19,20],"killed_by":"Chosen and Byrds","ascension_level":8}}