{"host":"daa8jqyg4gqfaysm","time":1609093821,"event":{"mods":["BaseMod","Colored Powertips","Minty Spire (QoL Compilation)","StSLib"],"gold_per_floor":[109,109,129,129,20,50,67,67,112,112,139,139,167,178,178,255,255,269,285,285,300,225,225,16,16,16,36,36,62,82,82,82,154,154,165,176,176,176,194,194,214,214,268,294,54,82,82,94,94,94,94],"floor_reached":50,"playtime":1940,"items_purged":["Hologram"],"score":1326,"play_id":"d273b931-5534-47a5-b511-b23bdb927b80","local_time":"20201228023021","is_ascension_mode":true,"campfire_choices":[{"data":"Barrage","floor":8,"key":"SMITH"},{"data":"Compile Driver","floor":10,"key":"SMITH"},{"floor":12,"key":"REST"},{"data":"Electrodynamics","floor":15,"key":"SMITH"},{"floor":23,"key":"REST"},{"data":"Defragment","floor":25,"key":"SMITH"},{"data":"Chill","floor":28,"key":"SMITH"},{"floor":32,"key":"REST"},{"data":"Seek","floor":40,"key":"SMITH"},{"floor":47,"key":"RECALL"},{"data":"Loop","floor":49,"key":"SMITH"}],"circlet_count":0,"master_deck":["AscendersBane","Zap","Dualcast","Genetic Algorithm","Barrage+1","Compile Driver+1","Leap","Electrodynamics+1","Turbo","Conserve Battery","Core Surge","Skim","Multi-Cast","Fission+1","Beam Cell","Ghostly","Ghostly","Ghostly","Defragment+1","Chill+1","Capacitor+1","Ball Lightning+1","Seek+1","Hologram+1","Bandage Up","Machine Learning","Loop+1","Seek","Biased Cognition"],"relics":["FrozenCore","NeowsBlessing","Boot","StrikeDummy","Potion Belt","Symbiotic Virus","Happy Flower","Pandora\u0027s Box","White Beast Statue","Anchor","Oddly Smooth Stone","Orichalcum"],"acts_visited":["Exordium","TheCity","TheBeyond"],"potions_floor_usage":[13,13,16,29,30,33,33,33,46],"damage_taken":[{"damage":0,"enemies":"2 Louse","floor":1,"turns":1},{"damage":0,"enemies":"Cultist","floor":3,"turns":1},{"damage":0,"enemies":"3 Sentries","floor":6,"turns":1},{"damage":4,"enemies":"Small Slimes","floor":7,"turns":3},{"damage":25,"enemies":"Lagavulin","floor":11,"turns":5},{"damage":11,"enemies":"Gremlin Nob","floor":13,"turns":3},{"damage":10,"enemies":"Gremlin Gang","floor":14,"turns":2},{"damage":0,"enemies":"Slime Boss","floor":16,"turns":6},{"damage":28,"enemies":"Shell Parasite","floor":18,"turns":5},{"damage":18,"enemies":"3 Byrds","floor":19,"turns":3},{"damage":2,"enemies":"Centurion and Healer","floor":21,"turns":4},{"damage":1,"enemies":"Snecko","floor":27,"turns":4},{"damage":0,"enemies":"Gremlin Leader","floor":29,"turns":6},{"damage":0,"enemies":"Shelled Parasite and Fungi","floor":30,"turns":6},{"damage":9,"enemies":"Champ","floor":33,"turns":7},{"damage":0,"enemies":"3 Darklings","floor":35,"turns":4},{"damage":0,"enemies":"3 Shapes","floor":36,"turns":3},{"damage":0,"enemies":"Spire Growth","floor":39,"turns":6},{"damage":0,"enemies":"Sphere and 2 Shapes","floor":41,"turns":5},{"damage":5,"enemies":"Nemesis","floor":44,"turns":7},{"damage":0,"enemies":"Reptomancer","floor":46,"turns":6},{"damage":3,"enemies":"Transient","floor":48,"turns":6},{"damage":24,"enemies":"Awakened One","floor":50,"turns":6}],"seed_played":"6481181411231598403","potions_obtained":[{"floor":1,"key":"Fire Potion"},{"floor":7,"key":"Fire Potion"},{"floor":14,"key":"Fire Potion"},{"floor":21,"key":"Energy Potion"},{"floor":29,"key":"Weak Potion"},{"floor":30,"key":"GamblersBrew"},{"floor":33,"key":"Dexterity Potion"},{"floor":35,"key":"Weak Potion"},{"floor":36,"key":"FearPotion"},{"floor":44,"key":"GamblersBrew"},{"floor":46,"key":"SkillPotion"}],"is_trial":false,"path_per_floor":["M","?","M","?","$","E","M","R","T","R","E","R","E","M","R","B",null,"M","M","?","M","?","R","$","R","T","M","R","E","M","?","R","B",null,"M","M","?","?","M","R","M","?","T","E","$","E","R","M","R","B"],"character_chosen":"DEFECT","items_purchased":["AttackPotion","Barrage","FocusPotion","Defragment","SkillPotion","Swift Potion","Loop","Seek"],"campfire_rested":3,"item_purchase_floors":[5,5,24,24,24,24,45,45],"current_hp_per_floor":[64,57,57,57,57,57,53,53,53,53,28,49,38,28,28,28,60,32,14,14,12,12,22,22,22,22,21,21,21,21,21,31,22,32,32,32,32,32,33,33,33,33,33,28,28,32,32,30,30,9,9],"gold":94,"neow_bonus":"THREE_ENEMY_KILL","is_daily":false,"chose_seed":false,"campfire_upgraded":7,"win_rate":0.0,"timestamp":1609093821,"path_taken":["M","?","M","?","$","E","?","R","T","R","E","R","E","M","R","BOSS","M","M","?","M","?","R","$","R","T","M","R","E","M","?","R","BOSS","M","?","?","?","?","R","M","?","T","E","?","E","R","M","R","BOSS"],"items_purchased_type":["Potion","Card","Potion","Card","Potion","Potion","Card","Card"],"build_version":"2020-12-22","purchased_purges":1,"victory":false,"max_hp_per_floor":[71,71,71,71,71,71,71,71,71,71,71,71,71,71,71,71,71,71,71,35,35,35,35,35,35,35,35,35,35,35,35,35,35,35,35,35,33,33,33,33,33,33,33,33,33,33,33,33,33,33,33],"card_choices":[{"not_picked":["Turbo","Go for the Eyes"],"picked":"Chaos","floor":1},{"not_picked":["White Noise","Static Discharge"],"picked":"Genetic Algorithm","floor":3},{"not_picked":["Beam Cell","Streamline"],"picked":"Gash","floor":6},{"not_picked":["Turbo","Coolheaded"],"picked":"Compile Driver","floor":7},{"not_picked":["Coolheaded","Turbo"],"picked":"Leap","floor":11},{"not_picked":["Redo","Gash"],"picked":"Electrodynamics","floor":13},{"not_picked":["Sunder","Aggregate"],"picked":"Turbo","floor":14},{"not_picked":["Rainbow","Thunder Strike"],"picked":"Electrodynamics","floor":16},{"not_picked":["Streamline","Redo","Ball Lightning"],"picked":"SKIP","floor":18},{"not_picked":["Rebound","Lockon","Turbo"],"picked":"SKIP","floor":19},{"not_picked":["Static Discharge","Scrape","Darkness"],"picked":"SKIP","floor":21},{"not_picked":["Gash","Beam Cell"],"picked":"Chill","floor":27},{"not_picked":["Stack","Defragment"],"picked":"Capacitor+1","floor":29},{"not_picked":["Beam Cell","Gash+1"],"picked":"Ball Lightning+1","floor":30},{"not_picked":["Echo Form","Thunder Strike"],"picked":"Seek","floor":33},{"not_picked":["Tempest","Stack+1"],"picked":"Hologram+1","floor":35},{"not_picked":["Genetic Algorithm","Compile Driver","Coolheaded"],"picked":"SKIP","floor":36},{"not_picked":["Blind","Trip"],"picked":"Bandage Up","floor":38},{"not_picked":["Beam Cell","Turbo","Tempest"],"picked":"SKIP","floor":39},{"not_picked":["Chaos","Doom and Gloom","Go for the Eyes"],"picked":"SKIP","floor":41},{"not_picked":["Force Field+1","Turbo"],"picked":"Machine Learning","floor":44},{"not_picked":["Tempest+1","Rip and Tear"],"picked":"Biased Cognition","floor":46},{"not_picked":["Steam","Barrage","Cold Snap"],"picked":"SKIP","floor":48}],"player_experience":743334,"relics_obtained":[{"floor":6,"key":"StrikeDummy"},{"floor":9,"key":"Potion Belt"},{"floor":11,"key":"Symbiotic Virus"},{"floor":13,"key":"Happy Flower"},{"floor":26,"key":"White Beast Statue"},{"floor":29,"key":"Anchor"},{"floor":44,"key":"Oddly Smooth Stone"},{"floor":46,"key":"Orichalcum"}],"event_choices":[{"cards_removed":["Strike_B"],"damage_healed":0,"gold_gain":0,"player_choice":"Card Removal","damage_taken":7,"max_hp_gain":0,"max_hp_loss":0,"event_name":"Golden Wing","floor":2,"gold_loss":0},{"cards_removed":["Chaos"],"damage_healed":0,"gold_gain":0,"player_choice":"Gave Card","damage_taken":0,"relics_obtained":["Boot"],"max_hp_gain":0,"max_hp_loss":0,"event_name":"WeMeetAgain","floor":4,"gold_loss":0},{"damage_healed":0,"gold_gain":0,"player_choice":"Became a Ghost","damage_taken":0,"max_hp_gain":0,"max_hp_loss":36,"event_name":"Ghosts","floor":20,"gold_loss":0,"cards_obtained":["Ghostly","Ghostly","Ghostly"]},{"cards_removed":["Gash"],"damage_healed":0,"gold_gain":0,"player_choice":"Gave Gold","damage_taken":0,"max_hp_gain":0,"max_hp_loss":0,"event_name":"Beggar","floor":22,"gold_loss":75},{"damage_healed":0,"gold_gain":0,"player_choice":"Forge","damage_taken":0,"max_hp_gain":0,"max_hp_loss":0,"event_name":"Accursed Blacksmith","floor":31,"gold_loss":0,"cards_upgraded":["Fission"]},{"damage_healed":0,"gold_gain":0,"player_choice":"Max HP","damage_taken":0,"max_hp_gain":0,"max_hp_loss":2,"event_name":"Winding Halls","floor":37,"gold_loss":0},{"damage_healed":0,"gold_gain":0,"player_choice":"Memory 1","damage_taken":0,"max_hp_gain":0,"max_hp_loss":0,"event_name":"SensoryStone","floor":38,"gold_loss":0},{"cards_removed":["Electrodynamics"],"damage_healed":0,"gold_gain":0,"player_choice":"Removed Power","damage_taken":0,"max_hp_gain":0,"max_hp_loss":0,"event_name":"Falling","floor":42,"gold_loss":0}],"is_beta":false,"boss_relics":[{"not_picked":["SlaversCollar","SacredBark"],"picked":"Pandora\u0027s Box"},{"not_picked":["Velvet Choker","Coffee Dripper"],"picked":"FrozenCore"}],"items_purged_floors":[45],"is_endless":false,"potions_floor_spawned":[1,7,14,21,27,29,30,33,35,36,39,41,44,46,48],"killed_by":"Awakened One","ascension_level":20}}