{"host":"86c6vgocyjlprmyx","time":1609029549,"event":{"mods":["BaseMod","Downfall","Hermit","Minty Spire (QoL Compilation)","Quick Restart","Replay The Spire","Shade Mod","StSLib","The Cursed","The Hierophant"],"gold_per_floor":[99,114,133,133,152,24,24,55,72,72,72,8,21,37,57,57,57,57],"floor_reached":16,"playtime":1199,"items_purged":["Slimebound:Tackle"],"score":104,"play_id":"57cafb09-b1fa-4237-b395-b7f89d660f4b","local_time":"20201227013909","is_ascension_mode":false,"campfire_choices":[{"floor":1,"key":"DIG"}],"circlet_count":0,"master_deck":["Slimebound:Strike_Slimebound","Slimebound:Strike_Slimebound","Slimebound:Defend_Slimebound","Slimebound:Defend_Slimebound","Slimebound:Defend_Slimebound","Slimebound:Defend_Slimebound","Slimebound:Split+1","Slimebound:CorrosiveSpit","Slimebound:LeechEnergy","Slimebound:SpikyOuterGoop","Slimebound:SplitAcid","Slimebound:LevelUp","Slimebound:Gluttony","Slimebound:LeadByExample","Slimebound:Gluttony","Slimebound:WasteNot","Slimebound:SplitAcid","Slimebound:SplitBruiser","Slimebound:ItLooksTasty","Slimebound:SlimeTap","Slimebound:SlimeSpikes"],"relics":["Slimebound:AbsorbEndCombat","Centennial Puzzle","Letter Opener","Replay:Multitool"],"acts_visited":["Exordium"],"potions_floor_usage":[14],"damage_taken":[{"damage":5,"enemies":"Jaw Worm","floor":2,"turns":5},{"damage":4,"enemies":"Cultist","floor":3,"turns":3},{"damage":11,"enemies":"Small Slimes","floor":5,"turns":2},{"damage":20,"enemies":"downfall:FleeingMerchant","floor":6,"turns":4},{"damage":42,"enemies":"3 Sentries","floor":8,"turns":5},{"damage":19,"enemies":"Lots of Slimes","floor":9,"turns":3},{"damage":22,"enemies":"downfall:FleeingMerchant","floor":12,"turns":4},{"damage":42,"enemies":"Large Slime","floor":13,"turns":3},{"damage":13,"enemies":"Exordium Wildlife","floor":14,"turns":3},{"damage":16,"enemies":"3 Louse","floor":15,"turns":2},{"damage":29,"enemies":"downfall:Silent","floor":16,"turns":2}],"seed_played":"760416258975629206","potions_obtained":[{"floor":5,"key":"FearPotion"},{"floor":8,"key":"SpeedPotion"},{"floor":9,"key":"Block Potion"},{"floor":10,"key":"Regen Potion"},{"floor":10,"key":"Energy Potion"},{"floor":14,"key":"SteroidPotion"}],"is_trial":false,"path_per_floor":["R","M","M","?","M","$","T","E","M","R","?","$","M","M","M","B"],"character_chosen":"SLIMEBOUND","items_purchased":["Slimebound:Gluttony","Slimebound:SplitBruiser"],"campfire_rested":0,"item_purchase_floors":[6,12],"current_hp_per_floor":[66,66,66,66,66,66,66,44,33,33,33,35,17,29,29,0,0,0],"gold":57,"neow_bonus":"TEN_PERCENT_HP_BONUS","is_daily":false,"chose_seed":false,"campfire_upgraded":0,"win_rate":0.0,"timestamp":1609029549,"path_taken":["R","M","M","?","?","$","T","E","M","R","?","$","M","M","M","BOSS"],"items_purchased_type":["Card","Card"],"build_version":"2020-12-22","purchased_purges":1,"victory":false,"max_hp_per_floor":[66,66,66,66,66,66,66,66,66,66,66,66,66,66,66,66,66,66],"card_choices":[{"not_picked":["Slimebound:RollThrough","Slimebound:PressTheAttack"],"picked":"Slimebound:LeechEnergy","floor":2},{"not_picked":["Slimebound:SlimeBrawl","Slimebound:FormOfPuddle"],"picked":"Slimebound:SpikyOuterGoop","floor":3},{"not_picked":["Slimebound:MegaLick","Slimebound:LivingWall"],"picked":"Slimebound:SplitAcid","floor":5},{"not_picked":["Slimebound:SplitLeeching","Slimebound:GoopSpray"],"picked":"Slimebound:LevelUp","floor":6},{"not_picked":["Slimebound:Grow","Slimebound:RollThrough"],"picked":"Slimebound:LeadByExample","floor":8},{"not_picked":["Slimebound:TongueLash","Slimebound:SlimeBarrage"],"picked":"Slimebound:Gluttony","floor":9},{"not_picked":["Slimebound:FlameTackle","Slimebound:FormOfPuddle"],"picked":"Slimebound:SplitAcid","floor":12},{"not_picked":["Slimebound:FirmFortitude","Slimebound:Replication"],"picked":"Slimebound:ItLooksTasty","floor":13},{"not_picked":["Slimebound:FormOfPuddle","Slimebound:DouseInSlime"],"picked":"Slimebound:SlimeTap","floor":14},{"not_picked":["Slimebound:Schlurp","Slimebound:LeechEnergy"],"picked":"Slimebound:SlimeSpikes","floor":15}],"player_experience":189794,"relics_obtained":[{"floor":1,"key":"Centennial Puzzle"},{"floor":7,"key":"Letter Opener"},{"floor":8,"key":"Replay:Multitool"}],"event_choices":[{"damage_healed":0,"gold_gain":0,"player_choice":"Upgraded","damage_taken":0,"max_hp_gain":0,"max_hp_loss":0,"event_name":"Upgrade Shrine","floor":4,"gold_loss":0,"cards_upgraded":["Slimebound:Split"]},{"damage_healed":0,"gold_gain":0,"cards_transformed":["Slimebound:Strike_Slimebound"],"player_choice":"Transformed","damage_taken":0,"max_hp_gain":0,"max_hp_loss":0,"event_name":"Transmorgrifier","floor":11,"gold_loss":0,"cards_obtained":["Slimebound:WasteNot"]}],"is_beta":false,"boss_relics":[],"items_purged_floors":[6],"is_endless":false,"potions_floor_spawned":[5,8,9,13,14],"killed_by":"downfall:Silent","ascension_level":0}}