{"host":"mbjdlts9b6456t85","time":1609100981,"event":{"mods":["2.2 Compatiblity","AchievementEnabler","Aspiration","BaseMod","Better Altar","Better Match","Better Note","Better Sensory Stone","Better Skull","Better Third Choice","BetterRewards","CCEM","Clawfect","Conspire","Downfall","GifTheSpireLib","Googly Eyes","Halation","Highlight Path","Hubris","Minty Spire (QoL Compilation)","Permanent Neow","Replay The Spire","Shop Mod","Spicy Shops","StSLib","Stuff the Spire","Unceasing Turn Reminder","everything is the same but u backflip on backflip"],"gold_per_floor":[99,118,118,118,131,131,131,131,2,33,33,46,46,58,78,181,181,106,119,119,137,28,28,28,43,86,86,11,11,25,25,38,142,142,142,157,157,157,157,168,186,72,154,154,154,168,182,182,229,243,254,254],"floor_reached":53,"playtime":4032,"items_purged":["Regret","hubris:Gluttony"],"score":684,"play_id":"fd89814e-8944-4ac9-a203-096d7078a02f","local_time":"20201227152941","is_ascension_mode":false,"campfire_choices":[{"floor":1,"key":"RECALL"},{"floor":18,"key":"DIG"},{"data":"StuffTheSpire:BrainWave","floor":28,"key":"SMITH"},{"data":"Apotheosis","floor":45,"key":"SMITH"},{"data":"Specialist","floor":48,"key":"SMITH"}],"circlet_count":0,"master_deck":["Slimebound:Strike_Slimebound","Slimebound:Tackle","Slimebound:Defend_Slimebound+1","Slimebound:Defend_Slimebound","Slimebound:Defend_Slimebound","Slimebound:Split","Slimebound:CorrosiveSpit","Slimebound:SlimeBarrage","StuffTheSpire:BrainWave+1","Slimebound:RejuvenatingLick","Slimebound:SplitBruiser","Slimebound:SamplingLick+1","Slimebound:Darklings","Slimebound:SplitLeeching","Slimebound:LeechEnergy","Slimebound:TongueLash","Slimebound:TagTeam+1","Slimebound:Prepare","Terror+1","Slimebound:Teamwork","Slimebound:LeadByExample","Specialist+1","Apotheosis+1","Poisoned Strike","Replay:Bootleg Shield Generator","Slimebound:SlimeTap","Slimebound:OozeBath","Slimebound:PrepareCrush","Slimebound:SamplingLick+1","Slimebound:RollThrough","Slimebound:FormOfPuddle","Slimebound:Schlurp+1","Slimebound:HauntingLick+1","Slimebound:Nibble","Slimebound:FormOfPuddle"],"relics":["Slimebound:AbsorbEndCombat","CCEMRelics:WhiteRose","StuffTheSpire:RedRose","MealTicket","hubris:Backtick","Replay:WaspNest","downfall:HeartBlessingRed","CCEMRelics:PorcelainBowl","ReplayTheSpireMod:CursedCoin","Omamori","ReplayTheSpireMod:ShopPack","aspiration:Nostalgia","Ring of the Snake","Enchiridion","downfall:HeartBlessingBlue","hubris:Icosahedron","aspiration:FrozenJewel","halation:PinkAlligatorPlush","Blue Candle","hubris:BundleOfHerbs"],"acts_visited":["Exordium","TheCity","TheBeyond"],"potions_floor_usage":[10,16,33,52,52,52],"damage_taken":[{"damage":14,"enemies":"Small Slimes","floor":2,"turns":3},{"damage":5,"enemies":"Jaw Worm","floor":5,"turns":3},{"damage":8,"enemies":"downfall:FleeingMerchant","floor":9,"turns":4},{"damage":13,"enemies":"Lagavulin","floor":10,"turns":4},{"damage":19,"enemies":"2 Louse","floor":12,"turns":2},{"damage":12,"enemies":"2 Fungi Beasts","floor":14,"turns":2},{"damage":26,"enemies":"Lots of Slimes","floor":15,"turns":2},{"damage":35,"enemies":"downfall:Ironclad","floor":16,"turns":6},{"damage":24,"enemies":"Spheric Guardian","floor":19,"turns":3},{"damage":16,"enemies":"Snake Plant","floor":21,"turns":2},{"damage":31,"enemies":"downfall:FleeingMerchant","floor":22,"turns":4},{"damage":25,"enemies":"Snecko","floor":25,"turns":3},{"damage":8,"enemies":"downfall:FleeingMerchant","floor":26,"turns":2},{"damage":29,"enemies":"conspire:HollyBat","floor":30,"turns":6},{"damage":12,"enemies":"Centurion and Healer","floor":32,"turns":2},{"damage":58,"enemies":"downfall:Watcher","floor":33,"turns":5},{"damage":41,"enemies":"3 Shapes","floor":36,"turns":5},{"damage":12,"enemies":"Orb Walker","floor":40,"turns":2},{"damage":27,"enemies":"4 Shapes","floor":41,"turns":3},{"damage":34,"enemies":"Maw","floor":46,"turns":3},{"damage":26,"enemies":"Transient","floor":47,"turns":5},{"damage":18,"enemies":"2 Orb Walkers","floor":49,"turns":3},{"damage":24,"enemies":"Jaw Worm Horde","floor":50,"turns":2},{"damage":15,"enemies":"Sphere and 2 Shapes","floor":51,"turns":5},{"damage":47,"enemies":"downfall:Defect","floor":52,"turns":4}],"seed_played":"2979081414721514418","potions_obtained":[{"floor":5,"key":"Fire Potion"},{"floor":10,"key":"Strength Potion"},{"floor":14,"key":"LiquidMemories"},{"floor":25,"key":"SkillPotion"},{"floor":33,"key":"Venom Potion"},{"floor":40,"key":"Fire Potion"},{"floor":49,"key":"BlessingOfTheForge"}],"is_trial":false,"path_per_floor":["R","M","?","?","M","?","T","?","$","E","R","M","R","M","M","B",null,"R","M","?","M","$","R","T","M","$","?","R","?","M","T","M","B",null,"R","M","PTL","PTL","?","M","M","$","T","?","R","M","M","R","?","M","M","B",null],"character_chosen":"SLIMEBOUND","items_purchased":["Slimebound:SamplingLick+1","ReplayTheSpireMod:CursedCoin","Omamori","ReplayTheSpireMod:ShopPack","Specialist","aspiration:Nostalgia","Slimebound:FormOfPuddle"],"campfire_rested":0,"item_purchase_floors":[9,22,22,26,26,26,42],"current_hp_per_floor":[60,53,53,53,60,60,60,60,58,60,60,57,57,60,46,45,60,60,48,48,44,49,49,49,50,60,44,54,54,51,51,51,31,70,70,51,51,51,51,53,46,61,61,53,53,59,70,70,64,52,47,32],"gold":254,"neow_bonus":"RANDOM_COMMON_RELIC","is_daily":false,"chose_seed":false,"campfire_upgraded":3,"win_rate":0.0,"timestamp":1609100981,"path_taken":["R","M","?","?","M","?","T","?","$","E","R","M","R","M","M","BOSS","R","M","?","?","?","R","T","M","?","?","R","?","M","?","M","BOSS","R","M","PTL","PTL","?","M","M","$","T","?","R","M","?","R","?","M","M","BOSS"],"items_purchased_type":["Card","Relic","Relic","Relic","Card","Relic","Card"],"build_version":"2020-12-22","purchased_purges":2,"victory":true,"max_hp_per_floor":[60,60,60,60,60,60,60,60,60,60,60,60,60,60,60,60,60,60,60,60,60,60,60,60,60,60,60,70,70,70,70,70,70,70,70,70,70,70,70,70,70,70,70,70,70,70,70,70,70,70,70,70],"card_choices":[{"not_picked":["Slimebound:DivideAndConquer","Slimebound:GrowthPunch"],"picked":"Slimebound:SlimeBarrage","floor":2},{"not_picked":["StuffTheSpire:CelestialWarden","StuffTheSpire:Harmony"],"picked":"StuffTheSpire:BrainWave","floor":3},{"not_picked":["Slimebound:LeechingTouch","Slimebound:SlimeTap"],"picked":"Slimebound:RejuvenatingLick","floor":5},{"not_picked":["Slimebound:SpikyOuterGoop","Slimebound:FormOfPuddle"],"picked":"Slimebound:SplitBruiser","floor":9},{"not_picked":["Slimebound:SplitAcid","Slimebound:SplitLeeching"],"picked":"Slimebound:Darklings","floor":10},{"not_picked":["Slimebound:AcidTongue","Slimebound:LeechingTouch"],"picked":"Slimebound:SplitLeeching","floor":12},{"not_picked":["Slimebound:Chomp","Slimebound:GrowthPunch"],"picked":"Slimebound:LeechEnergy","floor":14},{"not_picked":["Slimebound:RejuvenatingLick","Slimebound:Chomp"],"picked":"Slimebound:TongueLash","floor":15},{"not_picked":["Slimebound:Teamwork","Slimebound:OozeBath"],"picked":"Slimebound:TagTeam","floor":16},{"not_picked":["Slimebound:TongueLash","Slimebound:ViciousTackle"],"picked":"Slimebound:Prepare","floor":19},{"not_picked":["Slimebound:ViciousTackle","Slimebound:FlameTackle","Slimebound:GrowthPunch"],"picked":"SKIP","floor":21},{"not_picked":["Slimebound:FirmFortitude+1","Slimebound:Schlurp"],"picked":"Slimebound:Teamwork","floor":22},{"not_picked":["Slimebound:RainOfGoop","Slimebound:Schlurp"],"picked":"Slimebound:LeadByExample","floor":25},{"not_picked":["Slimebound:TongueLash","Slimebound:SplitLeeching+1","Slimebound:LeadByExample"],"picked":"SKIP","floor":26},{"not_picked":["ReplayTheSpireMod:Brewmster","Poisoned Strike"],"picked":"Apotheosis","floor":26},{"not_picked":["Swift Strike","expansioncontent:Chronoboost"],"picked":"Poisoned Strike","floor":26},{"not_picked":["Replay:Sssssssssshield","expansioncontent:TimeRipple"],"picked":"Replay:Bootleg Shield Generator","floor":26},{"not_picked":["Slimebound:FinishingTackle","Slimebound:SplitLeeching"],"picked":"Slimebound:GoopSpray","floor":30},{"not_picked":["Slimebound:FinishingTackle+1","Slimebound:PressTheAttack"],"picked":"Slimebound:SlimeTap","floor":32},{"not_picked":["Slimebound:Teamwork","Slimebound:CheckThePlaybook"],"picked":"Slimebound:OozeBath","floor":33},{"not_picked":["Slimebound:DivideAndConquer+1","Slimebound:FinishingTackle+1"],"picked":"Slimebound:SamplingLick+1","floor":36},{"not_picked":["Slimebound:ViciousTackle+1","Slimebound:SlimeBarrage","Slimebound:SplitBruiser"],"picked":"SKIP","floor":40},{"not_picked":["Slimebound:ViciousTackle","Slimebound:SlimeBarrage+1"],"picked":"Slimebound:RollThrough","floor":41},{"not_picked":["Slimebound:DivideAndConquer+1","Slimebound:GrowthPunch","Slimebound:SplitLeeching"],"picked":"SKIP","floor":46},{"not_picked":["Slimebound:SamplingLick","Slimebound:LeechingTouch+1"],"picked":"Slimebound:Schlurp+1","floor":47},{"not_picked":["Slimebound:Replication+1","Slimebound:Schlurp"],"picked":"Slimebound:HauntingLick+1","floor":49},{"not_picked":["Slimebound:SplitLeeching+1","Slimebound:ComboTackle"],"picked":"Slimebound:Nibble","floor":50},{"not_picked":["Slimebound:TongueLash+1","Slimebound:GrowthPunch+1"],"picked":"Slimebound:FormOfPuddle","floor":51}],"player_experience":445253,"relics_obtained":[{"floor":7,"key":"CCEMRelics:WhiteRose"},{"floor":10,"key":"MealTicket"},{"floor":18,"key":"CCEMRelics:PorcelainBowl"},{"floor":27,"key":"Enchiridion"},{"floor":31,"key":"aspiration:FrozenJewel"},{"floor":43,"key":"Blue Candle"},{"floor":49,"key":"hubris:BundleOfHerbs"}],"event_choices":[{"cards_removed":["StuffTheSpire:BrainWave"],"damage_healed":0,"gold_gain":0,"player_choice":"Take \u0026 Give","damage_taken":0,"max_hp_gain":0,"max_hp_loss":0,"event_name":"betterNote:BetterNote","floor":20,"gold_loss":0,"cards_obtained":["Terror"]},{"cards_removed":["Slimebound:GoopSpray"],"damage_healed":0,"gold_gain":0,"player_choice":"Removed Skill","damage_taken":0,"max_hp_gain":0,"max_hp_loss":0,"event_name":"Falling","floor":39,"gold_loss":0},{"damage_healed":0,"gold_gain":0,"player_choice":"Fight","damage_taken":0,"max_hp_gain":0,"max_hp_loss":0,"event_name":"Mysterious Sphere","floor":49,"gold_loss":0}],"is_beta":false,"boss_relics":[{"not_picked":["Velvet Choker","StuffTheSpire:RunicConfusion"],"picked":"hubris:Backtick"},{"not_picked":["aspiration:PoetsPen_weak","halation:Yufonium"],"picked":"halation:PinkAlligatorPlush"}],"items_purged_floors":[9,22],"is_endless":false,"potions_floor_spawned":[5,10,14,25,33,40,46,47,49],"ascension_level":0}}