{"host":"t5h83eruwt5lxl3o","time":1609032106,"event":{"mods":["AchievementEnabler","Act Like it!","BaseMod","CapriCore","Colored Map","DeckTracker","Hermit","Highlight Path","Koishi","Marisa£¨Ùöéë¡¡Øª×âÞÞ£©","Minty Spire (QoL Compilation)","Permanent Neow","Quick Restart","StSLib","SuperFastMode","The Cursed","The Immortal","everything is the same but u backflip on backflip"],"gold_per_floor":[10,21,31,46,66,95,109,141,188,227,227,302,302,322,322,322,322],"floor_reached":16,"playtime":631,"items_purged":[],"score":211,"play_id":"9424090b-913e-4162-8277-d6c84cd319d5","local_time":"20201227102146","is_ascension_mode":true,"campfire_choices":[{"floor":11.0,"key":"REST"},{"data":"Whirlwind","floor":13.0,"key":"SMITH"},{"floor":15.0,"key":"REST"}],"circlet_count":0,"master_deck":["AscendersBane","Strike_R","Strike_R","Strike_R","Strike_R","Strike_R","Defend_R","Defend_R","Defend_R","Defend_R","Bash","Immolate","True Grit","Whirlwind+1","Bloodletting","Feed","Sword Boomerang","Intimidate","Evolve","Inflame+1","Fire Breathing+1","Flex"],"relics":["Burning Blood","Bag of Marbles","Frozen Egg 2","CeramicFish","StrikeDummy"],"acts_visited":["Exordium"],"potions_floor_usage":[],"damage_taken":[{"damage":1.0,"enemies":"Cultist","floor":1.0,"turns":3.0},{"damage":0.0,"enemies":"2 Louse","floor":2.0,"turns":1.0},{"damage":0.0,"enemies":"Jaw Worm","floor":3.0,"turns":5.0},{"damage":36.0,"enemies":"Gremlin Gang","floor":4.0,"turns":3.0},{"damage":5.0,"enemies":"2 Fungi Beasts","floor":5.0,"turns":5.0},{"damage":25.0,"enemies":"3 Sentries","floor":6.0,"turns":3.0},{"damage":11.0,"enemies":"3 Louse","floor":7.0,"turns":3.0},{"damage":20.0,"enemies":"Lagavulin","floor":8.0,"turns":6.0},{"damage":13.0,"enemies":"3 Sentries","floor":10.0,"turns":4.0},{"damage":8.0,"enemies":"Blue Slaver","floor":14.0,"turns":2.0},{"damage":42,"enemies":"Hexaghost","floor":16,"turns":9}],"seed_played":"7472190144739416584","potions_obtained":[{"floor":3.0,"key":"LiquidBronze"},{"floor":4.0,"key":"SteroidPotion"},{"floor":6.0,"key":"Swift Potion"},{"floor":7.0,"key":"HeartOfIron"}],"is_trial":false,"path_per_floor":["M","M","M","M","M","E","M","E","T","E","R","?","R","M","R","B"],"character_chosen":"IRONCLAD","items_purchased":[],"campfire_rested":2,"item_purchase_floors":[],"current_hp_per_floor":[73,75,75,45,49,30,28,14,14,7,31,20,20,18,42,0,0],"gold":322,"neow_bonus":"THREE_RARE_CARDS","is_daily":false,"chose_seed":false,"campfire_upgraded":1,"win_rate":0.0,"timestamp":1609032106,"path_taken":["M","M","M","M","M","E","?","E","T","E","R","?","R","M","R","BOSS"],"items_purchased_type":[],"build_version":"2020-12-22","purchased_purges":0,"victory":false,"max_hp_per_floor":[75,75,75,75,78,78,81,81,81,81,81,81,81,81,81,81,81],"card_choices":[{"not_picked":["Reaper","Double Tap"],"picked":"Immolate","floor":0.0},{"not_picked":["Perfected Strike","Entrench","True Grit"],"picked":"SKIP","floor":1.0},{"not_picked":["Perfected Strike","Entrench"],"picked":"True Grit","floor":1.0},{"not_picked":["Dual Wield","Rupture"],"picked":"Whirlwind","floor":2.0},{"not_picked":["Anger","Clash"],"picked":"Bloodletting","floor":3.0},{"not_picked":["Shrug It Off","Spot Weakness"],"picked":"Feed","floor":4.0},{"not_picked":["Wild Strike","Twin Strike"],"picked":"Sword Boomerang","floor":5.0},{"not_picked":["Infernal Blade","Pummel"],"picked":"Intimidate","floor":6.0},{"not_picked":["Heavy Blade","Wild Strike"],"picked":"Evolve","floor":7.0},{"not_picked":["Infernal Blade","Disarm"],"picked":"Inflame+1","floor":8.0},{"not_picked":["Rage","Pummel"],"picked":"Fire Breathing+1","floor":10.0},{"not_picked":["Thunderclap","Twin Strike"],"picked":"Flex","floor":14.0}],"player_experience":624734,"relics_obtained":[{"floor":6.0,"key":"Bag of Marbles"},{"floor":8.0,"key":"Frozen Egg 2"},{"floor":9.0,"key":"CeramicFish"},{"floor":10.0,"key":"StrikeDummy"}],"event_choices":[{"damage_healed":0.0,"max_hp_gain":0.0,"max_hp_loss":0.0,"gold_gain":75.0,"event_name":"World of Goop","player_choice":"Gather Gold","floor":12.0,"gold_loss":0.0,"damage_taken":11.0}],"is_beta":false,"boss_relics":[],"items_purged_floors":[],"is_endless":false,"potions_floor_spawned":[3,4,6,7],"killed_by":"Hexaghost","ascension_level":14}}