{"host":"4lmgp360m6ghntre","time":1609046761,"event":{"mods":["Ascension Reborn","Ascension Unlocker","BaseMod","Block Reminder","Colored Powertips","Colorless Booster Pack","Conspire","Dota2Spire","Downfall","GifTheSpireLib","HololiveMod","Hubris","Keyboard Shortcuts","Minty Spire (QoL Compilation)","Quarter Circle Forward PUNCH!","Quick Restart","Relic Sorter","Relic Stats","Replay The Spire","SCP261 Mod","SacredBarkPlus","Small Relic Pack","Spicy Shops","Spikes Relics","StSLib","Stuff the Spire","TheArtist","Trackpad","Uncapped","UnlockEverythingMod"],"gold_per_floor":[119,119,119,138,148,164,164,164,187,202,230,248,248,263,263,263,263],"floor_reached":16,"playtime":1711,"items_purged":[],"score":104,"play_id":"c59553cc-79a0-460e-8487-594223f41138","local_time":"20201227002601","is_ascension_mode":true,"campfire_choices":[{"data":"White Noise","floor":13,"key":"SMITH"},{"floor":15,"key":"REST"}],"circlet_count":0,"master_deck":["Strike_B","Strike_B","Strike_B","Strike_B","Defend_B","Defend_B","Defend_B","Defend_B","Zap","Dualcast","White Noise+1","FTL","BasicCrystalCard","Ball Lightning","Regret","Sweeping Beam","Time Bomb","ReplayTheSpireMod:System Scan","Stack"],"relics":["Cracked Core","Darkstone Periapt","hubris:Metronome","hubris:PeanutButter","trackpad:SappingStone","Solar Panel"],"acts_visited":["Exordium"],"potions_floor_usage":[4,16],"damage_taken":[{"damage":1.0,"enemies":"Cultist","floor":1.0,"turns":3.0},{"damage":0,"enemies":"conspire:RoseBush","floor":4,"turns":4},{"damage":3,"enemies":"Jaw Worm","floor":5,"turns":3},{"damage":16,"enemies":"Gremlin Gang","floor":6,"turns":4},{"damage":0,"enemies":"Large Slime","floor":10,"turns":3},{"damage":19,"enemies":"Replay:BlueRogue","floor":11,"turns":4},{"damage":0,"enemies":"2 Fungi Beasts","floor":12,"turns":3},{"damage":12,"enemies":"Gremlin Gang","floor":14,"turns":4},{"damage":63,"enemies":"The Guardian","floor":16,"turns":9}],"seed_played":"2007730024037965361","potions_obtained":[{"floor":1,"key":"Swift Potion"},{"floor":6,"key":"Fire Potion"},{"floor":11,"key":"sneckomod:MuddlingPotion"},{"floor":14,"key":"LifebloodPotion"}],"is_trial":false,"path_per_floor":["M","$","T","M","M","M","?","?","T","M","E","M","R","M","R","B"],"character_chosen":"DEFECT","items_purchased":[],"campfire_rested":1,"item_purchase_floors":[],"current_hp_per_floor":[74,74,74,74,71,55,61,61,61,61,42,46,46,34,58,0,0],"gold":263,"neow_bonus":"","is_daily":false,"chose_seed":false,"campfire_upgraded":1,"win_rate":0.0,"timestamp":1609046761,"path_taken":["M","?","?","M","M","?","?","?","T","?","E","M","R","M","R","BOSS"],"items_purchased_type":[],"build_version":"2020-12-22","purchased_purges":0,"victory":false,"max_hp_per_floor":[75,75,75,75,75,75,81,81,81,81,81,81,81,81,81,81,81],"relic_stats":{"Darkstone Periapt":6,"counters":[9,37],"obtain_stats":[{"Darkstone Periapt":3,"Solar Panel":11,"hubris:Metronome":7,"trackpad:SappingStone":9,"hubris:PeanutButter":8,"Cracked Core":0},{"Darkstone Periapt":1,"Solar Panel":6,"hubris:Metronome":4,"trackpad:SappingStone":4,"hubris:PeanutButter":4,"Cracked Core":0},{"Darkstone Periapt":3,"Solar Panel":21,"hubris:Metronome":14,"trackpad:SappingStone":14,"hubris:PeanutButter":14,"Cracked Core":0}]},"card_choices":[{"not_picked":["Hologram","Go for the Eyes"],"picked":"White Noise","floor":1},{"not_picked":["Beam Cell","Leap"],"picked":"FTL","floor":4},{"not_picked":["Compile Driver","StuffTheSpire:Purify"],"picked":"BasicCrystalCard","floor":5},{"not_picked":["Force Field","Streamline"],"picked":"Ball Lightning","floor":6},{"not_picked":["Streamline","Loop"],"picked":"Sweeping Beam","floor":10},{"not_picked":["Streamline","Turbo"],"picked":"Time Bomb","floor":11},{"not_picked":["Creative AI","Streamline"],"picked":"ReplayTheSpireMod:System Scan","floor":12},{"not_picked":["BasicCrystalCard","Compile Driver"],"picked":"Stack","floor":14}],"player_experience":0,"relics_obtained":[{"floor":3,"key":"Darkstone Periapt"},{"floor":9,"key":"trackpad:SappingStone"},{"floor":11,"key":"Solar Panel"}],"event_choices":[{"damage_healed":0,"gold_gain":0,"player_choice":"Box","damage_taken":0,"relics_obtained":["hubris:Metronome"],"max_hp_gain":0,"max_hp_loss":0,"event_name":"Big Fish","floor":7,"gold_loss":0,"cards_obtained":["Regret"]},{"damage_healed":0,"gold_gain":0,"player_choice":"Gave Potion","damage_taken":0,"relics_obtained":["hubris:PeanutButter"],"max_hp_gain":0,"max_hp_loss":0,"event_name":"WeMeetAgain","floor":8,"gold_loss":0}],"is_beta":false,"boss_relics":[],"items_purged_floors":[],"is_endless":false,"potions_floor_spawned":[1,6,11,14],"killed_by":"The Guardian","ascension_level":0}}