{"host":"5cnm2qapaqj5mmu7","time":1609065522,"event":{"mods":["BaseMod","Bestiary","Colored Map","Minty Spire (QoL Compilation)","StSLib"],"gold_per_floor":[110,121,131,142,67,67,81,113,113,125,172,194,206,243,255,369,381,410,436,448,479,491,503,515,515],"floor_reached":24,"playtime":1613,"items_purged":["Defend_P"],"score":251,"play_id":"59e689d6-d9db-407d-95ad-fb390fc77652","local_time":"20201227113842","is_ascension_mode":true,"campfire_choices":[{"data":"ForeignInfluence","floor":6,"key":"SMITH"},{"floor":13,"key":"REST"},{"data":"MentalFortress","floor":15,"key":"SMITH"},{"floor":23,"key":"REST"}],"circlet_count":0,"master_deck":["Strike_P","Strike_P","Strike_P","Defend_P","Defend_P","Eruption","Vigilance","SashWhip","FollowUp","ForeignInfluence+1","Crescendo","MentalFortress+1","Halt","EmptyBody","EmptyFist","ClearTheMind","DevaForm+1","SandsOfTime","LessonLearned"],"relics":["Empty Cage","Bottled Tornado","MawBank","GremlinMask","Akabeko","Frozen Egg 2","Snecko Eye"],"acts_visited":["Exordium","TheCity"],"potions_floor_usage":[12,14,16,16,19,24],"damage_taken":[{"damage":8,"enemies":"Jaw Worm","floor":1,"turns":4},{"damage":7,"enemies":"Cultist","floor":2,"turns":3},{"damage":0,"enemies":"2 Louse","floor":3,"turns":3},{"damage":3,"enemies":"Looter","floor":4,"turns":2},{"damage":4,"enemies":"Exordium Wildlife","floor":7,"turns":2},{"damage":13,"enemies":"Lagavulin","floor":8,"turns":5},{"damage":29,"enemies":"3 Sentries","floor":11,"turns":11},{"damage":0,"enemies":"Exordium Thugs","floor":12,"turns":3},{"damage":5,"enemies":"Gremlin Nob","floor":14,"turns":4},{"damage":14,"enemies":"The Guardian","floor":16,"turns":11},{"damage":19,"enemies":"Shell Parasite","floor":18,"turns":5},{"damage":13,"enemies":"3 Byrds","floor":19,"turns":5},{"damage":34,"enemies":"Snake Plant","floor":21,"turns":5},{"damage":37,"enemies":"Slavers","floor":24,"turns":3}],"seed_played":"4835870433917766665","potions_obtained":[{"floor":7,"key":"Dexterity Potion"},{"floor":8,"key":"Block Potion"},{"floor":11,"key":"StancePotion"},{"floor":12,"key":"SpeedPotion"},{"floor":14,"key":"Energy Potion"},{"floor":16,"key":"ColorlessPotion"}],"is_trial":false,"path_per_floor":["M","M","M","M","$","R","M","E","T","?","E","M","R","E","R","B",null,"M","M","?","M","$","R","E"],"character_chosen":"WATCHER","items_purchased":[],"campfire_rested":2,"item_purchase_floors":[],"current_hp_per_floor":[64,57,57,54,54,54,50,37,37,37,8,8,29,24,24,10,72,53,40,40,6,6,27,0,0],"gold":515,"neow_bonus":"BOSS_RELIC","is_daily":false,"chose_seed":false,"campfire_upgraded":2,"win_rate":0.0,"timestamp":1609065522,"path_taken":["M","M","M","M","$","R","M","E","T","?","E","?","R","E","R","BOSS","M","M","?","M","$","R","E"],"items_purchased_type":[],"build_version":"2020-12-22","purchased_purges":1,"victory":false,"max_hp_per_floor":[72,72,72,72,72,72,72,72,72,72,72,72,72,72,72,72,72,72,72,72,72,72,72,72,72],"card_choices":[{"not_picked":["ThirdEye","FlyingSleeves"],"picked":"SashWhip","floor":1},{"not_picked":["CutThroughFate","WheelKick"],"picked":"FollowUp","floor":2},{"not_picked":["PathToVictory","Crescendo"],"picked":"ForeignInfluence","floor":3},{"not_picked":["Halt","Nirvana"],"picked":"Crescendo","floor":4},{"not_picked":["BowlingBash","Consecrate"],"picked":"MentalFortress","floor":7},{"not_picked":["EmptyMind","FlyingSleeves"],"picked":"Halt","floor":8},{"not_picked":["Crescendo","Prostrate"],"picked":"EmptyBody","floor":11},{"not_picked":["Vengeance","SignatureMove"],"picked":"EmptyFist","floor":12},{"not_picked":["Sanctity","Collect"],"picked":"ClearTheMind","floor":14},{"not_picked":["Establishment+1","ConjureBlade"],"picked":"DevaForm+1","floor":16},{"not_picked":["Halt","Protect"],"picked":"SandsOfTime","floor":18},{"not_picked":["PathToVictory","JustLucky","Crescendo"],"picked":"SKIP","floor":19},{"not_picked":["Evaluate","FlurryOfBlows+1"],"picked":"LessonLearned","floor":21}],"player_experience":523651,"relics_obtained":[{"floor":8,"key":"Bottled Tornado"},{"floor":9,"key":"MawBank"},{"floor":11,"key":"Akabeko"},{"floor":14,"key":"Frozen Egg 2"}],"event_choices":[{"damage_healed":0,"gold_gain":0,"player_choice":"Trade","damage_taken":0,"relics_obtained":["GremlinMask"],"max_hp_gain":0,"max_hp_loss":0,"event_name":"FaceTrader","floor":10,"gold_loss":0},{"damage_healed":0,"gold_gain":0,"player_choice":"Ignored","damage_taken":0,"max_hp_gain":0,"max_hp_loss":0,"event_name":"Ghosts","floor":20,"gold_loss":0}],"is_beta":false,"boss_relics":[{"not_picked":["SlaversCollar","Coffee Dripper"],"picked":"Snecko Eye"}],"items_purged_floors":[5],"is_endless":false,"potions_floor_spawned":[7,8,11,12,14,16],"killed_by":"Slavers","ascension_level":3}}