{"host":"9l2xd2qbyxfqdc97","time":1609096552,"event":{"mods":["BaseMod","Colored Map","Highlight Path","Minty Spire (QoL Compilation)","Quick Restart"],"gold_per_floor":[115,115,115,115,115,115,136,56,56,56,5,24,49,73,73,192,192,217,230,74,89,89,130,30,30,30,48,48,62,62,85,85,85,85],"floor_reached":33,"playtime":981,"items_purged":["Defend_B","Strike_B"],"score":296,"play_id":"5e1618d5-8590-43d0-892c-e13d25025884","local_time":"20201228041552","is_ascension_mode":true,"campfire_choices":[{"data":"Zap","floor":6.0,"key":"SMITH"},{"data":"Strike_B","floor":10.0,"key":"PURGE"},{"data":"Strike_B","floor":15.0,"key":"PURGE"},{"floor":32.0,"key":"REST"}],"circlet_count":0,"master_deck":["Strike_B","Defend_B+1","Defend_B","Zap+1","Dualcast+1","Beam Cell","Go for the Eyes","FTL","Beam Cell","Seek+1","Steam+1","Scrape","Hologram+1","Gash","Gash","Writhe"],"relics":["Cracked Core","NeowsBlessing","Cables","Golden Idol","Peace Pipe","Nuclear Battery","Ancient Tea Set","Matryoshka","War Paint","InkBottle","Bag of Preparation"],"acts_visited":["Exordium","TheCity"],"potions_floor_usage":[33,33],"damage_taken":[{"damage":0.0,"enemies":"Small Slimes","floor":1.0,"turns":1.0},{"damage":0.0,"enemies":"2 Louse","floor":7.0,"turns":1.0},{"damage":0.0,"enemies":"Jaw Worm","floor":12.0,"turns":1.0},{"damage":4.0,"enemies":"2 Fungi Beasts","floor":13.0,"turns":3.0},{"damage":0.0,"enemies":"Exordium Thugs","floor":14.0,"turns":3.0},{"damage":13.0,"enemies":"Hexaghost","floor":16.0,"turns":8.0},{"damage":12.0,"enemies":"2 Thieves","floor":18.0,"turns":4.0},{"damage":10.0,"enemies":"Chosen","floor":19.0,"turns":5.0},{"damage":1.0,"enemies":"3 Cultists","floor":21.0,"turns":4.0},{"damage":26.0,"enemies":"Slavers","floor":23.0,"turns":6.0},{"damage":6.0,"enemies":"Snake Plant","floor":27.0,"turns":4.0},{"damage":6.0,"enemies":"Centurion and Healer","floor":29.0,"turns":3.0},{"damage":3.0,"enemies":"Sentry and Sphere","floor":31.0,"turns":3.0},{"damage":74,"enemies":"Automaton","floor":33,"turns":6}],"seed_played":"7665064300627735913","potions_obtained":[{"floor":7.0,"key":"Ancient Potion"},{"floor":12.0,"key":"Strength Potion"},{"floor":16.0,"key":"Fire Potion"},{"floor":19.0,"key":"Swift Potion"},{"floor":22.0,"key":"SneckoOil"},{"floor":22.0,"key":"SpeedPotion"},{"floor":22.0,"key":"DuplicationPotion"},{"floor":27.0,"key":"DuplicationPotion"},{"floor":29.0,"key":"SneckoOil"}],"is_trial":false,"path_per_floor":["M","?","?","?","?","R","M","$","T","R","$","M","M","M","R","B",null,"M","M","$","M","?","E","$","T","T","M","?","M","?","M","R","B"],"character_chosen":"DEFECT","items_purchased":["FTL","Beam Cell","Scrape"],"campfire_rested":1,"item_purchase_floors":[8,11,20],"current_hp_per_floor":[75,60,53,35,35,35,35,35,35,35,35,35,31,31,31,18,69,57,47,47,46,46,20,20,20,20,14,14,8,8,5,25,0,0],"gold":85,"neow_bonus":"THREE_ENEMY_KILL","is_daily":false,"chose_seed":false,"campfire_upgraded":1,"win_rate":0.0,"timestamp":1609096552,"path_taken":["M","?","?","?","?","R","M","$","T","R","$","M","M","?","R","BOSS","M","M","$","M","?","E","$","?","T","M","?","?","?","M","R","BOSS"],"items_purchased_type":["Card","Card","Card"],"build_version":"2020-12-22","purchased_purges":2,"victory":false,"max_hp_per_floor":[75,75,75,75,69,69,69,69,69,69,69,69,69,69,69,69,69,69,69,69,69,69,69,69,69,69,69,69,69,69,69,69,69,69],"card_choices":[{"not_picked":["Go for the Eyes","Redo"],"picked":"Beam Cell","floor":1.0},{"not_picked":["Aggregate","BootSequence"],"picked":"Go for the Eyes","floor":7.0},{"not_picked":["Compile Driver","Go for the Eyes","Barrage"],"picked":"SKIP","floor":12.0},{"not_picked":["Redo","Compile Driver","Rebound"],"picked":"SKIP","floor":13.0},{"not_picked":["Go for the Eyes","Glacier","Recycle"],"picked":"SKIP","floor":14.0},{"not_picked":["Machine Learning","Hyperbeam"],"picked":"Seek","floor":16.0},{"not_picked":["Force Field","Streamline+1"],"picked":"Steam","floor":18.0},{"not_picked":["Sweeping Beam","Loop","Storm"],"picked":"SKIP","floor":19.0},{"not_picked":["Doom and Gloom+1","Streamline+1"],"picked":"Hologram+1","floor":21.0},{"not_picked":["Streamline","Chill+1"],"picked":"Gash","floor":23.0},{"not_picked":["Coolheaded+1","Ball Lightning","Genetic Algorithm"],"picked":"SKIP","floor":27.0},{"not_picked":["Barrage","Leap","Genetic Algorithm"],"picked":"SKIP","floor":29.0},{"not_picked":["Skim","Sweeping Beam+1","BootSequence"],"picked":"SKIP","floor":31.0}],"player_experience":198019,"relics_obtained":[{"floor":9.0,"key":"Peace Pipe"},{"floor":23.0,"key":"Ancient Tea Set"},{"floor":25.0,"key":"Matryoshka"},{"floor":26.0,"key":"War Paint"},{"floor":26.0,"key":"InkBottle"}],"event_choices":[{"damage_healed":0.0,"max_hp_gain":0.0,"max_hp_loss":0.0,"gold_gain":0.0,"event_name":"Shining Light","player_choice":"Entered Light","floor":2.0,"gold_loss":0.0,"damage_taken":15.0,"cards_upgraded":["Dualcast","Defend_B"]},{"cards_removed":["Defend_B"],"damage_healed":0.0,"max_hp_gain":0.0,"max_hp_loss":0.0,"gold_gain":0.0,"event_name":"Golden Wing","player_choice":"Card Removal","floor":3.0,"gold_loss":0.0,"damage_taken":7.0},{"damage_healed":0.0,"max_hp_gain":0.0,"max_hp_loss":0.0,"gold_gain":0.0,"event_name":"Scrap Ooze","player_choice":"Success","floor":4.0,"gold_loss":0.0,"damage_taken":18.0,"relics_obtained":["Cables"]},{"damage_healed":0.0,"max_hp_gain":0.0,"max_hp_loss":6.0,"gold_gain":0.0,"event_name":"Golden Idol","player_choice":"Lose Max HP","floor":5.0,"gold_loss":0.0,"damage_taken":0.0,"relics_obtained":["Golden Idol"]},{"damage_healed":0.0,"max_hp_gain":0.0,"max_hp_loss":0.0,"gold_gain":0.0,"event_name":"Lab","player_choice":"Got Potions","floor":22.0,"gold_loss":0.0,"damage_taken":0.0},{"damage_healed":0.0,"max_hp_gain":0.0,"max_hp_loss":0.0,"gold_gain":0.0,"event_name":"Duplicator","player_choice":"Copied","floor":28.0,"gold_loss":0.0,"damage_taken":0.0,"cards_obtained":["Gash"]},{"damage_healed":0.0,"max_hp_gain":0.0,"max_hp_loss":0.0,"gold_gain":0.0,"event_name":"The Mausoleum","player_choice":"Opened","floor":30.0,"gold_loss":0.0,"damage_taken":0.0,"relics_obtained":["Bag of Preparation"],"cards_obtained":["Writhe"]}],"is_beta":false,"boss_relics":[{"not_picked":["Velvet Choker","Coffee Dripper"],"picked":"Nuclear Battery"}],"items_purged_floors":[20,24],"is_endless":false,"potions_floor_spawned":[7,12,16,19,27,29],"killed_by":"Automaton","ascension_level":3}}