{"host":"mnv5ukcvq49ry6ak","time":1609060749,"event":{"mods":["ATMod(°¢èªMod)","Act Like it!","BaseMod","Better Vampires","Minty Spire (QoL Compilation)","MostiFishMod","Relic Stats","StSLib"],"gold_per_floor":[116,116,41,41,61,86,100,131,157,176,194,206,224,224,224,296,296,315,315,301,301,311,311,311],"floor_reached":23,"playtime":1062,"items_purged":["Defend_B","Strike_B","Zap"],"score":403,"play_id":"5b353ad4-0f5b-4911-af1b-8907cace5216","local_time":"20201227171909","is_ascension_mode":true,"campfire_choices":[{"data":"Madness","floor":15,"key":"SMITH"}],"circlet_count":0,"master_deck":["AscendersBane","Defend_B","Dualcast","AT_DrawKnifeCut","Coolheaded","MostiFishMod:Nova","Defragment","White Noise","AT_HeatAcrobatics","Core Surge","AT_WarpDrive","Electrodynamics","Gash","AT_ThreeBodyProblem","Madness+1","MostiFishMod:ATRI","MostiFishMod:GatherIntelligence","Loop"],"relics":["Cracked Core","AT_ATBox","DaveBox","DiscerningMonocle","NeowsBlessing","SynthV:TestCard","Ying","PreservedInsect","Sundial","Orichalcum","Bag of Marbles","OrangePellets","Singing Bowl","Bronze Scales","Empty Cage","Tiny Chest","PrismaticShard","Bottled Flame"],"acts_visited":["Exordium","TheCity"],"potions_floor_usage":[8,8,18,20,22,22],"damage_taken":[{"damage":0,"enemies":"Small Slimes","floor":1,"turns":1},{"damage":0,"enemies":"Jaw Worm","floor":5,"turns":1},{"damage":0,"enemies":"Lagavulin","floor":6,"turns":2},{"damage":3,"enemies":"Cultist","floor":7,"turns":4},{"damage":16,"enemies":"3 Sentries","floor":8,"turns":8},{"damage":0,"enemies":"Gremlin Gang","floor":10,"turns":1},{"damage":0,"enemies":"Large Slime","floor":11,"turns":4},{"damage":0,"enemies":"Blue Slaver","floor":12,"turns":4},{"damage":6,"enemies":"2 Fungi Beasts","floor":13,"turns":3},{"damage":12,"enemies":"Hexaghost","floor":16,"turns":9},{"damage":0,"enemies":"3 Byrds","floor":18,"turns":2},{"damage":21,"enemies":"2 Thieves","floor":20,"turns":4},{"damage":18,"enemies":"Snake Plant","floor":22,"turns":3},{"damage":8,"enemies":"Book of Stabbing","floor":23,"turns":2}],"seed_played":"-722708175301785459","potions_obtained":[{"floor":12,"key":"Ancient Potion"},{"floor":13,"key":"Ancient Potion"},{"floor":20,"key":"AttackPotion"},{"floor":22,"key":"EssenceOfSteel"}],"is_trial":false,"path_per_floor":["M","?","?","$","M","E","M","E","T","M","M","M","M","$","R","B",null,"M","?","M","$","M","E"],"character_chosen":"DEFECT","items_purchased":["Ying","PreservedInsect","Sundial","MostiFishMod:Nova","Defragment","White Noise","AT_HeatAcrobatics","Core Surge","Strength Potion","Swift Potion","OrangePellets","Singing Bowl","Bronze Scales","Block Potion","Block Potion","Madness","Tiny Chest","PrismaticShard","Bottled Flame","Loop","Energy Potion"],"campfire_rested":0,"item_purchase_floors":[4,4,4,4,4,4,4,4,4,4,14,14,14,14,14,14,21,21,21,21,21],"current_hp_per_floor":[64,57,57,57,57,57,54,38,38,38,38,38,32,32,32,20,58,58,58,39,39,23,15,15],"gold":311,"neow_bonus":"THREE_ENEMY_KILL","is_daily":false,"chose_seed":false,"campfire_upgraded":1,"win_rate":0.0,"timestamp":1609060749,"path_taken":["M","?","?","$","?","E","M","E","T","?","?","M","M","$","R","BOSS","M","?","M","$","M","E"],"items_purchased_type":["Relic","Relic","Relic","Card","Card","Card","Card","Card","Potion","Potion","Relic","Relic","Relic","Potion","Potion","Card","Relic","Relic","Relic","Card","Potion"],"build_version":"2020-12-22","purchased_purges":3,"victory":false,"max_hp_per_floor":[71,71,71,71,71,71,71,71,71,71,71,71,71,71,71,71,71,71,71,73,73,75,75,75],"relic_stats":{"OrangePellets":[2],"Singing Bowl":4,"counters":[14,48],"Sundial":[6],"Bronze Scales":[100],"Tiny Chest":0,"PreservedInsect":84,"Orichalcum":[144],"obtain_stats":[{"AT_ATBox":0,"Ying":4,"DaveBox":0,"NeowsBlessing":0,"Singing Bowl":14,"DiscerningMonocle":0,"PreservedInsect":4,"Orichalcum":6,"Empty Cage":17,"PrismaticShard":21,"OrangePellets":14,"Bottled Flame":21,"SynthV:TestCard":1,"Sundial":4,"Bronze Scales":14,"Tiny Chest":21,"Bag of Marbles":8,"Cracked Core":0},{"AT_ATBox":0,"Ying":1,"DaveBox":0,"NeowsBlessing":0,"Singing Bowl":9,"DiscerningMonocle":0,"PreservedInsect":1,"Orichalcum":3,"Empty Cage":10,"PrismaticShard":12,"OrangePellets":9,"Bottled Flame":12,"SynthV:TestCard":1,"Sundial":1,"Bronze Scales":9,"Tiny Chest":12,"Bag of Marbles":5,"Cracked Core":0},{"AT_ATBox":0,"Ying":1,"DaveBox":0,"NeowsBlessing":0,"Singing Bowl":28,"DiscerningMonocle":0,"PreservedInsect":1,"Orichalcum":4,"Empty Cage":37,"PrismaticShard":43,"OrangePellets":28,"Bottled Flame":43,"SynthV:TestCard":1,"Sundial":1,"Bronze Scales":28,"Tiny Chest":43,"Bag of Marbles":16,"Cracked Core":0}]},"card_choices":[{"not_picked":["Hologram","Go for the Eyes"],"picked":"Coolheaded","floor":1},{"not_picked":["Steam Power","Lockon","Ball Lightning","Rip and Tear"],"picked":"AT_WarpDrive","floor":5},{"not_picked":["Barrage","Steam","Consume","AT_HeatAcrobatics","Static Discharge"],"picked":"SKIP","floor":6},{"not_picked":["Genetic Algorithm","MostiFishMod:FluxCapactior","Rebound","Sweeping Beam","Beam Cell"],"picked":"SKIP","floor":7},{"not_picked":["Rip and Tear","Steam Power","MostiFishMod:ActiveDefenseSystem","Leap"],"picked":"Electrodynamics","floor":8},{"not_picked":["Rip and Tear","Scrape","Coolheaded","Rebound","AT_RobotInSpace"],"picked":"SKIP","floor":10},{"not_picked":["Cold Snap","Go for the Eyes","Ball Lightning","AT_HeatAcrobatics"],"picked":"Gash","floor":11},{"not_picked":["Reinforced Body","Redo","Sweeping Beam","Coolheaded","Conserve Battery"],"picked":"SKIP","floor":12},{"not_picked":["Melter","MostiFishMod:ActiveDefenseSystem","Ball Lightning","MostiFishMod:PushDownKick"],"picked":"AT_ThreeBodyProblem","floor":13},{"not_picked":["Thunder Strike","MostiFishMod:TalkingToTheRain","MostiFishMod:Overload","Hyperbeam"],"picked":"MostiFishMod:ATRI","floor":16},{"not_picked":["Fusion","Beam Cell","FTL","Heatsinks"],"picked":"MostiFishMod:GatherIntelligence","floor":18},{"not_picked":["Sweeping Beam+1","Leap","Streamline","Go for the Eyes","Redo"],"picked":"Singing Bowl","floor":20},{"not_picked":["Defragment","Infernal Blade","AT_SoftenMuscles","MentalFortress","MostiFishMod:GatherIntelligence+1"],"picked":"Singing Bowl","floor":22}],"player_experience":441491,"relics_obtained":[{"floor":1,"key":"SynthV:TestCard"},{"floor":6,"key":"Orichalcum"},{"floor":8,"key":"Bag of Marbles"}],"event_choices":[{"cards_removed":["Strike_B"],"damage_healed":0,"gold_gain":0,"player_choice":"Card Removal","damage_taken":7,"max_hp_gain":0,"max_hp_loss":0,"event_name":"Golden Wing","floor":2,"gold_loss":0},{"cards_removed":["Strike_B"],"damage_healed":0,"gold_gain":0,"player_choice":"Card Removal","damage_taken":0,"max_hp_gain":0,"max_hp_loss":0,"event_name":"The Cleric","floor":3,"gold_loss":75},{"cards_removed":["Defend_B"],"damage_healed":0,"gold_gain":0,"player_choice":"Elegance","damage_taken":0,"max_hp_gain":0,"max_hp_loss":0,"event_name":"Back to Basics","floor":19,"gold_loss":0}],"is_beta":false,"boss_relics":[{"not_picked":["EE1DDrone","PatriotShield"],"picked":"Empty Cage"}],"items_purged_floors":[4,14,21],"is_endless":false,"potions_floor_spawned":[5,6,7,12,13,16,20,22],"killed_by":"Book of Stabbing","ascension_level":15}}