{"host":"s5i48q09v0un9rqc","time":1609076644,"event":{"mods":["Ascension Reborn","BaseMod","BetterRewards","Highlight Path","Minty Spire (QoL Compilation)","Rare Cards Sparkle","Shop Mod"],"gold_per_floor":[136,182,182,182,260,260,405,164,195,277,335,335,167,249,249,423,423,469,559,255,333,393,393,446,446,475,581,581,700,776,1026,1026,1171,1171,1219,1219,1302,1302,1152,1235,1010,1047,1078,1126,1175,1175,1175,1319,1319,1349,1349,1349,885,927,927],"floor_reached":56,"playtime":8865,"items_purged":["Strike_G","Strike_G","Strike_G","Strike_G","Strike_G+1","Defend_G","Defend_G","Defend_G"],"score":1930,"play_id":"267a0b04-3b63-45e9-bf1f-04fba3721978","local_time":"20201227214404","is_ascension_mode":true,"campfire_choices":[{"data":"HandOfGreed","floor":6,"key":"SMITH"},{"data":"Bouncing Flask","floor":12,"key":"SMITH"},{"data":"Well Laid Plans","floor":15,"key":"SMITH"},{"floor":23,"key":"DIG"},{"floor":25,"key":"DIG"},{"floor":28,"key":"DIG"},{"floor":32,"key":"DIG"},{"floor":49,"key":"RECALL"},{"floor":52,"key":"DIG"}],"circlet_count":0,"master_deck":["Defend_G+1","Defend_G","Neutralize+1","Noxious Fumes","HandOfGreed+1","Well Laid Plans+1","Bouncing Flask+1","Adrenaline+1","Footwork","Calculated Gamble+1","Backflip+1","Expertise+1","PiercingWail+1","Burst+1","Adrenaline+1","Sadistic Nature"],"relics":["Ring of the Snake","OrangePellets","Membership Card","Matryoshka","Juzu Bracelet","Du-Vu Doll","Chemical X","Unceasing Top","Lee\u0027s Waffle","CaptainsWheel","TheAbacus","Lizard Tail","MerchantsRug","Golden Idol","Art of War","Medical Kit","Meat on the Bone","Snake Skull","Toy Ornithopter","ClockworkSouvenir","Whetstone","Shovel","Philosopher\u0027s Stone","Omamori","Paper Crane","Tiny Chest","FossilizedHelix","Bag of Preparation","Dream Catcher","Letter Opener","Bronze Scales","Kunai","PreservedInsect","Calipers","Black Star","Pantograph","Orrery","War Paint","Happy Flower","Centennial Puzzle","Toxic Egg 2","Blood Vial","Gremlin Horn","InkBottle","Strawberry","Sling","Blue Candle"],"acts_visited":["Exordium","TheCity","TheBeyond","TheEnding"],"potions_floor_usage":[5,55],"damage_taken":[{"damage":0,"enemies":"Small Slimes","floor":1,"turns":4},{"damage":0,"enemies":"Jaw Worm","floor":2,"turns":4},{"damage":0,"enemies":"2 Louse","floor":5,"turns":5},{"damage":2,"enemies":"Gremlin Gang","floor":7,"turns":8},{"damage":0,"enemies":"Lagavulin","floor":10,"turns":6},{"damage":2,"enemies":"Large Slime","floor":11,"turns":6},{"damage":8,"enemies":"Gremlin Nob","floor":14,"turns":4},{"damage":0,"enemies":"The Guardian","floor":16,"turns":8},{"damage":3,"enemies":"Shell Parasite","floor":18,"turns":4},{"damage":7,"enemies":"3 Byrds","floor":19,"turns":5},{"damage":8,"enemies":"Shelled Parasite and Fungi","floor":21,"turns":5},{"damage":7,"enemies":"Snake Plant","floor":22,"turns":4},{"damage":0,"enemies":"Snecko","floor":24,"turns":5},{"damage":9,"enemies":"Slavers","floor":27,"turns":6},{"damage":0,"enemies":"Book of Stabbing","floor":30,"turns":5},{"damage":0,"enemies":"Champ","floor":33,"turns":11},{"damage":0,"enemies":"3 Darklings","floor":35,"turns":5},{"damage":12,"enemies":"3 Shapes","floor":37,"turns":4},{"damage":0,"enemies":"Jaw Worm Horde","floor":40,"turns":4},{"damage":0,"enemies":"Reptomancer","floor":42,"turns":5},{"damage":0,"enemies":"Nemesis","floor":44,"turns":3},{"damage":0,"enemies":"Spire Growth","floor":45,"turns":4},{"damage":0,"enemies":"4 Shapes","floor":48,"turns":4},{"damage":0,"enemies":"Awakened One","floor":50,"turns":9},{"damage":0,"enemies":"Shield and Spear","floor":54,"turns":2},{"damage":0,"enemies":"The Heart","floor":55,"turns":5}],"seed_played":"1352267779830950541","potions_obtained":[{"floor":1,"key":"Block Potion"},{"floor":22,"key":"GamblersBrew"},{"floor":47,"key":"EntropicBrew"}],"is_trial":false,"path_per_floor":["M","M","?","?","M","R","M","$","T","E","M","R","$","E","R","B",null,"M","M","$","M","M","R","M","R","T","E","R","?","E","?","R","B",null,"M","?","M","T","$","M","$","E","T","E","M","?","?","M","R","B",null,"R","$","E","B",null],"character_chosen":"THE_SILENT","items_purchased":["OrangePellets","Membership Card","Matryoshka","Juzu Bracelet","Noxious Fumes","Regen Potion","Chemical X","HandOfGreed","Lee\u0027s Waffle","TheAbacus","MerchantsRug","PowerPotion","Medical Kit","Meat on the Bone","ClockworkSouvenir","Omamori","Paper Crane","Footwork","Orrery","InkBottle","Strawberry","Sling","Sadistic Nature"],"campfire_rested":0,"item_purchase_floors":[0,0,0,0,0,0,0,0,0,0,0,0,8,8,13,20,20,20,41,53,53,53,53],"current_hp_per_floor":[81,81,61,66,80,80,78,78,78,78,76,76,76,68,68,68,82,79,72,72,64,57,57,57,57,57,48,48,48,48,48,48,48,77,77,77,65,65,65,65,65,65,65,65,67,67,67,69,69,86,86,86,93,93,93],"gold":927,"neow_bonus":"","is_daily":false,"chose_seed":false,"campfire_upgraded":3,"win_rate":0.0,"timestamp":1609076644,"path_taken":["M","M","?","?","M","R","M","?","T","E","M","R","$","E","R","BOSS","M","M","$","M","M","R","M","R","T","E","R","?","E","?","R","BOSS","M","?","M","?","$","M","$","E","T","E","M","?","?","M","R","BOSS","R","$","E","BOSS"],"items_purchased_type":["Relic","Relic","Relic","Relic","Card","Potion","Relic","Card","Relic","Relic","Relic","Potion","Relic","Relic","Relic","Relic","Relic","Card","Relic","Relic","Relic","Relic","Card"],"build_version":"2020-12-22","purchased_purges":8,"victory":true,"max_hp_per_floor":[81,81,81,86,86,86,86,86,86,86,86,86,86,86,86,86,86,86,86,86,86,86,86,86,86,86,86,86,86,86,86,86,86,86,86,86,86,86,86,86,86,86,86,86,86,86,86,86,86,86,86,86,93,93,93],"card_choices":[{"not_picked":["Concentrate","Deadly Poison"],"picked":"Well Laid Plans","floor":1},{"not_picked":["Backstab","Blade Dance","Riddle With Holes"],"picked":"SKIP","floor":2},{"not_picked":["Expertise","Deadly Poison","Blade Dance"],"picked":"SKIP","floor":5},{"not_picked":["Cloak And Dagger","Blade Dance","Bane"],"picked":"SKIP","floor":7},{"not_picked":["Night Terror","Dodge and Roll","Sucker Punch"],"picked":"SKIP","floor":10},{"not_picked":["Well Laid Plans","Outmaneuver"],"picked":"Bouncing Flask","floor":11},{"not_picked":["Dagger Throw","Skewer","Dagger Spray"],"picked":"SKIP","floor":14},{"not_picked":["Grand Finale","Phantasmal Killer"],"picked":"Adrenaline","floor":16},{"not_picked":["Bane","Endless Agony","Leg Sweep"],"picked":"SKIP","floor":18},{"not_picked":["Acrobatics","Quick Slash","Dagger Spray"],"picked":"SKIP","floor":19},{"not_picked":["Cloak And Dagger+1","Accuracy","Underhanded Strike"],"picked":"SKIP","floor":21},{"not_picked":["Cloak And Dagger","Dagger Spray","Deadly Poison"],"picked":"SKIP","floor":22},{"not_picked":["Well Laid Plans","Deadly Poison+1","Riddle With Holes"],"picked":"SKIP","floor":24},{"not_picked":["Terror","Eviscerate","Concentrate"],"picked":"SKIP","floor":27},{"not_picked":["Poisoned Stab","Distraction","Blade Dance+1"],"picked":"SKIP","floor":30},{"not_picked":["Quick Slash","Flying Knee","Outmaneuver"],"picked":"SKIP","floor":35},{"not_picked":["Dash","Crippling Poison","Deflect"],"picked":"SKIP","floor":37},{"not_picked":["Heel Hook+1","Noxious Fumes+1"],"picked":"Calculated Gamble+1","floor":40},{"not_picked":["PiercingWail+1","Deadly Poison+1"],"picked":"Backflip+1","floor":41},{"not_picked":["Deadly Poison+1","Backstab+1"],"picked":"Expertise+1","floor":41},{"not_picked":["Finisher+1","Bane+1"],"picked":"PiercingWail+1","floor":41},{"not_picked":["Underhanded Strike","Dagger Throw+1","Poisoned Stab+1"],"picked":"SKIP","floor":42},{"not_picked":["Footwork","Poisoned Stab","Terror+1"],"picked":"SKIP","floor":44},{"not_picked":["Underhanded Strike","Choke+1","Cloak And Dagger+1"],"picked":"SKIP","floor":45},{"not_picked":["Backflip+1","Dash+1"],"picked":"Adrenaline+1","floor":48},{"not_picked":["Skewer","Reflex+1","PiercingWail+1"],"picked":"SKIP","floor":54}],"player_experience":683283,"relics_obtained":[{"floor":5,"key":"Art of War"},{"floor":9,"key":"Snake Skull"},{"floor":10,"key":"Toy Ornithopter"},{"floor":14,"key":"Whetstone"},{"floor":16,"key":"Shovel"},{"floor":23,"key":"Tiny Chest"},{"floor":25,"key":"FossilizedHelix"},{"floor":26,"key":"Bag of Preparation"},{"floor":26,"key":"Dream Catcher"},{"floor":27,"key":"Letter Opener"},{"floor":28,"key":"Bronze Scales"},{"floor":30,"key":"Kunai"},{"floor":32,"key":"PreservedInsect"},{"floor":33,"key":"Calipers"},{"floor":38,"key":"Pantograph"},{"floor":42,"key":"War Paint"},{"floor":42,"key":"Happy Flower"},{"floor":43,"key":"Centennial Puzzle"},{"floor":44,"key":"Toxic Egg 2"},{"floor":44,"key":"Blood Vial"},{"floor":52,"key":"Gremlin Horn"},{"floor":54,"key":"Blue Candle"}],"event_choices":[{"damage_healed":0,"gold_gain":0,"player_choice":"Take Damage","damage_taken":20,"relics_obtained":["Golden Idol"],"max_hp_gain":0,"max_hp_loss":0,"event_name":"Golden Idol","floor":3,"gold_loss":0},{"damage_healed":0,"gold_gain":0,"player_choice":"Donut","damage_taken":0,"max_hp_gain":5,"max_hp_loss":0,"event_name":"Big Fish","floor":4,"gold_loss":0},{"damage_healed":0,"gold_gain":99,"player_choice":"Stole From Cult","damage_taken":0,"max_hp_gain":0,"max_hp_loss":0,"event_name":"Nest","floor":29,"gold_loss":0},{"damage_healed":0,"gold_gain":250,"player_choice":"Bet on Owner","damage_taken":0,"max_hp_gain":0,"max_hp_loss":0,"event_name":"The Joust","floor":31,"gold_loss":50},{"cards_removed":["Survivor"],"damage_healed":0,"gold_gain":0,"player_choice":"Removed Skill","damage_taken":0,"max_hp_gain":0,"max_hp_loss":0,"event_name":"Falling","floor":36,"gold_loss":0},{"damage_healed":0,"gold_gain":0,"player_choice":"1 cards matched","damage_taken":0,"max_hp_gain":0,"max_hp_loss":0,"event_name":"Match and Keep!","floor":46,"gold_loss":0,"cards_obtained":["Burst"]},{"damage_healed":0,"gold_gain":0,"player_choice":"Got Potions","damage_taken":0,"max_hp_gain":0,"max_hp_loss":0,"event_name":"Lab","floor":47,"gold_loss":0}],"is_beta":false,"boss_relics":[{"not_picked":["Velvet Choker","Cursed Key"],"picked":"Philosopher\u0027s Stone"},{"not_picked":["Fusion Hammer","Sozu"],"picked":"Black Star"}],"items_purged_floors":[0,0,8,13,20,39,41,53],"is_endless":false,"potions_floor_spawned":[1,2,22,24,27,33,35,40,48],"ascension_level":0}}