{"host":"wjjo3y19ggvj12sc","time":1609046774,"event":{"mods":["AchievementEnabler","Ascension Unlocker","Bard","BaseMod","Beaked The Cultist","BetterRewards","Conspire","Downfall","Duelist Mod","GifTheSpireLib","Googly Eyes","Gremlin Mod","Hermit","Hubris","Infinite Spire","Jorbs\u0027s Wanderer Trilogy","Mad Scientist","Marisa????????","Minty Spire (QoL Compilation)","Random Character Button","Random Character Mod","Relic Sorter","Relic Stats","Remilia??????","Replay The Spire","Spicy Shops","StSLib","Td1madao Mod","The Bladedancer","The Bug Knight","The Construct","The Cursed","The Disciple","The Gatherer","The Hierophant","The Mystic","The Necromancer","The Poker Player","The Runesmith","The Servant 0.9.4"],"gold_per_floor":[112,123,123,123,137,171,191,219,245,257,257,268,268,288,288,288,288],"floor_reached":16,"playtime":1262,"items_purged":[],"score":116,"play_id":"f67cf4cd-7cb9-48f9-b539-2f4c34d3855b","local_time":"20201227002614","is_ascension_mode":false,"campfire_choices":[{"data":"Noxious Fumes","floor":13,"key":"SMITH"},{"data":"Fluid Movement","floor":15,"key":"SMITH"}],"circlet_count":0,"master_deck":["Strike_G","Strike_G","Strike_G","Strike_G","Strike_G","Defend_G","Defend_G","Defend_G+1","Defend_G","Defend_G","Survivor","Neutralize","Fluid Movement+1","Backflip","conspire:DoublingDagger","Bouncing Flask","Reflex","Noxious Fumes+1","Sucker Punch","Quick Slash","Blade Dance"],"relics":["Ring of the Snake","NeowsBlessing","Garlic","Pet Ghost","Toy Ornithopter","infinitespire:Satchel"],"acts_visited":["Exordium"],"potions_floor_usage":[16],"damage_taken":[{"damage":0,"enemies":"infinitespire:Voidling","floor":1,"turns":1},{"damage":0,"enemies":"Cultist","floor":2,"turns":1},{"damage":0,"enemies":"conspire:RoseBush","floor":5,"turns":1},{"damage":17,"enemies":"Replay:BlueRogue","floor":6,"turns":10},{"damage":0,"enemies":"Gremlin Gang","floor":7,"turns":10},{"damage":14,"enemies":"3 Sentries","floor":8,"turns":13},{"damage":1,"enemies":"Blue Slaver","floor":10,"turns":5},{"damage":0,"enemies":"3 Louse","floor":11,"turns":4},{"damage":0,"enemies":"conspire:2 RoseBushes","floor":12,"turns":6},{"damage":5,"enemies":"Looter","floor":14,"turns":3},{"damage":45,"enemies":"Slime Boss","floor":16,"turns":8}],"seed_played":"-1869220500760154703","potions_obtained":[{"floor":1,"key":"GamblersBrew"},{"floor":5,"key":"Elixir"},{"floor":10,"key":"DuplicationPotion"},{"floor":12,"key":"Explosive Potion"}],"is_trial":false,"path_per_floor":["M","M","?","?","M","E","M","E","T","M","M","M","R","M","R","B"],"character_chosen":"THE_SILENT","items_purchased":[],"campfire_rested":0,"item_purchase_floors":[],"current_hp_per_floor":[70,70,70,70,70,53,53,39,39,38,38,38,38,33,33,0,0],"gold":288,"neow_bonus":"THREE_ENEMY_KILL","is_daily":false,"chose_seed":false,"campfire_upgraded":2,"win_rate":0.0,"timestamp":1609046774,"path_taken":["M","?","?","?","M","E","M","E","T","M","M","?","R","M","R","BOSS"],"items_purchased_type":[],"build_version":"2020-12-22","purchased_purges":0,"victory":false,"max_hp_per_floor":[70,70,70,70,70,70,70,70,70,70,70,70,70,70,70,70,70],"relic_stats":{"counters":[11,62],"obtain_stats":[{"NeowsBlessing":0,"infinitespire:Satchel":9,"Garlic":4,"Pet Ghost":6,"Toy Ornithopter":8,"Ring of the Snake":0},{"NeowsBlessing":0,"infinitespire:Satchel":6,"Garlic":2,"Pet Ghost":4,"Toy Ornithopter":6,"Ring of the Snake":0},{"NeowsBlessing":0,"infinitespire:Satchel":36,"Garlic":2,"Pet Ghost":13,"Toy Ornithopter":36,"Ring of the Snake":0}],"Toy Ornithopter":5,"Ring of the Snake":[22]},"card_choices":[{"not_picked":["Blur","Poisoned Stab"],"picked":"Fluid Movement","floor":1},{"not_picked":["Hidden Blade","Prepared"],"picked":"Backflip","floor":2},{"not_picked":["Quick Slash","Dagger Throw"],"picked":"conspire:DoublingDagger","floor":5},{"not_picked":["ReplayTheSpireMod:Tripwire","Underhanded Strike"],"picked":"Bouncing Flask","floor":6},{"not_picked":["Glass Knife","ReplayTheSpireMod:The Works"],"picked":"Reflex","floor":7},{"not_picked":["ReplayTheSpireMod:The Works","Well Laid Plans"],"picked":"Noxious Fumes","floor":8},{"not_picked":["Hidden Blade","Outmaneuver"],"picked":"Sucker Punch","floor":10},{"not_picked":["Dodge and Roll","Fluid Movement","ReplayTheSpireMod:Tripwire"],"picked":"SKIP","floor":11},{"not_picked":["Hidden Blade","Flechettes"],"picked":"Quick Slash","floor":12},{"not_picked":["Deflect","hubris:SlightOfHand"],"picked":"Blade Dance","floor":14}],"player_experience":382855,"relics_obtained":[{"floor":4,"key":"Garlic"},{"floor":6,"key":"Pet Ghost"},{"floor":8,"key":"Toy Ornithopter"},{"floor":9,"key":"infinitespire:Satchel"}],"event_choices":[{"damage_healed":0,"gold_gain":0,"player_choice":"Relic","damage_taken":0,"max_hp_gain":0,"max_hp_loss":0,"event_name":"Wheel of Change","floor":4,"gold_loss":0}],"is_beta":false,"boss_relics":[],"items_purged_floors":[],"is_endless":false,"potions_floor_spawned":[1,5,10,11,12],"killed_by":"Slime Boss","ascension_level":0}}