{"host":"kqqjvufdj6ouyvqb","time":1609079591,"event":{"mods":["ATMod(阿瑾Mod)","Act Like it!","Arknights The Spire","BaseMod","Colored Powertips","Downfall","Hallownest","HololiveMod","KinomotoSakuraMod(木之本樱)","Koishi","Lobotomy","LobotomyExtend","Minty Spire (QoL Compilation)","Prisma Mod","Quick Restart","Remilia（蕾米莉亚）","Replay The Spire","StSLib","The Alterego","The Bug Knight","The Construct","The Gatherer","WarShipGirlsR/战舰少女R mod","[IsaacMod]以撒尖塔","残留之物","篝火指南"],"gold_per_floor":[99,112,213,230,248,261,284,209,224,224,254,254,289,303,317,421,421,346,363,382,449,499,568,568,493,418,434,501,651,680,745,765,867,867,867,878,888,900,997,361,385,88,138,277,327,408,520,615,760,785,785,838,346,346,446],"floor_reached":56,"playtime":3438,"items_purged":["ats:Shell Defense","ats:Strike G","ats:Defend"],"score":1344,"play_id":"157ffe70-09da-492c-9d6a-d4ab071559bd","local_time":"20201227223311","is_ascension_mode":false,"campfire_choices":[{"floor":1,"key":"RECALL"},{"data":"ats:Soul Absorption","floor":8,"key":"SMITH"},{"data":"AT_FamilyPortrait","floor":10,"key":"SMITH"},{"floor":18,"key":"DIG"},{"data":"ats:Composite Medical Shells","floor":25,"key":"SMITH"},{"data":"ats:Nebulous Foxfire","floor":35,"key":"SMITH"},{"data":"ats:Calcification","floor":54,"key":"SMITH"}],"circlet_count":1,"master_deck":["ats:Strike C","ats:Strike S","ats:Strike V","ats:Armor Crushing Shot","ats:Defend","ats:Defend+1","ats:Defend+1","ats:Emotion Absorption","DoctorFetus","AT_FamilyPortrait+1","ats:Flexible Camouflage","ats:Apocalypse","ats:Support Order","ats:Hammer On","ats:Healing Strengthening","ats:Wolf Pack","ats:Soul Absorption+1","ats:Mental Burst","ats:Cat Scratch","ats:Very Hot Blade","ats:Nebulous Foxfire+1","ats:Ignite+1","ats:Shell Defense+1","ats:Blood Oath+1","Necronomicurse","ats:Composite Medical Shells+1","ats:Explosion Area Strengthen+1","ats:Curse Doll+1","ats:Powerful Strike+1","ats:Hook Shot","ats:Sword Rain+1","ats:Rapid Magazine","ats:Flame Of Heaven+1","ats:True Silver Slash+1","ats:Closed Bolt Burst Fire+1","ats:Thorns+1","ats:Healing Drone","ats:Poison Spread+1","expansioncontent:Sear+1","ats:Shadow Raid","ats:Magnetic Hammer+1","ats:Wolf Pack+1","ats:Thermite Blade+1","ats:Calcification+1","Pot Of Greed","Pot Of Greed","Pot Of Greed","Pot Of Greed","ats:Part Time Job"],"relics":["ats:Sanity Plus","HushsDoor","Void","AT_SunfireAegis","downfall:HeartBlessingRed","Bag of Marbles","SsserpentHead","ats:Hidden Killer","ats:Tactical Delivery","downfall:HeartBlessingGreen","Molten Egg 2","Necronomicon","downfall:HeartBlessingBlue","ats:Assault","AT_BladeRuinedKing","Darkstone Periapt","ats:Originium","Eternal Feather","FossilizedHelix","ats:Snipe","AT_MibuBalloonWealth","AT_RedNoBalance","Replay:Wax Seal","War Paint","ats:Attack","D6","D6","Circlet","ReplayTheSpireMod:Shallot","LetterFromLob","AT_ArchangelStaff","Grinning Jar"],"acts_visited":["Exordium","TheCity","TheBeyond","TheEnding"],"potions_floor_usage":[5,11,30,30,39,44,50,55],"damage_taken":[{"damage":0,"enemies":"Jaw Worm","floor":2,"turns":1},{"damage":5,"enemies":"Small Slimes","floor":4,"turns":3},{"damage":1,"enemies":"Cultist","floor":5,"turns":3},{"damage":6,"enemies":"Exordium Wildlife","floor":6,"turns":6},{"damage":0,"enemies":"Red Slaver","floor":9,"turns":2},{"damage":37,"enemies":"Gremlin Nob","floor":11,"turns":5},{"damage":6,"enemies":"Lagavulin","floor":13,"turns":6},{"damage":0,"enemies":"Gremlin Gang","floor":14,"turns":3},{"damage":10,"enemies":"Exordium Thugs","floor":15,"turns":5},{"damage":8,"enemies":"Slime Boss","floor":16,"turns":6},{"damage":4,"enemies":"Snake Plant","floor":19,"turns":5},{"damage":6,"enemies":"Centurion and Healer","floor":20,"turns":3},{"damage":0,"enemies":"Sentry and Sphere","floor":21,"turns":3},{"damage":11,"enemies":"Shelled Parasite and Fungi","floor":23,"turns":4},{"damage":1,"enemies":"downfall:FleeingMerchant","floor":26,"turns":6},{"damage":8,"enemies":"Centurion and Healer","floor":27,"turns":3},{"damage":0,"enemies":"Chosen and Byrds","floor":28,"turns":4},{"damage":15,"enemies":"downfall:Ironclad","floor":29,"turns":4},{"damage":20,"enemies":"Slavers","floor":30,"turns":4},{"damage":11,"enemies":"Shelled Parasite and Fungi","floor":31,"turns":2},{"damage":30,"enemies":"Centurion and Healer","floor":32,"turns":3},{"damage":3,"enemies":"downfall:Watcher","floor":33,"turns":4},{"damage":7,"enemies":"Orb Walker","floor":36,"turns":2},{"damage":18,"enemies":"3 Shapes","floor":37,"turns":4},{"damage":4,"enemies":"Writhing Mass","floor":38,"turns":5},{"damage":65,"enemies":"2 Orb Walkers","floor":39,"turns":5},{"damage":19,"enemies":"Sphere and 2 Shapes","floor":44,"turns":3},{"damage":2,"enemies":"Giant Head","floor":46,"turns":6},{"damage":9,"enemies":"4 Shapes","floor":47,"turns":3},{"damage":0,"enemies":"Jaw Worm Horde","floor":48,"turns":1},{"damage":11,"enemies":"3 Darklings","floor":49,"turns":3},{"damage":3,"enemies":"downfall:Defect","floor":50,"turns":4},{"damage":48,"enemies":"downfall:CharBossMerchant","floor":52,"turns":5},{"damage":94,"enemies":"downfall:NeowBoss","floor":55,"turns":21}],"seed_played":"-9008675122136799614","potions_obtained":[{"floor":4,"key":"Explosive Potion"},{"floor":6,"key":"PowerPotion"},{"floor":9,"key":"Dexterity Potion"},{"floor":21,"key":"ats:Top Emergency Sanity Potion"},{"floor":23,"key":"Reflective Coating"},{"floor":30,"key":"LiquidBronze"},{"floor":31,"key":"Toxic Potion"},{"floor":37,"key":"ats:Emergency Sanity Potion"},{"floor":39,"key":"LifebloodPotion"},{"floor":46,"key":"BlessingOfTheForge"},{"floor":52,"key":"Slimebound:ThreeZeroPotion"}],"is_trial":false,"path_per_floor":["R","M","?","M","M","M","T","R","M","R","E","?","E","M","M","B",null,"R","M","M","M","?","M","T","R","$","M","M","?","E","M","M","B",null,"R","M","M","M","?","$","T","$","?","M","?","E","M","M","M","B",null,"E","$","R","B",null],"character_chosen":"DOCTOR_CLASS","items_purchased":["ats:Assault","AT_BladeRuinedKing","ats:Snipe","AT_MibuBalloonWealth","AT_SilverBalance","War Paint","ats:Attack","AT_ArchangelStaff","Grinning Jar","ats:Part Time Job"],"campfire_rested":0,"item_purchase_floors":[26,26,40,40,40,42,42,53,53,53],"current_hp_per_floor":[79,79,60,59,58,56,56,56,56,56,34,34,28,28,22,27,79,79,79,73,76,60,63,63,73,86,83,86,76,63,64,40,46,86,86,81,71,74,58,58,58,58,86,41,41,57,42,42,39,48,91,52,52,79,68],"gold":446,"neow_bonus":"TEN_PERCENT_HP_BONUS","is_daily":false,"chose_seed":false,"campfire_upgraded":5,"win_rate":0.0,"timestamp":1609079591,"path_taken":["R","M","?","?","M","M","T","R","M","R","E","?","E","M","M","BOSS","R","M","M","?","?","?","T","R","$","M","?","?","E","?","M","BOSS","R","M","M","M","?","$","T","$","?","?","?","E","M","M","M","BOSS","E","$","R","BOSS"],"items_purchased_type":["Relic","Relic","Relic","Relic","Relic","Relic","Relic","Relic","Relic","Card"],"build_version":"2020-12-22","purchased_purges":3,"victory":true,"max_hp_per_floor":[79,79,79,79,79,79,79,79,79,79,79,79,79,79,79,79,79,79,79,79,76,76,76,76,86,86,86,86,86,86,86,86,86,86,86,86,86,86,86,86,86,86,86,86,86,91,91,91,91,91,91,91,91,91,91],"card_choices":[{"not_picked":[],"picked":"DoctorFetus","floor":0},{"not_picked":["ats:Poison Spread","ats:Hammer On"],"picked":"ats:Flexible Camouflage","floor":2},{"not_picked":["ats:Shadow Raid","ats:Hammer On"],"picked":"ats:Apocalypse","floor":3},{"not_picked":["ats:Magnetic Hammer","ats:Shell Defense"],"picked":"ats:Support Order","floor":3},{"not_picked":["ats:Explosion Area Strengthen","ats:Poison Spread"],"picked":"ats:Hammer On","floor":3},{"not_picked":["ats:Thermite Blade","ats:Curse Doll"],"picked":"ats:Healing Strengthening","floor":4},{"not_picked":["ats:Apocalypse","ats:Curse Doll"],"picked":"ats:Wolf Pack","floor":5},{"not_picked":["ats:Hammer On","Bomb"],"picked":"ats:Soul Absorption","floor":6},{"not_picked":["ats:Healing Strengthening","ats:Hammer On"],"picked":"Bomb","floor":9},{"not_picked":["ats:Chain Hook","ats:Revitalization"],"picked":"ats:Mental Burst","floor":11},{"not_picked":["Bomb","ats:Powerful Strike"],"picked":"ats:Cat Scratch","floor":13},{"not_picked":["ats:Consecutive Shot Auto","ats:Explosion Area Strengthen"],"picked":"ats:Shell Defense","floor":14},{"not_picked":["ats:Directed Diagnosis","ats:Hammer On"],"picked":"ats:Very Hot Blade","floor":15},{"not_picked":["ats:Shadow Assault","ats:Rat Pack"],"picked":"ats:Nebulous Foxfire","floor":16},{"not_picked":["ats:Curse Doll","ats:Soul Absorption+1"],"picked":"ats:Ignite+1","floor":19},{"not_picked":["ats:Cat Scratch+1","ats:Healing Strengthening+1"],"picked":"ats:Shell Defense+1","floor":20},{"not_picked":["ats:Burning Ground+1","ats:Powerful Strike+1"],"picked":"ats:Blood Oath+1","floor":21},{"not_picked":["ats:Flexible Camouflage","ats:Powerful Strike+1"],"picked":"ats:Composite Medical Shells","floor":23},{"not_picked":["ats:Flexible Camouflage","ats:LN2 Cannon+1"],"picked":"ats:Explosion Area Strengthen+1","floor":26},{"not_picked":["ats:Hammer On+1","ats:Cat Scratch+1"],"picked":"ats:Curse Doll+1","floor":27},{"not_picked":["ats:Roar Of Ursus","ats:Consecutive Shot Auto+1"],"picked":"ats:Powerful Strike+1","floor":28},{"not_picked":["ats:Ignite+1","ats:Curse Doll"],"picked":"ats:Hook Shot","floor":29},{"not_picked":["ats:Beaten Up","ats:Overload+1"],"picked":"ats:Sword Rain+1","floor":30},{"not_picked":["ats:Poison Spread+1","ats:Support Order+1"],"picked":"ats:Rapid Magazine","floor":31},{"not_picked":["ats:Ignite+1","ats:Part Time Job"],"picked":"ats:Flame Of Heaven+1","floor":32},{"not_picked":["ats:Rat Pack","ats:Dogmatic Field"],"picked":"ats:True Silver Slash+1","floor":33},{"not_picked":["ats:Thorns+1","ats:Composite Medical Shells"],"picked":"ats:Closed Bolt Burst Fire+1","floor":36},{"not_picked":["ats:Magnetic Hammer+1","ats:Hammer On+1"],"picked":"ats:Thorns+1","floor":37},{"not_picked":["ats:Hammer On+1","ats:Childhood Dance+1"],"picked":"ats:Healing Drone","floor":38},{"not_picked":["ats:Consecutive Shot Auto+1","ats:Ignite+1"],"picked":"ats:Poison Spread+1","floor":44},{"not_picked":["expansioncontent:SlimeTackle+1","expansioncontent:DecasProtection"],"picked":"expansioncontent:Sear+1","floor":45},{"not_picked":["ats:Consecutive Shot Auto+1","ats:Healing Drone+1"],"picked":"ats:Shadow Raid","floor":46},{"not_picked":["ats:Curse Doll","ats:Shell Defense","ats:Apocalypse+1"],"picked":"SKIP","floor":46},{"not_picked":["ats:Leaping Hammer+1","ats:Poison Spread+1"],"picked":"ats:Magnetic Hammer+1","floor":47},{"not_picked":["ats:Assault Order+1","ats:Apocalypse+1"],"picked":"ats:Wolf Pack+1","floor":48},{"not_picked":["ats:Shell Defense+1","ats:Healing Drone"],"picked":"ats:Thermite Blade+1","floor":49},{"not_picked":["ats:Cat Scratch+1","ats:Nebulous Foxfire"],"picked":"ats:Calcification","floor":52}],"player_experience":231751,"relics_obtained":[{"floor":2,"key":"LetterFromLob"},{"floor":7,"key":"AT_SunfireAegis"},{"floor":11,"key":"ats:Originium"},{"floor":11,"key":"Bag of Marbles"},{"floor":13,"key":"ats:Originium"},{"floor":13,"key":"ats:Hidden Killer"},{"floor":18,"key":"Molten Egg 2"},{"floor":22,"key":"Necronomicon"},{"floor":29,"key":"ats:Emergency Defibrillator"},{"floor":29,"key":"Darkstone Periapt"},{"floor":30,"key":"ats:Originium"},{"floor":30,"key":"Eternal Feather"},{"floor":39,"key":"FossilizedHelix"},{"floor":41,"key":"Replay:Wax Seal"},{"floor":46,"key":"D6"},{"floor":46,"key":"D6"},{"floor":46,"key":"Circlet"},{"floor":52,"key":"ReplayTheSpireMod:Shallot"},{"floor":52,"key":"LetterFromLob"}],"event_choices":[{"damage_healed":0,"gold_gain":0,"player_choice":"Trade","damage_taken":0,"relics_obtained":["SsserpentHead"],"max_hp_gain":0,"max_hp_loss":0,"event_name":"FaceTrader","floor":12,"gold_loss":0},{"damage_healed":0,"gold_gain":0,"player_choice":"Fight","damage_taken":0,"max_hp_gain":0,"max_hp_loss":0,"event_name":"Mysterious Sphere","floor":39,"gold_loss":0},{"damage_healed":28,"gold_gain":0,"player_choice":"Full Heal","damage_taken":0,"max_hp_gain":0,"max_hp_loss":0,"event_name":"Wheel of Change","floor":43,"gold_loss":0}],"is_beta":false,"boss_relics":[{"not_picked":["Velvet Choker","Tiny House"],"picked":"ats:Tactical Delivery"},{"not_picked":[]},{"not_picked":["Replay:Ancient Bell","Runic Pyramid"],"picked":"ats:Sanity Plus"},{"not_picked":[]}],"items_purged_floors":[26,40,53],"is_endless":false,"potions_floor_spawned":[4,6,9,21,23,27,30,31,37,39,46,48,52],"ascension_level":0}}