{"host":"sum4dy402bbv9y4o","time":1609101181,"event":{"mods":["Aspiration","BaseMod","Conspire","Highlight Path","Minty Spire (QoL Compilation)","StSLib"],"gold_per_floor":[116,116,165,182,182,209,226,226,226,252,7,34,45,64,64,138,138,149,163,163,178,24,55,55,55,80,180,199,231,241,259,259,259,259],"floor_reached":33,"playtime":1649,"items_purged":["Injury","Strike_B"],"score":664,"play_id":"e98f1c58-0453-4dc1-9cc6-769e42464e42","local_time":"20201227233301","is_ascension_mode":true,"campfire_choices":[{"data":"Zap","floor":8,"key":"SMITH"},{"data":"Go for the Eyes","floor":15,"key":"SMITH"},{"floor":24,"key":"REST"},{"floor":32,"key":"REST"}],"circlet_count":0,"master_deck":["AscendersBane","Strike_B","Defend_B+1","Defend_B+1","Defend_B","Zap+1","Dualcast+1","Melter","Go for the Eyes+1","Conserve Battery","Capacitor+1","Loop+1","Self Repair+1","Streamline","Coolheaded+1","Defragment+1","Conserve Battery+1","Redo+1","Creative AI+1","Cold Snap","Redo+1","Force Field+1","Lockon+1","Masterful Stab","Neutralize","conspire:DoublingDagger+1","Barrage","Barrage","Seek+1","Ball Lightning","Ball Lightning","Ball Lightning","Chaos+1"],"relics":["Cracked Core","NeowsBlessing","Frozen Egg 2","Strawberry","War Paint","Toxic Egg 2","Centennial Puzzle","Question Card","Fusion Hammer","Thread and Needle","Juzu Bracelet","Prayer Wheel","Darkstone Periapt","Dream Catcher"],"acts_visited":["Exordium","TheCity"],"potions_floor_usage":[10,14,14,23,23,27,30,33],"damage_taken":[{"damage":0,"enemies":"Jaw Worm","floor":1,"turns":1},{"damage":0,"enemies":"Small Slimes","floor":4,"turns":1},{"damage":0,"enemies":"3 Sentries","floor":6,"turns":1},{"damage":8,"enemies":"2 Louse","floor":7,"turns":3},{"damage":13,"enemies":"Lagavulin","floor":10,"turns":6},{"damage":11,"enemies":"3 Sentries","floor":12,"turns":7},{"damage":0,"enemies":"2 Fungi Beasts","floor":13,"turns":3},{"damage":5,"enemies":"Exordium Thugs","floor":14,"turns":4},{"damage":35,"enemies":"Hexaghost","floor":16,"turns":11},{"damage":0,"enemies":"Spheric Guardian","floor":18,"turns":1},{"damage":0,"enemies":"Chosen","floor":19,"turns":7},{"damage":18,"enemies":"Centurion and Healer","floor":21,"turns":11},{"damage":36,"enemies":"Gremlin Leader","floor":23,"turns":7},{"damage":5,"enemies":"Colosseum Slavers","floor":27,"turns":3},{"damage":30,"enemies":"Colosseum Nobs","floor":27,"turns":7},{"damage":5,"enemies":"Snake Plant","floor":28,"turns":5},{"damage":45,"enemies":"Book of Stabbing","floor":29,"turns":5},{"damage":3,"enemies":"Snecko","floor":30,"turns":5},{"damage":12,"enemies":"3 Cultists","floor":31,"turns":4},{"damage":40,"enemies":"Collector","floor":33,"turns":8}],"seed_played":"-1927587734638626112","potions_obtained":[{"floor":6,"key":"Swift Potion"},{"floor":12,"key":"EntropicBrew"},{"floor":16,"key":"LiquidBronze"},{"floor":19,"key":"Weak Potion"},{"floor":23,"key":"Regen Potion"},{"floor":29,"key":"Swift Potion"},{"floor":31,"key":"LiquidMemories"}],"is_trial":false,"path_per_floor":["M","?","T","M","?","E","M","R","T","E","$","E","M","M","R","B",null,"M","M","?","M","$","E","R","?","T","?","M","E","M","M","R","B"],"character_chosen":"DEFECT","items_purchased":["Self Repair+1","Streamline","Coolheaded+1","PowerPotion"],"campfire_rested":2,"item_purchase_floors":[11,11,11,22],"current_hp_per_floor":[64,64,71,71,71,71,63,63,63,50,50,49,49,54,54,29,66,66,76,76,68,68,42,65,65,65,49,54,19,16,14,37,0,0],"gold":259,"neow_bonus":"THREE_ENEMY_KILL","is_daily":false,"chose_seed":false,"campfire_upgraded":2,"win_rate":0.0,"timestamp":1609101181,"path_taken":["M","?","?","M","?","E","M","R","T","E","$","E","M","M","R","BOSS","M","M","?","M","$","E","R","?","T","?","M","E","M","M","R","BOSS"],"items_purchased_type":["Card","Card","Card","Potion"],"build_version":"2020-12-22","purchased_purges":2,"victory":false,"max_hp_per_floor":[71,71,78,78,78,78,78,78,78,78,78,78,78,78,78,78,78,78,78,78,78,78,78,78,78,78,78,78,78,78,78,78,78,78],"card_choices":[{"not_picked":["Rebound","Compile Driver"],"picked":"Melter","floor":1},{"not_picked":["Hologram","Steam Power"],"picked":"Go for the Eyes","floor":4},{"not_picked":["Reinforced Body","Meteor Strike"],"picked":"Conserve Battery","floor":6},{"not_picked":["Beam Cell","aspiration:Polymerization"],"picked":"Capacitor+1","floor":7},{"not_picked":["Hologram+1","Turbo+1"],"picked":"Loop+1","floor":10},{"not_picked":["Streamline","Beam Cell"],"picked":"Defragment+1","floor":12},{"not_picked":["Coolheaded+1","Undo+1","Lockon"],"picked":"Conserve Battery+1","floor":13},{"not_picked":["Sunder","Gash","Steam+1"],"picked":"Redo+1","floor":14},{"not_picked":["Biased Cognition+1","Multi-Cast+1","Machine Learning+1"],"picked":"Creative AI+1","floor":16},{"not_picked":["Reinforced Body+1","Streamline","Beam Cell"],"picked":"Cold Snap","floor":18},{"not_picked":["Conserve Battery+1","Doom and Gloom","Melter"],"picked":"Redo+1","floor":19},{"not_picked":["Redo+1","Conserve Battery+1","conspire:Rain+1","Streamline+1"],"picked":"SKIP","floor":21},{"not_picked":["Hyperbeam","Stack+1","Heatsinks+1"],"picked":"Lockon+1","floor":23},{"not_picked":["Rebound","Conserve Battery+1","Gash"],"picked":"Barrage","floor":27},{"not_picked":["Aggregate+1","Sweeping Beam","Undo+1"],"picked":"Barrage","floor":28},{"not_picked":["Beam Cell","Streamline","Rip and Tear"],"picked":"Seek+1","floor":28},{"not_picked":["Sweeping Beam","Capacitor+1","Beam Cell"],"picked":"Ball Lightning","floor":29},{"not_picked":["Loop+1","Gash","Streamline+1"],"picked":"Ball Lightning","floor":30},{"not_picked":["Steam+1","Seek+1","Gash"],"picked":"Ball Lightning","floor":30},{"not_picked":["Reinforced Body+1","Hologram+1","Gash"],"picked":"Chaos+1","floor":31},{"not_picked":["Turbo+1","Steam+1","Hologram+1","Streamline"],"picked":"SKIP","floor":31}],"player_experience":2850315,"relics_obtained":[{"floor":3,"key":"Strawberry"},{"floor":6,"key":"War Paint"},{"floor":9,"key":"Toxic Egg 2"},{"floor":10,"key":"Centennial Puzzle"},{"floor":12,"key":"Question Card"},{"floor":23,"key":"Thread and Needle"},{"floor":26,"key":"Juzu Bracelet"},{"floor":27,"key":"Prayer Wheel"},{"floor":27,"key":"Darkstone Periapt"},{"floor":29,"key":"Dream Catcher"}],"event_choices":[{"damage_healed":0,"gold_gain":0,"player_choice":"Grow","damage_taken":0,"max_hp_gain":0,"max_hp_loss":0,"event_name":"Living Wall","floor":5,"gold_loss":0,"cards_upgraded":["Dualcast"]},{"damage_healed":0,"gold_gain":0,"player_choice":"Read","damage_taken":0,"max_hp_gain":0,"max_hp_loss":0,"event_name":"The Library","floor":20,"gold_loss":0,"cards_obtained":["Force Field"]},{"damage_healed":0,"gold_gain":0,"player_choice":"Fight","damage_taken":0,"max_hp_gain":0,"max_hp_loss":0,"event_name":"Colosseum","floor":27,"gold_loss":0},{"damage_healed":0,"gold_gain":0,"player_choice":"Fought Nobs","damage_taken":0,"max_hp_gain":0,"max_hp_loss":0,"event_name":"Colosseum","floor":27,"gold_loss":0}],"is_beta":false,"boss_relics":[{"not_picked":["Sozu","aspiration:RandomNobGenerator"],"picked":"Fusion Hammer"}],"items_purged_floors":[11,22],"is_endless":false,"potions_floor_spawned":[6,12,16,18,19,23,29,31],"killed_by":"Collector","ascension_level":20}}