{"host":"qj91dvco5uhu9oti","time":1609079728,"event":{"mods":["BaseMod","Colored Map","Keyboard Shortcuts","Minty Spire (QoL Compilation)","Permanent Neow","Relic Stats","StSLib","SuperFastMode","everything is the same but u backflip on backflip"],"gold_per_floor":[112,129,48,48,48,89,89,122,170,170,205,223,249,87,87,207,207,232,99,99,99,20,20,63,63,63,81,81,125,125,146,146],"floor_reached":31,"playtime":689,"items_purged":["Strike_P","Strike_P"],"score":429,"play_id":"bb610974-0dd0-4ddf-859a-9e989b7f8693","local_time":"20201227233528","is_ascension_mode":true,"campfire_choices":[{"data":"Eruption","floor":7.0,"key":"SMITH"},{"floor":10.0,"key":"REST"},{"data":"MentalFortress","floor":15.0,"key":"SMITH"},{"data":"Worship","floor":23.0,"key":"SMITH"},{"floor":25,"key":"REST"},{"floor":28,"key":"REST"},{"floor":30,"key":"REST"}],"circlet_count":0,"master_deck":["AscendersBane","Strike_P","Strike_P","Defend_P+1","Defend_P+1","Eruption+1","Vigilance","Purity","CutThroughFate","SandsOfTime","MentalFortress+1","WheelKick","SignatureMove","Swivel","MentalFortress","EmptyFist","Worship+1","CarveReality","WaveOfTheHand","JustLucky","Tantrum","FlurryOfBlows","DeceiveReality","Crescendo+1"],"relics":["PureWater","Golden Idol","Nunchaku","InkBottle","War Paint","Odd Mushroom","Omamori","SlaversCollar","Ice Cream","Ornamental Fan","Anchor"],"acts_visited":["Exordium","TheCity"],"potions_floor_usage":[24,24,29],"damage_taken":[{"damage":0.0,"enemies":"2 Louse","floor":1.0,"turns":1.0},{"damage":0.0,"enemies":"Jaw Worm","floor":2.0,"turns":3.0},{"damage":33.0,"enemies":"3 Sentries","floor":6.0,"turns":9.0},{"damage":10.0,"enemies":"Gremlin Nob","floor":8.0,"turns":3.0},{"damage":4.0,"enemies":"The Mushroom Lair","floor":11.0,"turns":4.0},{"damage":7.0,"enemies":"Small Slimes","floor":12.0,"turns":4.0},{"damage":6.0,"enemies":"Hexaghost","floor":16.0,"turns":8.0},{"damage":3.0,"enemies":"Spheric Guardian","floor":18.0,"turns":3.0},{"damage":50,"enemies":"Slavers","floor":24,"turns":5},{"damage":2,"enemies":"Chosen","floor":27,"turns":3},{"damage":37,"enemies":"Book of Stabbing","floor":29,"turns":7},{"damage":15,"enemies":"Snake Plant","floor":31,"turns":5}],"seed_played":"166965799344545579","potions_obtained":[{"floor":2.0,"key":"LiquidBronze"},{"floor":11.0,"key":"SneckoOil"},{"floor":16.0,"key":"Swift Potion"},{"floor":24,"key":"SkillPotion"},{"floor":27,"key":"SpeedPotion"}],"is_trial":false,"path_per_floor":["M","M","$","?","?","E","R","E","T","R","?","M","T","$","R","B",null,"M","$","?","?","$","R","E","R","T","M","R","E","R","M"],"character_chosen":"WATCHER","items_purchased":["MentalFortress","MentalFortress","EmptyFist","CarveReality","Tantrum"],"campfire_rested":4,"item_purchase_floors":[3,14,14,19,22],"current_hp_per_floor":[65,65,65,47,47,14,14,4,4,25,21,14,14,14,14,8,56,53,53,53,53,53,53,3,24,24,22,43,6,27,12,12],"gold":146,"neow_bonus":"RANDOM_COLORLESS","is_daily":false,"chose_seed":false,"campfire_upgraded":3,"win_rate":0.0,"timestamp":1609079728,"path_taken":["M","M","$","?","?","E","R","E","T","R","?","M","?","$","R","BOSS","M","$","?","?","?","R","E","R","T","?","R","E","R","M"],"items_purchased_type":["Card","Card","Card","Card","Card"],"build_version":"2020-12-22","purchased_purges":2,"victory":false,"max_hp_per_floor":[72,72,72,72,72,72,72,72,72,72,72,72,72,72,72,72,72,72,72,72,72,72,72,72,72,72,72,72,72,72,72,72],"relic_stats":{"Nunchaku":[8],"counters":[12,55],"Golden Idol":81,"Ornamental Fan":[12],"War Paint":["Defend_P","Defend_P"],"obtain_stats":[{"Ice Cream":24,"SlaversCollar":17,"Nunchaku":6,"Anchor":29,"Golden Idol":4,"Ornamental Fan":26,"Omamori":13,"PureWater":0,"War Paint":9,"Odd Mushroom":11,"InkBottle":8},{"Ice Cream":9,"SlaversCollar":7,"Nunchaku":3,"Anchor":11,"Golden Idol":2,"Ornamental Fan":9,"Omamori":6,"PureWater":0,"War Paint":4,"Odd Mushroom":5,"InkBottle":4},{"Ice Cream":40,"SlaversCollar":32,"Nunchaku":13,"Anchor":50,"Golden Idol":4,"Ornamental Fan":40,"Omamori":24,"PureWater":0,"War Paint":16,"Odd Mushroom":20,"InkBottle":16}],"InkBottle":[14]},"card_choices":[{"not_picked":["Deep Breath","Mind Blast"],"picked":"Purity","floor":0.0},{"not_picked":["EmptyMind","EmptyBody"],"picked":"CutThroughFate","floor":1.0},{"not_picked":["FollowUp","EmptyFist"],"picked":"SandsOfTime","floor":2.0},{"not_picked":["Consecrate","CutThroughFate"],"picked":"WheelKick","floor":6.0},{"not_picked":["BowlingBash","CarveReality","MasterReality"],"picked":"SKIP","floor":8.0},{"not_picked":["ForeignInfluence","Prostrate"],"picked":"SignatureMove","floor":11.0},{"not_picked":["SashWhip","Pray"],"picked":"Swivel","floor":12.0},{"not_picked":["Vengeance","FlyingSleeves"],"picked":"Worship","floor":18.0},{"not_picked":["Consecrate","BowlingBash"],"picked":"FlurryOfBlows","floor":24},{"not_picked":["LikeWater+1","Evaluate"],"picked":"DeceiveReality","floor":27},{"not_picked":["WaveOfTheHand","Consecrate","EmptyFist"],"picked":"SKIP","floor":29},{"not_picked":["Meditate","Establishment"],"picked":"Crescendo+1","floor":31}],"player_experience":297840,"relics_obtained":[{"floor":6.0,"key":"Nunchaku"},{"floor":8.0,"key":"InkBottle"},{"floor":9.0,"key":"War Paint"},{"floor":11.0,"key":"Odd Mushroom"},{"floor":13.0,"key":"Omamori"},{"floor":24,"key":"Ice Cream"},{"floor":26,"key":"Ornamental Fan"},{"floor":29,"key":"Anchor"}],"event_choices":[{"damage_healed":0.0,"max_hp_gain":0.0,"max_hp_loss":0.0,"gold_gain":0.0,"event_name":"Golden Idol","player_choice":"Take Damage","floor":4.0,"gold_loss":0.0,"damage_taken":18.0,"relics_obtained":["Golden Idol"]},{"damage_healed":0.0,"max_hp_gain":0.0,"max_hp_loss":0.0,"gold_gain":0.0,"event_name":"The Cleric","player_choice":"Leave","floor":5.0,"gold_loss":0.0,"damage_taken":0.0},{"damage_healed":0.0,"max_hp_gain":0.0,"max_hp_loss":0.0,"gold_gain":0.0,"event_name":"Mushrooms","player_choice":"Fought Mushrooms","floor":11.0,"gold_loss":0.0,"damage_taken":0.0},{"damage_healed":0.0,"max_hp_gain":0.0,"max_hp_loss":0.0,"gold_gain":0.0,"event_name":"Vampires","player_choice":"Ignored","floor":20.0,"gold_loss":0.0,"damage_taken":0.0},{"damage_healed":0.0,"max_hp_gain":0.0,"max_hp_loss":0.0,"gold_gain":0.0,"cards_transformed":["Defend_P","Defend_P"],"event_name":"Drug Dealer","player_choice":"Became Test Subject","floor":21.0,"gold_loss":0.0,"damage_taken":0.0,"cards_obtained":["WaveOfTheHand","JustLucky"]}],"is_beta":false,"boss_relics":[{"not_picked":["Snecko Eye","Runic Dome"],"picked":"SlaversCollar"}],"items_purged_floors":[14,19],"is_endless":false,"potions_floor_spawned":[2,11,16,24,27],"killed_by":"Snake Plant","ascension_level":11}}