{"host":"oe99xkou38n5lfnh","time":1609051875,"event":{"mods":["BaseMod","Downfall","Minty Spire (QoL Compilation)","StSLib"],"gold_per_floor":[99,112,112,112,126,138,138,313,313,313,313,313],"floor_reached":10,"playtime":731,"items_purged":[],"score":56,"play_id":"ac70e20e-a7b9-409e-bf70-8aba059c9c5f","local_time":"20201227005115","is_ascension_mode":false,"campfire_choices":[{"floor":1,"key":"RECALL"}],"circlet_count":0,"master_deck":["Guardian:Strike_Guardian","Guardian:Strike_Guardian","Guardian:Strike_Guardian","Guardian:Strike_Guardian","Guardian:Defend_Guardian","Guardian:Defend_Guardian","Guardian:Defend_Guardian","Guardian:Defend_Guardian","Guardian:CurlUp","Guardian:TwinSlam","Guardian:Clone","Guardian:Gem_Orange","Guardian:Recover","Guardian:ShieldCharger","Doubt"],"relics":["Guardian:ModeShifter","Strawberry","Nunchaku","Guardian:PickAxe","Meat on the Bone"],"acts_visited":["Exordium"],"potions_floor_usage":[10],"damage_taken":[{"damage":2,"enemies":"Small Slimes","floor":2,"turns":4},{"damage":9,"enemies":"Jaw Worm","floor":5,"turns":4},{"damage":3,"enemies":"2 Louse","floor":6,"turns":2},{"damage":70,"enemies":"Lagavulin","floor":10,"turns":16}],"seed_played":"-7138227634631216970","potions_obtained":[{"floor":5,"key":"Energy Potion"}],"is_trial":false,"path_per_floor":["R","M","?","?","M","M","T","?","?","E"],"character_chosen":"GUARDIAN","items_purchased":[],"campfire_rested":0,"item_purchase_floors":[],"current_hp_per_floor":[87,85,85,79,70,67,67,67,60,0,0,0],"gold":313,"neow_bonus":"RANDOM_COMMON_RELIC","is_daily":false,"chose_seed":false,"campfire_upgraded":0,"win_rate":0.0,"timestamp":1609051875,"path_taken":["R","M","?","?","?","M","T","?","?","E"],"items_purchased_type":[],"build_version":"2020-12-22","purchased_purges":0,"victory":false,"max_hp_per_floor":[87,87,87,87,87,87,87,87,87,87,87,87],"card_choices":[{"not_picked":["Guardian:Gem_Lightblue","Guardian:WalkerClaw"],"picked":"Guardian:Clone","floor":2},{"not_picked":["Guardian:Gem_Red","Guardian:VentSteam"],"picked":"Guardian:Recover","floor":5},{"not_picked":["Guardian:Clone","Guardian:TemporalShield"],"picked":"Guardian:ShieldCharger","floor":6}],"player_experience":1631902,"relics_obtained":[],"event_choices":[{"damage_healed":0,"gold_gain":0,"player_choice":"Success","damage_taken":7,"relics_obtained":["Meat on the Bone"],"max_hp_gain":0,"max_hp_loss":0,"event_name":"Scrap Ooze","floor":9,"gold_loss":0}],"is_beta":false,"boss_relics":[],"items_purged_floors":[],"is_endless":false,"potions_floor_spawned":[5],"killed_by":"Lagavulin","ascension_level":0}}