{"host":"yvb207ks1sg3cxef","time":1609066235,"event":{"mods":["2.2 Compatiblity","BaseMod","Bestiary","Colored Powertips","Minty Spire (QoL Compilation)","Permanent Neow","Quick Restart","Relic Stats","StSLib"],"gold_per_floor":[112,37,50,60,75,75,104,134,134,151,151,182,182,237,237,308,308,326,342,361,361,361,361,371,371,371],"floor_reached":25,"playtime":2146,"items_purged":[],"score":452,"play_id":"f43d5e5f-6a21-488b-bd61-df34771db68d","local_time":"20201227162035","is_ascension_mode":true,"campfire_choices":[{"data":"Skewer","floor":6.0,"key":"SMITH"},{"floor":11.0,"key":"REST"},{"data":"Corpse Explosion","floor":15,"key":"SMITH"},{"data":"RitualDagger","floor":23,"key":"SMITH"}],"circlet_count":0,"master_deck":["AscendersBane","Defend_G","Defend_G","Defend_G","Defend_G","Defend_G","Survivor","Flying Knee","Skewer+1","Flying Knee","Corpse Explosion+1","Backflip","Burst","Noxious Fumes+1","Backflip+1","Noxious Fumes","Venomology","Poisoned Stab","Choke","RitualDagger+1","Calculated Gamble"],"relics":["Snecko Eye","Akabeko","Odd Mushroom","Sundial","Unceasing Top","Potion Belt","Astrolabe"],"acts_visited":["Exordium","TheCity"],"potions_floor_usage":[14,18,25,25],"damage_taken":[{"damage":6.0,"enemies":"2 Louse","floor":1.0,"turns":3.0},{"damage":12.0,"enemies":"Small Slimes","floor":3.0,"turns":4.0},{"damage":0.0,"enemies":"Jaw Worm","floor":4.0,"turns":3.0},{"damage":10.0,"enemies":"Large Slime","floor":5.0,"turns":6.0},{"damage":15.0,"enemies":"3 Sentries","floor":7.0,"turns":6.0},{"damage":1.0,"enemies":"The Mushroom Lair","floor":8.0,"turns":3.0},{"damage":3.0,"enemies":"Exordium Wildlife","floor":10.0,"turns":4.0},{"damage":7.0,"enemies":"Lagavulin","floor":12.0,"turns":6.0},{"damage":21,"enemies":"Lagavulin Event","floor":14,"turns":6},{"damage":5,"enemies":"Hexaghost","floor":16,"turns":8},{"damage":0,"enemies":"Shell Parasite","floor":18,"turns":1},{"damage":17,"enemies":"2 Thieves","floor":19,"turns":3},{"damage":4,"enemies":"Centurion and Healer","floor":20,"turns":5},{"damage":8,"enemies":"Cultist and Chosen","floor":24,"turns":5},{"damage":20,"enemies":"Book of Stabbing","floor":25,"turns":4}],"seed_played":"4354896054014804396","potions_obtained":[{"floor":3.0,"key":"ColorlessPotion"},{"floor":4.0,"key":"GhostInAJar"},{"floor":7.0,"key":"FairyPotion"},{"floor":16,"key":"Energy Potion"},{"floor":24,"key":"BlessingOfTheForge"}],"is_trial":false,"path_per_floor":["M","?","M","M","M","R","E","?","T","M","R","E","?","?","R","B",null,"M","M","M","?","?","R","M","E"],"character_chosen":"THE_SILENT","items_purchased":[],"campfire_rested":1,"item_purchase_floors":[],"current_hp_per_floor":[53,53,41,41,31,31,16,15,15,12,31,24,17,18,18,13,53,53,36,32,32,26,26,18,0,0],"gold":371,"neow_bonus":"BOSS_RELIC","is_daily":false,"chose_seed":false,"campfire_upgraded":3,"win_rate":0.0,"timestamp":1609066235,"path_taken":["M","?","M","M","M","R","E","?","T","M","R","E","?","?","R","BOSS","M","M","M","?","?","R","M","E"],"items_purchased_type":[],"build_version":"2020-12-22","purchased_purges":0,"victory":false,"max_hp_per_floor":[66,66,66,66,66,66,66,66,66,66,66,66,66,66,66,66,66,66,66,66,66,66,66,66,66,66],"relic_stats":{"counters":[15,67],"Sundial":[8],"Astrolabe":["Noxious Fumes","Accuracy","Backflip"],"Snecko Eye":[116,105,109,93],"obtain_stats":[{"Potion Belt":14,"Sundial":9,"Astrolabe":17,"Snecko Eye":0,"Odd Mushroom":8,"Akabeko":7,"Unceasing Top":12,"Ring of the Snake":0},{"Potion Belt":9,"Sundial":6,"Astrolabe":10,"Snecko Eye":0,"Odd Mushroom":6,"Akabeko":5,"Unceasing Top":8,"Ring of the Snake":0},{"Potion Belt":41,"Sundial":25,"Astrolabe":49,"Snecko Eye":0,"Odd Mushroom":25,"Akabeko":22,"Unceasing Top":35,"Ring of the Snake":0}],"Unceasing Top":[0]},"card_choices":[{"not_picked":["Masterful Stab","Bane"],"picked":"Flying Knee","floor":1.0},{"not_picked":["Heel Hook","Bane"],"picked":"Skewer","floor":3.0},{"not_picked":["Slice","Deadly Poison"],"picked":"Flying Knee","floor":4.0},{"not_picked":["Prepared","Backstab","Bane"],"picked":"SKIP","floor":5.0},{"not_picked":["Phantasmal Killer","Cloak And Dagger","Choke"],"picked":"SKIP","floor":7.0},{"not_picked":["Phantasmal Killer","Cloak And Dagger","Choke"],"picked":"SKIP","floor":7.0},{"not_picked":["Infinite Blades","Setup","Deadly Poison"],"picked":"SKIP","floor":10.0},{"not_picked":["Deflect","Backflip"],"picked":"Corpse Explosion","floor":12.0},{"not_picked":["Accuracy","PiercingWail"],"picked":"Backflip","floor":14},{"not_picked":["Corpse Explosion","Grand Finale"],"picked":"Burst","floor":16},{"not_picked":["Concentrate","Dagger Spray","Flying Knee"],"picked":"SKIP","floor":18},{"not_picked":["Riddle With Holes","Poisoned Stab"],"picked":"Noxious Fumes","floor":19},{"not_picked":["Tactician","Deadly Poison"],"picked":"Venomology","floor":20},{"not_picked":["Deadly Poison","Cloak And Dagger"],"picked":"Calculated Gamble","floor":24}],"player_experience":234019,"relics_obtained":[{"floor":7.0,"key":"Akabeko"},{"floor":8.0,"key":"Odd Mushroom"},{"floor":9.0,"key":"Sundial"},{"floor":12.0,"key":"Unceasing Top"},{"floor":14,"key":"Potion Belt"}],"event_choices":[{"cards_removed":["Strike_G"],"damage_healed":0.0,"max_hp_gain":0.0,"max_hp_loss":0.0,"gold_gain":0.0,"event_name":"The Cleric","player_choice":"Card Removal","floor":2.0,"gold_loss":75.0,"damage_taken":0.0},{"damage_healed":0.0,"max_hp_gain":0.0,"max_hp_loss":0.0,"gold_gain":0.0,"event_name":"Mushrooms","player_choice":"Fought Mushrooms","floor":8.0,"gold_loss":0.0,"damage_taken":0.0},{"cards_removed":["Strike_G"],"damage_healed":0.0,"max_hp_gain":0.0,"max_hp_loss":0.0,"gold_gain":0.0,"event_name":"Golden Wing","player_choice":"Card Removal","floor":13.0,"gold_loss":0.0,"damage_taken":7.0},{"damage_healed":0,"gold_gain":30,"player_choice":"Searched \u00273\u0027 times","damage_taken":0,"max_hp_gain":0,"max_hp_loss":0,"event_name":"Dead Adventurer","floor":14,"gold_loss":0},{"damage_healed":0,"gold_gain":0,"cards_transformed":["Accuracy","Neutralize"],"player_choice":"Became Test Subject","damage_taken":0,"max_hp_gain":0,"max_hp_loss":0,"event_name":"Drug Dealer","floor":21,"gold_loss":0,"cards_obtained":["Poisoned Stab","Choke"]},{"damage_healed":0,"gold_gain":0,"player_choice":"Joined the Cult","damage_taken":6,"max_hp_gain":0,"max_hp_loss":0,"event_name":"Nest","floor":22,"gold_loss":0,"cards_obtained":["RitualDagger"]}],"is_beta":false,"boss_relics":[{"not_picked":["SlaversCollar","Philosopher\u0027s Stone"],"picked":"Astrolabe"}],"items_purged_floors":[],"is_endless":false,"potions_floor_spawned":[3,4,7,10,16,24],"killed_by":"Book of Stabbing","ascension_level":18}}