{"host":"oy4pyvr762z5n0bb","time":1609046298,"event":{"mods":["AchievementEnabler","BaseMod","Colored Map","Colored Powertips","Googly Eyes","Key Reminder","Minty Spire (QoL Compilation)","Quick Restart","Relic Sorter","StSLib","SuperFastMode","Unceasing Turn Reminder","slay the spire mod where everything is the same but ironclad has a cowboy hat"],"gold_per_floor":[118,118,134,52,68,99,99,133,178,197,197,207,207,35,35,131,131,149,168,168,22,22,49,49,49],"floor_reached":24,"playtime":408,"items_purged":[],"score":280,"play_id":"941ca249-2245-41ca-abe4-9b242ac781c4","local_time":"20201226211818","is_ascension_mode":true,"campfire_choices":[{"data":"Hemokinesis","floor":7,"key":"SMITH"},{"data":"Carnage","floor":11,"key":"SMITH"},{"data":"Apotheosis","floor":15,"key":"SMITH"}],"circlet_count":0,"master_deck":["Strike_R","Strike_R","Strike_R","Defend_R","Defend_R+1","Defend_R","Defend_R","Bash","Thunderclap","Cleave","Carnage+1","Pommel Strike","Hemokinesis+1","Sever Soul","Spot Weakness","Apotheosis+1","Immolate+1","Shrug It Off+1","Warcry","Necronomicurse"],"relics":["Burning Blood","HornCleat","Toy Ornithopter","Bag of Preparation","War Paint","Empty Cage","Necronomicon","PreservedInsect","Self Forming Clay"],"acts_visited":["Exordium","TheCity"],"potions_floor_usage":[6,8],"damage_taken":[{"damage":9,"enemies":"Jaw Worm","floor":1,"turns":3},{"damage":5,"enemies":"Small Slimes","floor":3,"turns":3},{"damage":0,"enemies":"Cultist","floor":5,"turns":3},{"damage":25,"enemies":"Gremlin Nob","floor":6,"turns":4},{"damage":20,"enemies":"Lagavulin","floor":8,"turns":4},{"damage":6,"enemies":"3 Louse","floor":10,"turns":2},{"damage":13,"enemies":"Exordium Thugs","floor":12,"turns":3},{"damage":34,"enemies":"Hexaghost","floor":16,"turns":8},{"damage":2,"enemies":"Spheric Guardian","floor":18,"turns":3},{"damage":45,"enemies":"3 Byrds","floor":19,"turns":4},{"damage":15,"enemies":"Slavers","floor":23,"turns":2},{"damage":16,"enemies":"Snake Plant","floor":24,"turns":1}],"seed_played":"-5650828622720901296","potions_obtained":[{"floor":3,"key":"ColorlessPotion"},{"floor":5,"key":"SteroidPotion"},{"floor":6,"key":"Energy Potion"},{"floor":23,"key":"SteroidPotion"}],"is_trial":false,"path_per_floor":["M","?","M","$","M","E","R","E","T","M","R","M","?","$","R","B",null,"M","M","?","$","?","E","M"],"character_chosen":"IRONCLAD","items_purchased":["Carnage","Apotheosis","PreservedInsect"],"campfire_rested":0,"item_purchase_floors":[4,14,21],"current_hp_per_floor":[77,59,60,60,66,47,47,38,38,38,38,31,80,80,80,52,73,77,38,22,22,22,13,0,0],"gold":49,"neow_bonus":"RANDOM_COLORLESS","is_daily":false,"chose_seed":false,"campfire_upgraded":3,"win_rate":0.0,"timestamp":1609046298,"path_taken":["M","?","M","$","M","E","R","E","T","M","R","M","?","$","R","BOSS","M","?","?","$","?","E","?"],"items_purchased_type":["Card","Card","Relic"],"build_version":"2020-12-22","purchased_purges":0,"victory":false,"max_hp_per_floor":[80,80,80,80,80,80,80,80,80,80,80,80,80,80,80,80,80,80,80,80,80,80,80,80,80],"card_choices":[{"not_picked":["Good Instincts","Blind"],"picked":"Madness","floor":0},{"not_picked":["Clash","Iron Wave"],"picked":"Thunderclap","floor":1},{"not_picked":["Power Through","Heavy Blade"],"picked":"Cleave","floor":3},{"not_picked":["Rampage","Havoc"],"picked":"Pommel Strike","floor":5},{"not_picked":["Pummel","Power Through"],"picked":"Hemokinesis","floor":6},{"not_picked":["Flex","True Grit"],"picked":"Sever Soul","floor":8},{"not_picked":["Battle Trance","Corruption"],"picked":"Spot Weakness","floor":10},{"not_picked":["Flex","Intimidate","Clash"],"picked":"SKIP","floor":12},{"not_picked":["Berserk","Brutality"],"picked":"Immolate","floor":16},{"not_picked":["Perfected Strike","Spot Weakness"],"picked":"Shrug It Off+1","floor":18},{"not_picked":["Clothesline","Headbutt"],"picked":"Warcry","floor":19},{"not_picked":["Rage+1","Flex","Entrench"],"picked":"SKIP","floor":23}],"player_experience":588130,"relics_obtained":[{"floor":6,"key":"Toy Ornithopter"},{"floor":8,"key":"Bag of Preparation"},{"floor":9,"key":"War Paint"},{"floor":20,"key":"Necronomicon"},{"floor":23,"key":"Self Forming Clay"}],"event_choices":[{"damage_healed":0,"gold_gain":0,"player_choice":"Success","damage_taken":18,"relics_obtained":["HornCleat"],"max_hp_gain":0,"max_hp_loss":0,"event_name":"Scrap Ooze","floor":2,"gold_loss":0},{"cards_removed":["Madness"],"damage_healed":49,"gold_gain":0,"player_choice":"Offered Uncommon","damage_taken":0,"max_hp_gain":0,"max_hp_loss":0,"event_name":"Bonfire Elementals","floor":13,"gold_loss":0},{"damage_healed":0,"gold_gain":0,"player_choice":"Obtained Book","damage_taken":16,"max_hp_gain":0,"max_hp_loss":0,"event_name":"Cursed Tome","floor":20,"gold_loss":0},{"damage_healed":0,"gold_gain":0,"player_choice":"Upgraded","damage_taken":0,"max_hp_gain":0,"max_hp_loss":0,"event_name":"Upgrade Shrine","floor":22,"gold_loss":0,"cards_upgraded":["Immolate"]}],"is_beta":false,"boss_relics":[{"not_picked":["Runic Pyramid","Black Star"],"picked":"Empty Cage"}],"items_purged_floors":[],"is_endless":false,"potions_floor_spawned":[3,5,6,23],"killed_by":"Snake Plant","ascension_level":5}}