{"host":"43gh4c2f6tt319we","time":1609063015,"event":{"mods":["ATMod(∞¢Ë™Mod)","Act Like it!","BaseMod","Gensokyo","Hallownest","KinomotoSakuraMod(ƒæ÷Æ±æ”£)","Lobotomy","Marisa£®ÏF”Í°°ƒß¿Ì…≥£©","Minty Spire (QoL Compilation)","Reimu£®≤©¿ˆ¡È√Œ£©","Remilia£®¿Ÿ√◊¿Ú—«£©","StSLib","The Alterego","The Bug Knight","Yakumo Yukari mod","Youmu£®ªÍ∆«—˝√Œ£©"],"gold_per_floor":[114,131,150,150,150,150,175,190,190,208,208,226,238,267,267,367,367,380,390,122,122,122,122,153,153,153,168,418,418,418],"floor_reached":29,"playtime":3414,"items_purged":[],"score":280,"play_id":"bf0974d1-7321-4e46-9427-6899225766c6","local_time":"20201227185655","is_ascension_mode":false,"campfire_choices":[{"data":"AT_Dispersion","floor":6.0,"key":"SMITH"},{"data":"alterego_mod:RocketPunch","floor":15,"key":"SMITH"},{"data":"alterego_mod:Impale","floor":23,"key":"SMITH"},{"data":"alterego_mod:Palingenesis","floor":25,"key":"SMITH"}],"circlet_count":0,"master_deck":["alterego_mod:Strike","alterego_mod:Strike","alterego_mod:Strike","alterego_mod:Impale+1","alterego_mod:BigMeatyClaws","alterego_mod:BrynhildrsRune+1","AT_Dispersion+1","alterego_mod:STier","alterego_mod:RocketPunch+1","alterego_mod:BusterCard","alterego_mod:Smother","Hallownest:skillSlugHide","Hallownest:skillSlugHide","Hallownest:skillSlugHide+1","Hallownest:skillSlugHide","Hallownest:skillSlugHide+1","alterego_mod:Undulate","alterego_mod:Smother","alterego_mod:Antipathy","alterego_mod:Mirror","alterego_mod:Palingenesis+1","Gensokyo:ManorOfTheDishes","alterego_mod:PainIsPleasure","Gensokyo:MissMary","alterego_mod:Rip+1"],"relics":["alterego_mod:MasochisticConstitution","AT_ATBox","CrazyTorch:ReiMu","Incense Burner","Runic Pyramid","Blood Vial","Omamori","War Paint"],"acts_visited":["Exordium","Hallownest:Greenpath"],"potions_floor_usage":[14,16,29,29,29],"damage_taken":[{"damage":11.0,"enemies":"Hallownest:2_Tiktiks_and_1_Crawlid","floor":1.0,"turns":7.0},{"damage":9.0,"enemies":"Hallownest:2_Baldur","floor":2.0,"turns":6.0},{"damage":1.0,"enemies":"Hallownest:monsterHuskWarrior","floor":3.0,"turns":7.0},{"damage":11.0,"enemies":"Hallownest:eliteCrystalGuardian","floor":7.0,"turns":10.0},{"damage":5.0,"enemies":"Hallownest:1_Ooma_and_2_Uuma","floor":8.0,"turns":7.0},{"damage":8.0,"enemies":"Hallownest:2_Tiktiks_1_Baldur_1_Crawlid","floor":10.0,"turns":7.0},{"damage":15.0,"enemies":"Hallownest:Guard_and_Warrior","floor":12.0,"turns":8.0},{"damage":18.0,"enemies":"Hallownest:MossCreep_and_Mosskin","floor":13.0,"turns":10.0},{"damage":10,"enemies":"Hallownest:eliteVengeflyKing","floor":14,"turns":13},{"damage":27,"enemies":"Hallownest:BossHornet","floor":16,"turns":15},{"damage":23,"enemies":"Gensokyo:3_Dogs","floor":18,"turns":10},{"damage":6,"enemies":"Gensokyo:Chomper","floor":19,"turns":7},{"damage":34,"enemies":"Gensokyo:Tenshi","floor":24,"turns":9},{"damage":32,"enemies":"Gensokyo:Wraith","floor":27,"turns":8},{"damage":15,"enemies":"Gensokyo:Mirror_and_Dog","floor":29,"turns":2}],"seed_played":"-448762528053998256","potions_obtained":[{"floor":1.0,"key":"AttackPotion"},{"floor":2.0,"key":"Ancient Potion"},{"floor":8.0,"key":"SpeedPotion"},{"floor":14,"key":"Swift Potion"},{"floor":16,"key":"Dexterity Potion"},{"floor":24,"key":"Strength Potion"}],"is_trial":false,"path_per_floor":["M","M","M","?","?","R","E","M","T","M","?","M","M","E","R","B",null,"M","M","COS","?","?","R","E","R","T","M","?","M"],"character_chosen":"The_Alterego","items_purchased":[],"campfire_rested":0,"item_purchase_floors":[],"current_hp_per_floor":[71,70,70,70,70,70,60,70,70,76,76,76,64,62,62,38,80,74,71,71,71,71,71,41,41,41,12,12,0,0],"gold":418,"neow_bonus":"ONE_RANDOM_RARE_CARD","is_daily":false,"chose_seed":false,"campfire_upgraded":4,"win_rate":0.0,"timestamp":1609063015,"path_taken":["M","M","M","?","?","R","E","M","T","M","?","?","M","E","R","BOSS","M","M","COS","?","?","R","E","R","T","M","?","M"],"items_purchased_type":[],"build_version":"2020-12-22","purchased_purges":0,"victory":false,"max_hp_per_floor":[71,72,73,73,73,73,74,75,75,76,76,77,78,79,79,80,80,81,82,82,82,74,74,75,75,75,76,72,72,72],"card_choices":[{"not_picked":["alterego_mod:Birthday","alterego_mod:Jiggle"],"picked":"alterego_mod:RocketPunch","floor":1.0},{"not_picked":["alterego_mod:Rip","alterego_mod:HighServant"],"picked":"alterego_mod:BusterCard","floor":2.0},{"not_picked":["alterego_mod:PerceptionDisorder","alterego_mod:Table","alterego_mod:Bounce"],"picked":"SKIP","floor":3.0},{"not_picked":["alterego_mod:DeftHands","alterego_mod:DestructionOfProperty"],"picked":"alterego_mod:Undulate","floor":7.0},{"not_picked":["alterego_mod:MagicResistance","alterego_mod:GoddessCore","alterego_mod:Birthday"],"picked":"SKIP","floor":8.0},{"not_picked":["alterego_mod:Maid","alterego_mod:BreastValley"],"picked":"alterego_mod:Smother","floor":10.0},{"not_picked":["alterego_mod:Punishment","alterego_mod:Birthday"],"picked":"alterego_mod:Antipathy","floor":12.0},{"not_picked":["alterego_mod:DeftHands","alterego_mod:Bloomers"],"picked":"alterego_mod:Mirror","floor":13},{"not_picked":["alterego_mod:Cycle","alterego_mod:Mirror"],"picked":"alterego_mod:Birthday","floor":14},{"not_picked":["alterego_mod:ClassAdvantage","alterego_mod:Vow"],"picked":"alterego_mod:Palingenesis","floor":16},{"not_picked":["alterego_mod:Clones","alterego_mod:Skirt","alterego_mod:Complex"],"picked":"SKIP","floor":18},{"not_picked":["alterego_mod:HighServant+1","alterego_mod:Undulate","alterego_mod:SuperDuperMasochism"],"picked":"SKIP","floor":19},{"not_picked":["Gensokyo:LochNessMonster","Gensokyo:EightFeetTall"],"picked":"Gensokyo:MissMary","floor":22},{"not_picked":["alterego_mod:BustOut","alterego_mod:Belts","alterego_mod:Crossover"],"picked":"SKIP","floor":24},{"not_picked":["alterego_mod:Complex","alterego_mod:Jiggle"],"picked":"alterego_mod:Rip+1","floor":27}],"player_experience":476360,"relics_obtained":[{"floor":7.0,"key":"CrazyTorch:ReiMu"},{"floor":14,"key":"Incense Burner"},{"floor":24,"key":"Blood Vial"},{"floor":26,"key":"Omamori"}],"event_choices":[],"is_beta":false,"boss_relics":[{"not_picked":["Snecko Eye","Empty Cage"],"picked":"Runic Pyramid"}],"items_purged_floors":[],"is_endless":false,"potions_floor_spawned":[1,2,8,12,14,16,24],"killed_by":"Gensokyo:Mirror_and_Dog","ascension_level":0}}