{"host":"eqvoimh73njwfgdh","time":1609108790,"event":{"mods":["AchievementEnabler","BaseMod","Better Altar","Better Match","Better Note","Better Sensory Stone","Better Skull","Better Third Choice","BetterRewards","Colored Powertips","Conspire","Energized Spire","Hubris","Minty Spire (QoL Compilation)","Permanent Neow","Rare Cards Sparkle","Relic Stats","Replay The Spire","Spicy Shops","StSLib","The Animator","The Blue Laboratory","vexMod"],"gold_per_floor":[113,113,67,81,81,81,96,96,121,155,168,168,168,18,18,226,226,242,280,280,280],"floor_reached":20,"playtime":1043,"items_purged":[],"score":187,"play_id":"89d19bbd-65f2-4120-8ee3-243abe082e0f","local_time":"20201227233950","is_ascension_mode":true,"campfire_choices":[{"floor":6,"key":"RECALL"},{"floor":12,"key":"REST"},{"floor":15,"key":"REST"}],"circlet_count":0,"master_deck":["animator:Strike_OwariNoSeraph","animator:Defend_OwariNoSeraph","animator:Strike","animator:Strike","animator:Strike","animator:Defend","animator:Defend","animator:Defend","animator:Shinoa","animator:Mikaela","animator:Eve","Writhe","animator:Ainz","animator:MetalKnight","animator:Lancer","animator:Tatsumaki+1","animator:Guren","animator:ElricAlphonse","animator:Shinoa","animator:Mikaela","animator:Shizu","animator:Pride+1","animator:GazelDwargon"],"relics":["animator:LivingPicture","animator:TheMissingPiece","animator:PurgingStone","Orrery","Replay:Bottled Snecko","hubris:Icosahedron","conspire:Boomerang","Philosopher\u0027s Stone","Nunchaku"],"acts_visited":["Exordium","TheCity"],"potions_floor_usage":[6,16,16],"damage_taken":[{"damage":8,"enemies":"Jaw Worm","floor":1,"turns":4},{"damage":3,"enemies":"Cultist","floor":4,"turns":4},{"damage":9,"enemies":"2 Louse","floor":7,"turns":2},{"damage":43,"enemies":"3 Sentries","floor":10,"turns":6},{"damage":7,"enemies":"2 Fungi Beasts","floor":11,"turns":3},{"damage":29,"enemies":"Hexaghost","floor":16,"turns":8},{"damage":33,"enemies":"2 Thieves","floor":18,"turns":4},{"damage":25,"enemies":"conspire:MimicChest","floor":19,"turns":7},{"damage":23,"enemies":"Masked Bandits","floor":20,"turns":3}],"seed_played":"8287523866184118484","potions_obtained":[{"floor":1,"key":"SpeedPotion"},{"floor":4,"key":"Fruit Juice"},{"floor":10,"key":"Elixir"},{"floor":11,"key":"Reflective Coating"},{"floor":19,"key":"SpeedPotion"}],"is_trial":false,"path_per_floor":["M","?","$","M","?","R","M","$","T","E","M","R","?","$","R","B",null,"M","?","?"],"character_chosen":"THE_ANIMATOR","items_purchased":["Orrery","conspire:Boomerang"],"campfire_rested":2,"item_purchase_floors":[3,14],"current_hp_per_floor":[58,66,66,63,63,68,59,59,59,16,9,30,30,30,51,22,71,38,14,0,0],"gold":280,"neow_bonus":"ONE_RANDOM_RARE_CARD","is_daily":false,"chose_seed":false,"campfire_upgraded":0,"win_rate":0.0,"timestamp":1609108790,"path_taken":["M","?","$","?","?","R","M","$","T","E","M","R","?","$","R","BOSS","M","?","?"],"items_purchased_type":["Relic","Relic"],"build_version":"2020-12-22","purchased_purges":0,"victory":false,"max_hp_per_floor":[66,66,66,66,66,71,71,71,71,71,71,71,71,71,71,71,71,71,72,72,72],"relic_stats":{"Nunchaku":[0],"counters":[9,41],"obtain_stats":[{"Nunchaku":19,"hubris:Icosahedron":13,"animator:PurgingStone":0,"animator:TheMissingPiece":0,"Orrery":3,"Philosopher\u0027s Stone":17,"animator:LivingPicture":0,"conspire:Boomerang":14,"Replay:Bottled Snecko":10},{"Nunchaku":8,"hubris:Icosahedron":5,"animator:PurgingStone":0,"animator:TheMissingPiece":0,"Orrery":1,"Philosopher\u0027s Stone":6,"animator:LivingPicture":0,"conspire:Boomerang":5,"Replay:Bottled Snecko":4},{"Nunchaku":38,"hubris:Icosahedron":19,"animator:PurgingStone":0,"animator:TheMissingPiece":0,"Orrery":4,"Philosopher\u0027s Stone":27,"animator:LivingPicture":0,"conspire:Boomerang":19,"Replay:Bottled Snecko":16}]},"card_choices":[{"not_picked":["animator:Hitei","animator:Raven","animator:AcuraTooru"],"picked":"SKIP","floor":1},{"not_picked":["animator:Arpeggio","animator:Berserker"],"picked":"animator:Ainz","floor":3},{"not_picked":["animator:Tet","animator:MumenRider"],"picked":"animator:MetalKnight","floor":3},{"not_picked":["animator:DolaCouronne","animator:Kazuma"],"picked":"animator:Lancer","floor":3},{"not_picked":["animator:HighElfArcher","animator:Entoma"],"picked":"animator:Tatsumaki","floor":3},{"not_picked":["animator:YaoHaDucy","animator:CrowleyEusford"],"picked":"animator:Guren","floor":3},{"not_picked":["animator:Cocytus","animator:Sloth","animator:Kuribayashi"],"picked":"SKIP","floor":4},{"not_picked":["animator:Verdia","animator:Demiurge"],"picked":"animator:ElricAlphonse","floor":7},{"not_picked":["animator:Mitsuba","animator:Mikaela"],"picked":"animator:Shinoa","floor":10},{"not_picked":["animator:Shigure","animator:Entoma"],"picked":"animator:Mikaela","floor":11},{"not_picked":["animator:Guren","animator:Saber"],"picked":"animator:Shizu","floor":16},{"not_picked":["animator:Shigure","animator:Shinoa"],"picked":"animator:Pride+1","floor":18},{"not_picked":["animator:Yoichi","animator:Archer"],"picked":"animator:GazelDwargon","floor":19}],"player_experience":111997,"relics_obtained":[{"floor":10,"key":"Replay:Bottled Snecko"},{"floor":19,"key":"Nunchaku"}],"event_choices":[{"damage_healed":8,"gold_gain":0,"player_choice":"Full Heal","damage_taken":0,"max_hp_gain":0,"max_hp_loss":0,"event_name":"Wheel of Change","floor":2,"gold_loss":0},{"damage_healed":0,"gold_gain":0,"player_choice":"Grow","damage_taken":0,"max_hp_gain":0,"max_hp_loss":0,"event_name":"Living Wall","floor":5,"gold_loss":0,"cards_upgraded":["animator:Tatsumaki"]},{"damage_healed":0,"gold_gain":0,"player_choice":"Fought Bandits","damage_taken":0,"max_hp_gain":0,"max_hp_loss":0,"event_name":"Masked Bandits","floor":20,"gold_loss":0}],"is_beta":false,"boss_relics":[{"not_picked":["animator:HolyGrailRelic","energizedSpire:DeadBattery"],"picked":"Philosopher\u0027s Stone"}],"items_purged_floors":[],"is_endless":false,"potions_floor_spawned":[1,4,10,11,19],"killed_by":"Masked Bandits","ascension_level":2}}