{"host":"rmsq46plbpwfbxcc","time":1609057230,"event":{"mods":["AchievementEnabler","BaseMod","Colored Map","DeckTracker","Minty Spire (QoL Compilation)","Permanent Neow","SuperFastMode"],"gold_per_floor":[111,122,140,140,65,65,94,94,140,140,156,217,217,217],"floor_reached":13,"playtime":356,"items_purged":["Strike_G"],"score":158,"play_id":"5517a6b1-e5ca-49ae-b32f-96f7a5ee1780","local_time":"20201227172030","is_ascension_mode":true,"campfire_choices":[{"data":"Blade Dance","floor":6.0,"key":"SMITH"},{"data":"Cloak And Dagger","floor":8.0,"key":"SMITH"},{"data":"Neutralize","floor":10.0,"key":"SMITH"}],"circlet_count":0,"master_deck":["AscendersBane","Strike_G","Strike_G","Strike_G","Strike_G","Defend_G","Defend_G","Defend_G","Defend_G","Defend_G","Survivor","Neutralize+1","CurseOfTheBell","Dagger Spray","Blade Dance+1","Cloak And Dagger+1","PiercingWail"],"relics":["Calling Bell","Nunchaku","Matryoshka","Gambling Chip","Strawberry","Ancient Tea Set","MealTicket","Lantern"],"acts_visited":["Exordium"],"potions_floor_usage":[],"damage_taken":[{"damage":4.0,"enemies":"2 Louse","floor":1.0,"turns":4.0},{"damage":2.0,"enemies":"Jaw Worm","floor":2.0,"turns":5.0},{"damage":1.0,"enemies":"Cultist","floor":3.0,"turns":4.0},{"damage":12.0,"enemies":"3 Sentries","floor":7.0,"turns":7.0},{"damage":4.0,"enemies":"3 Louse","floor":11.0,"turns":3.0},{"damage":11.0,"enemies":"Gremlin Nob","floor":12.0,"turns":5.0},{"damage":43,"enemies":"Lagavulin","floor":13,"turns":6}],"seed_played":"-7422224430911633582","potions_obtained":[{"floor":1.0,"key":"Poison Potion"},{"floor":2.0,"key":"SpeedPotion"},{"floor":3.0,"key":"DistilledChaos"},{"floor":7.0,"key":"GhostInAJar"}],"is_trial":false,"path_per_floor":["M","M","M","?","$","R","E","R","T","R","M","?","E"],"character_chosen":"THE_SILENT","items_purchased":[],"campfire_rested":0,"item_purchase_floors":[],"current_hp_per_floor":[55,53,52,57,57,57,52,52,52,52,48,37,0,0],"gold":217,"neow_bonus":"BOSS_RELIC","is_daily":false,"chose_seed":false,"campfire_upgraded":3,"win_rate":0.0,"timestamp":1609057230,"path_taken":["M","M","M","?","$","R","E","R","T","R","M","?","E"],"items_purchased_type":[],"build_version":"2020-12-22","purchased_purges":1,"victory":false,"max_hp_per_floor":[66,66,66,71,71,71,78,78,78,78,78,78,78,78],"card_choices":[{"not_picked":["Dodge and Roll","Deadly Poison"],"picked":"Dagger Spray","floor":1.0},{"not_picked":["Slice","Quick Slash"],"picked":"Blade Dance","floor":2.0},{"not_picked":["Terror","Die Die Die"],"picked":"Cloak And Dagger","floor":3.0},{"not_picked":["Cloak And Dagger","Riddle With Holes","Endless Agony"],"picked":"SKIP","floor":7.0},{"not_picked":["Dagger Throw","Masterful Stab"],"picked":"PiercingWail","floor":11.0}],"player_experience":1396567,"relics_obtained":[{"floor":0.0,"key":"Nunchaku"},{"floor":0.0,"key":"Matryoshka"},{"floor":0.0,"key":"Gambling Chip"},{"floor":7.0,"key":"Strawberry"},{"floor":9.0,"key":"Ancient Tea Set"},{"floor":9.0,"key":"MealTicket"},{"floor":12.0,"key":"Lantern"}],"event_choices":[{"damage_healed":0.0,"max_hp_gain":5.0,"max_hp_loss":0.0,"gold_gain":0.0,"event_name":"Big Fish","player_choice":"Donut","floor":4.0,"gold_loss":0.0,"damage_taken":0.0},{"damage_healed":0.0,"max_hp_gain":0.0,"max_hp_loss":0.0,"gold_gain":0.0,"event_name":"Dead Adventurer","player_choice":"Searched \u00271\u0027 times","floor":12.0,"gold_loss":0.0,"damage_taken":0.0}],"is_beta":false,"boss_relics":[],"items_purged_floors":[5],"is_endless":false,"potions_floor_spawned":[1,2,3,7],"killed_by":"Lagavulin","ascension_level":18}}