{"host":"0fmi5fguj5lvt8pf","time":1609045698,"event":{"mods":["BaseMod","Colored Map","Curses Come First","Downfall","Minty Spire (QoL Compilation)","Permanent Neow","StSLib","Waifu the Spire"],"gold_per_floor":[0,11,11,11,11,21,45,76,88,88,100,275,285,19,31,126,126,126,144,144,144,155,174,174,185,213,225,245,245,77,77,97,196,196,196,209,228,240,83,8,8,8,8,8,8],"floor_reached":43,"playtime":2671,"items_purged":["Doubt","Slimebound:Strike_Slimebound"],"score":477,"play_id":"f2b9b26d-6ef4-48e3-bb84-48269cb16bca","local_time":"20201226210818","is_ascension_mode":false,"campfire_choices":[{"data":"Slimebound:Split","floor":1.0,"key":"SMITH"},{"data":"Slimebound:CorrosiveSpit","floor":18,"key":"SMITH"},{"data":"Slimebound:FlameTackle","floor":29,"key":"SMITH"},{"floor":35,"key":"RECALL"},{"data":"Slimebound:DuplicatedForm","floor":40,"key":"SMITH"}],"circlet_count":0,"master_deck":["Slimebound:Strike_Slimebound+1","Slimebound:Tackle","Slimebound:Defend_Slimebound","Slimebound:Split+1","Slimebound:CorrosiveSpit+1","Slimebound:SpikyOuterGoop","Slimebound:RollThrough+1","Slimebound:Replication","Slimebound:Prepare","Slimebound:SamplingLick","Slimebound:ViciousTackle","Slimebound:LeechLife","Slimebound:FinishingTackle","Slimebound:MassFeed","Slimebound:SpikyOuterGoop","Necronomicurse","Slimebound:SamplingLick","Slimebound:SplitMire","Slimebound:FlameTackle+1","Slimebound:HungryTackle","Slimebound:HungryTackle","Slimebound:DuplicatedForm+1"],"relics":["Slimebound:AbsorbEndCombatUpgraded","TungstenRod","sneckomod:BlankCard","Whetstone","Necronomicon","Eternal Feather","MealTicket","Slimebound:SelfDamagePreventRelic","Empty Cage","Nunchaku","Bag of Marbles","downfall:HeartBlessingRed","Unceasing Top"],"acts_visited":["Exordium","TheCity","TheBeyond"],"potions_floor_usage":[16,16,26,30,38],"damage_taken":[{"damage":0.0,"enemies":"2 Louse","floor":2.0,"turns":2.0},{"damage":6.0,"enemies":"Small Slimes","floor":6.0,"turns":3.0},{"damage":21.0,"enemies":"Gremlin Nob","floor":8.0,"turns":4.0},{"damage":6.0,"enemies":"Cultist","floor":9.0,"turns":3.0},{"damage":7.0,"enemies":"Exordium Wildlife","floor":11.0,"turns":3.0},{"damage":6.0,"enemies":"2 Fungi Beasts","floor":13.0,"turns":2.0},{"damage":11.0,"enemies":"downfall:FleeingMerchant","floor":14.0,"turns":4.0},{"damage":6.0,"enemies":"Blue Slaver","floor":15.0,"turns":2.0},{"damage":53,"enemies":"downfall:Defect","floor":16,"turns":7},{"damage":15,"enemies":"3 Byrds","floor":19,"turns":5},{"damage":10,"enemies":"Spheric Guardian","floor":22,"turns":3},{"damage":26,"enemies":"Centurion and Healer","floor":23,"turns":9},{"damage":29,"enemies":"Shelled Parasite and Fungi","floor":25,"turns":7},{"damage":49,"enemies":"Book of Stabbing","floor":26,"turns":7},{"damage":27,"enemies":"Snake Plant","floor":27,"turns":4},{"damage":23,"enemies":"3 Cultists","floor":28,"turns":5},{"damage":13,"enemies":"downfall:FleeingMerchant","floor":30,"turns":4},{"damage":19,"enemies":"Shelled Parasite and Fungi","floor":32,"turns":5},{"damage":41,"enemies":"downfall:Silent","floor":33,"turns":7},{"damage":69,"enemies":"3 Darklings","floor":36,"turns":5},{"damage":15,"enemies":"Orb Walker","floor":37,"turns":4},{"damage":34,"enemies":"Transient","floor":38,"turns":5},{"damage":37,"enemies":"downfall:FleeingMerchant","floor":39,"turns":4}],"seed_played":"-2506823927439921117","potions_obtained":[{"floor":2.0,"key":"SpeedPotion"},{"floor":8.0,"key":"Slimebound:SlimedPotion"},{"floor":15.0,"key":"PowerPotion"},{"floor":16,"key":"Block Potion"},{"floor":22,"key":"SmokeBomb"},{"floor":26,"key":"BlessingOfTheForge"},{"floor":27,"key":"Fire Potion"},{"floor":37,"key":"SneckoOil"}],"is_trial":false,"path_per_floor":["R","M","?","?","?","M","T","E","M","T","M","?","M","$","M","B",null,"R","M","?","?","M","M","T","M","E","M","M","R","$","?","M","B",null,"R","M","M","M","$","R","T","?","$"],"character_chosen":"SLIMEBOUND","items_purchased":["Slimebound:ViciousTackle","Slimebound:LeechLife","Slimebound:SelfDamagePreventRelic","FairyPotion","Nunchaku","Bag of Marbles"],"campfire_rested":0,"item_purchase_floors":[14,14,30,39,39,39],"current_hp_per_floor":[60,60,65,65,65,65,65,56,60,60,65,65,65,64,65,28,65,65,65,50,50,48,55,55,72,54,50,55,70,80,80,80,79,80,80,56,57,78,83,83,83,83,83,83,83],"gold":8,"neow_bonus":"ONE_RARE_RELIC","is_daily":false,"chose_seed":false,"campfire_upgraded":4,"win_rate":0.0,"timestamp":1609045698,"path_taken":["R","M","?","?","?","M","T","E","?","?","M","?","M","$","M","BOSS","R","M","?","?","M","M","T","M","E","M","M","R","$","?","M","BOSS","R","M","M","M","$","R","T","?","$"],"items_purchased_type":["Card","Card","Relic","Potion","Relic","Relic"],"build_version":"2020-12-22","purchased_purges":2,"victory":false,"max_hp_per_floor":[60,60,65,65,65,65,65,65,65,65,65,65,65,65,65,65,65,65,65,65,65,65,71,71,74,77,80,80,80,80,80,80,80,80,80,83,83,83,83,83,83,83,83,83,83],"card_choices":[{"not_picked":["Slimebound:Gluttony","Slimebound:LeechEnergy"],"picked":"Slimebound:SpikyOuterGoop","floor":2.0},{"not_picked":["Slimebound:LeechEnergy","Slimebound:FirmFortitude"],"picked":"Slimebound:RollThrough","floor":6.0},{"not_picked":["Slimebound:SlimeSlap","Slimebound:FirmFortitude"],"picked":"Slimebound:Replication","floor":8.0},{"not_picked":["Slimebound:SlimeSpikes","Slimebound:GrowthPunch"],"picked":"Slimebound:Prepare","floor":9.0},{"not_picked":["Slimebound:SlimeBrawl","Slimebound:ProtectTheBoss","Slimebound:Schlurp"],"picked":"SKIP","floor":11.0},{"not_picked":["Slimebound:LeechingTouch","Slimebound:PressTheAttack"],"picked":"Slimebound:RollThrough","floor":13.0},{"not_picked":["Slimebound:SlimeSpikes","Slimebound:SpikyOuterGoop"],"picked":"Slimebound:SamplingLick","floor":14.0},{"not_picked":["Slimebound:ViciousTackle","Slimebound:Nibble"],"picked":"Slimebound:FinishingTackle","floor":15.0},{"not_picked":["Slimebound:LeechLife","Slimebound:RallyTheTroops"],"picked":"Slimebound:MassFeed","floor":16},{"not_picked":["Slimebound:Recollect","Slimebound:HungryTackle"],"picked":"Slimebound:SpikyOuterGoop","floor":19},{"not_picked":["Slimebound:GoopSpray","Slimebound:SlimeBarrage"],"picked":"Slimebound:SamplingLick","floor":22},{"not_picked":["Slimebound:RainOfGoop","Slimebound:SplitBruiser"],"picked":"Slimebound:SplitMire","floor":23},{"not_picked":["Slimebound:LeechingTouch","Slimebound:Gluttony","Slimebound:RollThrough"],"picked":"SKIP","floor":25},{"not_picked":["Slimebound:BestDefense","Slimebound:SplitAcid"],"picked":"Slimebound:FlameTackle","floor":26},{"not_picked":["Slimebound:SplitLeeching","Slimebound:LeadByExample"],"picked":"Slimebound:HungryTackle","floor":27},{"not_picked":["Slimebound:TongueLash","Slimebound:GoopTackle+1"],"picked":"Slimebound:HungryTackle","floor":28},{"not_picked":["Slimebound:RollThrough","Slimebound:ItLooksTasty","Slimebound:DouseInSlime"],"picked":"SKIP","floor":30},{"not_picked":["Slimebound:Nibble","Slimebound:SplitBruiser+1","Slimebound:LeechEnergy+1"],"picked":"SKIP","floor":32},{"not_picked":["Slimebound:OozeBath","Slimebound:MinionMaster"],"picked":"Slimebound:DuplicatedForm","floor":33},{"not_picked":["Slimebound:GoopTackle+1","Slimebound:GrowthPunch+1","Slimebound:SplitMire"],"picked":"SKIP","floor":36},{"not_picked":["Slimebound:TongueLash+1","Slimebound:SplitLeeching+1","Slimebound:SplitBruiser"],"picked":"SKIP","floor":37},{"not_picked":["Slimebound:SelfFormingGoo","Slimebound:SplitLeeching","Slimebound:ItLooksTasty"],"picked":"SKIP","floor":38},{"not_picked":["Slimebound:LeechingTouch+1","Slimebound:WasteNot","Slimebound:PressTheAttack"],"picked":"SKIP","floor":39}],"player_experience":1249526,"relics_obtained":[{"floor":7.0,"key":"sneckomod:BlankCard"},{"floor":8.0,"key":"Whetstone"},{"floor":20,"key":"Necronomicon"},{"floor":24,"key":"Eternal Feather"},{"floor":26,"key":"MealTicket"},{"floor":41,"key":"Unceasing Top"}],"event_choices":[{"damage_healed":0.0,"max_hp_gain":5.0,"max_hp_loss":0.0,"gold_gain":0.0,"event_name":"Big Fish","player_choice":"Donut","floor":3.0,"gold_loss":0.0,"damage_taken":0.0},{"damage_healed":0.0,"max_hp_gain":0.0,"max_hp_loss":0.0,"gold_gain":0.0,"event_name":"NoteForYourself","player_choice":"Ignored","floor":5.0,"gold_loss":0.0,"damage_taken":0.0},{"damage_healed":0,"gold_gain":0,"player_choice":"Ignored","damage_taken":0,"max_hp_gain":0,"max_hp_loss":0,"event_name":"Ghosts","floor":21,"gold_loss":0},{"cards_removed":["Slimebound:Defend_Slimebound"],"damage_healed":0,"gold_gain":0,"player_choice":"Offered Basic","damage_taken":0,"max_hp_gain":0,"max_hp_loss":0,"event_name":"Bonfire Elementals","floor":42,"gold_loss":0}],"is_beta":false,"boss_relics":[{"not_picked":["SacredBark","Astrolabe"],"picked":"Slimebound:AbsorbEndCombatUpgraded"},{"not_picked":["Tiny House","Cursed Key"],"picked":"Empty Cage"}],"items_purged_floors":[14,39],"is_endless":false,"potions_floor_spawned":[2,8,15,16,22,25,26,27,37],"ascension_level":0}}