{"host":"baymyijz6sxaqj5s","time":1609059289,"event":{"mods":["AchievementEnabler","BaseMod","Colored Map","Colored Powertips","DeckTracker","KOR Keyword Fix","Keyboard Shortcuts","Minty Spire (QoL Compilation)","Quick Restart","StSLib","SuperFastMode"],"gold_per_floor":[116,135,152,105,205,205,224,4,4,17,37,52,65,84,84,189,239,219,235,235,235],"floor_reached":20,"playtime":561,"items_purged":[],"score":189,"play_id":"0c96421c-6c84-4ea2-b3d9-fde7da75ccaa","local_time":"20201227175449","is_ascension_mode":true,"campfire_choices":[{"data":"Shrug It Off","floor":6,"key":"SMITH"},{"data":"Body Slam","floor":15,"key":"SMITH"}],"circlet_count":0,"master_deck":["Strike_R","Strike_R","Strike_R","Strike_R","Strike_R","Defend_R","Defend_R+1","Defend_R","Defend_R","Bash","Battle Trance","Shrug It Off+1","Cleave","Shrug It Off","Body Slam+1","Reaper","Twin Strike","Ghostly Armor","Power Through","Whirlwind"],"relics":["Burning Blood","Boot","Letter Opener","Tiny House"],"acts_visited":["Exordium","TheCity"],"potions_floor_usage":[7,7,14,16,18,20],"damage_taken":[{"damage":1,"enemies":"Cultist","floor":1,"turns":4},{"damage":12,"enemies":"Small Slimes","floor":2,"turns":4},{"damage":3,"enemies":"Jaw Worm","floor":3,"turns":5},{"damage":0,"enemies":"Blue Slaver","floor":7,"turns":5},{"damage":3,"enemies":"Looter","floor":10,"turns":3},{"damage":5,"enemies":"2 Fungi Beasts","floor":11,"turns":3},{"damage":1,"enemies":"Exordium Wildlife","floor":12,"turns":4},{"damage":0,"enemies":"Red Slaver","floor":13,"turns":3},{"damage":0,"enemies":"Gremlin Gang","floor":14,"turns":1},{"damage":30,"enemies":"Slime Boss","floor":16,"turns":11},{"damage":22,"enemies":"2 Thieves","floor":18,"turns":4},{"damage":40,"enemies":"Spheric Guardian","floor":19,"turns":10},{"damage":102,"enemies":"Cultist and Chosen","floor":20,"turns":10}],"seed_played":"-6038742623703578248","potions_obtained":[{"floor":1,"key":"BlessingOfTheForge"},{"floor":3,"key":"EntropicBrew"},{"floor":11,"key":"LiquidMemories"},{"floor":14,"key":"FairyPotion"},{"floor":16,"key":"Dexterity Potion"},{"floor":17,"key":"Block Potion"}],"is_trial":false,"path_per_floor":["M","M","M","$","?","R","M","$","T","M","M","M","M","M","R","B",null,"M","M","M"],"character_chosen":"IRONCLAD","items_purchased":["Shrug It Off","Reaper","Boot"],"campfire_rested":0,"item_purchase_floors":[4,8,8],"current_hp_per_floor":[88,82,85,85,85,85,88,88,88,88,88,88,88,88,88,71,93,77,43,0,0],"gold":235,"neow_bonus":"TEN_PERCENT_HP_BONUS","is_daily":false,"chose_seed":false,"campfire_upgraded":2,"win_rate":0.0,"timestamp":1609059289,"path_taken":["M","M","M","?","?","R","?","?","T","M","M","M","M","M","R","BOSS","M","M","M"],"items_purchased_type":["Card","Card","Relic"],"build_version":"2020-12-22","purchased_purges":0,"victory":false,"max_hp_per_floor":[88,88,88,88,88,88,88,88,88,88,88,88,88,88,88,88,93,93,93,93,93],"card_choices":[{"not_picked":["Uppercut","Dual Wield"],"picked":"Battle Trance","floor":1},{"not_picked":["Cleave","Combust"],"picked":"Shrug It Off","floor":2},{"not_picked":["Pommel Strike","Searing Blow"],"picked":"Cleave","floor":3},{"not_picked":["Havoc","Cleave"],"picked":"Body Slam","floor":7},{"not_picked":["Havoc","Iron Wave"],"picked":"Twin Strike","floor":10},{"not_picked":["Battle Trance","Cleave"],"picked":"Ghostly Armor","floor":11},{"not_picked":["Infernal Blade","Sever Soul","Combust"],"picked":"SKIP","floor":12},{"not_picked":["Anger","Corruption"],"picked":"Power Through","floor":13},{"not_picked":["Anger","Uppercut","Perfected Strike"],"picked":"SKIP","floor":14},{"not_picked":["Flex","Headbutt+1","Rage+1"],"picked":"SKIP","floor":18},{"not_picked":["Evolve","Searing Blow"],"picked":"Whirlwind","floor":19}],"player_experience":256165,"relics_obtained":[{"floor":9,"key":"Letter Opener"}],"event_choices":[{"damage_healed":0,"gold_gain":100,"player_choice":"Pray","damage_taken":0,"max_hp_gain":0,"max_hp_loss":0,"event_name":"Golden Shrine","floor":5,"gold_loss":0}],"is_beta":false,"boss_relics":[{"not_picked":["Velvet Choker","Snecko Eye"],"picked":"Tiny House"}],"items_purged_floors":[],"is_endless":false,"potions_floor_spawned":[1,3,11,14,16],"killed_by":"Cultist and Chosen","ascension_level":2}}