{"host":"27tk4xseidcli2mr","time":1609074478,"event":{"mods":["2.2 Compatiblity","AchievementEnabler","Aspiration","BaseMod","Better Third Choice","Conspire","Custom Start","Hubris","Jorbs\u0027s Wanderer Trilogy","Minty Spire (QoL Compilation)","Replay The Spire","StSLib","SuperFastMode","[IsaacMod]????"],"gold_per_floor":[111,21,21,0,14,44,44,158,183,183,183,22,47,63,63,138,138,150,150,150,150,165,200,200,216,216,216,230,258,258,290,290,369,369,387,387,387,400,61,87,87,112,112,112,112,112,132,132,132,132,132],"floor_reached":50,"playtime":2243,"items_purged":["Strike_B","Defend_B"],"score":1249,"play_id":"f56ea2cf-0ad3-4a71-ba8d-44709791b1bc","local_time":"20201227140758","is_ascension_mode":true,"campfire_choices":[{"data":"Chaos","floor":7.0,"key":"SMITH"},{"floor":15.0,"key":"REST"},{"floor":24.0,"key":"REST"},{"floor":32.0,"key":"REST"},{"floor":41.0,"key":"RECALL"},{"data":"Defragment","floor":45.0,"key":"SMITH"},{"data":"Multi-Cast","floor":49.0,"key":"SMITH"}],"circlet_count":0,"master_deck":["AscendersBane","Defend_B","Defend_B","Zap","Dualcast","Leap","Chaos+1","Enlightenment","Conserve Battery","Multi-Cast+1","Hologram","Crystallizer","Melter","Machine Learning","Seek+1","ReplayRNGCard+1","Defragment+1","stsjorbsmod:DemonicCoup","stsjorbsmod:Assertion","Conserve Battery","Time Bomb","Coolheaded","Reinforced Body+1","Leap","Defragment+1","Cold Snap+1","stsjorbsmod:RepressedMemory","hubris:Insight","Self Repair","Reboot"],"relics":["FrozenCore","HushsDoor","aspiration:Nostalgia","stsjorbsmod:BookOfTrialsRelic","TheBible","hubris:Icosahedron","Bag of Marbles","Replay:Bottled Flurry","Kunai","Boot","Astrolabe","hubris:Towel","Pear","hubris:CrystalStatue","Regal Pillow","PreservedInsect","ReplayFunnel","Replay:Accelerometer","Unceasing Top","conspire:DecoderRing","Prayer Wheel"],"acts_visited":["Exordium","TheCity","TheBeyond"],"potions_floor_usage":[50],"damage_taken":[{"damage":4.0,"enemies":"Jaw Worm","floor":1.0,"turns":4.0},{"damage":8.0,"enemies":"Small Slimes","floor":5.0,"turns":4.0},{"damage":51.0,"enemies":"Lagavulin","floor":6.0,"turns":11.0},{"damage":1.0,"enemies":"2 Louse","floor":8.0,"turns":3.0},{"damage":23.0,"enemies":"3 Sentries","floor":13.0,"turns":12.0},{"damage":0.0,"enemies":"Blue Slaver","floor":14.0,"turns":2.0},{"damage":7.0,"enemies":"Slime Boss","floor":16.0,"turns":5.0},{"damage":13.0,"enemies":"Spheric Guardian","floor":18.0,"turns":4.0},{"damage":0.0,"enemies":"Chosen","floor":22.0,"turns":3.0},{"damage":44.0,"enemies":"Slavers","floor":23.0,"turns":8.0},{"damage":0.0,"enemies":"Snake Plant","floor":25.0,"turns":2.0},{"damage":16.0,"enemies":"Chosen and Byrds","floor":28.0,"turns":7.0},{"damage":6.0,"enemies":"Book of Stabbing","floor":29.0,"turns":5.0},{"damage":31.0,"enemies":"Slavers","floor":31.0,"turns":5.0},{"damage":44.0,"enemies":"Automaton","floor":33.0,"turns":10.0},{"damage":4.0,"enemies":"Orb Walker","floor":35.0,"turns":3.0},{"damage":1.0,"enemies":"3 Shapes","floor":38.0,"turns":7.0},{"damage":0.0,"enemies":"R_Hoarder","floor":40.0,"turns":5.0},{"damage":15.0,"enemies":"Giant Head","floor":42.0,"turns":11.0},{"damage":27.0,"enemies":"Writhing Mass","floor":47.0,"turns":6.0},{"damage":45,"enemies":"Donu and Deca","floor":50,"turns":8}],"seed_played":"-6825037758419291284","potions_obtained":[{"floor":5.0,"key":"FearPotion"},{"floor":8.0,"key":"FairyPotion"},{"floor":16.0,"key":"AttackPotion"},{"floor":22.0,"key":"GamblersBrew"},{"floor":23.0,"key":"Fire Potion"},{"floor":28.0,"key":"Energy Potion"},{"floor":31.0,"key":"Elixir"},{"floor":35.0,"key":"Explosive Potion"}],"is_trial":false,"path_per_floor":["M","$","?","?","M","E","R","M","T","T","T","$","E","M","R","B",null,"M","?","?","$","M","E","R","M","T","?","M","E","?","E","R","B",null,"M","?","?","M","$","E","R","E","T","?","R","?","M","?","R","B"],"character_chosen":"DEFECT","items_purchased":["Chaos","Crystallizer","ReplayFunnel","Self Repair"],"campfire_rested":3,"item_purchase_floors":[2,12,39,39],"current_hp_per_floor":[60,60,60,66,58,26,26,25,25,25,25,25,2,2,25,18,62,49,49,49,49,49,15,41,41,41,41,25,19,19,26,67,23,71,67,67,67,66,66,73,73,65,65,65,65,65,45,45,45,0,0],"gold":132,"neow_bonus":"NOSTALGIA","is_daily":false,"chose_seed":false,"campfire_upgraded":3,"win_rate":0.0,"timestamp":1609074478,"path_taken":["M","$","?","?","M","E","R","M","T","?","?","?","E","M","R","BOSS","M","?","?","?","M","E","R","M","T","?","M","E","?","E","R","BOSS","M","?","?","?","$","E","R","E","T","?","R","?","?","?","R","BOSS"],"items_purchased_type":["Card","Card","Relic","Card"],"build_version":"2020-12-22","purchased_purges":2,"victory":false,"max_hp_per_floor":[71,71,71,77,77,77,77,77,77,77,77,77,77,77,77,77,77,77,77,77,77,77,87,87,87,87,87,87,87,87,87,87,87,87,87,83,83,83,83,83,83,83,83,83,83,83,83,83,83,83,83],"card_choices":[{"not_picked":["Ball Lightning","Chill"],"picked":"Leap","floor":1.0},{"not_picked":["Sweeping Beam","Barrage"],"picked":"Conserve Battery","floor":5.0},{"not_picked":["Beam Cell","Skim"],"picked":"Multi-Cast","floor":6.0},{"not_picked":["Stack","Redo"],"picked":"Hologram","floor":8.0},{"not_picked":["ReplayTheSpireMod:Repulse","ReplayTheSpireMod:GoodbyeWorld"],"picked":"Melter","floor":13.0},{"not_picked":["Compile Driver","Darkness","Ball Lightning"],"picked":"SKIP","floor":14.0},{"not_picked":["Seek","Biased Cognition"],"picked":"Machine Learning","floor":16.0},{"not_picked":["Go for the Eyes","Panic Button"],"picked":"Conserve Battery","floor":18.0},{"not_picked":["Compile Driver","Coolheaded"],"picked":"Time Bomb","floor":22.0},{"not_picked":["hubris:PowerSurge","Aggregate"],"picked":"Coolheaded","floor":23.0},{"not_picked":["Redo","Rebound","Panic Button"],"picked":"SKIP","floor":25.0},{"not_picked":["Loop","Steam"],"picked":"Reinforced Body+1","floor":28.0},{"not_picked":["Compile Driver","Hello World"],"picked":"Leap","floor":29.0},{"not_picked":["ReplaySort","Machine Learning"],"picked":"Cold Snap+1","floor":31.0},{"not_picked":["Barrage","Coolheaded","Force Field"],"picked":"SKIP","floor":35.0},{"not_picked":["BettingIsNotGood","conspire:Banana"],"picked":"hubris:Insight","floor":37.0},{"not_picked":["Streamline+1","ReplayTheSpireMod:Dual Polarity","Aggregate+1"],"picked":"SKIP","floor":38.0},{"not_picked":["Recycle","Beam Cell","Sweeping Beam+1"],"picked":"SKIP","floor":40.0},{"not_picked":["Rebound+1","Loop","Crystallizer"],"picked":"SKIP","floor":42.0},{"not_picked":["Time Bomb","Hologram"],"picked":"ReplayTheSpireMod:Fabricate Wheel","floor":47.0}],"player_experience":1234437,"relics_obtained":[{"floor":6.0,"key":"Bag of Marbles"},{"floor":10.0,"key":"Replay:Bottled Flurry"},{"floor":11.0,"key":"Kunai"},{"floor":13.0,"key":"Boot"},{"floor":23.0,"key":"Pear"},{"floor":26.0,"key":"hubris:CrystalStatue"},{"floor":29.0,"key":"Regal Pillow"},{"floor":31.0,"key":"PreservedInsect"},{"floor":40.0,"key":"Replay:Accelerometer"},{"floor":42.0,"key":"Unceasing Top"},{"floor":43.0,"key":"conspire:DecoderRing"}],"event_choices":[{"damage_healed":0.0,"max_hp_gain":0.0,"max_hp_loss":0.0,"gold_gain":0.0,"event_name":"betterThird:BetterSerpent","player_choice":"RENOUNCE","floor":4.0,"gold_loss":21.0,"damage_taken":21.0,"cards_obtained":["Enlightenment"]},{"damage_healed":0.0,"max_hp_gain":0.0,"max_hp_loss":0.0,"gold_gain":0.0,"event_name":"Vampires","player_choice":"Ignored","floor":19.0,"gold_loss":0.0,"damage_taken":0.0},{"damage_healed":0.0,"max_hp_gain":0.0,"max_hp_loss":0.0,"gold_gain":0.0,"cards_transformed":["Defend_B"],"event_name":"Transmorgrifier","player_choice":"Transformed","floor":30.0,"gold_loss":0.0,"damage_taken":0.0,"cards_obtained":["Defragment"]},{"damage_healed":0.0,"max_hp_gain":0.0,"max_hp_loss":4.0,"gold_gain":0.0,"event_name":"Winding Halls","player_choice":"Max HP","floor":36.0,"gold_loss":0.0,"damage_taken":0.0},{"damage_healed":0.0,"max_hp_gain":0.0,"max_hp_loss":0.0,"gold_gain":0.0,"event_name":"SensoryStone","player_choice":"Memory 1","floor":37.0,"gold_loss":0.0,"damage_taken":0.0},{"cards_removed":["stsjorbsmod:RepressedMemory"],"damage_healed":0.0,"max_hp_gain":0.0,"max_hp_loss":0.0,"gold_gain":0.0,"event_name":"Falling","player_choice":"Removed Skill","floor":44.0,"gold_loss":0.0,"damage_taken":0.0}],"is_beta":false,"boss_relics":[{"not_picked":["Busted Crown","aspiration:RitualDagger"],"picked":"Astrolabe"},{"not_picked":[]},{"not_picked":["SlaversCollar","aspiration:FutureDiary"],"picked":"FrozenCore"},{"not_picked":[]}],"items_purged_floors":[12,39],"is_endless":false,"potions_floor_spawned":[5,8,16,22,23,28,31,35],"killed_by":"Donu and Deca","ascension_level":20}}