{"host":"om43m83jalboyh6v","time":1609097030,"event":{"mods":["2.2 Compatiblity","BaseMod","Colored Map","Conspire","Custom Start","Defuse TimeMaze Blight","Hubris","Infinite Spire","Marisa????????","Minty Spire (QoL Compilation)","Relic Filter","Replay The Spire","StSLib","Synergy Search","The Disciple","The Servant 0.9.4"],"gold_per_floor":[110,130,149,149,160,160,195,195,220,238,264,320,338,182,182,277,277,296,56,56,56,56,56,81,81,81,101,133,161,161,172,172,274,274,291,49,61,61,81,413,413,440,467,498,498,532,545,585,585,585],"floor_reached":51,"playtime":8690,"items_purged":[],"score":1158,"play_id":"e49eabc6-2e06-41c6-a1b4-7eea7b7f80f3","local_time":"20201227142350","daily_mods":["Hoarder","Shiny","Red Cards","Green Cards","Blue Cards","Purple Cards","Colorless Cards","DeadlyEvents"],"is_ascension_mode":false,"campfire_choices":[{"data":"MasterKey","floor":6.0,"key":"SMITH"},{"floor":8.0,"key":"REST"},{"floor":15.0,"key":"REST"},{"data":"Adrenaline","floor":23.0,"key":"SMITH"},{"data":"Alpha","floor":25.0,"key":"SMITH"},{"floor":30.0,"key":"REST"},{"data":"hubris:DoWhile","floor":32.0,"key":"SMITH"},{"floor":45.0,"key":"REST"}],"circlet_count":0,"master_deck":["Sunlight","SilverMatrix","Duplication","MurderousAura","LightFlow","Dilation","FlawlessForm","FloweringNight","Solidify","SoulSculpture","TrueSight","ForgedInTime","Embodiment","PendulumOfEternity","Initiator","Deny","KillingDoll","TheWorld","StarDustReverie","AbsoluteMagnitude","CollectingQuirk","SuperNova","BlazingStar","UltimateShortwave","CasketOfStar","MaximisePower","TreasureHunter","MillisecondPulsars","SatelliteIllusion","JA","BigCrunch","EscapeVelocity","ManaRampage","BinaryStars","FinalSpark","BackFourSeconds","OverTime","LockedCalendar","Echonomics","LockedFlame","MasterKey+1","Fragmentalize","OracleForm","Flay","RageCommand","LockedAstrolabe","Pendulum","OldTimer","LockedLightning","Chronoelasticity","Devotion","LessonLearned","Vault","Establishment","Judgement","MasterReality","Blasphemy","Scrawl","Wish","Brilliance","Alpha","DeusExMachina","ConjureBlade","Ragnarok+1","Omniscience","SpiritShield","DevaForm","Hyperbeam","Machine Learning","Buffer","All For One","Core Surge","Multi-Cast","Thunder Strike","hubris:DoWhile+1","Electrodynamics","ReplayTheSpireMod:Omega Cannon","Rainbow","hubris:Prefetch","hubris:SpecializedCircuitry","Mirror Shield","Seek","Echo Form","Reboot","Fission","Biased Cognition","ReplayRNGCard","Meteor Strike","Amplify","Creative AI","ReplayTheSpireMod:Necrosis","Corpse Explosion","ReplayTheSpireMod:From All Sides","Adrenaline+1","Wraith Form v2","Venomology","Replay:Bag of Tricks","Malaise","Phantasmal Killer","Unload","Bullet Time","Grand Finale","Die Die Die","Atom Bomb","Envenom","Doppelganger","Burst","Tools of the Trade","After Image","Poison Darts","A Thousand Cuts","Night Terror","infinitespire:Neurotoxin","Storm of Steel","Glass Knife","Double Tap","Fiend Fire","Eclipse","conspire:Purge","Demonic Infusion","Exhume","Bludgeon","Limit Break","Hemogenesis","Demon Form","Berserk","Impervious","Juggernaut","Brutality","conspire:HitWhereItHurts","Offering","Feed","Replay:Many Hands","Corruption","Barricade","hubris:StunningStrike","Reaper","Immolate","Devotion","LessonLearned","Vault","Establishment","Judgement","MasterReality","Blasphemy","Scrawl","Wish","Brilliance","Alpha+1","DeusExMachina","ConjureBlade","Ragnarok","Omniscience","SpiritShield","DevaForm","Magnetism","Midas Touch","ReplayTheSpireMod:Brewmster","Poisoned Strike","Sadistic Nature","Replay:Dark Deal","ReplayUltimateDefense","Transmutation","HandOfGreed","ReplayTheSpireMod:Necrogeddon","Secret Technique","hubris:EnhanceAbility","Thinking Ahead","Metamorphosis","Master of Strategy","Chrysalis","Mayhem","Secret Weapon","Apotheosis+1","Panache+1","Violence","The Bomb","Crow Ritual","Footwork","Footwork","Footwork","Rewind","Rewind","Rewind","Crystallizer","Crystallizer","Crystallizer","ClearTheMind","ClearTheMind","ClearTheMind","Weave","Weave","Weave","Panache+1","Panache+1","Panache+1","Deflect","Deflect","Deflect","Protect","Protect","Protect","Apotheosis","Apotheosis","Apotheosis","hubris:TrickCloak","hubris:TrickCloak","hubris:TrickCloak","Replay:Hum","Replay:Hum","Replay:Hum","Replay:Dark Deal","Replay:Dark Deal","Replay:Dark Deal","ForeignInfluence+1","ForeignInfluence+1","ForeignInfluence+1","Demonic Infusion","Demonic Infusion","Demonic Infusion","Doubt","Doubt","Doubt","hubris:DoWhile","hubris:DoWhile","hubris:DoWhile","CutThroughFate+1","CutThroughFate+1","CutThroughFate+1"],"relics":["PureWater","Prayer Wheel","Garlic","Bronze Scales","infinitespire:BottledMercury","Replay:Ringing Soul","Potion Belt","hubris:HollowSoul","infinitespire:EmpoweringShard","Blood Vial","Toy Ornithopter","GoldenEye","Replay:Bottled Eggs","infinitespire:Beetle Shell","Calipers","hubris:TerracottaHorce","Meat on the Bone","hubris:Towel","Old Coin","conspire:TopHat","Replay:Baseball","infinitespire:Lucky Rock","Toxic Egg 2"],"acts_visited":["TheBeyond"],"potions_floor_usage":[46,47,47,50],"damage_taken":[{"damage":0.0,"enemies":"Small Slimes","floor":1.0,"turns":2.0},{"damage":7.0,"enemies":"Cultist","floor":2.0,"turns":4.0},{"damage":0.0,"enemies":"2 Louse","floor":3.0,"turns":2.0},{"damage":10.0,"enemies":"Exordium Wildlife","floor":5.0,"turns":3.0},{"damage":9.0,"enemies":"3 Sentries","floor":7.0,"turns":2.0},{"damage":4.0,"enemies":"Looter","floor":10.0,"turns":2.0},{"damage":0.0,"enemies":"Lagavulin","floor":11.0,"turns":5.0},{"damage":16.0,"enemies":"Lagavulin Event","floor":12.0,"turns":3.0},{"damage":6.0,"enemies":"3 Louse","floor":13.0,"turns":2.0},{"damage":50.0,"enemies":"Fading Forest","floor":16.0,"turns":11.0},{"damage":1.0,"enemies":"3 Byrds","floor":18.0,"turns":2.0},{"damage":0.0,"enemies":"Nightmare","floor":24.0,"turns":2.0},{"damage":16.0,"enemies":"Spheric Guardian","floor":27.0,"turns":4.0},{"damage":18.0,"enemies":"Gremlin Leader","floor":28.0,"turns":4.0},{"damage":7.0,"enemies":"conspire:SneckoGhost","floor":29.0,"turns":7.0},{"damage":11.0,"enemies":"conspire:HollyBat","floor":31.0,"turns":12.0},{"damage":63.0,"enemies":"hubris:MusketHawk","floor":33.0,"turns":8.0},{"damage":38.0,"enemies":"3 Shapes","floor":35.0,"turns":3.0},{"damage":10.0,"enemies":"3 Darklings","floor":37.0,"turns":2.0},{"damage":22.0,"enemies":"4 Shapes","floor":39.0,"turns":3.0},{"damage":51.0,"enemies":"Nemesis","floor":40.0,"turns":3.0},{"damage":38.0,"enemies":"Reptomancer","floor":42.0,"turns":7.0},{"damage":41.0,"enemies":"Nightmare","floor":44.0,"turns":9.0},{"damage":0,"enemies":"Nemesis","floor":46,"turns":6},{"damage":0,"enemies":"Transient","floor":47,"turns":5},{"damage":50,"enemies":"Sphere and 2 Shapes","floor":48,"turns":5},{"damage":63,"enemies":"Awakened One","floor":50,"turns":7}],"seed_played":"8836738870765077431","potions_obtained":[{"floor":3.0,"key":"PowerPotion"},{"floor":5.0,"key":"SkillPotion"},{"floor":7.0,"key":"Elixir"},{"floor":18.0,"key":"Strength Potion"},{"floor":29.0,"key":"Adrenaline Potion"},{"floor":31.0,"key":"ColorlessPotion"},{"floor":40.0,"key":"BlessingOfTheForge"},{"floor":42.0,"key":"ColorlessPotion"},{"floor":44.0,"key":"Toxic Potion"}],"is_trial":true,"path_per_floor":["M","M","M","?","M","R","E","R","T","M","E","?","M","$","R","B",null,"M","$","?","$","T","R","NM","R","T","M","E","E","R","M","R","B",null,"M","$","M","?","M","E","?","E","T","NM","R","E","M","M","R_BF","B",null],"character_chosen":"WATCHER","items_purchased":["Potion Belt","infinitespire:EmpoweringShard","Meat on the Bone"],"campfire_rested":4,"item_purchase_floors":[14,19,36],"current_hp_per_floor":[72,65,65,65,55,55,46,67,67,63,63,47,44,44,66,29,78,80,80,80,80,80,80,81,81,81,65,57,55,81,90,90,35,79,48,48,55,55,54,30,102,72,72,51,82,89,55,35,67,23],"gold":585,"neow_bonus":"","is_daily":false,"chose_seed":false,"campfire_upgraded":4,"win_rate":0.0,"timestamp":1609097030,"path_taken":["M","M","M","?","?","R","E","R","T","M","?","?","?","?","R","BOSS","M","$","?","$","?","R","NM","R","T","?","?","E","R","M","R_BF","BOSS","M","$","M","?","M","E","?","E","T","NM","R","?","?","M","R_BF","BOSS"],"items_purchased_type":["Relic","Relic","Relic"],"build_version":"2020-12-22","purchased_purges":0,"victory":true,"max_hp_per_floor":[72,72,72,72,72,72,72,72,72,72,72,72,75,75,75,78,78,81,81,81,81,81,81,81,81,81,81,84,87,87,90,90,93,93,93,93,96,96,96,99,102,105,105,105,105,105,108,108,108,108],"card_choices":[{"not_picked":["Halt","Sucker Punch","Alleviate"],"picked":"SKIP","floor":1.0},{"not_picked":["FIFO Queue","Perfected Strike","ThirdEye"],"picked":"SKIP","floor":2.0},{"not_picked":["Conserve Battery","Deadly Poison","Blade Dance"],"picked":"SKIP","floor":3.0},{"not_picked":["Deflect","FlurryOfBlows"],"picked":"Rewind","floor":5.0},{"not_picked":["Iron Wave","Evaluate"],"picked":"Crystallizer","floor":7.0},{"not_picked":["Run Through","Deny","BiteCommand"],"picked":"SKIP","floor":10.0},{"not_picked":["Footwork","FlyingSleeves","Pommel Strike"],"picked":"SKIP","floor":10.0},{"not_picked":["LockedAstrolabe","Study","Slice"],"picked":"SKIP","floor":11.0},{"not_picked":["Scrape","Hologram"],"picked":"ClearTheMind","floor":13.0},{"not_picked":["Reflex","Meditate"],"picked":"Weave","floor":13.0},{"not_picked":["hubris:EnhanceAbility","Vault"],"picked":"Panache","floor":16.0},{"not_picked":["Spot Weakness+1","Clash"],"picked":"Deflect","floor":18.0},{"not_picked":["EmptyFist","Survey Options+1"],"picked":"Protect","floor":18.0},{"not_picked":["Halt","Compile Driver","Replay:BluntJabs"],"picked":"SKIP","floor":24.0},{"not_picked":["BowlingBash","Evaluate","Rage"],"picked":"SKIP","floor":27.0},{"not_picked":["Dodge and Roll","WaveOfTheHand","Steam"],"picked":"SKIP","floor":27.0},{"not_picked":["Redo","ReplayGash"],"picked":"Apotheosis","floor":28.0},{"not_picked":["CrushJoints+1","ReplayTheSpireMod:Repulse+1"],"picked":"hubris:TrickCloak","floor":29.0},{"not_picked":["Steam","Shockwave"],"picked":"Replay:Hum","floor":31.0},{"not_picked":["Beam Cell+1","Crescendo","Replay:Parry"],"picked":"SKIP","floor":31.0},{"not_picked":["Secret Weapon","Immolate"],"picked":"Replay:Dark Deal","floor":33.0},{"not_picked":["Deadly Poison+1","FlyingSleeves","BowlingBash"],"picked":"SKIP","floor":35.0},{"not_picked":["Swivel","Clothesline+1","Flame Barrier+1"],"picked":"SKIP","floor":35.0},{"not_picked":["Coolheaded","Ball Lightning"],"picked":"ForeignInfluence+1","floor":37.0},{"not_picked":["FollowUp+1","Recycle","Quick Slash"],"picked":"SKIP","floor":37.0},{"not_picked":["ReplayTheSpireMod:LeadingStrike+1","Panacea","ReplayTheSpireMod:Trickstab+1"],"picked":"SKIP","floor":39.0},{"not_picked":["Dagger Spray+1","Limit Break","Rage+1"],"picked":"SKIP","floor":39.0},{"not_picked":["Replay:Undeath\u0027s Touch","Halt"],"picked":"Demonic Infusion","floor":40.0},{"not_picked":["Heavy Blade+1","WreathOfFlame+1"],"picked":"hubris:DoWhile","floor":42.0},{"not_picked":["Juggernaut","Replay:ManipulateFuture+1","SashWhip"],"picked":"SKIP","floor":44.0},{"not_picked":["ForeignInfluence+1","Crescendo+1","ReplayTheSpireMod:Calculation Training+1"],"picked":"SKIP","floor":46},{"not_picked":["Replay:Undeath\u0027s Touch+1","ThirdEye+1"],"picked":"CutThroughFate+1","floor":47},{"not_picked":["Evaluate+1","Armaments+1","Compile Driver"],"picked":"SKIP","floor":47},{"not_picked":["WindmillStrike","EmptyBody+1","Underhanded Strike+1"],"picked":"SKIP","floor":48},{"not_picked":["Noxious Fumes","Trip+1","FIFO Queue+1"],"picked":"SKIP","floor":48}],"player_experience":873989,"relics_obtained":[{"floor":7.0,"key":"Garlic"},{"floor":9.0,"key":"Bronze Scales"},{"floor":11.0,"key":"infinitespire:BottledMercury"},{"floor":22.0,"key":"Toy Ornithopter"},{"floor":24.0,"key":"GoldenEye"},{"floor":26.0,"key":"Replay:Bottled Eggs"},{"floor":28.0,"key":"infinitespire:Beetle Shell"},{"floor":29.0,"key":"Calipers"},{"floor":40.0,"key":"Old Coin"},{"floor":42.0,"key":"conspire:TopHat"},{"floor":43.0,"key":"Replay:Baseball"},{"floor":44.0,"key":"infinitespire:Lucky Rock"},{"floor":46,"key":"Toxic Egg 2"}],"event_choices":[{"damage_healed":0.0,"max_hp_gain":0.0,"max_hp_loss":0.0,"gold_gain":0.0,"cards_transformed":["LockedBell"],"event_name":"Transmorgrifier","player_choice":"Transformed","floor":4.0,"gold_loss":0.0,"damage_taken":0.0,"cards_obtained":["Footwork"]},{"damage_healed":0.0,"max_hp_gain":0.0,"max_hp_loss":0.0,"gold_gain":0.0,"event_name":"Dead Adventurer","player_choice":"Searched \u00272\u0027 times","floor":12.0,"gold_loss":0.0,"damage_taken":0.0,"relics_obtained":["Replay:Ringing Soul"]},{"damage_healed":0.0,"max_hp_gain":0.0,"max_hp_loss":0.0,"gold_gain":0.0,"event_name":"The Mausoleum","player_choice":"Opened","floor":20.0,"gold_loss":0.0,"damage_taken":0.0,"relics_obtained":["Blood Vial"]},{"damage_healed":69.0,"max_hp_gain":0.0,"max_hp_loss":0.0,"gold_gain":0.0,"event_name":"MindBloom","player_choice":"Heal","floor":41.0,"gold_loss":0.0,"damage_taken":0.0,"cards_obtained":["Doubt"]}],"is_beta":false,"boss_relics":[{"not_picked":["VioletLotus","ReplayTheSpireMod:DimensionalGlitch"],"picked":"hubris:HollowSoul"},{"not_picked":["Coffee Dripper","Sozu"],"picked":"hubris:TerracottaHorce"}],"items_purged_floors":[],"is_endless":false,"potions_floor_spawned":[3,5,7,11,12,18,29,31,33,40,42,44,46],"ascension_level":0}}