{"host":"5fasz840ryq7obdf","time":1609027915,"event":{"mods":["AchievementEnabler","BaseMod","Bestiary","Better Altar","Better Skull","Better Third Choice","BetterRewards","Block Reminder","Colored Powertips","Curses Come First","Minty Spire (QoL Compilation)","Quick Restart","Relic Stats","Shop Mod","Spicy Shops","StSLib"],"gold_per_floor":[115,35,35,53,70,97,110,129,156,181,193,206,206,233,233,307,307,327,37,53,53,11,39,55,70,94,94,120,120,132,159,159,234,234,250,250,250,267,279,312,312,322,349,349,134,159,171,207,219,231,243,255,267,2,34,34],"floor_reached":57,"playtime":3781,"items_purged":["Strike_P","Defend_P","Defend_P","Strike_P","Defend_P","Defend_P"],"score":3834,"play_id":"91d59355-dee0-4676-8faf-3ff4efd3f538","local_time":"20201227001155","is_ascension_mode":true,"campfire_choices":[{"data":"Apotheosis","floor":13.0,"key":"SMITH"},{"data":"Panache","floor":15.0,"key":"SMITH"},{"data":"MasterReality","floor":27.0,"key":"SMITH"},{"data":"Eruption","floor":29.0,"key":"SMITH"},{"data":"DeusExMachina","floor":32.0,"key":"SMITH"},{"floor":44.0,"key":"RECALL"},{"data":"Panache","floor":47.0,"key":"SMITH"},{"data":"Adaptation","floor":49.0,"key":"SMITH"},{"data":"TalkToTheHand","floor":53,"key":"SMITH"}],"circlet_count":0,"master_deck":["AscendersBane","Eruption+1","Vigilance","Apotheosis+1","Consecrate","Weave","Wireheading","CrushJoints","Wireheading","Panache+1","Panache+1","TalkToTheHand+1","DevaForm","WreathOfFlame","CutThroughFate","CrushJoints","Evaluate","Fasting2","Tantrum","MasterReality+1","CutThroughFate","WheelKick","Alpha","EmptyBody","Adaptation+1","DeusExMachina+1","ConjureBlade","Weave","EmptyBody","TalkToTheHand","ThirdEye","TalkToTheHand","FlurryOfBlows","InnerPeace","ReachHeaven","DeusExMachina","Scrawl","CurseOfTheBell","FlurryOfBlows","LikeWater+1","Impatience+1","Good Instincts+1","Finesse+1","Indignation+1","Fasting2+1","Wallop","ClearTheMind+1","WaveOfTheHand+1","ThirdEye+1","DevaForm+1","SashWhip+1","Finesse+1","Thinking Ahead+1","Protect+1"],"relics":["PureWater","Membership Card","Mercury Hourglass","GoldenEye","Anchor","HandDrill","Mummified Hand","Sling","Pen Nib","DollysMirror","Bottled Tornado","Lee\u0027s Waffle","Unceasing Top","Kunai","Bag of Preparation","Tiny Chest","Dream Catcher","Toy Ornithopter","Centennial Puzzle","Vajra","Black Star","Bag of Marbles","Ornamental Fan","MutagenicStrength","Question Card","Incense Burner","Nunchaku","Art of War","Orichalcum","Regal Pillow","Smiling Mask","Calling Bell","Akabeko","Frozen Egg 2","Bird Faced Urn","Toxic Egg 2","Meat on the Bone","Ancient Tea Set","Orrery","TeardropLocket","MawBank","Damaru","OrangePellets","Blood Vial","Oddly Smooth Stone"],"acts_visited":["Exordium","TheCity","TheBeyond","TheEnding"],"potions_floor_usage":[56,56],"damage_taken":[{"damage":0.0,"enemies":"Cultist","floor":1.0,"turns":1.0},{"damage":0.0,"enemies":"Jaw Worm","floor":4.0,"turns":1.0},{"damage":0.0,"enemies":"Small Slimes","floor":5.0,"turns":1.0},{"damage":0.0,"enemies":"Lagavulin","floor":6.0,"turns":2.0},{"damage":0.0,"enemies":"Exordium Wildlife","floor":7.0,"turns":2.0},{"damage":0.0,"enemies":"Red Slaver","floor":8.0,"turns":1.0},{"damage":0.0,"enemies":"Gremlin Nob","floor":10.0,"turns":2.0},{"damage":0.0,"enemies":"Large Slime","floor":11.0,"turns":3.0},{"damage":0.0,"enemies":"2 Fungi Beasts","floor":12.0,"turns":2.0},{"damage":0.0,"enemies":"3 Sentries","floor":14.0,"turns":1.0},{"damage":28.0,"enemies":"Hexaghost","floor":16.0,"turns":4.0},{"damage":2.0,"enemies":"2 Thieves","floor":18.0,"turns":2.0},{"damage":0.0,"enemies":"Spheric Guardian","floor":20.0,"turns":2.0},{"damage":0.0,"enemies":"Gremlin Leader","floor":23.0,"turns":1.0},{"damage":0.0,"enemies":"Centurion and Healer","floor":24.0,"turns":2.0},{"damage":0.0,"enemies":"Snake Plant","floor":25.0,"turns":1.0},{"damage":2.0,"enemies":"Slavers","floor":28.0,"turns":2.0},{"damage":0.0,"enemies":"3 Cultists","floor":30.0,"turns":2.0},{"damage":3.0,"enemies":"Book of Stabbing","floor":31.0,"turns":3.0},{"damage":0.0,"enemies":"Champ","floor":33.0,"turns":4.0},{"damage":0.0,"enemies":"3 Shapes","floor":35.0,"turns":1.0},{"damage":1.0,"enemies":"Orb Walker","floor":38.0,"turns":2.0},{"damage":0.0,"enemies":"Maw","floor":39.0,"turns":3.0},{"damage":0.0,"enemies":"Giant Head","floor":40.0,"turns":3.0},{"damage":0.0,"enemies":"Writhing Mass","floor":42.0,"turns":1.0},{"damage":0.0,"enemies":"Reptomancer","floor":46.0,"turns":2.0},{"damage":11,"enemies":"Awakened One","floor":50,"turns":4},{"damage":30,"enemies":"Time Eater","floor":51,"turns":7},{"damage":8,"enemies":"Shield and Spear","floor":55,"turns":3},{"damage":21,"enemies":"The Heart","floor":56,"turns":5}],"seed_played":"3321117846053088567","potions_obtained":[{"floor":1.0,"key":"SkillPotion"},{"floor":5.0,"key":"Fire Potion"},{"floor":7.0,"key":"Fruit Juice"},{"floor":11.0,"key":"Fire Potion"},{"floor":14.0,"key":"BottledMiracle"},{"floor":20.0,"key":"LiquidMemories"},{"floor":23.0,"key":"Energy Potion"},{"floor":33.0,"key":"Energy Potion"}],"is_trial":false,"path_per_floor":["M","$","?","M","M","E","M","M","T","E","M","M","R","E","R","B",null,"M","$","M","?","$","E","M","M","T","R","E","R","M","E","R","B",null,"M","T","?","M","M","E","?","M","T","R","$","E","R","T","R","B","B",null,"R","$","E","B",null],"character_chosen":"WATCHER","items_purchased":["Membership Card","Mercury Hourglass","GoldenEye","Apotheosis","Anchor","HandDrill","Consecrate","Weave","Wireheading","Mummified Hand","Sling","CrushJoints","Wireheading","Pen Nib","Panache","DollysMirror","Bottled Tornado","Lee\u0027s Waffle","TalkToTheHand","DevaForm","Unceasing Top","Kunai","Bag of Preparation","WreathOfFlame","CutThroughFate","CrushJoints","Evaluate","Tiny Chest","Bag of Marbles","Ornamental Fan","TalkToTheHand","Fasting2+1","Wallop","Orrery","OrangePellets","Finesse+1","Thinking Ahead+1"],"campfire_rested":0,"item_purchase_floors":[0,0,0,0,0,0,0,0,0,0,0,0,0,0,0,0,0,0,0,0,0,0,0,0,0,0,0,2,19,19,22,45,45,45,54,54,54],"current_hp_per_floor":[75,75,75,75,75,75,80,80,80,80,80,80,80,80,80,52,73,71,71,71,71,71,71,71,71,71,71,69,69,69,66,66,71,78,80,80,80,79,80,80,70,72,72,72,72,78,78,78,78,69,56,74,74,74,74,78],"gold":34,"neow_bonus":"","is_daily":false,"chose_seed":false,"campfire_upgraded":8,"win_rate":0.0,"timestamp":1609027915,"path_taken":["M","$","?","?","M","E","M","M","T","E","M","M","R","E","R","BOSS","M","$","M","?","$","E","M","M","T","R","E","R","M","E","R","BOSS","M","?","?","M","?","E","?","M","T","R","$","E","R","?","R","BOSS","BOSS","R","$","E","BOSS"],"items_purchased_type":["Relic","Relic","Relic","Card","Relic","Relic","Card","Card","Card","Relic","Relic","Card","Card","Relic","Card","Relic","Relic","Relic","Card","Card","Relic","Relic","Relic","Card","Card","Card","Card","Relic","Relic","Relic","Card","Card","Card","Relic","Relic","Card","Card"],"build_version":"2020-12-22","purchased_purges":6,"victory":true,"max_hp_per_floor":[75,75,75,75,75,75,80,80,80,80,80,80,80,80,80,80,80,80,80,80,80,80,80,80,80,80,80,80,80,80,80,80,80,80,80,80,80,80,80,80,80,80,80,80,80,80,80,80,80,80,80,80,80,80,80,80],"relic_stats":{"Regal Pillow":0,"Bag of Preparation":[60],"Smiling Mask":88,"Blood Vial":2,"Dream Catcher":0,"Centennial Puzzle":[29],"Nunchaku":[14],"Mummified Hand":[151],"Tiny Chest":4,"HandDrill":[54],"Kunai":[89],"Lee\u0027s Waffle":56,"counters":[107,325],"Pen Nib":[69],"Orichalcum":[0],"GoldenEye":[90],"Question Card":22,"MawBank":96,"Mercury Hourglass":[364],"OrangePellets":[18],"Ornamental Fan":[156],"Bird Faced Urn":[120],"Black Star":6,"Art of War":[0],"obtain_stats":[{"Calipers":25,"CeramicFish":0,"Vajra":26,"Whetstone":0,"Bottled Tornado":28,"Sling":27,"Blood Vial":55,"Centennial Puzzle":10,"Sundial":8,"DollysMirror":27,"MealTicket":26,"Fusion Hammer":17,"HandDrill":0,"Kunai":26,"Toxic Egg 2":45,"Pear":43,"Happy Flower":55,"Blue Candle":40,"Dead Branch":40,"Oddly Smooth Stone":0,"Eternal Feather":31,"Pen Nib":21,"War Paint":54,"Question Card":23,"Akabeko":0,"OrangePellets":0,"Shuriken":0,"MutagenicStrength":19,"Bird Faced Urn":55,"Bronze Scales":4,"Molten Egg 2":0,"Black Star":17,"StrikeDummy":12,"Unceasing Top":25,"Pocketwatch":0,"Meat on the Bone":0,"Darkstone Periapt":25,"Lantern":27,"Regal Pillow":31,"Yang":23,"Mango":31,"Bag of Preparation":48,"Incense Burner":23,"TeardropLocket":0,"Smiling Mask":31,"Ancient Tea Set":43,"SsserpentHead":20,"Dream Catcher":6,"Nunchaku":12,"Shovel":38,"Mummified Hand":53,"Gambling Chip":48,"Toolbox":0,"Tiny Chest":7,"Potion Belt":21,"Lee\u0027s Waffle":0,"Damaru":48,"Thread and Needle":23,"PreservedInsect":9,"Omamori":9,"Frozen Egg 2":11,"Orichalcum":23,"GoldenEye":0,"MawBank":46,"White Beast Statue":27,"Mercury Hourglass":49,"Calling Bell":34,"Anchor":0,"Ornamental Fan":19,"Bloody Idol":22,"Orrery":0,"HolyWater":34,"Bag of Marbles":0,"Coffee Dripper":17,"Art of War":55,"Membership Card":0,"Bottled Lightning":10,"PureWater":0,"Toy Ornithopter":13,"FossilizedHelix":46,"TungstenRod":54},{"Calipers":31,"CeramicFish":50,"Vajra":14,"Whetstone":0,"Bottled Tornado":15,"Sling":14,"Blood Vial":106,"Centennial Puzzle":84,"Sundial":4,"DollysMirror":14,"MealTicket":31,"Fusion Hammer":9,"HandDrill":50,"Kunai":61,"Toxic Egg 2":71,"Pear":70,"Happy Flower":49,"Blue Candle":42,"Dead Branch":42,"Oddly Smooth Stone":16,"Eternal Feather":35,"Pen Nib":27,"War Paint":75,"Question Card":91,"Akabeko":50,"OrangePellets":50,"Shuriken":0,"MutagenicStrength":27,"Bird Faced Urn":49,"Bronze Scales":51,"Molten Egg 2":50,"Black Star":26,"StrikeDummy":24,"Unceasing Top":14,"Pocketwatch":50,"Meat on the Bone":50,"Darkstone Periapt":31,"Lantern":14,"Regal Pillow":96,"Yang":29,"Mango":65,"Bag of Preparation":46,"Incense Burner":91,"TeardropLocket":50,"Smiling Mask":96,"Ancient Tea Set":102,"SsserpentHead":10,"Dream Catcher":4,"Nunchaku":6,"Shovel":68,"Mummified Hand":75,"Gambling Chip":46,"Toolbox":16,"Tiny Chest":52,"Potion Belt":27,"Lee\u0027s Waffle":77,"Damaru":103,"Thread and Needle":60,"PreservedInsect":21,"Omamori":4,"Frozen Egg 2":5,"Orichalcum":13,"GoldenEye":77,"MawBank":103,"White Beast Statue":32,"Mercury Hourglass":73,"Calling Bell":97,"Anchor":77,"Ornamental Fan":89,"Bloody Idol":59,"Orrery":16,"HolyWater":36,"Bag of Marbles":0,"Coffee Dripper":58,"Art of War":76,"Membership Card":50,"Bottled Lightning":54,"PureWater":0,"Toy Ornithopter":56,"FossilizedHelix":72,"TungstenRod":75},{"Calipers":88,"CeramicFish":171,"Vajra":41,"Whetstone":0,"Bottled Tornado":44,"Sling":41,"Blood Vial":320,"Centennial Puzzle":266,"Sundial":7,"DollysMirror":41,"MealTicket":88,"Fusion Hammer":21,"HandDrill":171,"Kunai":195,"Toxic Egg 2":227,"Pear":224,"Happy Flower":160,"Blue Candle":121,"Dead Branch":121,"Oddly Smooth Stone":47,"Eternal Feather":97,"Pen Nib":78,"War Paint":245,"Question Card":281,"Akabeko":171,"OrangePellets":171,"Shuriken":0,"MutagenicStrength":78,"Bird Faced Urn":160,"Bronze Scales":172,"Molten Egg 2":171,"Black Star":75,"StrikeDummy":67,"Unceasing Top":41,"Pocketwatch":171,"Meat on the Bone":171,"Darkstone Periapt":88,"Lantern":41,"Regal Pillow":290,"Yang":83,"Mango":213,"Bag of Preparation":136,"Incense Burner":281,"TeardropLocket":171,"Smiling Mask":290,"Ancient Tea Set":304,"SsserpentHead":24,"Dream Catcher":7,"Nunchaku":13,"Shovel":221,"Mummified Hand":245,"Gambling Chip":136,"Toolbox":47,"Tiny Chest":175,"Potion Belt":78,"Lee\u0027s Waffle":256,"Damaru":306,"Thread and Needle":192,"PreservedInsect":60,"Omamori":7,"Frozen Egg 2":9,"Orichalcum":37,"GoldenEye":256,"MawBank":306,"White Beast Statue":90,"Mercury Hourglass":233,"Calling Bell":294,"Anchor":256,"Ornamental Fan":278,"Bloody Idol":191,"Orrery":47,"HolyWater":105,"Bag of Marbles":0,"Coffee Dripper":188,"Art of War":248,"Membership Card":171,"Bottled Lightning":179,"PureWater":0,"Toy Ornithopter":183,"FossilizedHelix":231,"TungstenRod":245}],"Unceasing Top":[36],"Toy Ornithopter":30,"Meat on the Bone":48},"card_choices":[{"not_picked":["Meditate","FearNoEvil"],"picked":"Fasting2","floor":1.0},{"not_picked":["Prostrate","ThirdEye","DeceiveReality"],"picked":"SKIP","floor":4.0},{"not_picked":["BattleHymn","DeceiveReality"],"picked":"Tantrum","floor":5.0},{"not_picked":["BowlingBash","FollowUp"],"picked":"MasterReality","floor":6.0},{"not_picked":["FollowUp","FlyingSleeves"],"picked":"CutThroughFate","floor":7.0},{"not_picked":["CarveReality","WreathOfFlame"],"picked":"WheelKick","floor":8.0},{"not_picked":["FollowUp","FlyingSleeves"],"picked":"Alpha","floor":10.0},{"not_picked":["Nirvana","Swivel"],"picked":"EmptyBody","floor":11.0},{"not_picked":["Crescendo","Halt"],"picked":"Adaptation","floor":12.0},{"not_picked":["Halt","DeceiveReality"],"picked":"DeusExMachina","floor":14.0},{"not_picked":["Devotion","Blasphemy"],"picked":"ConjureBlade","floor":16.0},{"not_picked":["CutThroughFate","BowlingBash"],"picked":"Weave","floor":18.0},{"not_picked":["WindmillStrike","JustLucky"],"picked":"EmptyBody","floor":20.0},{"not_picked":["Crescendo","EmptyFist+1"],"picked":"ThirdEye","floor":23.0},{"not_picked":["SashWhip","MentalFortress","DeceiveReality"],"picked":"TalkToTheHand","floor":24.0},{"not_picked":["SandsOfTime","ForeignInfluence","Prostrate"],"picked":"FlurryOfBlows","floor":25.0},{"not_picked":["WindmillStrike","Swivel","Brilliance"],"picked":"InnerPeace","floor":28.0},{"not_picked":["Crescendo+1","LikeWater","EmptyBody"],"picked":"ReachHeaven","floor":30.0},{"not_picked":["ClearTheMind","Halt","Collect"],"picked":"DeusExMachina","floor":31.0},{"not_picked":["Devotion","Ragnarok","DeusExMachina"],"picked":"Scrawl","floor":33.0},{"not_picked":["FlyingSleeves","Prostrate","FollowUp","CutThroughFate"],"picked":"SKIP","floor":35.0},{"not_picked":["Collect","Crescendo","CutThroughFate"],"picked":"FlurryOfBlows","floor":38.0},{"not_picked":["Prostrate+1","ClearTheMind","FollowUp","Evaluate"],"picked":"SKIP","floor":39.0},{"not_picked":["PathToVictory+1","EmptyBody+1","CrushJoints"],"picked":"LikeWater+1","floor":40.0},{"not_picked":["Mayhem+1","HandOfGreed","Purity+1"],"picked":"Impatience+1","floor":41.0},{"not_picked":["Bandage Up+1","Forethought+1","Swift Strike"],"picked":"Good Instincts+1","floor":41.0},{"not_picked":["Dark Shackles+1","Jack Of All Trades+1","PanicButton+1"],"picked":"Finesse+1","floor":41.0},{"not_picked":["SignatureMove","PathToVictory+1","CarveReality"],"picked":"Indignation+1","floor":42.0},{"not_picked":["Worship+1","FollowUp+1","EmptyFist"],"picked":"ClearTheMind+1","floor":45.0},{"not_picked":["Prostrate+1","Sanctity+1","FlyingSleeves+1"],"picked":"WaveOfTheHand+1","floor":45.0},{"not_picked":["FlyingSleeves","Halt+1","Consecrate"],"picked":"ThirdEye+1","floor":45.0},{"not_picked":["Pray+1","Meditate+1","CutThroughFate"],"picked":"DevaForm+1","floor":45.0},{"not_picked":["Evaluate+1","Pray+1","Crescendo+1"],"picked":"SashWhip+1","floor":46.0},{"not_picked":["CrushJoints","Nirvana+1","Crescendo+1"],"picked":"Protect+1","floor":55}],"player_experience":1146895,"relics_obtained":[{"floor":6.0,"key":"Dream Catcher"},{"floor":9.0,"key":"Toy Ornithopter"},{"floor":10.0,"key":"Centennial Puzzle"},{"floor":14.0,"key":"Vajra"},{"floor":23.0,"key":"Question Card"},{"floor":23.0,"key":"Incense Burner"},{"floor":26.0,"key":"Nunchaku"},{"floor":28.0,"key":"Art of War"},{"floor":28.0,"key":"Orichalcum"},{"floor":31.0,"key":"Regal Pillow"},{"floor":31.0,"key":"Smiling Mask"},{"floor":34.0,"key":"Akabeko"},{"floor":34.0,"key":"Frozen Egg 2"},{"floor":34.0,"key":"Bird Faced Urn"},{"floor":40.0,"key":"Toxic Egg 2"},{"floor":40.0,"key":"Meat on the Bone"},{"floor":43.0,"key":"Ancient Tea Set"},{"floor":46.0,"key":"TeardropLocket"},{"floor":46.0,"key":"MawBank"},{"floor":48.0,"key":"Damaru"},{"floor":55,"key":"Blood Vial"},{"floor":55,"key":"Oddly Smooth Stone"}],"event_choices":[{"cards_removed":["Strike_P"],"damage_healed":0.0,"max_hp_gain":0.0,"max_hp_loss":0.0,"gold_gain":0.0,"event_name":"Purifier","player_choice":"Purged","floor":3.0,"gold_loss":0.0,"damage_taken":0.0},{"damage_healed":0.0,"max_hp_gain":0.0,"max_hp_loss":0.0,"gold_gain":0.0,"event_name":"Drug Dealer","player_choice":"Inject Mutagens","floor":21.0,"gold_loss":0.0,"damage_taken":0.0,"relics_obtained":["MutagenicStrength"]},{"cards_removed":["Strike_P"],"damage_healed":0.0,"max_hp_gain":0.0,"max_hp_loss":0.0,"gold_gain":0.0,"event_name":"Purifier","player_choice":"Purged","floor":37.0,"gold_loss":0.0,"damage_taken":0.0},{"damage_healed":0.0,"max_hp_gain":0.0,"max_hp_loss":0.0,"gold_gain":0.0,"event_name":"SensoryStone","player_choice":"Memory 3","floor":41.0,"gold_loss":0.0,"damage_taken":10.0}],"is_beta":false,"boss_relics":[{"not_picked":["Astrolabe","Busted Crown"],"picked":"Black Star"},{"not_picked":["Sozu","Tiny House"],"picked":"Calling Bell"}],"items_purged_floors":[0,0,0,19,45,54],"is_endless":false,"potions_floor_spawned":[1,5,7,11,14,16,20,23,24,30,31,33,35,39,46,55],"ascension_level":20}}