{"host":"3jpwrwmmgyabjceh","time":1609085949,"event":{"mods":["AchievementEnabler","BaseMod","Colored Map","Colored Powertips","Highlight Path","Minty Spire (QoL Compilation)","Quick Restart","StSLib"],"gold_per_floor":[115,115,115,14,63,63,89,89,166,166,183,200,200,53,53,154,154,164,164,164,64,64,64,64],"floor_reached":23,"playtime":436,"items_purged":["Defend_R","Strike_R"],"score":192,"play_id":"26591e02-a121-41fd-97e4-942dee5ec7f8","local_time":"20201227191909","is_ascension_mode":true,"campfire_choices":[{"data":"Bash","floor":6,"key":"SMITH"},{"floor":8,"key":"REST"},{"data":"Whirlwind","floor":10,"key":"SMITH"},{"data":"Searing Blow","floor":13,"key":"SMITH"},{"data":"Searing Blow+1","floor":15,"key":"SMITH"}],"circlet_count":0,"master_deck":["Strike_R","Strike_R","Strike_R","Defend_R","Defend_R","Defend_R","Bash+1","Cleave","Whirlwind+1","Searing Blow+2","Demon Form"],"relics":["Runic Pyramid","Ginger","Pen Nib","Vajra","Omamori","Calling Bell","Bag of Marbles","StrikeDummy","Champion Belt","Kunai"],"acts_visited":["Exordium","TheCity"],"potions_floor_usage":[11,16,23],"damage_taken":[{"damage":6,"enemies":"Jaw Worm","floor":1,"turns":3},{"damage":41,"enemies":"3 Sentries","floor":7,"turns":7},{"damage":0,"enemies":"2 Louse","floor":11,"turns":2},{"damage":0,"enemies":"Cultist","floor":12,"turns":2},{"damage":51,"enemies":"Hexaghost","floor":16,"turns":9},{"damage":22,"enemies":"Spheric Guardian","floor":18,"turns":4},{"damage":59,"enemies":"Book of Stabbing","floor":23,"turns":5}],"seed_played":"-8184718092628013897","potions_obtained":[{"floor":7,"key":"Regen Potion"},{"floor":12,"key":"FearPotion"},{"floor":18,"key":"Energy Potion"}],"is_trial":false,"path_per_floor":["M","?","?","$","T","R","E","R","T","R","M","M","R","$","R","B",null,"M","?","?","$","?","E"],"character_chosen":"IRONCLAD","items_purchased":["Cleave","Omamori"],"campfire_rested":1,"item_purchase_floors":[4,14],"current_hp_per_floor":[74,71,64,64,64,64,23,47,47,47,52,52,52,52,52,1,80,58,58,58,58,58,0,0],"gold":64,"neow_bonus":"BOSS_RELIC","is_daily":false,"chose_seed":false,"campfire_upgraded":4,"win_rate":0.0,"timestamp":1609085949,"path_taken":["M","?","?","?","?","R","E","R","T","R","M","M","R","$","R","BOSS","M","?","?","$","?","E"],"items_purchased_type":["Card","Relic"],"build_version":"2020-12-22","purchased_purges":2,"victory":false,"max_hp_per_floor":[80,80,80,80,80,80,80,80,80,80,80,80,80,80,80,80,80,80,80,80,80,80,80,80],"card_choices":[{"not_picked":["Havoc","Evolve","Intimidate"],"picked":"SKIP","floor":1},{"not_picked":["Cleave","Juggernaut"],"picked":"Whirlwind","floor":7},{"not_picked":["Warcry","Anger"],"picked":"Searing Blow","floor":11},{"not_picked":["Body Slam","Clash","Warcry"],"picked":"SKIP","floor":12},{"not_picked":["Exhume","Fiend Fire"],"picked":"Demon Form","floor":16},{"not_picked":["Intimidate","Fire Breathing","Warcry"],"picked":"SKIP","floor":18}],"player_experience":221540,"relics_obtained":[{"floor":5,"key":"Pen Nib"},{"floor":7,"key":"Vajra"},{"floor":17,"key":"Bag of Marbles"},{"floor":17,"key":"StrikeDummy"},{"floor":17,"key":"Champion Belt"}],"event_choices":[{"damage_healed":0,"gold_gain":0,"player_choice":"Success","damage_taken":3,"relics_obtained":["Ginger"],"max_hp_gain":0,"max_hp_loss":0,"event_name":"Scrap Ooze","floor":2,"gold_loss":0},{"cards_removed":["Strike_R"],"damage_healed":0,"gold_gain":0,"player_choice":"Card Removal","damage_taken":7,"max_hp_gain":0,"max_hp_loss":0,"event_name":"Golden Wing","floor":3,"gold_loss":0},{"damage_healed":0,"gold_gain":0,"player_choice":"Ignored","damage_taken":0,"max_hp_gain":0,"max_hp_loss":0,"event_name":"Vampires","floor":19,"gold_loss":0},{"damage_healed":0,"gold_gain":0,"player_choice":"Ignored","damage_taken":0,"max_hp_gain":0,"max_hp_loss":0,"event_name":"Ghosts","floor":20,"gold_loss":0},{"damage_healed":0,"gold_gain":0,"player_choice":"Opened","damage_taken":0,"relics_obtained":["Kunai"],"max_hp_gain":0,"max_hp_loss":0,"event_name":"The Mausoleum","floor":22,"gold_loss":0}],"is_beta":false,"boss_relics":[{"not_picked":["SacredBark","Empty Cage"],"picked":"Calling Bell"}],"items_purged_floors":[4,21],"is_endless":false,"potions_floor_spawned":[7,12,18],"killed_by":"Book of Stabbing","ascension_level":1}}