{"host":"ff0k6g9g9j8o52vm","time":1609103052,"event":{"mods":["AchievementEnabler","Astrologer","BaseMod","Beaked The Cultist","Colored Map","Colored Powertips","Downfall","Duelist Mod","GifTheSpireLib","Gremlin Mod","Hermit","Highlight Path","Hubris","Infinite Spire","Jorbs\u0027s Wanderer Trilogy","Koishi","Marisa????????","Minty Spire (QoL Compilation)","Quick Restart","Replay The Spire","StSLib","The Animator","The Bug Knight","The Construct","The Cursed","The Disciple","The Forsaken","The Hayseed","The Hierophant","The Judge","The Jungle","The Mystic","The Necromancer","The Poker Player","The Runesmith","The Senshi","The Servant 0.9.4","TheArtist"],"gold_per_floor":[99,117,132,151,171,205,258,1,51,63,175,199,211,239,264,276,276,276],"floor_reached":16,"playtime":4252,"items_purged":["hexamod:Strike"],"score":104,"play_id":"f7f45b20-f0fa-415d-8cf1-e041dcc9f82e","local_time":"20201227130412","is_ascension_mode":false,"campfire_choices":[{"data":"hexamod:Float","floor":1,"key":"SMITH"},{"data":"hexamod:WildfireWeapon","floor":10,"key":"SMITH"},{"data":"hexamod:HeatCrush","floor":13,"key":"SMITH"}],"circlet_count":0,"master_deck":["hexamod:Strike","hexamod:Strike","hexamod:Strike","hexamod:Defend","hexamod:Defend","hexamod:Defend","hexamod:Defend","hexamod:Sear","hexamod:Float+1","hexamod:StepThrough","hexamod:BurningTouch","hexamod:Rewind","hexamod:WildfireWeapon+1","hexamod:FourthSeal","hexamod:SpectralAdrenaline","Specialist","hexamod:HeatCrush+1","SwitchConfidence","hexamod:ThermalTransfer","hexamod:TimeOfNeed","hexamod:ExtraCrispy"],"relics":["hexamod:SpiritBrand","Chameleon Ring","Vajra","Ring of Fury","Ring of Greed","MawBank","Tiny Chest"],"acts_visited":["Exordium"],"potions_floor_usage":[16,16],"damage_taken":[{"damage":0,"enemies":"2 Louse","floor":2,"turns":3},{"damage":0,"enemies":"Small Slimes","floor":3,"turns":3},{"damage":0,"enemies":"Cultist","floor":4,"turns":4},{"damage":2,"enemies":"Exordium Wildlife","floor":5,"turns":3},{"damage":17,"enemies":"3 Sentries","floor":6,"turns":10},{"damage":0,"enemies":"downfall:FleeingMerchant","floor":8,"turns":4},{"damage":10,"enemies":"2 Fungi Beasts","floor":12,"turns":4},{"damage":4,"enemies":"3 Louse","floor":14,"turns":4},{"damage":20,"enemies":"Exordium Thugs","floor":15,"turns":5},{"damage":24,"enemies":"downfall:Defect","floor":16,"turns":4}],"seed_played":"-6875452601594632574","potions_obtained":[{"floor":3,"key":"LiquidMemories"},{"floor":4,"key":"FearPotion"},{"floor":8,"key":"Milkshake"},{"floor":15,"key":"hexamod:DoubleChargePotion"}],"is_trial":false,"path_per_floor":["R","M","M","M","M","E","T","$","?","R","?","M","R","M","M","B"],"character_chosen":"THE_SPIRIT","items_purchased":["Specialist","hexamod:HeatCrush"],"campfire_rested":0,"item_purchase_floors":[8,8],"current_hp_per_floor":[77,77,77,77,75,58,58,58,58,58,58,48,48,44,24,0,0,0],"gold":276,"neow_bonus":"TEN_PERCENT_HP_BONUS","is_daily":false,"chose_seed":false,"campfire_upgraded":3,"win_rate":0.0,"timestamp":1609103052,"path_taken":["R","M","M","M","M","E","T","$","?","R","?","?","R","M","M","BOSS"],"items_purchased_type":["Card","Card"],"build_version":"2020-12-22","purchased_purges":1,"victory":false,"max_hp_per_floor":[77,77,77,77,77,77,77,77,77,77,77,77,77,77,77,77,77,77],"card_choices":[{"not_picked":["hexamod:AdvancingGuard","hexamod:ChargedBarrage"],"picked":"hexamod:StepThrough","floor":2},{"not_picked":["hexamod:SkipABeat","hexamod:HauntingEcho"],"picked":"hexamod:BurningTouch","floor":3},{"not_picked":["hexamod:HauntingEcho","hexamod:ShieldOfDarkness"],"picked":"hexamod:Rewind","floor":4},{"not_picked":["hexamod:Incineration","hexamod:NecessarySacrifice"],"picked":"hexamod:WildfireWeapon","floor":5},{"not_picked":["hexamod:HauntingEcho","hexamod:SwordOfDarkness"],"picked":"hexamod:FourthSeal","floor":6},{"not_picked":["hexamod:GhostShield","hexamod:GhostflameInferno"],"picked":"hexamod:SpectralAdrenaline","floor":8},{"not_picked":["hexamod:AdvancingGuard","hexamod:PhantomCloak"],"picked":"hexamod:ThermalTransfer","floor":12},{"not_picked":["hexamod:Firestarter","hexamod:AdvancingGuard"],"picked":"hexamod:TimeOfNeed","floor":14},{"not_picked":["hexamod:GhostflameBarrier","hexamod:ThermalTransfer"],"picked":"hexamod:ExtraCrispy","floor":15}],"player_experience":878584,"relics_obtained":[{"floor":6,"key":"Chameleon Ring"},{"floor":7,"key":"Vajra"},{"floor":9,"key":"Ring of Fury"},{"floor":9,"key":"Ring of Greed"},{"floor":9,"key":"MawBank"},{"floor":9,"key":"Tiny Chest"}],"event_choices":[],"is_beta":false,"boss_relics":[],"items_purged_floors":[8],"is_endless":false,"potions_floor_spawned":[3,4,12],"killed_by":"downfall:Defect","ascension_level":0}}