{"host":"6z6y4ky8uzsz1dpj","time":1609090551,"event":{"mods":["AchievementEnabler","BaseMod","BetterRewards","Challenge The Spire","Colored Map","Custom Start","Hubris","Minty Spire (QoL Compilation)","Quick Restart","Replay The Spire","StSLib"],"gold_per_floor":[118,118,133,148,161,194,194,223,223,223,236,266,277,297,297,397,397,407,260,276,226,244,244,271,285,285,285,316,326,344,355,355,460,460,477,495,545,557,557,588,608,636,636,588,617,617,664,140,140,140],"floor_reached":51,"playtime":4680,"items_purged":[],"score":1263,"play_id":"7e0a04ae-da3a-48c8-a7c2-3da132f0c0ec","local_time":"20201227123551","is_ascension_mode":false,"campfire_choices":[{"data":"Scrape","floor":7.0,"key":"SMITH"},{"data":"Scrape","floor":10.0,"key":"SMITH"},{"data":"Scrape","floor":23.0,"key":"SMITH"},{"data":"Reboot","floor":27.0,"key":"SMITH"},{"data":"FTL","floor":32.0,"key":"SMITH"},{"data":"Seek","floor":46,"key":"SMITH"},{"data":"Reboot","floor":49,"key":"SMITH"}],"circlet_count":0,"master_deck":["Mayhem","Panache+1","FTL","FTL","FTL","Gash+1","Gash+1","Gash+1","Gash+1","Gash+1","Gash+1","Gash+1","Gash+1","Gash+1","Gash+1","Reboot+1","Reboot","Reboot+1","Scrape+1","Scrape+1","Scrape+1","All For One","Gash+1","All For One","Gash+1","FTL+1","Go for the Eyes+1","Seek+1","Adrenaline","Choke","Calculated Gamble","Time Bomb","Aggregate","hubris:Insight+1","Gash+1","Impatience"],"relics":["Cracked Core","Unceasing Top","Yang","CloakClasp","ReplayTheSpireMod:Ninjato","Ornamental Fan","Shuriken","Replay:Bottled Eggs","ReplayTheSpireMod:Lightbulb","Replay:WaspNest","Turnip","Black Star","Prayer Wheel","Ancient Tea Set","hubris:DisguiseKit","hubris:TenFootPole","Replay:Ringing Soul","Gremlin Food","Runic Dome","CaptainsWheel","Replay:Wax Seal","Blue Doll","Akabeko","Centennial Puzzle","CeramicFish","Thread and Needle","Orrery"],"acts_visited":["Exordium","TheCity","TheBeyond"],"potions_floor_usage":[],"damage_taken":[{"damage":0.0,"enemies":"2 Louse","floor":1.0,"turns":1.0},{"damage":0.0,"enemies":"Cultist","floor":3.0,"turns":1.0},{"damage":0.0,"enemies":"Jaw Worm","floor":4.0,"turns":1.0},{"damage":0.0,"enemies":"Looter","floor":5.0,"turns":1.0},{"damage":0.0,"enemies":"Replay:BlueRogue","floor":6.0,"turns":2.0},{"damage":0.0,"enemies":"Lagavulin","floor":8.0,"turns":1.0},{"damage":0.0,"enemies":"Red Slaver","floor":11.0,"turns":1.0},{"damage":0.0,"enemies":"Exordium Wildlife","floor":13.0,"turns":1.0},{"damage":0.0,"enemies":"Large Slime","floor":14.0,"turns":1.0},{"damage":0.0,"enemies":"Fading Forest","floor":16.0,"turns":2.0},{"damage":0.0,"enemies":"Spheric Guardian","floor":18.0,"turns":1.0},{"damage":0.0,"enemies":"Chosen","floor":20.0,"turns":1.0},{"damage":0.0,"enemies":"Snake Plant","floor":22.0,"turns":1.0},{"damage":0.0,"enemies":"Gremlin Leader","floor":24.0,"turns":2.0},{"damage":0.0,"enemies":"Shelled Parasite and Fungi","floor":25.0,"turns":1.0},{"damage":0.0,"enemies":"Replay:Snechameleon","floor":28.0,"turns":1.0},{"damage":0.0,"enemies":"Chosen and Byrds","floor":29.0,"turns":1.0},{"damage":0.0,"enemies":"Centurion and Healer","floor":30.0,"turns":1.0},{"damage":0.0,"enemies":"Snake Plant","floor":31.0,"turns":1.0},{"damage":0.0,"enemies":"hubris:MusketHawk","floor":33.0,"turns":1.0},{"damage":0.0,"enemies":"3 Shapes","floor":35.0,"turns":1.0},{"damage":0.0,"enemies":"Orb Walker","floor":36.0,"turns":1.0},{"damage":0.0,"enemies":"Mind Bloom Boss Battle","floor":37.0,"turns":1.0},{"damage":0.0,"enemies":"3 Darklings","floor":38.0,"turns":1.0},{"damage":0.0,"enemies":"R_Hoarder","floor":40.0,"turns":2.0},{"damage":0,"enemies":"Writhing Mass","floor":41,"turns":1},{"damage":0,"enemies":"Giant Head","floor":42,"turns":1},{"damage":0,"enemies":"Sphere and 2 Shapes","floor":45,"turns":1},{"damage":0,"enemies":"2 Orb Walkers","floor":47,"turns":1},{"damage":0,"enemies":"Awakened One","floor":50,"turns":2}],"seed_played":"1587952239931402871","potions_obtained":[{"floor":5.0,"key":"Milkshake"},{"floor":8.0,"key":"Adrenaline Potion"},{"floor":11.0,"key":"EssenceOfSteel"},{"floor":41,"key":"AttackPotion"},{"floor":45,"key":"Swift Potion"}],"is_trial":true,"path_per_floor":["M","?","M","M","M","E","R","E","T","R","M","?","M","M","R_BF","B",null,"M","$","M","?","M","R","E","M","T","R","E","M","M","M","R","B",null,"M","M","?","M","?","E","M","E","T","$","M","R","?","$","R","B",null],"character_chosen":"DEFECT","items_purchased":["ReplayTheSpireMod:Fabricate Wheel","hubris:Insight+1","Thread and Needle","Impatience","Orrery"],"campfire_rested":0,"item_purchase_floors":[19,44,48,48,48],"current_hp_per_floor":[75,75,75,75,75,75,75,75,75,75,75,45,45,45,45,45,75,75,75,75,75,75,75,75,75,75,75,75,78,81,81,81,84,84,87,90,90,90,93,93,96,96,96,99,102,102,102,105,105,105],"gold":140,"neow_bonus":"","is_daily":false,"chose_seed":false,"campfire_upgraded":7,"win_rate":0.0,"timestamp":1609090551,"path_taken":["M","?","M","?","M","E","R","E","T","R","M","?","M","M","R_BF","BOSS","M","$","M","?","M","R","E","M","T","R","E","M","M","M","R","BOSS","M","M","?","M","?","E","M","E","T","?","M","R","?","$","R","BOSS"],"items_purchased_type":["Card","Card","Relic","Card","Relic"],"build_version":"2020-12-22","purchased_purges":0,"victory":true,"max_hp_per_floor":[75,75,75,75,75,75,75,75,75,75,75,75,75,75,75,75,75,75,75,75,75,75,75,75,75,75,75,75,78,81,81,81,84,84,87,90,90,90,93,93,96,96,96,99,102,102,102,105,105,105],"card_choices":[{"not_picked":["Compile Driver","Turbo","Beam Cell"],"picked":"SKIP","floor":1.0},{"not_picked":["Redo","Sweeping Beam","Streamline"],"picked":"SKIP","floor":3.0},{"not_picked":["Barrage","Ball Lightning"],"picked":"Gash","floor":4.0},{"not_picked":["FIFO Queue","Rip and Tear","Time Bomb"],"picked":"SKIP","floor":5.0},{"not_picked":["Stack","Ball Lightning","Hologram"],"picked":"SKIP","floor":6.0},{"not_picked":["BasicCrystalCard","Conserve Battery","Aggregate"],"picked":"SKIP","floor":8.0},{"not_picked":["Time Bomb","Heatsinks","Reinforced Body"],"picked":"SKIP","floor":11.0},{"not_picked":["Capacitor","Reinforced Body","Panic Button"],"picked":"SKIP","floor":13.0},{"not_picked":["ReplayTheSpireMod:System Scan","Conserve Battery","BootSequence"],"picked":"SKIP","floor":14.0},{"not_picked":["Electrodynamics","Hyperbeam"],"picked":"All For One","floor":16.0},{"not_picked":["Static Discharge+1","Steam"],"picked":"Gash+1","floor":18.0},{"not_picked":["Recycle","Go for the Eyes","Stack"],"picked":"SKIP","floor":20.0},{"not_picked":["White Noise","Force Field"],"picked":"FTL","floor":22.0},{"not_picked":["Force Field","Panic Button","Meteor Strike"],"picked":"SKIP","floor":24.0},{"not_picked":["Beam Cell","Sweeping Beam+1","Go for the Eyes","Flying Knee"],"picked":"SKIP","floor":25.0},{"not_picked":["BasicCrystalCard","Darkness+1","Go for the Eyes","Quick Slash"],"picked":"SKIP","floor":25.0},{"not_picked":["Cold Snap","Sweeping Beam","Genetic Algorithm+1","Deflect"],"picked":"SKIP","floor":28.0},{"not_picked":["ReplayTheSpireMod:Repulse","Redo+1","Quick Slash"],"picked":"Go for the Eyes+1","floor":29.0},{"not_picked":["Coolheaded","Capacitor","Redo","Dodge and Roll"],"picked":"SKIP","floor":29.0},{"not_picked":["Conserve Battery+1","Redo","Flying Knee"],"picked":"Seek","floor":30.0},{"not_picked":["Cold Snap","Force Field+1","Turbo","Doppelganger"],"picked":"SKIP","floor":30.0},{"not_picked":["Stack","Leap","Hologram+1","Leg Sweep"],"picked":"SKIP","floor":31.0},{"not_picked":["Turbo","Barrage+1","Compile Driver+1","Deadly Poison"],"picked":"SKIP","floor":31.0},{"not_picked":["Meteor Strike","ReplayTheSpireMod:Fabricate Wheel","Thunder Strike"],"picked":"Adrenaline","floor":33.0},{"not_picked":["Gash","Ball Lightning+1","hubris:Ukulele+1"],"picked":"Choke","floor":35.0},{"not_picked":["Turbo+1","Sweeping Beam","Skim","Heel Hook"],"picked":"SKIP","floor":35.0},{"not_picked":["Melter","Doom and Gloom+1","Undo+1"],"picked":"Calculated Gamble","floor":36.0},{"not_picked":["Doom and Gloom","Crystallizer","Time Bomb+1","Backflip"],"picked":"SKIP","floor":36.0},{"not_picked":["Compile Driver+1","Turbo+1","Barrage","Bane"],"picked":"SKIP","floor":38.0},{"not_picked":["Turbo+1","ReplayTheSpireMod:Reroute Power","ReplaySolidLightProjector+1","Dagger Spray"],"picked":"SKIP","floor":38.0},{"not_picked":["Loop","BasicCrystalCard+1","Leap","Quick Slash"],"picked":"SKIP","floor":40},{"not_picked":["Chill+1","Biased Cognition","Dodge and Roll"],"picked":"Aggregate","floor":41},{"not_picked":["Storm","Compile Driver","Barrage","Tactician"],"picked":"SKIP","floor":41},{"not_picked":["Consume+1","BasicCrystalCard+1","Doom and Gloom+1","Blade Dance"],"picked":"SKIP","floor":42},{"not_picked":["Conserve Battery+1","Heatsinks+1","Crippling Poison"],"picked":"Gash","floor":45},{"not_picked":["hubris:Ukulele","Static Discharge","Streamline","hubris:Sniper"],"picked":"SKIP","floor":45},{"not_picked":["hubris:Ukulele","Static Discharge","Streamline","hubris:Sniper"],"picked":"SKIP","floor":45}],"player_experience":198285,"relics_obtained":[{"floor":6.0,"key":"Replay:Bottled Eggs"},{"floor":8.0,"key":"ReplayTheSpireMod:Lightbulb"},{"floor":9.0,"key":"Replay:WaspNest"},{"floor":12.0,"key":"Turnip"},{"floor":24.0,"key":"Ancient Tea Set"},{"floor":24.0,"key":"hubris:DisguiseKit"},{"floor":26.0,"key":"hubris:TenFootPole"},{"floor":28.0,"key":"Replay:Ringing Soul"},{"floor":28.0,"key":"Gremlin Food"},{"floor":37.0,"key":"CaptainsWheel"},{"floor":40,"key":"Replay:Wax Seal"},{"floor":40,"key":"Blue Doll"},{"floor":42,"key":"Akabeko"},{"floor":42,"key":"Centennial Puzzle"},{"floor":43,"key":"CeramicFish"}],"event_choices":[{"damage_healed":0.0,"max_hp_gain":0.0,"max_hp_loss":0.0,"gold_gain":0.0,"event_name":"Match and Keep!","player_choice":"1 cards matched","floor":2.0,"gold_loss":0.0,"damage_taken":0.0,"cards_obtained":["All For One"]},{"damage_healed":0.0,"max_hp_gain":0.0,"max_hp_loss":0.0,"gold_gain":0.0,"event_name":"Upgrade Shrine","player_choice":"Upgraded","floor":15.0,"gold_loss":0.0,"damage_taken":0.0,"cards_upgraded":["Panache"]},{"damage_healed":0.0,"max_hp_gain":0.0,"max_hp_loss":0.0,"gold_gain":0.0,"event_name":"The Joust","player_choice":"Bet on Murderer","floor":21.0,"gold_loss":50.0,"damage_taken":0.0},{"damage_healed":0.0,"max_hp_gain":0.0,"max_hp_loss":0.0,"gold_gain":0.0,"event_name":"MindBloom","player_choice":"Fight","floor":37.0,"gold_loss":0.0,"damage_taken":0.0},{"damage_healed":0.0,"max_hp_gain":0.0,"max_hp_loss":0.0,"gold_gain":0.0,"cards_transformed":["Echo Form"],"event_name":"Transmorgrifier","player_choice":"Transformed","floor":39.0,"gold_loss":0.0,"damage_taken":0.0,"cards_obtained":["Time Bomb"]},{"damage_healed":0,"gold_gain":0,"player_choice":"Fight","damage_taken":0,"max_hp_gain":0,"max_hp_loss":0,"event_name":"Mysterious Sphere","floor":47,"gold_loss":0}],"is_beta":false,"boss_relics":[{"not_picked":["Pandora\u0027s Box","Calling Bell"],"picked":"Black Star"},{"not_picked":["Busted Crown","Painkiller Herb"],"picked":"Runic Dome"}],"items_purged_floors":[],"is_endless":false,"potions_floor_spawned":[5,8,11,16,24,29,30,35,36,41,42,45],"ascension_level":0}}