{"host":"c5slkkw8hp42e20v","time":1609098633,"event":{"mods":["AchievementEnabler","BaseMod","Better Note","BetterRewards","Colored Powertips","DeckTracker","Duelist Mod","GifTheSpireLib","Hermit","Highlight Path","Minty Spire (QoL Compilation)","Quick Restart","Rare Cards Sparkle","Spicy Shops","StSLib","The Animator","The Hierophant","The Poker Player"],"gold_per_floor":[118,128,143,153,153,178,178,120,144,157,173,187,187,202,202,297,297,308,320,334,349,329,357,357,386,386,397,409,409,427,344,344,442,442,462,473,473,473,490,490,517,517,517,517,529,545,576,594,594,594],"floor_reached":51,"playtime":3436,"items_purged":["Bash","Strike_R"],"score":782,"play_id":"a9e84857-dd37-4b00-8a6d-1d8909bae42e","local_time":"20201227135033","is_ascension_mode":false,"campfire_choices":[{"data":"Barricade","floor":7,"key":"SMITH"},{"data":"Metallicize","floor":13,"key":"SMITH"},{"data":"Body Slam","floor":15,"key":"SMITH"},{"floor":24,"key":"REST"},{"floor":32,"key":"REST"},{"floor":40,"key":"REST"},{"floor":42,"key":"REST"},{"floor":49,"key":"REST"}],"circlet_count":2,"master_deck":["Strike_R","Strike_R","Strike_R","Strike_R","Defend_R","Defend_R","Defend_R","Defend_R","Entrench","Evolve","Body Slam+1","Iron Wave","Wild Strike","Dropkick","Barricade+1","Writhe","Pummel","Headbutt","Metallicize+1","Anger","Juggernaut","Flame Barrier+1","Headbutt","Thunderclap","Shockwave+1","Bludgeon","Pommel Strike+1","Clash","Thunderclap","Immolate","Reaper","Heavy Blade+1","Infernal Blade+1","Thunderclap+1","Cleave","Whirlwind+1","Berserk+1","Perfected Strike","Heavy Blade+1"],"relics":["Burning Blood","Lantern","ClockworkSouvenir","Oddly Smooth Stone","Charon\u0027s Ashes","Happy Flower","Brimstone","Snecko Eye","Nunchaku","Circlet","MealTicket","Orichalcum","Black Star","Magic Flower","Frozen Egg 2","Meat on the Bone","Pantograph","Toy Ornithopter","Potion Belt"],"acts_visited":["TheCity","TheBeyond"],"potions_floor_usage":[10,20,33,50,50,50,50,50,50,50,50,50],"damage_taken":[{"damage":6,"enemies":"Cultist","floor":1,"turns":6},{"damage":1,"enemies":"2 Louse","floor":2,"turns":3},{"damage":1,"enemies":"Jaw Worm","floor":3,"turns":4},{"damage":0,"enemies":"2 Fungi Beasts","floor":4,"turns":4},{"damage":0,"enemies":"Replay:BlueRogue","floor":6,"turns":1},{"damage":5,"enemies":"Gremlin Gang","floor":10,"turns":4},{"damage":10,"enemies":"Exordium Thugs","floor":11,"turns":3},{"damage":10,"enemies":"Lots of Slimes","floor":12,"turns":2},{"damage":12,"enemies":"Large Slime","floor":14,"turns":4},{"damage":0,"enemies":"Fading Forest","floor":16,"turns":1},{"damage":21,"enemies":"Shell Parasite","floor":18,"turns":3},{"damage":0,"enemies":"Spheric Guardian","floor":19,"turns":3},{"damage":20,"enemies":"Cultist and Chosen","floor":20,"turns":5},{"damage":12,"enemies":"3 Cultists","floor":21,"turns":5},{"damage":28,"enemies":"Gremlin Leader","floor":23,"turns":5},{"damage":24,"enemies":"theDuelist:KaibaA2","floor":25,"turns":3},{"damage":8,"enemies":"Snake Plant","floor":27,"turns":2},{"damage":0,"enemies":"Chosen and Byrds","floor":28,"turns":3},{"damage":25,"enemies":"3 Cultists","floor":30,"turns":4},{"damage":1,"enemies":"Automaton","floor":33,"turns":6},{"damage":0,"enemies":"Orb Walker","floor":35,"turns":2},{"damage":47,"enemies":"3 Shapes","floor":36,"turns":4},{"damage":24,"enemies":"Jaw Worm Horde","floor":39,"turns":2},{"damage":85,"enemies":"Giant Head","floor":41,"turns":8},{"damage":2,"enemies":"Sphere and 2 Shapes","floor":45,"turns":4},{"damage":33,"enemies":"Writhing Mass","floor":46,"turns":3},{"damage":38,"enemies":"Reptomancer","floor":47,"turns":3},{"damage":2,"enemies":"Jaw Worm Horde","floor":48,"turns":2},{"damage":75,"enemies":"Donu and Deca","floor":50,"turns":5}],"seed_played":"-2478879108245450857","potions_obtained":[{"floor":3,"key":"HeartOfIron"},{"floor":4,"key":"BlessingOfTheForge"},{"floor":5,"key":"DuplicationPotion"},{"floor":5,"key":"EntropicBrew"},{"floor":11,"key":"BloodPotion"},{"floor":22,"key":"Explosive Potion"},{"floor":33,"key":"ElixirPotion"},{"floor":41,"key":"Regen Potion"},{"floor":47,"key":"EssenceOfSteel"}],"is_trial":false,"path_per_floor":["M","M","M","M","?","E","R","$","T","M","M","M","R","M","R","B",null,"M","M","M","M","?","E","R","E","T","M","M","T","M","?","R","B",null,"M","M","?","?","M","R","E","R","T","T","M","M","E","M","R","B",null],"character_chosen":"IRONCLAD","items_purchased":["Lantern","ClockworkSouvenir","Oddly Smooth Stone","Heavy Blade","Brimstone"],"campfire_rested":5,"item_purchase_floors":[0,0,0,0,8],"current_hp_per_floor":[80,80,80,80,80,80,80,80,80,80,76,72,72,66,66,72,80,65,71,57,51,51,29,53,35,35,33,39,39,20,20,44,65,80,80,39,39,39,48,72,16,40,40,40,65,59,48,55,79,80],"gold":594,"neow_bonus":"","is_daily":false,"chose_seed":false,"campfire_upgraded":3,"win_rate":0.0,"timestamp":1609098633,"path_taken":["M","M","M","?","?","E","R","$","T","M","?","M","R","M","R","BOSS","M","M","M","M","?","E","R","E","T","?","?","?","?","?","R","BOSS","M","?","?","?","?","R","E","R","T","?","M","M","E","M","R","BOSS"],"items_purchased_type":["Relic","Relic","Relic","Card","Relic"],"build_version":"2020-12-22","purchased_purges":2,"victory":true,"max_hp_per_floor":[80,80,80,80,80,80,80,80,80,80,80,80,80,80,80,80,80,80,80,80,80,80,80,80,80,80,80,80,80,80,80,80,80,80,80,80,80,80,80,80,80,80,80,80,80,80,80,80,80,80],"card_choices":[{"not_picked":["Headbutt","Warcry"],"picked":"Body Slam","floor":1},{"not_picked":["Wild Strike","Clash"],"picked":"Iron Wave","floor":2},{"not_picked":["Perfected Strike","Flame Barrier"],"picked":"Wild Strike","floor":3},{"not_picked":["Flame Barrier","Headbutt"],"picked":"Dropkick","floor":4},{"not_picked":["Twin Strike","Body Slam"],"picked":"Barricade","floor":6},{"not_picked":["Anger","Feel No Pain"],"picked":"Pummel","floor":10},{"not_picked":["Rupture","Flex"],"picked":"Headbutt","floor":11},{"not_picked":["Cleave","Wild Strike"],"picked":"Metallicize","floor":12},{"not_picked":["True Grit","Second Wind"],"picked":"Anger","floor":14},{"not_picked":["Feed","Double Tap"],"picked":"Juggernaut","floor":16},{"not_picked":["Heavy Blade","Sword Boomerang"],"picked":"Flame Barrier+1","floor":18},{"not_picked":["Seeing Red+1","True Grit"],"picked":"Headbutt","floor":19},{"not_picked":["Clothesline+1","Burning Pact+1"],"picked":"Thunderclap","floor":20},{"not_picked":["Wild Strike","Cleave"],"picked":"Shockwave+1","floor":21},{"not_picked":["Intimidate","Power Through"],"picked":"Bludgeon","floor":23},{"not_picked":["Warcry","Thunderclap"],"picked":"Pommel Strike+1","floor":25},{"not_picked":["Rupture","Combust+1"],"picked":"Clash","floor":27},{"not_picked":["Clothesline","Flame Barrier"],"picked":"Thunderclap","floor":28},{"not_picked":["Headbutt+1","Intimidate"],"picked":"Immolate","floor":30},{"not_picked":["Juggernaut","Offering"],"picked":"Reaper","floor":33},{"not_picked":["Pommel Strike","Armaments"],"picked":"Heavy Blade+1","floor":35},{"not_picked":["Anger","Wild Strike+1"],"picked":"Infernal Blade+1","floor":36},{"not_picked":["Clothesline+1","Power Through"],"picked":"Thunderclap+1","floor":39},{"not_picked":["Battle Trance","Shockwave"],"picked":"Cleave","floor":41},{"not_picked":["Evolve+1","Burning Pact"],"picked":"Whirlwind+1","floor":45},{"not_picked":["Shrug It Off","Heavy Blade"],"picked":"Berserk+1","floor":46},{"not_picked":["Whirlwind","Wild Strike"],"picked":"Perfected Strike","floor":47},{"not_picked":["Metallicize+1","Iron Wave"],"picked":"Heavy Blade+1","floor":48}],"player_experience":37228,"relics_obtained":[{"floor":6,"key":"Happy Flower"},{"floor":23,"key":"Nunchaku"},{"floor":25,"key":"Circlet"},{"floor":26,"key":"Circlet"},{"floor":29,"key":"MealTicket"},{"floor":41,"key":"Magic Flower"},{"floor":41,"key":"Frozen Egg 2"},{"floor":43,"key":"Meat on the Bone"},{"floor":44,"key":"Pantograph"},{"floor":47,"key":"Toy Ornithopter"},{"floor":47,"key":"Potion Belt"}],"event_choices":[{"damage_healed":0,"gold_gain":0,"player_choice":"Got Potions","damage_taken":0,"max_hp_gain":0,"max_hp_loss":0,"event_name":"Lab","floor":5,"gold_loss":0},{"damage_healed":0,"gold_gain":0,"player_choice":"Bought 1 Potion","damage_taken":0,"max_hp_gain":0,"max_hp_loss":0,"event_name":"The Woman in Blue","floor":22,"gold_loss":0},{"damage_healed":0,"gold_gain":0,"player_choice":"Paid Gold","damage_taken":0,"relics_obtained":["Orichalcum"],"max_hp_gain":0,"max_hp_loss":0,"event_name":"WeMeetAgain","floor":31,"gold_loss":83},{"cards_removed":["Heavy Blade"],"damage_healed":0,"gold_gain":0,"player_choice":"Removed Attack","damage_taken":0,"max_hp_gain":0,"max_hp_loss":0,"event_name":"Falling","floor":37,"gold_loss":0},{"cards_removed":["Metallicize"],"damage_healed":0,"gold_gain":0,"player_choice":"Give","damage_taken":0,"max_hp_gain":0,"max_hp_loss":0,"event_name":"betterNote:BetterNote","floor":38,"gold_loss":0,"cards_obtained":["Brutality"]}],"is_beta":false,"boss_relics":[{"not_picked":["Busted Crown","Black Blood"],"picked":"Snecko Eye"},{"not_picked":["Runic Dome","Circlet"],"picked":"Black Star"}],"items_purged_floors":[0,0],"is_endless":false,"potions_floor_spawned":[3,4,11,12,19,21,23,25,33,41,45,47],"ascension_level":0}}