{"host":"yer03dsd277nstsn","time":1609067175,"event":{"mods":["BaseMod","Minty Spire (QoL Compilation)"],"gold_per_floor":[118,118,137,150,150,184,184,194,194,220,220,252,265,278,278,380,380,394,394,404,404,420,449,462,462,462,473,488,363,363,278,278,379,379,394,411,430,430,442,442,477,489,489,489,503,413,426,29,29,29],"floor_reached":51,"playtime":2615,"items_purged":["Cold Snap","Strike_B+1"],"score":891,"play_id":"6e18219e-9c98-4755-87bb-b791eec932b6","local_time":"20201227050615","is_ascension_mode":true,"campfire_choices":[{"data":"Defragment","floor":7,"key":"SMITH"},{"data":"Zap","floor":11,"key":"SMITH"},{"floor":15,"key":"REST"},{"data":"Hologram","floor":25,"key":"SMITH"},{"floor":30,"key":"REST"},{"data":"Seek","floor":32,"key":"SMITH"},{"data":"Creative AI","floor":40,"key":"SMITH"},{"floor":44,"key":"REST"},{"data":"Heatsinks","floor":49,"key":"SMITH"}],"circlet_count":0,"master_deck":["Defend_B","Defend_B","Defend_B","Defend_B","Zap+1","Dualcast+1","Defragment+1","Conserve Battery","Coolheaded","Cold Snap+1","Seek+1","Ball Lightning+1","Sweeping Beam+1","Thunder Strike+1","Chill","Hologram+1","RitualDagger+1","Creative AI+1","Ball Lightning+1","Streamline+1","Ball Lightning+1","Lockon+1","Heatsinks+1"],"relics":["Runic Dome","MealTicket","Happy Flower","Whetstone","Cables","Molten Egg 2","HornCleat","Busted Crown","Eternal Feather","Mercury Hourglass","Strawberry","Nuclear Battery","Bottled Tornado","Bottled Lightning","Ancient Tea Set"],"acts_visited":["Exordium","TheCity","TheBeyond"],"potions_floor_usage":[23,33,50,50],"damage_taken":[{"damage":6,"enemies":"Cultist","floor":1,"turns":4},{"damage":3,"enemies":"2 Louse","floor":3,"turns":3},{"damage":0,"enemies":"Small Slimes","floor":4,"turns":3},{"damage":17,"enemies":"3 Sentries","floor":6,"turns":9},{"damage":0,"enemies":"Looter","floor":8,"turns":2},{"damage":8,"enemies":"Gremlin Nob","floor":10,"turns":6},{"damage":1,"enemies":"Lagavulin","floor":12,"turns":5},{"damage":0,"enemies":"2 Fungi Beasts","floor":13,"turns":4},{"damage":0,"enemies":"Gremlin Gang","floor":14,"turns":3},{"damage":7,"enemies":"The Guardian","floor":16,"turns":9},{"damage":0,"enemies":"Shell Parasite","floor":18,"turns":4},{"damage":27,"enemies":"Chosen","floor":20,"turns":7},{"damage":2,"enemies":"Shelled Parasite and Fungi","floor":22,"turns":6},{"damage":6,"enemies":"Book of Stabbing","floor":23,"turns":5},{"damage":4,"enemies":"Snake Plant","floor":24,"turns":4},{"damage":16,"enemies":"Centurion and Healer","floor":27,"turns":4},{"damage":2,"enemies":"Chosen and Byrds","floor":28,"turns":6},{"damage":26,"enemies":"Automaton","floor":33,"turns":7},{"damage":14,"enemies":"3 Shapes","floor":35,"turns":4},{"damage":0,"enemies":"Orb Walker","floor":36,"turns":3},{"damage":0,"enemies":"Transient","floor":37,"turns":5},{"damage":18,"enemies":"Writhing Mass","floor":39,"turns":4},{"damage":34,"enemies":"Nemesis","floor":41,"turns":7},{"damage":13,"enemies":"Spire Growth","floor":42,"turns":4},{"damage":0,"enemies":"Transient","floor":45,"turns":5},{"damage":0,"enemies":"Sphere and 2 Shapes","floor":47,"turns":3},{"damage":5,"enemies":"Donu and Deca","floor":50,"turns":7}],"seed_played":"2373055323890393009","potions_obtained":[{"floor":4,"key":"PowerPotion"},{"floor":6,"key":"BlessingOfTheForge"},{"floor":12,"key":"Block Potion"},{"floor":33,"key":"Swift Potion"},{"floor":42,"key":"LiquidMemories"}],"is_trial":false,"path_per_floor":["M","?","M","M","T","E","R","M","T","E","R","E","M","M","R","B",null,"M","?","M","?","M","E","M","R","T","M","M","$","R","?","R","B",null,"M","M","M","?","M","R","E","M","T","R","M","?","M","$","R","B",null],"character_chosen":"DEFECT","items_purchased":["BlessingOfTheForge","Ancient Tea Set","Regen Potion","Heatsinks"],"campfire_rested":3,"item_purchase_floors":[29,48,48,48],"current_hp_per_floor":[69,69,66,66,66,49,49,49,49,41,41,40,40,40,62,55,70,70,70,43,37,35,29,25,37,37,21,19,34,65,72,81,55,75,61,61,61,61,43,55,21,8,8,44,44,44,44,59,71,79],"gold":29,"neow_bonus":"BOSS_RELIC","is_daily":false,"chose_seed":false,"campfire_upgraded":6,"win_rate":0.0,"timestamp":1609067175,"path_taken":["M","?","?","M","?","E","R","M","T","E","R","E","?","M","R","BOSS","M","?","M","?","M","E","M","R","T","M","M","$","R","?","R","BOSS","M","M","M","?","M","R","E","M","T","R","?","?","?","$","R","BOSS"],"items_purchased_type":["Potion","Relic","Potion","Card"],"build_version":"2020-12-22","purchased_purges":2,"victory":true,"max_hp_per_floor":[75,75,75,75,75,75,75,75,75,75,75,75,75,75,75,75,75,75,75,75,75,75,75,75,75,75,75,75,75,75,82,82,82,82,82,82,82,82,82,82,82,82,82,82,82,79,79,79,79,79],"card_choices":[{"not_picked":["Beam Cell","Rip and Tear"],"picked":"Rebound","floor":1},{"not_picked":["Go for the Eyes","Chaos"],"picked":"Cold Snap","floor":3},{"not_picked":["Beam Cell","Self Repair"],"picked":"Defragment","floor":4},{"not_picked":["Hyperbeam","Compile Driver"],"picked":"Conserve Battery","floor":6},{"not_picked":["Barrage","Sweeping Beam"],"picked":"Coolheaded","floor":8},{"not_picked":["Melter+1","Skim"],"picked":"Cold Snap+1","floor":10},{"not_picked":["Beam Cell+1","Go for the Eyes+1"],"picked":"Seek","floor":12},{"not_picked":["Recycle","White Noise"],"picked":"Ball Lightning+1","floor":13},{"not_picked":["Steam","Go for the Eyes+1"],"picked":"Sweeping Beam+1","floor":14},{"not_picked":["Meteor Strike+1","Fission"],"picked":"Thunder Strike+1","floor":16},{"not_picked":["Steam+1"],"picked":"SKIP","floor":18},{"not_picked":["Darkness"],"picked":"SKIP","floor":20},{"not_picked":["Gash+1"],"picked":"SKIP","floor":22},{"not_picked":["Hello World"],"picked":"SKIP","floor":23},{"not_picked":["Leap+1"],"picked":"SKIP","floor":24},{"not_picked":["Gash+1"],"picked":"SKIP","floor":27},{"not_picked":["Gash+1"],"picked":"SKIP","floor":28},{"not_picked":[],"picked":"Creative AI","floor":33},{"not_picked":["Undo"],"picked":"SKIP","floor":35},{"not_picked":[],"picked":"Ball Lightning+1","floor":36},{"not_picked":[],"picked":"Streamline+1","floor":37},{"not_picked":[],"picked":"Ball Lightning+1","floor":39},{"not_picked":["Storm+1"],"picked":"SKIP","floor":41},{"not_picked":["Redo+1"],"picked":"SKIP","floor":42},{"not_picked":["Sweeping Beam+1"],"picked":"SKIP","floor":45},{"not_picked":[],"picked":"Lockon+1","floor":47}],"player_experience":369355,"relics_obtained":[{"floor":5,"key":"Happy Flower"},{"floor":6,"key":"Whetstone"},{"floor":9,"key":"Cables"},{"floor":10,"key":"Molten Egg 2"},{"floor":12,"key":"HornCleat"},{"floor":23,"key":"Eternal Feather"},{"floor":26,"key":"Mercury Hourglass"},{"floor":41,"key":"Bottled Tornado"},{"floor":43,"key":"Bottled Lightning"}],"event_choices":[{"cards_removed":["Rebound"],"damage_healed":0,"gold_gain":0,"player_choice":"Gave Card","damage_taken":0,"relics_obtained":["MealTicket"],"max_hp_gain":0,"max_hp_loss":0,"event_name":"WeMeetAgain","floor":2,"gold_loss":0},{"damage_healed":0,"gold_gain":0,"cards_transformed":["Strike_B","Strike_B"],"player_choice":"Became Test Subject","damage_taken":0,"max_hp_gain":0,"max_hp_loss":0,"event_name":"Drug Dealer","floor":19,"gold_loss":0,"cards_obtained":["Chill","Hologram"]},{"damage_healed":0,"gold_gain":0,"player_choice":"Joined the Cult","damage_taken":6,"max_hp_gain":0,"max_hp_loss":0,"event_name":"Nest","floor":21,"gold_loss":0,"cards_obtained":["RitualDagger"]},{"damage_healed":0,"gold_gain":0,"player_choice":"Obtained Relic","damage_taken":0,"relics_obtained":["Strawberry"],"max_hp_gain":0,"max_hp_loss":0,"event_name":"Addict","floor":31,"gold_loss":85},{"cards_removed":["Strike_B"],"damage_healed":0,"gold_gain":0,"player_choice":"Card Removal","damage_taken":0,"max_hp_gain":0,"max_hp_loss":0,"event_name":"Wheel of Change","floor":38,"gold_loss":0},{"cards_removed":["Parasite"],"damage_healed":0,"gold_gain":0,"player_choice":"Upgrade and Remove","damage_taken":0,"max_hp_gain":0,"max_hp_loss":0,"event_name":"Designer","floor":46,"gold_loss":90,"cards_upgraded":["Dualcast"]}],"is_beta":false,"boss_relics":[{"not_picked":["Snecko Eye","Sozu"],"picked":"Busted Crown"},{"not_picked":["Velvet Choker","Coffee Dripper"],"picked":"Nuclear Battery"}],"items_purged_floors":[29,48],"is_endless":false,"potions_floor_spawned":[4,6,12,13,14,18,20,33,36,42,45],"ascension_level":5}}