{"host":"gttgmv2wah99hzdm","time":1609044497,"event":{"mods":["AchievementEnabler","BaseMod","Bestiary","Block Reminder","Filter the Spire","Highlight Path","Minty Spire (QoL Compilation)","Permanent Neow","Random Character Button","Relic Stats","StSLib","ojb\u0027s Info Mod"],"gold_per_floor":[111,128,140,140,159,159,169,202,202,202,202],"floor_reached":10,"playtime":399,"items_purged":[],"score":137,"play_id":"9b307e3a-d7b2-454b-b003-dbfea23b08fe","local_time":"20201226224817","is_ascension_mode":true,"campfire_choices":[{"data":"Doom and Gloom","floor":6,"key":"SMITH"}],"circlet_count":0,"master_deck":["AscendersBane","Strike_B","Strike_B","Strike_B","Strike_B","Defend_B","Defend_B","Defend_B","Defend_B","Zap","Dualcast","Doom and Gloom+1","Coolheaded","Hologram","Rainbow"],"relics":["Velvet Choker","Girya","InkBottle"],"acts_visited":["Exordium"],"potions_floor_usage":[10],"damage_taken":[{"damage":4,"enemies":"Jaw Worm","floor":1,"turns":3},{"damage":12,"enemies":"2 Louse","floor":2,"turns":3},{"damage":0,"enemies":"Small Slimes","floor":3,"turns":3},{"damage":5,"enemies":"2 Fungi Beasts","floor":5,"turns":3},{"damage":1,"enemies":"Blue Slaver","floor":7,"turns":4},{"damage":23,"enemies":"Lagavulin","floor":8,"turns":6},{"damage":29,"enemies":"Gremlin Nob","floor":10,"turns":3}],"seed_played":"-8115690256027720019","potions_obtained":[{"floor":1,"key":"Strength Potion"},{"floor":5,"key":"FocusPotion"}],"is_trial":false,"path_per_floor":["M","M","M","?","M","R","M","E","T","E"],"character_chosen":"DEFECT","items_purchased":[],"campfire_rested":0,"item_purchase_floors":[],"current_hp_per_floor":[60,48,48,48,43,43,42,19,19,0,0],"gold":202,"neow_bonus":"BOSS_RELIC","is_daily":false,"chose_seed":false,"campfire_upgraded":1,"win_rate":0.0,"timestamp":1609044497,"path_taken":["M","M","M","?","M","R","M","E","T","E"],"items_purchased_type":[],"build_version":"2020-12-22","purchased_purges":0,"victory":false,"max_hp_per_floor":[71,71,71,71,71,71,71,71,71,71,71],"relic_stats":{"counters":[7,25],"obtain_stats":[{"Girya":8,"Velvet Choker":0,"Cracked Core":0,"InkBottle":9},{"Girya":6,"Velvet Choker":0,"Cracked Core":0,"InkBottle":6},{"Girya":22,"Velvet Choker":0,"Cracked Core":0,"InkBottle":22}],"InkBottle":[0]},"card_choices":[{"not_picked":["Fusion","Beam Cell"],"picked":"Doom and Gloom","floor":1},{"not_picked":["Skim","Barrage"],"picked":"Coolheaded","floor":2},{"not_picked":["Gash","Coolheaded","White Noise"],"picked":"SKIP","floor":3},{"not_picked":["Doom and Gloom","Go for the Eyes","Steam"],"picked":"SKIP","floor":5},{"not_picked":["Turbo","Beam Cell"],"picked":"Hologram","floor":7},{"not_picked":["White Noise","Ball Lightning"],"picked":"Rainbow","floor":8}],"player_experience":983287,"relics_obtained":[{"floor":8,"key":"Girya"},{"floor":9,"key":"InkBottle"}],"event_choices":[{"damage_healed":0,"gold_gain":0,"player_choice":"Ignored","damage_taken":0,"max_hp_gain":0,"max_hp_loss":0,"event_name":"Liars Game","floor":4,"gold_loss":0}],"is_beta":false,"boss_relics":[],"items_purged_floors":[],"is_endless":false,"potions_floor_spawned":[1,5,7],"killed_by":"Gremlin Nob","ascension_level":19}}