{"host":"d6ni0fvdmr494qs7","time":1609062089,"event":{"mods":["ATMod(阿瑾Mod)","BaseMod","Colored Powertips","GungeonMod","Hunter 猎人","KomeijiMod","Marked Mod","Minty Spire (QoL Compilation)","Replay The Spire","Spicy Shops","StSLib","The Blue Laboratory","WarShipGirlsR/战舰少女R mod","【遗物卡牌】REMEMod"],"gold_per_floor":[173,123,137,137,149,175,189,205,205,223,223,234,234,247,324,423,423,441,716,730,744,744,744,769,781,808,306,332,62,96,115,115,229,229,253,99,99,125,194,194,230,230,230,262,291,291,22,46,46,46],"floor_reached":51,"playtime":2515,"items_purged":["Regret"],"score":901,"play_id":"9379e0fd-804d-4633-9830-e295d119594b","local_time":"20201227174129","is_ascension_mode":false,"campfire_choices":[{"data":"Apotheosis","floor":11.0,"key":"SMITH"},{"data":"AT_DarkMatter","floor":13.0,"key":"SMITH"},{"data":"MillenniumVampire","floor":23.0,"key":"SMITH"},{"floor":32.0,"key":"REST"},{"floor":40,"key":"REST"},{"data":"RedMagic","floor":42,"key":"SMITH"},{"data":"BathedInBlood","floor":49,"key":"SMITH"}],"circlet_count":0,"master_deck":["Strike_Remiria","Strike_Remiria","Defend_Remirira","Defend_Remirira","Defend_Remirira","Defend_Remirira","Absorbed","Scratch","AT_DarkMatter+1","Apotheosis+1","RocketKickup","DamonLordCradle_Remiria","StigmaNizer","BathedInBlood+1","MillenniumVampire+1","StigmaNizer","AllTheWorldInNightmare","ServantFlier+1","RedMagic+1","RocketKickup","DoubleEdge+1","RocketKickup+1","ChainGang+1","Parasite","ChainGang","VampirishNight+1","ScarletNetherworld+1","BloodSurge","SealingFear","BathedInBlood+1"],"relics":["ThirstyCrossSpe","REME_ComplimentaryCards","AT_ATBox","Darkstone Periapt","DemoMod:Antibody","SlaversCollar","Orichalcum","Replay:Wax Seal","Membership Card","Shuriken","CeramicFish","OrangePellets","DemoMod:MeatBun","Nunchaku","DemoMod:OrangeGuonStone","Gremlin Food","Sozu","Ice Cream","Toy Ornithopter","DemoMod:RingOfEthereal","Eternal Feather","Simple Rune","Lee\u0027s Waffle","Orrery","REME_HandOfSuture"],"acts_visited":["Exordium","TheCity","TheBeyond"],"potions_floor_usage":[],"damage_taken":[{"damage":1.0,"enemies":"Cultist","floor":1.0,"turns":4.0},{"damage":0.0,"enemies":"2 Louse","floor":3.0,"turns":2.0},{"damage":2.0,"enemies":"Jaw Worm","floor":5.0,"turns":2.0},{"damage":33.0,"enemies":"3 Sentries","floor":6.0,"turns":11.0},{"damage":1.0,"enemies":"Exordium Thugs","floor":7.0,"turns":4.0},{"damage":1.0,"enemies":"Lots of Slimes","floor":8.0,"turns":4.0},{"damage":2.0,"enemies":"Blue Slaver","floor":10.0,"turns":3.0},{"damage":1.0,"enemies":"Exordium Thugs","floor":12.0,"turns":3.0},{"damage":0.0,"enemies":"Gremlin Gang","floor":14.0,"turns":3.0},{"damage":35.0,"enemies":"Slime Boss","floor":16.0,"turns":10.0},{"damage":20.0,"enemies":"Chosen","floor":18.0,"turns":5.0},{"damage":12.0,"enemies":"Spheric Guardian","floor":20.0,"turns":4.0},{"damage":24.0,"enemies":"3 Cultists","floor":21.0,"turns":4.0},{"damage":64.0,"enemies":"Slavers","floor":24.0,"turns":7.0},{"damage":30.0,"enemies":"Snecko","floor":25.0,"turns":6.0},{"damage":8.0,"enemies":"Cultist and Chosen","floor":28.0,"turns":6.0},{"damage":11.0,"enemies":"Book of Stabbing","floor":30.0,"turns":4.0},{"damage":12.0,"enemies":"Shelled Parasite and Fungi","floor":31.0,"turns":5.0},{"damage":5.0,"enemies":"Automaton","floor":33.0,"turns":8.0},{"damage":24.0,"enemies":"3 Shapes","floor":35.0,"turns":3.0},{"damage":21.0,"enemies":"3 Darklings","floor":38.0,"turns":4.0},{"damage":24,"enemies":"Giant Head","floor":41,"turns":6},{"damage":20,"enemies":"Writhing Mass","floor":44,"turns":5},{"damage":25,"enemies":"Nemesis","floor":45,"turns":5},{"damage":3,"enemies":"Transient","floor":48,"turns":5},{"damage":71,"enemies":"Donu and Deca","floor":50,"turns":8}],"seed_played":"-1977519884196932995","potions_obtained":[{"floor":3.0,"key":"blueLaboratory:FruitPunch"},{"floor":7.0,"key":"blueLaboratory:RememoryPotion"},{"floor":8.0,"key":"DemoMod:LeadSkinPotion"},{"floor":10.0,"key":"Energy Potion"},{"floor":20.0,"key":"Regen Potion"},{"floor":25.0,"key":"SteroidPotion"}],"is_trial":false,"path_per_floor":["M","?","M","?","M","E","M","M","T","M","R","M","R","M","R","B",null,"M","?","M","M","?","R","E","M","T","$","M","$","E","M","R","B",null,"M","$","?","M","?","R","E","R","T","M","E","?","$","M","R","B",null],"character_chosen":"RemiriaScarlet","items_purchased":["Membership Card","Shuriken","CeramicFish","OrangePellets","DemoMod:MeatBun","Nunchaku","DemoMod:OrangeGuonStone","Ice Cream","Lee\u0027s Waffle","Orrery","BloodSurge","SealingFear","REME_HandOfSuture"],"campfire_rested":2,"item_purchase_floors":[27,27,27,27,29,29,29,36,47,47,47,47,47],"current_hp_per_floor":[109,109,109,109,107,76,75,74,74,72,72,71,71,71,71,36,112,100,106,94,82,82,82,38,21,21,21,17,45,38,30,100,103,118,98,98,98,77,48,118,107,107,107,112,91,91,131,131,131,73],"gold":46,"neow_bonus":"TEN_PERCENT_HP_BONUS","is_daily":false,"chose_seed":false,"campfire_upgraded":5,"win_rate":0.0,"timestamp":1609062089,"path_taken":["M","?","M","?","M","E","?","M","T","M","R","M","R","M","R","BOSS","M","?","?","M","?","R","E","M","T","?","M","$","E","M","R","BOSS","M","$","?","?","?","R","E","R","T","M","E","?","$","M","R","BOSS"],"items_purchased_type":["Relic","Relic","Relic","Relic","Relic","Relic","Relic","Relic","Relic","Relic","Card","Card","Relic"],"build_version":"2020-12-22","purchased_purges":1,"victory":true,"max_hp_per_floor":[110,110,110,110,110,112,112,112,112,112,112,112,112,112,112,112,112,112,118,118,118,118,118,118,118,118,118,118,118,118,118,118,118,118,118,118,118,118,118,118,118,118,118,124,124,124,131,131,131,131],"card_choices":[{"not_picked":["Cripple","FastHealing"],"picked":"RocketKickup","floor":1.0},{"not_picked":["Impregnable","Offensive","TricksterDevil"],"picked":"SKIP","floor":3.0},{"not_picked":["BloodCleaner","AllTheWorldInNightmare","BloodCollect"],"picked":"SKIP","floor":5.0},{"not_picked":["BloodCollect","ThirstForBlood"],"picked":"DamonLordCradle_Remiria","floor":6.0},{"not_picked":["TricksterDevil","DamonLordCradle_Remiria","BloodCollect"],"picked":"SKIP","floor":7.0},{"not_picked":["DamonLordCradle_Remiria","TricksterDevil"],"picked":"StigmaNizer","floor":8.0},{"not_picked":["LifeBreak","DamonLordCradle_Remiria","ScarletNetherworld"],"picked":"SKIP","floor":10.0},{"not_picked":["SealingFear","DamonLordCradle_Remiria","BombardNight"],"picked":"SKIP","floor":12.0},{"not_picked":["LifeBreak","FierceSweep"],"picked":"BathedInBlood","floor":14.0},{"not_picked":["MiserableFate_Remiria","RedtheNightlessCastle"],"picked":"MillenniumVampire","floor":16.0},{"not_picked":["DamonLordCradle_Remiria","BloodCleaner"],"picked":"StigmaNizer","floor":18.0},{"not_picked":["Feint","ScarletNetherworld","NaturallyHealing"],"picked":"SKIP","floor":20.0},{"not_picked":["Feint","BloodCleaner+1","Exsanguinate"],"picked":"SKIP","floor":21.0},{"not_picked":["BodyStrengthen","VampireKiss_Remiria+1"],"picked":"AllTheWorldInNightmare","floor":24.0},{"not_picked":["DemonLordWalk+1","Cripple","Exsanguinate"],"picked":"SKIP","floor":25.0},{"not_picked":["BloodyMagicSquare","YoungDemonLord"],"picked":"ServantFlier+1","floor":28.0},{"not_picked":["BloodCollect","BodyStrengthen","TricksterDevil"],"picked":"SKIP","floor":30.0},{"not_picked":["BadLadyScramble","FateCollect","FierceSweep"],"picked":"SKIP","floor":31.0},{"not_picked":["MillenniumVampire","FateConcerto"],"picked":"RedMagic","floor":33.0},{"not_picked":["DemonsDinnerFork_Remiria","NaturallyHealing"],"picked":"RocketKickup","floor":35.0},{"not_picked":["BloodCleaner","Exsanguinate"],"picked":"DoubleEdge+1","floor":38.0},{"not_picked":["Cripple+1","StarOfDavid"],"picked":"RocketKickup+1","floor":39},{"not_picked":["BodyStrengthen","BloodCleaner+1"],"picked":"DoubleEdge+1","floor":39},{"not_picked":["BloodySuit+1","TrickFate+1"],"picked":"ChainGang+1","floor":41},{"not_picked":["Impregnable","FateCollect+1"],"picked":"ChainGang","floor":44},{"not_picked":["PartStrengthen+1","DemonsDinnerFork_Remiria","Paradox+1"],"picked":"SKIP","floor":45},{"not_picked":["DoubleEdge+1","PartStrengthen"],"picked":"VampirishNight+1","floor":47},{"not_picked":["PainBurst","FastHealing+1"],"picked":"ScarletNetherworld+1","floor":47},{"not_picked":["Tearing","PartStrengthen"],"picked":"BathedInBlood","floor":48}],"player_experience":179420,"relics_obtained":[{"floor":6.0,"key":"Darkstone Periapt"},{"floor":9.0,"key":"DemoMod:Antibody"},{"floor":24.0,"key":"Orichalcum"},{"floor":26.0,"key":"Replay:Wax Seal"},{"floor":30.0,"key":"Gremlin Food"},{"floor":39,"key":"Toy Ornithopter"},{"floor":41,"key":"DemoMod:RingOfEthereal"},{"floor":43,"key":"Eternal Feather"},{"floor":45,"key":"Simple Rune"}],"event_choices":[{"cards_removed":["Strike_Remiria"],"damage_healed":0.0,"max_hp_gain":0.0,"max_hp_loss":0.0,"gold_gain":0.0,"event_name":"The Cleric","player_choice":"Card Removal","floor":2.0,"gold_loss":50.0,"damage_taken":0.0},{"damage_healed":0.0,"max_hp_gain":0.0,"max_hp_loss":0.0,"gold_gain":275.0,"event_name":"Golden Shrine","player_choice":"Desecrate","floor":19.0,"gold_loss":0.0,"damage_taken":0.0,"cards_obtained":["Regret"]},{"damage_healed":0.0,"max_hp_gain":0.0,"max_hp_loss":0.0,"gold_gain":0.0,"event_name":"The Mausoleum","player_choice":"Ignored","floor":22.0,"gold_loss":0.0,"damage_taken":0.0},{"cards_removed":["Strike_Remiria"],"damage_healed":0.0,"max_hp_gain":0.0,"max_hp_loss":0.0,"gold_gain":0.0,"event_name":"Purifier","player_choice":"Purged","floor":37.0,"gold_loss":0.0,"damage_taken":0.0},{"cards_removed":["DoubleEdge"],"damage_healed":0,"gold_gain":0,"player_choice":"Removed Attack","damage_taken":0,"max_hp_gain":0,"max_hp_loss":0,"event_name":"Falling","floor":46,"gold_loss":0}],"is_beta":false,"boss_relics":[{"not_picked":["Replay:Bronze Core","AT_TrinityForce"],"picked":"SlaversCollar"},{"not_picked":["Coffee Dripper","Ring of Chaos"],"picked":"Sozu"}],"items_purged_floors":[27],"is_endless":false,"potions_floor_spawned":[3,7,8,10,12,20,24,25,28,38],"ascension_level":0}}