{"host":"a1eatafr7pisesky","time":1609081437,"event":{"mods":["BaseMod","Colored Map","DeckTracker","Highlight Path","Keyboard Shortcuts","Minty Spire (QoL Compilation)","Permanent Neow","Random Character Button","StSLib","SuperFastMode","everything is the same but u backflip on backflip"],"gold_per_floor":[114,114,128,144,69,94,94,94,94,127,127,138,166,177,177,273,273,291,291,191,204,216,216,228,228,228],"floor_reached":25,"playtime":663,"items_purged":["Defend_R","Strike_R"],"score":335,"play_id":"91f99db1-8c91-4f4f-af50-f3f635d61259","local_time":"20201228000357","is_ascension_mode":true,"campfire_choices":[{"data":"Hemokinesis","floor":7.0,"key":"SMITH"},{"floor":11.0,"key":"REST"},{"data":"Blood for Blood","floor":15.0,"key":"SMITH"},{"data":"Battle Trance","floor":23.0,"key":"SMITH"}],"circlet_count":0,"master_deck":["AscendersBane","Defend_R","Defend_R","Defend_R","Bash","Battle Trance+1","Hemokinesis+1","Twin Strike","Burning Pact","Armaments","Blood for Blood+1","Inflame","Demon Form","Disarm"],"relics":["Burning Blood","Du-Vu Doll","Meat on the Bone","Charon\u0027s Ashes","Mercury Hourglass","Omamori","Empty Cage","Nilry\u0027s Codex"],"acts_visited":["Exordium","TheCity"],"potions_floor_usage":[],"damage_taken":[{"damage":3.0,"enemies":"2 Louse","floor":1.0,"turns":2.0},{"damage":10.0,"enemies":"Cultist","floor":3.0,"turns":4.0},{"damage":0.0,"enemies":"Small Slimes","floor":4.0,"turns":3.0},{"damage":56.0,"enemies":"Lagavulin","floor":6.0,"turns":6.0},{"damage":24.0,"enemies":"3 Sentries","floor":10.0,"turns":4.0},{"damage":2.0,"enemies":"Exordium Wildlife","floor":12.0,"turns":3.0},{"damage":26.0,"enemies":"Lagavulin","floor":13.0,"turns":6.0},{"damage":8.0,"enemies":"Looter","floor":14.0,"turns":2.0},{"damage":37.0,"enemies":"Hexaghost","floor":16.0,"turns":7.0},{"damage":32.0,"enemies":"Spheric Guardian","floor":18.0,"turns":4.0},{"damage":25.0,"enemies":"2 Thieves","floor":21.0,"turns":4.0},{"damage":22.0,"enemies":"Snake Plant","floor":22.0,"turns":3.0},{"damage":26.0,"enemies":"3 Cultists","floor":24.0,"turns":4.0},{"damage":0,"enemies":"Centurion and Healer","floor":25,"turns":1}],"seed_played":"-7706672187304385685","potions_obtained":[{"floor":1.0,"key":"BloodPotion"},{"floor":10.0,"key":"Strength Potion"},{"floor":13.0,"key":"PowerPotion"},{"floor":14.0,"key":"SteroidPotion"},{"floor":16.0,"key":"Dexterity Potion"},{"floor":24.0,"key":"Swift Potion"}],"is_trial":false,"path_per_floor":["M","?","M","M","$","E","R","?","T","E","R","M","E","M","R","B",null,"M","?","$","M","M","R","M","M"],"character_chosen":"IRONCLAD","items_purchased":[],"campfire_rested":1,"item_purchase_floors":[],"current_hp_per_floor":[75,75,71,77,77,27,27,27,43,37,61,65,57,55,55,36,69,55,39,39,32,28,28,20,20,20],"gold":228,"neow_bonus":"REMOVE_CARD","is_daily":false,"chose_seed":false,"campfire_upgraded":3,"win_rate":0.0,"timestamp":1609081437,"path_taken":["M","?","?","M","$","E","R","?","T","E","R","M","E","M","R","BOSS","M","?","$","M","M","R","M","M"],"items_purchased_type":[],"build_version":"2020-12-22","purchased_purges":2,"victory":false,"max_hp_per_floor":[80,80,80,80,80,80,80,80,80,80,80,80,80,80,80,80,80,80,80,80,80,80,80,80,80,80],"card_choices":[{"not_picked":["Havoc","Twin Strike"],"picked":"Rage","floor":1.0},{"not_picked":["Spot Weakness","Pommel Strike"],"picked":"Battle Trance","floor":3.0},{"not_picked":["Sword Boomerang","Twin Strike"],"picked":"Hemokinesis","floor":4.0},{"not_picked":["Anger","Clothesline","Thunderclap"],"picked":"SKIP","floor":6.0},{"not_picked":["Thunderclap","Sentinel"],"picked":"Burning Pact","floor":10.0},{"not_picked":["Iron Wave","Pummel"],"picked":"Armaments","floor":12.0},{"not_picked":["Spot Weakness","Rage"],"picked":"Blood for Blood","floor":13.0},{"not_picked":["Intimidate","Warcry"],"picked":"Inflame","floor":14.0},{"not_picked":["Barricade","Bludgeon"],"picked":"Demon Form","floor":16.0},{"not_picked":["Metallicize","Armaments","Searing Blow"],"picked":"SKIP","floor":18.0},{"not_picked":["Clothesline+1","Perfected Strike+1","Metallicize+1"],"picked":"SKIP","floor":21.0},{"not_picked":["Evolve","Body Slam+1"],"picked":"Disarm","floor":22.0},{"not_picked":["Rampage","Bloodletting","Intimidate"],"picked":"SKIP","floor":24.0}],"player_experience":261172,"relics_obtained":[{"floor":6.0,"key":"Meat on the Bone"},{"floor":9.0,"key":"Charon\u0027s Ashes"},{"floor":10.0,"key":"Mercury Hourglass"},{"floor":13.0,"key":"Omamori"},{"floor":19.0,"key":"Nilry\u0027s Codex"}],"event_choices":[{"cards_removed":["Rage"],"damage_healed":0.0,"max_hp_gain":0.0,"max_hp_loss":0.0,"gold_gain":0.0,"event_name":"WeMeetAgain","player_choice":"Gave Card","floor":2.0,"gold_loss":0.0,"damage_taken":0.0,"relics_obtained":["Du-Vu Doll"]},{"damage_healed":0.0,"max_hp_gain":0.0,"max_hp_loss":0.0,"gold_gain":0.0,"cards_transformed":["Strike_R"],"event_name":"Living Wall","player_choice":"Change","floor":8.0,"gold_loss":0.0,"damage_taken":0.0,"cards_obtained":["Twin Strike"]},{"damage_healed":0.0,"max_hp_gain":0.0,"max_hp_loss":0.0,"gold_gain":0.0,"event_name":"Cursed Tome","player_choice":"Obtained Book","floor":19.0,"gold_loss":0.0,"damage_taken":16.0}],"is_beta":false,"boss_relics":[{"not_picked":["Ectoplasm","Runic Dome"],"picked":"Empty Cage"}],"items_purged_floors":[5,20],"is_endless":false,"potions_floor_spawned":[1,10,13,14,16,18,24],"killed_by":"Centurion and Healer","ascension_level":10}}