{"host":"qc8h4lvnd2c314ki","time":1609065958,"event":{"mods":["ATMod(°¢èªMod)","AchievementEnabler","Act Like it!","Aspiration","BaseMod","Better Note","Better Third Choice","Curses Come First","Friendly Minions","GifTheSpireLib","Highlight Path","Mimic Mod","Minty Spire (QoL Compilation)","Random Character Button","Robot Space Explorer","Spicy Shops","StSLib","TheWitcher"],"gold_per_floor":[119,140,18,38,51,51,74,74,74,74,90,124,141,141,141,249,299,307,307,82,95,119,119,132,132,208,218,226,253,253,28,28,128,128,139,139,153,159,159,159,3,3,28,37,44,44,68,68,68,68,68,68,0,33,33,33],"floor_reached":55,"playtime":4023,"items_purged":["SnafuTest:DefaultCommonAttack","SnafuTest:DefaultCommonAttack","SnafuTest:DefaultCommonSkill","SnafuTest:DefaultCommonAttack"],"score":675,"play_id":"bb5c9b1b-8856-46c3-9a72-643f9c9a3149","local_time":"20201227184558","is_ascension_mode":false,"campfire_choices":[{"floor":6.0,"key":"RECALL"},{"data":"SnafuTest:PowerBloodLust","floor":8.0,"key":"SMITH"},{"data":"SnafuTest:SignYrden","floor":10.0,"key":"SMITH"},{"data":"SnafuTest:PowerCounterAttack","floor":15.0,"key":"SMITH"},{"floor":23.0,"key":"REST"},{"floor":25.0,"key":"REST"},{"floor":30.0,"key":"REST"},{"floor":32.0,"key":"REST"},{"data":"SnafuTest:PowerLadyOfLake","floor":40.0,"key":"SMITH"},{"data":"SnafuTest:WhiteWolfRise","floor":42.0,"key":"SMITH"},{"floor":46.0,"key":"REST"},{"floor":49.0,"key":"REST"},{"data":"SnafuTest:PowerFireDamnation","floor":52,"key":"SMITH"}],"circlet_count":1,"master_deck":["SnafuTest:BountyHunt","SnafuTest:DefaultCommonSkill","SnafuTest:DefaultCommonSkill","SnafuTest:SignYrden+1","SnafuTest:SpellLifeDrain","SnafuTest:SpellBitingFrost+1","SnafuTest:PowerFireDamnation+1","SnafuTest:PayBank","SnafuTest:PowerBloodLust+1","SnafuTest:MCSuccubusSeduction+1","SnafuTest:PowerCounterAttack+1","AT_MachinaRedman+1","SnafuTest:PowerLadyOfLake+1","SnafuTest:PowerAlwaysAWay","SnafuTest:Kick+1","SnafuTest:WeddingDance+1","SnafuTest:FlashingRaid+1","SnafuTest:SuddenPuncture","SnafuTest:WhiteWolfRise+1","SnafuTest:Amputation","SnafuTest:SneakKill+1","SnafuTest:PowerTrialOfGrasses+1","SnafuTest:ArmoredSortie+1","SnafuTest:PowerProbingFeint","SnafuTest:AncestralRitual+1"],"relics":["SnafuTest:UnstableMutagenRelic","AT_ATBox","AT_RedNoBalance","Tiny House","aspiration:SeaSaltIceCream","Circlet","Toxic Egg 2","Tiny Chest","SlaversCollar","Strawberry","Whetstone","Shuriken","Bag of Marbles"],"acts_visited":["Exordium","TheCity","TheBeyond","TheEnding"],"potions_floor_usage":[50,50],"damage_taken":[{"damage":3.0,"enemies":"Cultist","floor":1.0,"turns":4.0},{"damage":0.0,"enemies":"2 Louse","floor":2.0,"turns":3.0},{"damage":0.0,"enemies":"Small Slimes","floor":4.0,"turns":3.0},{"damage":13.0,"enemies":"Blue Slaver","floor":5.0,"turns":5.0},{"damage":15.0,"enemies":"Gremlin Nob","floor":7.0,"turns":5.0},{"damage":6.0,"enemies":"3 Louse","floor":11.0,"turns":5.0},{"damage":12.0,"enemies":"Large Slime","floor":12.0,"turns":10.0},{"damage":6.0,"enemies":"Exordium Thugs","floor":13.0,"turns":5.0},{"damage":34.0,"enemies":"Slime Boss","floor":16.0,"turns":6.0},{"damage":14.0,"enemies":"Spheric Guardian","floor":18.0,"turns":4.0},{"damage":10.0,"enemies":"Chosen","floor":21.0,"turns":4.0},{"damage":2.0,"enemies":"Snecko","floor":22.0,"turns":4.0},{"damage":1.0,"enemies":"Snake Plant","floor":24.0,"turns":2.0},{"damage":22.0,"enemies":"3 Cultists","floor":27.0,"turns":5.0},{"damage":2.0,"enemies":"Cultist and Chosen","floor":28.0,"turns":5.0},{"damage":37.0,"enemies":"Snecko","floor":29.0,"turns":5.0},{"damage":33.0,"enemies":"Automaton","floor":33.0,"turns":8.0},{"damage":23.0,"enemies":"Orb Walker","floor":35.0,"turns":4.0},{"damage":8.0,"enemies":"3 Darklings","floor":37.0,"turns":2.0},{"damage":11.0,"enemies":"Writhing Mass","floor":38.0,"turns":4.0},{"damage":14.0,"enemies":"Transient","floor":44.0,"turns":5.0},{"damage":21.0,"enemies":"Jaw Worm Horde","floor":45.0,"turns":4.0},{"damage":23.0,"enemies":"Spire Growth","floor":47.0,"turns":4.0},{"damage":55,"enemies":"Donu and Deca","floor":50,"turns":7},{"damage":52,"enemies":"Shield and Spear","floor":54,"turns":5},{"damage":47,"enemies":"The Heart","floor":55,"turns":5}],"seed_played":"4963513586529904024","potions_obtained":[{"floor":1.0,"key":"GamblersBrew"},{"floor":4.0,"key":"SpeedPotion"},{"floor":13.0,"key":"ColorlessPotion"},{"floor":22.0,"key":"Regen Potion"},{"floor":45.0,"key":"Fruit Juice"}],"is_trial":false,"path_per_floor":["M","M","$","M","M","R","E","R","T","R","M","M","M","?","R","B",null,"M","T","$","M","M","R","M","R","T","M","M","M","R","$","R","B",null,"M","?","M","M","$","R","$","R","T","M","M","R","M","T","R","B",null,"R","$","E","B"],"character_chosen":"THE_WITCHER","items_purchased":["SnafuTest:PowerFireDamnation","Tiny Chest","Strawberry","SnafuTest:PowerProbingFeint"],"campfire_rested":6,"item_purchase_floors":[3,31,41,53],"current_hp_per_floor":[79,79,79,79,66,66,51,51,51,51,35,29,35,35,35,7,87,29,29,29,19,17,43,42,68,68,46,44,7,33,33,59,26,87,64,64,56,45,45,45,52,52,52,38,22,51,28,28,57,17,99,99,99,47,0,0],"gold":33,"neow_bonus":"TEN_PERCENT_HP_BONUS","is_daily":false,"chose_seed":false,"campfire_upgraded":6,"win_rate":0.0,"timestamp":1609065958,"path_taken":["M","M","$","M","M","R","E","R","T","R","M","?","M","?","R","BOSS","M","?","$","M","M","R","?","R","T","M","M","M","R","$","R","BOSS","M","?","M","?","?","R","$","R","T","M","M","R","M","?","R","BOSS","R","$","E","BOSS"],"items_purchased_type":["Card","Relic","Relic","Card"],"build_version":"2020-12-22","purchased_purges":4,"victory":false,"max_hp_per_floor":[82,82,82,82,82,82,82,82,82,82,82,82,82,82,82,82,87,87,87,87,87,87,87,87,87,87,87,87,87,87,87,87,87,87,87,87,87,87,87,87,94,94,94,94,99,99,99,99,99,99,99,99,99,99,99,99],"card_choices":[{"not_picked":["SnafuTest:BombDancingStar","SnafuTest:ArmoredSortie"],"picked":"SnafuTest:SpellLifeDrain","floor":1.0},{"not_picked":["SnafuTest:SpellTelekinesis","SnafuTest:BombSamum"],"picked":"SnafuTest:SpellBitingFrost","floor":2.0},{"not_picked":["SnafuTest:PaySmithWorkshop","SnafuTest:BombDevilsPuffball"],"picked":"SnafuTest:PayBank","floor":4.0},{"not_picked":["SnafuTest:SneakKill","SnafuTest:BattleCry","SnafuTest:NoPass"],"picked":"SKIP","floor":5.0},{"not_picked":["SnafuTest:MCSongOfPeace","SnafuTest:SpellArcaneDomain"],"picked":"SnafuTest:PowerBloodLust","floor":7.0},{"not_picked":["SnafuTest:SpellTelekinesis","SnafuTest:PowerCrimsonRitual"],"picked":"SnafuTest:MCSuccubusSeduction","floor":11.0},{"not_picked":["SnafuTest:Offering","SnafuTest:UndefeatedNarcissism"],"picked":"SnafuTest:PowerCounterAttack","floor":12.0},{"not_picked":["SnafuTest:BombMoonDust","SnafuTest:SmashingSlash","SnafuTest:ScholarsIntrigue"],"picked":"SKIP","floor":13.0},{"not_picked":["SnafuTest:WarofClans","SnafuTest:SweetHome"],"picked":"SnafuTest:PowerLadyOfLake","floor":16.0},{"not_picked":["SnafuTest:PayHappyHour","SnafuTest:Oriole"],"picked":"SnafuTest:PowerAlwaysAWay","floor":17.0},{"not_picked":["SnafuTest:ScholarsIntrigue","SnafuTest:BombSamum"],"picked":"SnafuTest:Kick+1","floor":18.0},{"not_picked":["SnafuTest:CalculatingAmbition","SnafuTest:UndefeatedNarcissism","SnafuTest:PowerAlwaysOnRoads+1"],"picked":"SKIP","floor":21.0},{"not_picked":["SnafuTest:BombNorthernWind+1","SnafuTest:SpellIncendiaryShower"],"picked":"SnafuTest:WeddingDance+1","floor":22.0},{"not_picked":["SnafuTest:MCSuccubusSeduction","SnafuTest:PowerAlwaysOnRoads"],"picked":"SnafuTest:FlashingRaid","floor":24.0},{"not_picked":["SnafuTest:WorldMap+1","SnafuTest:SpellBlindFury"],"picked":"SnafuTest:SuddenPuncture","floor":27.0},{"not_picked":["SnafuTest:BombDancingStar","SnafuTest:SpellBitingFrost","SnafuTest:WeddingDance+1"],"picked":"SKIP","floor":28.0},{"not_picked":["SnafuTest:NoPass+1","SnafuTest:FlashingRaid"],"picked":"SnafuTest:WhiteWolfRise","floor":29.0},{"not_picked":["SnafuTest:PowerRhymeBeyondTime","SnafuTest:Celebration+1"],"picked":"SnafuTest:Amputation","floor":33.0},{"not_picked":["SnafuTest:ScholarsIntrigue+1","SnafuTest:SignAxii+1"],"picked":"SnafuTest:SneakKill+1","floor":35.0},{"not_picked":["SnafuTest:RecklessBlow","SnafuTest:BombSamum+1","SnafuTest:SpellLivingArmor+1"],"picked":"SKIP","floor":37.0},{"not_picked":["SnafuTest:ShoulderSlam","SnafuTest:AncestralRitual+1"],"picked":"SnafuTest:PowerTrialOfGrasses+1","floor":38.0},{"not_picked":["SnafuTest:SignAxii+1","SnafuTest:MCMockAndRun+1","SnafuTest:SneakKill+1"],"picked":"SKIP","floor":44.0},{"not_picked":["SnafuTest:PowerCounterAttack","SnafuTest:SpellIncendiaryShower","SnafuTest:SpellHellfire"],"picked":"SKIP","floor":45.0},{"not_picked":["SnafuTest:Oriole+1","SnafuTest:MCSongOfPeace+1"],"picked":"SnafuTest:ArmoredSortie+1","floor":47.0},{"not_picked":["SnafuTest:WorldMap+1","SnafuTest:ExcessiveLevies+1"],"picked":"SnafuTest:AncestralRitual+1","floor":54}],"player_experience":491042,"relics_obtained":[{"floor":7.0,"key":"AT_SilverBalance"},{"floor":19.0,"key":"aspiration:SeaSaltIceCream"},{"floor":26.0,"key":"Toxic Egg 2"},{"floor":43.0,"key":"Whetstone"},{"floor":48.0,"key":"Shuriken"},{"floor":54,"key":"Bag of Marbles"}],"event_choices":[{"cards_removed":["SnafuTest:PowerBloodLust"],"damage_healed":0.0,"max_hp_gain":0.0,"max_hp_loss":0.0,"gold_gain":0.0,"event_name":"betterNote:BetterNote","player_choice":"Take \u0026 Give","floor":14.0,"gold_loss":0.0,"damage_taken":0.0,"cards_obtained":["AT_MachinaRedman"]},{"damage_healed":0.0,"max_hp_gain":0.0,"max_hp_loss":0.0,"gold_gain":0.0,"event_name":"The Woman in Blue","player_choice":"Bought 0 Potions","floor":36.0,"gold_loss":0.0,"damage_taken":0.0}],"is_beta":false,"boss_relics":[{"not_picked":["Runic Pyramid","Ectoplasm"],"picked":"Tiny House"},{"not_picked":["aspiration:SilentSkillbook","aspiration:PoetsPen_weak"],"picked":"SlaversCollar"}],"items_purged_floors":[3,20,20,31],"is_endless":false,"potions_floor_spawned":[1,4,13,16,22,27,28,29,37,45],"killed_by":"The Heart","ascension_level":0}}