{"host":"dwyzfvnzfcqffr30","time":1609073668,"event":{"mods":["2.2 Compatiblity","Act Like it!","BaseMod","Beaked The Cultist","Better Altar","Better Match","Better Note","Better Sensory Stone","Better Skull","Better Third Choice","Clockwork Mod","Colored Map","Colored Powertips","Conspire","Downfall","Elementarium","GifTheSpireLib","Halation","Hermit","Hubris","Infinite Spire","Ironclad Rager","Jedi Mod","Menagerie","Mimic Mod","Minty Spire (QoL Compilation)","Permanent Neow","Random Character Button","Replay The Spire","Spicy Shops","StSLib","Stuff the Spire","The Construct","The Disciple","The Druid","The Marked","TheFirefly","Trackpad","vexMod"],"gold_per_floor":[442,442,442,442,482,544,597,664,689,761,761,761,829,901,901,901,901],"floor_reached":16,"playtime":808,"items_purged":[],"score":225,"play_id":"7d7ba877-ee42-481b-b7c8-239ecf6e7852","local_time":"20201227045428","is_ascension_mode":true,"campfire_choices":[{"floor":12,"key":"REST"},{"floor":15,"key":"REST"}],"circlet_count":0,"master_deck":["AscendersBane","Strike_B+1","Strike_B+1","Strike_B+1","Defend_B+1","Defend_B+1","Defend_B+1","Defend_B+1","Zap+1","MasterReality+1","Capacitor+1","StuffTheSpire:PlasmaPulse+1","Hologram+1","Barrage+1","Consume+1","StuffTheSpire:Coldhearted+1","Self Repair+1","Rebound+1"],"relics":["Cracked Core","NeowsBlessing","Bottled Tornado","infinitespire:EvilPickle","Quantum Egg","Frozen Egg 2","Toxic Egg 2","Molten Egg 2","Juzu Bracelet","hubris:EvacipatedBox","StuffTheSpire:SapphireSignet","StuffTheSpire:OldFever","StuffTheSpire:RubySignet"],"acts_visited":["Exordium"],"potions_floor_usage":[8,10,10,14],"damage_taken":[{"damage":0,"enemies":"Jaw Worm","floor":1,"turns":1},{"damage":0,"enemies":"Cultist","floor":5,"turns":1},{"damage":0,"enemies":"Lagavulin","floor":6,"turns":2},{"damage":14,"enemies":"Small Slimes","floor":7,"turns":3},{"damage":37,"enemies":"Gremlin Nob","floor":8,"turns":5},{"damage":6,"enemies":"3 Sentries","floor":10,"turns":5},{"damage":1,"enemies":"Blue Slaver","floor":13,"turns":3},{"damage":32,"enemies":"Gremlin Gang","floor":14,"turns":5},{"damage":37,"enemies":"Slime Boss","floor":16,"turns":5}],"seed_played":"-7981063959950613239","potions_obtained":[{"floor":1,"key":"Weak Potion"},{"floor":7,"key":"Explosive Potion"},{"floor":8,"key":"champ:CounterPotion"},{"floor":13,"key":"SkillPotion"}],"is_trial":false,"path_per_floor":["M","?","?","?","M","E","M","E","T","E","?","R","M","M","R","B"],"character_chosen":"DEFECT","items_purchased":[],"campfire_rested":2,"item_purchase_floors":[],"current_hp_per_floor":[68,68,68,61,61,61,47,10,10,4,4,26,35,13,35,0,0],"gold":901,"neow_bonus":"THREE_ENEMY_KILL","is_daily":false,"chose_seed":false,"campfire_upgraded":0,"win_rate":0.0,"timestamp":1609073668,"path_taken":["M","?","?","?","M","E","M","E","T","E","?","R","M","M","R","BOSS"],"items_purchased_type":[],"build_version":"2020-12-22","purchased_purges":0,"victory":false,"max_hp_per_floor":[75,75,75,75,75,75,75,75,75,75,75,75,75,75,75,75,75],"card_choices":[{"not_picked":["Conserve Battery+1","Beam Cell+1"],"picked":"Capacitor+1","floor":1},{"not_picked":["PanicButton+1","ReplayTheSpireMod:Trickstab+1"],"picked":"StuffTheSpire:PlasmaPulse+1","floor":3},{"not_picked":["Beam Cell+1","ReplayTheSpireMod:GoodbyeWorld+1"],"picked":"Hologram+1","floor":5},{"not_picked":["FTL+1","ReplayGash+1"],"picked":"Barrage+1","floor":6},{"not_picked":["jedi:markofdeath+1","FTL+1"],"picked":"Consume+1","floor":7},{"not_picked":["Gash+1","StuffTheSpire:Plugnplay+1"],"picked":"StuffTheSpire:Coldhearted+1","floor":8},{"not_picked":["Gash+1","Doom and Gloom+1"],"picked":"Self Repair+1","floor":10},{"not_picked":["Beam Cell+1","StuffTheSpire:NuclearReactor+1","Rebound+1"],"picked":"SKIP","floor":13},{"not_picked":["Beam Cell+1","StuffTheSpire:NuclearReactor+1","Rebound+1"],"picked":"SKIP","floor":13},{"not_picked":["Panic Button+1","FIFO Queue+1","Coolheaded+1"],"picked":"SKIP","floor":14}],"player_experience":2459211,"relics_obtained":[{"floor":6,"key":"StuffTheSpire:SapphireSignet"},{"floor":8,"key":"StuffTheSpire:OldFever"},{"floor":10,"key":"StuffTheSpire:RubySignet"}],"event_choices":[{"damage_healed":0,"gold_gain":0,"player_choice":"Simplicity","damage_taken":0,"max_hp_gain":0,"max_hp_loss":8,"event_name":"betterThird:BetterWriting","floor":0,"gold_loss":0},{"damage_healed":0,"gold_gain":0,"player_choice":"Relic","damage_taken":0,"max_hp_gain":0,"max_hp_loss":0,"event_name":"Wheel of Change","floor":2,"gold_loss":0},{"damage_healed":0,"gold_gain":1,"player_choice":"1","damage_taken":0,"max_hp_gain":0,"max_hp_loss":0,"event_name":"betterStone:BetterStone","floor":3,"gold_loss":0},{"cards_removed":["Dualcast"],"damage_healed":0,"gold_gain":0,"player_choice":"Card Removal","damage_taken":7,"max_hp_gain":0,"max_hp_loss":0,"event_name":"Golden Wing","floor":4,"gold_loss":0},{"damage_healed":0,"gold_gain":0,"cards_transformed":["Strike_B"],"player_choice":"Transformed","damage_taken":0,"max_hp_gain":0,"max_hp_loss":0,"event_name":"Transmorgrifier","floor":11,"gold_loss":0,"cards_obtained":["Rebound"]}],"is_beta":false,"boss_relics":[],"items_purged_floors":[],"is_endless":false,"potions_floor_spawned":[1,7,8,13],"killed_by":"Slime Boss","ascension_level":11}}