{"host":"jpzdg3po3tjxdjri","time":1609087441,"event":{"mods":["BaseMod","Better Third Choice","Colored Map","Colored Powertips","Minty Spire (QoL Compilation)","StSLib"],"gold_per_floor":[111,131,151,52,52,52,70,96,96,96,125,125,2,2,2,73,73,93,93,15,35,35,64,64,64,64],"floor_reached":25,"playtime":758,"items_purged":["Strike_B"],"score":386,"play_id":"f5e98f56-5f62-4906-9260-46f7034071a5","local_time":"20201227164401","is_ascension_mode":true,"campfire_choices":[{"data":"Zap","floor":6,"key":"SMITH"},{"floor":10,"key":"REST"},{"floor":12,"key":"REST"},{"floor":15,"key":"REST"},{"floor":24,"key":"REST"}],"circlet_count":0,"master_deck":["AscendersBane","Defend_B","Defend_B","Defend_B","Defend_B","Zap+1","Dualcast","Turbo","Cold Snap","Gash","Capacitor","Rebound","Gash","Rainbow","Ball Lightning","Darkness","Seek","Auto Shields","Cold Snap","Defragment","Ball Lightning","Coolheaded","Writhe","Gash"],"relics":["Cracked Core","Smiling Mask","Prayer Wheel","Bottled Flame","Nunchaku","Empty Cage","MutagenicStrength","Letter Opener","Bottled Tornado"],"acts_visited":["Exordium","TheCity"],"potions_floor_usage":[1,8,16,23],"damage_taken":[{"damage":4,"enemies":"2 Louse","floor":1,"turns":3},{"damage":5,"enemies":"Cultist","floor":2,"turns":4},{"damage":2,"enemies":"Small Slimes","floor":3,"turns":3},{"damage":14,"enemies":"Blue Slaver","floor":7,"turns":4},{"damage":35,"enemies":"Lagavulin","floor":8,"turns":6},{"damage":24,"enemies":"3 Sentries","floor":11,"turns":7},{"damage":45,"enemies":"Slime Boss","floor":16,"turns":10},{"damage":38,"enemies":"2 Thieves","floor":18,"turns":4},{"damage":8,"enemies":"Chosen","floor":21,"turns":6},{"damage":29,"enemies":"Gremlin Leader","floor":23,"turns":9},{"damage":38,"enemies":"Slavers","floor":25,"turns":2}],"seed_played":"6988932962800922127","potions_obtained":[{"floor":1,"key":"EntropicBrew"},{"floor":3,"key":"Energy Potion"},{"floor":16,"key":"Fire Potion"},{"floor":21,"key":"FairyPotion"}],"is_trial":false,"path_per_floor":["M","M","M","$","?","R","M","E","T","R","E","R","$","?","R","B",null,"M","?","$","M","?","E","R","E"],"character_chosen":"DEFECT","items_purchased":["Capacitor","Rebound","Darkness","Defragment"],"campfire_rested":4,"item_purchase_floors":[4,4,13,20],"current_hp_per_floor":[67,62,60,60,60,60,46,11,11,34,10,33,33,26,49,4,60,22,22,22,14,14,10,33,0,0],"gold":64,"neow_bonus":"TEN_PERCENT_HP_BONUS","is_daily":false,"chose_seed":false,"campfire_upgraded":1,"win_rate":0.0,"timestamp":1609087441,"path_taken":["M","M","M","$","?","R","M","E","T","R","E","R","?","?","R","BOSS","M","?","$","M","?","E","R","E"],"items_purchased_type":["Card","Card","Card","Card"],"build_version":"2020-12-22","purchased_purges":1,"victory":false,"max_hp_per_floor":[78,78,78,78,78,78,78,78,78,78,78,78,78,78,78,78,78,78,78,78,78,78,78,78,78,78],"card_choices":[{"not_picked":["Fusion","Hello World"],"picked":"Turbo","floor":1},{"not_picked":["Stack","Reinforced Body"],"picked":"Cold Snap","floor":2},{"not_picked":["Go for the Eyes","Capacitor"],"picked":"Gash","floor":3},{"not_picked":["Darkness","Doom and Gloom"],"picked":"Gash","floor":7},{"not_picked":["Stack","Steam Power"],"picked":"Rainbow","floor":8},{"not_picked":["Stack","Gash"],"picked":"Ball Lightning","floor":11},{"not_picked":["Hyperbeam","Meteor Strike"],"picked":"Seek","floor":16},{"not_picked":["Double Energy","Scrape"],"picked":"Auto Shields","floor":18},{"not_picked":["Blizzard+1","Steam"],"picked":"Cold Snap","floor":18},{"not_picked":["Streamline","Tempest"],"picked":"Ball Lightning","floor":21},{"not_picked":["Doom and Gloom","Streamline"],"picked":"Coolheaded","floor":21},{"not_picked":["Hologram","Redo"],"picked":"Gash","floor":23}],"player_experience":805269,"relics_obtained":[{"floor":5,"key":"Smiling Mask"},{"floor":8,"key":"Prayer Wheel"},{"floor":9,"key":"Bottled Flame"},{"floor":11,"key":"Nunchaku"},{"floor":23,"key":"Bottled Tornado"}],"event_choices":[{"damage_healed":0,"gold_gain":0,"player_choice":"Relic","damage_taken":0,"max_hp_gain":0,"max_hp_loss":0,"event_name":"Wheel of Change","floor":5,"gold_loss":0},{"cards_removed":["Strike_B"],"damage_healed":0,"gold_gain":0,"player_choice":"Card Removal","damage_taken":7,"max_hp_gain":0,"max_hp_loss":0,"event_name":"Golden Wing","floor":14,"gold_loss":0},{"damage_healed":0,"gold_gain":0,"player_choice":"Inject Mutagens","damage_taken":0,"relics_obtained":["MutagenicStrength"],"max_hp_gain":0,"max_hp_loss":0,"event_name":"Drug Dealer","floor":19,"gold_loss":0},{"damage_healed":0,"gold_gain":0,"player_choice":"Opened","damage_taken":0,"relics_obtained":["Letter Opener"],"max_hp_gain":0,"max_hp_loss":0,"event_name":"The Mausoleum","floor":22,"gold_loss":0,"cards_obtained":["Writhe"]}],"is_beta":false,"boss_relics":[{"not_picked":["Velvet Choker","Pandora\u0027s Box"],"picked":"Empty Cage"}],"items_purged_floors":[13],"is_endless":false,"potions_floor_spawned":[1,2,3,16,21],"killed_by":"Slavers","ascension_level":14}}