{"host":"qc8gw3x1c8jlo9fx","time":1609039420,"event":{"mods":["AchievementEnabler","BaseMod","Better Note","Conspire","Hubris","Infinite Spire","Jedi Mod","Jorbs\u0027s Wanderer Trilogy","Minty Spire (QoL Compilation)","Replay The Spire","StSLib","The IronCluck"],"gold_per_floor":[117,133,146,146,146,189,189,228,283,304,320,495,533,554,554,684,684,707,400,400,400,415,453,453,496,496,540,555,578,614,637,637,757,757,772,772,772,785,785,785,808,847,871,65,65,78,93,93,93,93],"floor_reached":51,"playtime":2304,"items_purged":[],"score":752,"play_id":"cac70f19-2739-4450-8d69-2da424c8d495","local_time":"20201226202340","daily_mods":["SealedDeck","Vintage","Elite Swarm"],"is_ascension_mode":false,"campfire_choices":[{"floor":7,"key":"REST"},{"floor":15,"key":"REST"},{"floor":24,"key":"REST"},{"floor":32,"key":"REST"},{"floor":45,"key":"REST"}],"circlet_count":0,"master_deck":["Thunderclap","Flex","Anger","Twin Strike","Heavy Blade","Cleave","Perfected Strike","Cleave","Pommel Strike","Cleave","Feed","jedi:unlimitedpower","Doubt","Juggernaut","Fire Breathing","Pain","Bash","Noxious Fumes+1","Reaper","hubris:StunningStrike","conspire:HitWhereItHurts","Feed","jedi:strikingstrike","Limit Break","Cleave","Rupture"],"relics":["Burning Blood","conspire:DeflatedDodgeball","Kunai","Replay:Rubber Ducky","Golden Idol","The Courier","Art of War","hubris:ChampionShield","Bottled Flame","Vajra","Prayer Wheel","hubris:TinFlute","infinitespire:Burning Sword","Replay:Baseball","Membership Card","Regal Pillow","Shuriken","conspire:Boomerang","Tiny Chest","infinitespire:BottledMercury","Blood Vial","conspire:DecoderRing","jedi:leech","Replay:WaspNest","hubris:GlazedTorus","Replay:Bottled Steam","Ring of Chaos","Bottled Tornado","hubris:Icosahedron","Singing Bowl","Chameleon Ring","infinitespire:ShieldingShard","Ice Cream","infinitespire:Satchel","hubris:CrystalStatue","OrangePellets","conspire:BottledYoYo","InkBottle","jedi:cryingmask","hubris:Zylophone","hubris:Potato","infinitespire:Broken Mirror","Anchor","hubris:ToyBattleship"],"acts_visited":["Exordium","TheCity","TheBeyond"],"potions_floor_usage":[22,27,29,30,31,31,33,42,42,42,50,50,50],"damage_taken":[{"damage":0,"enemies":"Small Slimes","floor":1,"turns":2},{"damage":8,"enemies":"conspire:RoseBush","floor":2,"turns":1},{"damage":0,"enemies":"Cultist","floor":3,"turns":2},{"damage":27,"enemies":"3 Sentries","floor":6,"turns":3},{"damage":8,"enemies":"Gremlin Nob","floor":8,"turns":3},{"damage":12,"enemies":"Blue Slaver","floor":10,"turns":2},{"damage":0,"enemies":"2 Fungi Beasts","floor":11,"turns":1},{"damage":9,"enemies":"3 Sentries","floor":13,"turns":3},{"damage":0,"enemies":"Exordium Wildlife","floor":14,"turns":1},{"damage":79,"enemies":"Fading Forest","floor":16,"turns":11},{"damage":2,"enemies":"Shell Parasite","floor":18,"turns":2},{"damage":24,"enemies":"conspire:FuzzyDice","floor":22,"turns":3},{"damage":21,"enemies":"conspire:Head Lice","floor":23,"turns":4},{"damage":37,"enemies":"Slavers","floor":25,"turns":3},{"damage":11,"enemies":"conspire:Head Lice","floor":27,"turns":4},{"damage":28,"enemies":"Shelled Parasite and Fungi","floor":28,"turns":2},{"damage":13,"enemies":"Centurion and Healer","floor":29,"turns":4},{"damage":32,"enemies":"Slavers","floor":30,"turns":2},{"damage":8,"enemies":"Chosen and Byrds","floor":31,"turns":2},{"damage":35,"enemies":"conspire:MysteriousRune","floor":33,"turns":6},{"damage":17,"enemies":"3 Shapes","floor":35,"turns":2},{"damage":32,"enemies":"Orb Walker","floor":38,"turns":2},{"damage":30,"enemies":"Spire Growth","floor":41,"turns":3},{"damage":36,"enemies":"Reptomancer","floor":42,"turns":4},{"damage":0,"enemies":"Transient","floor":46,"turns":5},{"damage":16,"enemies":"Writhing Mass","floor":47,"turns":3},{"damage":19,"enemies":"Replay:Hell Engine","floor":50,"turns":4}],"seed_played":"7195951389694042013","potions_obtained":[{"floor":2,"key":"SpeedPotion"},{"floor":10,"key":"Energy Potion"},{"floor":11,"key":"Regen Potion"},{"floor":14,"key":"ColorlessPotion"},{"floor":25,"key":"Adrenaline Potion"},{"floor":27,"key":"SteroidPotion"},{"floor":28,"key":"Toxic Potion"},{"floor":29,"key":"AttackPotion"},{"floor":31,"key":"Languid Potion"},{"floor":38,"key":"Toxic Potion"},{"floor":40,"key":"BloodPotion"},{"floor":40,"key":"HeartOfIron"},{"floor":46,"key":"jedi:StrikingPotion"},{"floor":49,"key":"LiquidBronze"},{"floor":49,"key":"SkillPotion"}],"is_trial":true,"path_per_floor":["M","M","M","?","$","E","R","E","T","M","M","?","E","M","R","B",null,"M","$","?","?","M","E","R","E","T","E","M","M","E","M","R","B",null,"M","?","?","M","T","R","M","E","T","$","R","M","M","?","R","B",null],"character_chosen":"IRONCLAD","items_purchased":["Membership Card","Regal Pillow","Fire Breathing","Shuriken","hubris:CrystalStatue","OrangePellets","conspire:BottledYoYo","Cleave","Rupture","InkBottle","jedi:cryingmask","hubris:Zylophone","hubris:Potato","infinitespire:Broken Mirror"],"campfire_rested":5,"item_purchase_floors":[19,19,19,19,44,44,44,44,44,44,44,44,44,44],"current_hp_per_floor":[80,78,80,60,60,39,63,64,64,61,67,67,64,70,86,23,86,86,86,86,86,68,53,86,55,55,60,40,35,11,11,51,24,86,75,75,75,51,51,51,29,26,26,26,66,86,76,76,76,65],"gold":93,"neow_bonus":"","is_daily":false,"chose_seed":false,"campfire_upgraded":0,"win_rate":0.0,"timestamp":1609039420,"path_taken":["M","?","M","?","?","E","R","E","T","M","?","?","E","M","R","BOSS","M","$","?","?","M","E","R","E","T","E","M","M","E","M","R","BOSS","M","?","?","?","?","R","M","E","T","$","R","?","M","?","R","BOSS"],"items_purchased_type":["Relic","Relic","Card","Relic","Relic","Relic","Relic","Card","Card","Relic","Relic","Relic","Relic","Relic"],"build_version":"2020-12-22","purchased_purges":0,"victory":true,"max_hp_per_floor":[80,80,80,80,80,80,80,83,83,86,86,86,86,86,86,86,86,86,86,86,86,86,86,86,86,86,86,86,86,86,86,86,86,86,86,86,86,86,86,86,86,86,86,86,86,86,86,86,86,86],"card_choices":[{"not_picked":["Brutality","Eclipse"],"picked":"Feed","floor":6},{"not_picked":["Fiend Fire","Corruption"],"picked":"jedi:unlimitedpower","floor":8},{"not_picked":["Immolate","Barricade"],"picked":"Juggernaut","floor":13},{"not_picked":["Brutality","Eclipse"],"picked":"Barricade","floor":16},{"not_picked":["conspire:Purge","Bludgeon"],"picked":"Reaper","floor":23},{"not_picked":["Barricade","jedi:bloodyhammer"],"picked":"hubris:StunningStrike","floor":25},{"not_picked":["Exhume","Brutality"],"picked":"conspire:HitWhereItHurts","floor":27},{"not_picked":["Limit Break","Berserk"],"picked":"Feed","floor":30},{"not_picked":["Immolate","jedi:harder"],"picked":"jedi:strikingstrike","floor":33},{"not_picked":["Hemogenesis","Replay:Many Hands"],"picked":"Limit Break","floor":42}],"player_experience":211760,"relics_obtained":[{"floor":1,"key":"conspire:DeflatedDodgeball"},{"floor":2,"key":"Kunai"},{"floor":3,"key":"Replay:Rubber Ducky"},{"floor":6,"key":"The Courier"},{"floor":8,"key":"Art of War"},{"floor":9,"key":"hubris:ChampionShield"},{"floor":10,"key":"Bottled Flame"},{"floor":11,"key":"Vajra"},{"floor":13,"key":"Prayer Wheel"},{"floor":14,"key":"hubris:TinFlute"},{"floor":18,"key":"Replay:Baseball"},{"floor":22,"key":"conspire:Boomerang"},{"floor":23,"key":"Tiny Chest"},{"floor":25,"key":"infinitespire:BottledMercury"},{"floor":26,"key":"Blood Vial"},{"floor":27,"key":"conspire:DecoderRing"},{"floor":28,"key":"jedi:leech"},{"floor":29,"key":"Replay:WaspNest"},{"floor":30,"key":"hubris:GlazedTorus"},{"floor":31,"key":"Replay:Bottled Steam"},{"floor":35,"key":"Bottled Tornado"},{"floor":38,"key":"Singing Bowl"},{"floor":39,"key":"Chameleon Ring"},{"floor":41,"key":"infinitespire:ShieldingShard"},{"floor":42,"key":"Ice Cream"},{"floor":43,"key":"infinitespire:Satchel"},{"floor":46,"key":"Anchor"},{"floor":47,"key":"hubris:ToyBattleship"}],"event_choices":[{"damage_healed":0,"gold_gain":0,"player_choice":"Take Damage","damage_taken":20,"relics_obtained":["Golden Idol"],"max_hp_gain":0,"max_hp_loss":0,"event_name":"Golden Idol","floor":4,"gold_loss":0},{"damage_healed":0,"gold_gain":175,"player_choice":"AGREE","damage_taken":0,"max_hp_gain":0,"max_hp_loss":0,"event_name":"Liars Game","floor":12,"gold_loss":0,"cards_obtained":["Doubt"]},{"damage_healed":0,"gold_gain":0,"player_choice":"2 cards matched","damage_taken":0,"max_hp_gain":0,"max_hp_loss":0,"event_name":"Match and Keep!","floor":20,"gold_loss":0,"cards_obtained":["Pain","Bash"]},{"damage_healed":0,"gold_gain":0,"player_choice":"Take","damage_taken":0,"max_hp_gain":0,"max_hp_loss":0,"event_name":"betterNote:BetterNote","floor":21,"gold_loss":0,"cards_obtained":["Noxious Fumes"]},{"cards_removed":["Barricade"],"damage_healed":0,"gold_gain":0,"player_choice":"Removed Power","damage_taken":0,"max_hp_gain":0,"max_hp_loss":0,"event_name":"Falling","floor":48,"gold_loss":0}],"is_beta":false,"boss_relics":[{"not_picked":["Runic Cube","Electric Blood"],"picked":"infinitespire:Burning Sword"},{"not_picked":["Astrolabe","jedi:hotpepper"],"picked":"Ring of Chaos"}],"items_purged_floors":[],"is_endless":false,"potions_floor_spawned":[2,10,11,14,25,27,28,29,31,38,46],"ascension_level":0}}