{"host":"sum4dy402bbv9y4o","time":1609102487,"event":{"mods":["Aspiration","BaseMod","Conspire","Highlight Path","Minty Spire (QoL Compilation)","StSLib"],"gold_per_floor":[115,115,127,127,127,127,0,0,25,25,63,12,0,15,15,87,87,100,50,60,60,60],"floor_reached":21,"playtime":850,"items_purged":["Defend_R","Strike_R"],"score":330,"play_id":"c355c6d4-96f5-4829-8a5f-23f735a9813d","local_time":"20201227235447","is_ascension_mode":true,"campfire_choices":[{"data":"Bash","floor":6,"key":"SMITH"},{"data":"Iron Wave","floor":8,"key":"SMITH"},{"data":"Ghostly Armor","floor":10,"key":"SMITH"},{"data":"Entrench","floor":15,"key":"SMITH"}],"circlet_count":0,"master_deck":["AscendersBane","Strike_R","Strike_R","Strike_R","Strike_R","Defend_R","Defend_R","Defend_R","Bash+1","Barricade+1","Flex","Ghostly Armor+1","Iron Wave+1","Entrench+1","True Grit","Dropkick","Battle Trance"],"relics":["Burning Blood","Dream Catcher","Nunchaku","Smiling Mask"],"acts_visited":["Exordium","TheCity"],"potions_floor_usage":[11,16,16,16],"damage_taken":[{"damage":4,"enemies":"Jaw Worm","floor":1,"turns":4},{"damage":7,"enemies":"Small Slimes","floor":3,"turns":5},{"damage":43,"enemies":"conspire:MimicChest","floor":11,"turns":14},{"damage":6,"enemies":"2 Louse","floor":14,"turns":4},{"damage":28,"enemies":"The Guardian","floor":16,"turns":13},{"damage":30,"enemies":"Spheric Guardian","floor":18,"turns":20},{"damage":27,"enemies":"Chosen","floor":20,"turns":9},{"damage":33,"enemies":"Centurion and Healer","floor":21,"turns":4}],"seed_played":"6434492330425235368","potions_obtained":[{"floor":11,"key":"Fruit Juice"},{"floor":14,"key":"EntropicBrew"}],"is_trial":false,"path_per_floor":["M","?","M","?","?","R","$","R","T","R","?","$","?","M","R","B",null,"M","$","M","M"],"character_chosen":"IRONCLAD","items_purchased":["Iron Wave","True Grit"],"campfire_rested":0,"item_purchase_floors":[7,12],"current_hp_per_floor":[70,70,69,69,62,62,62,62,62,62,30,30,30,30,30,8,62,38,38,17,0,0],"gold":60,"neow_bonus":"ONE_RANDOM_RARE_CARD","is_daily":false,"chose_seed":false,"campfire_upgraded":4,"win_rate":0.0,"timestamp":1609102487,"path_taken":["M","?","M","?","?","R","$","R","T","R","?","?","?","M","R","BOSS","M","$","M","M"],"items_purchased_type":["Card","Card"],"build_version":"2020-12-22","purchased_purges":2,"victory":false,"max_hp_per_floor":[75,75,75,75,75,75,75,75,75,75,80,80,80,80,80,80,80,80,80,80,80,80],"card_choices":[{"not_picked":["Havoc","Fire Breathing"],"picked":"Flex","floor":1},{"not_picked":["Havoc","Pommel Strike"],"picked":"Ghostly Armor","floor":3},{"not_picked":["Inflame","Twin Strike"],"picked":"Entrench","floor":11},{"not_picked":["Battle Trance","Shrug It Off"],"picked":"Dropkick","floor":14},{"not_picked":["Warcry","Flex","Seeing Red"],"picked":"SKIP","floor":18},{"not_picked":["Power Through+1","Warcry"],"picked":"Battle Trance","floor":20}],"player_experience":2852391,"relics_obtained":[{"floor":9,"key":"Nunchaku"},{"floor":11,"key":"Smiling Mask"}],"event_choices":[{"damage_healed":0,"gold_gain":0,"player_choice":"Box","damage_taken":0,"relics_obtained":["Dream Catcher"],"max_hp_gain":0,"max_hp_loss":0,"event_name":"Big Fish","floor":2,"gold_loss":0,"cards_obtained":["Regret"]},{"damage_healed":0,"gold_gain":0,"player_choice":"Grow","damage_taken":0,"max_hp_gain":0,"max_hp_loss":0,"event_name":"Living Wall","floor":4,"gold_loss":0,"cards_upgraded":["Barricade"]},{"cards_removed":["Regret"],"damage_healed":0,"gold_gain":0,"player_choice":"Card Removal","damage_taken":7,"max_hp_gain":0,"max_hp_loss":0,"event_name":"Golden Wing","floor":5,"gold_loss":0},{"damage_healed":0,"gold_gain":0,"player_choice":"Left Gold","damage_taken":0,"max_hp_gain":0,"max_hp_loss":0,"event_name":"World of Goop","floor":13,"gold_loss":12}],"is_beta":false,"boss_relics":[{"not_picked":["Busted Crown","Velvet Choker","Philosopher\u0027s Stone"]}],"items_purged_floors":[7,19],"is_endless":false,"potions_floor_spawned":[11,14],"killed_by":"Centurion and Healer","ascension_level":20}}