{"host":"l4jj3li0klahglqo","time":1609032829,"event":{"mods":["BaseMod","Conspire","Hubris","Infinite Spire","Minty Spire (QoL Compilation)","Quick Restart","Replay The Spire","Shop Mod","StSLib","The Animator"],"gold_per_floor":[113,124,26,26,26,55,4,22,22,51,101,101,126,137,137,238,238,252,270,286,9,34,72,72,78,78],"floor_reached":25,"playtime":1670,"items_purged":["Strike_P","Languid"],"score":300,"play_id":"a25c6968-0fb6-4934-8ef1-85b5043e6154","local_time":"20201226193349","is_ascension_mode":true,"campfire_choices":[{"floor":12,"key":"REST"},{"floor":15,"key":"REST"},{"floor":24,"key":"REST"}],"circlet_count":0,"master_deck":["Strike_P","Strike_P","Strike_P","Defend_P","Defend_P+1","Defend_P","Defend_P","Eruption","Vigilance","Adaptation","Adaptation","FollowUp","PathToVictory","PathToVictory","FlurryOfBlows","EmptyBody+1","Parasite","Vault","Replay:ManipulateFuture","ReplayTheSpireMod:Uncanny Aura","Adaptation","EmptyBody","Consecrate","Replay:DivineShield","PathToVictory","WheelKick","ReplayTheSpireMod:IOU","Clumsy","Replay:Sssssssssshield","Halt"],"relics":["PureWater","Orichalcum","Matryoshka","conspire:Flyswatter","ReplayTheSpireMod:Lightbulb","Juzu Bracelet","Ring of Greed","ReplayTheSpireMod:Ring of Exchange","The Courier","infinitespire:Midas Blood","Replay:Wax Seal","War Paint","Runic Pyramid","BargainBundle","conspire:TopHat","infinitespire:Lucky Rock"],"acts_visited":["Exordium","TheCity"],"potions_floor_usage":[6,10,16,19,22,22,22,23],"damage_taken":[{"damage":2.0,"enemies":"Jaw Worm","floor":1.0,"turns":3.0},{"damage":14.0,"enemies":"Small Slimes","floor":2.0,"turns":3.0},{"damage":24,"enemies":"Lagavulin","floor":6,"turns":6},{"damage":0,"enemies":"Cultist","floor":8,"turns":4},{"damage":27,"enemies":"3 Sentries","floor":10,"turns":8},{"damage":0,"enemies":"Exordium Wildlife","floor":14,"turns":5},{"damage":20,"enemies":"The Guardian","floor":16,"turns":9},{"damage":0,"enemies":"3 Byrds","floor":18,"turns":7},{"damage":10,"enemies":"Chosen","floor":19,"turns":9},{"damage":8,"enemies":"Centurion and Healer","floor":20,"turns":7},{"damage":16,"enemies":"Snake Plant","floor":22,"turns":4},{"damage":30,"enemies":"Nightmare","floor":23,"turns":10},{"damage":28,"enemies":"Slavers","floor":25,"turns":1}],"seed_played":"-4303912683199769812","potions_obtained":[{"floor":2.0,"key":"ColorlessPotion"},{"floor":8,"key":"Elixir"},{"floor":14,"key":"LiquidBronze"},{"floor":16,"key":"Block Potion"},{"floor":18,"key":"AttackPotion"},{"floor":22,"key":"SpeedPotion"}],"is_trial":false,"path_per_floor":["M","M","$","?","?","E","$","M","T","E","?","R","T","M","R","B",null,"M","M","M","$","M","NM","R","E"],"character_chosen":"WATCHER","items_purchased":["FollowUp","PathToVictory","BargainBundle","SneckoOil","AttackPotion","ReplayTheSpireMod:Uncanny Aura","Adaptation","EmptyBody","Consecrate","Replay:DivineShield","PathToVictory","WheelKick","conspire:TopHat","Replay:Sssssssssshield"],"campfire_rested":3,"item_purchase_floors":[3,7,21,21,21,21,21,21,21,21,21,21,21,21],"current_hp_per_floor":[70,56,56,56,53,29,29,29,29,2,2,25,25,25,48,28,66,66,56,48,48,32,2,25,0,0],"gold":78,"neow_bonus":"TEN_PERCENT_HP_BONUS","is_daily":false,"chose_seed":false,"campfire_upgraded":0,"win_rate":0.0,"timestamp":1609032829,"path_taken":["M","M","$","?","?","E","?","?","T","E","?","R","?","M","R","BOSS","M","M","M","$","M","NM","R","E"],"items_purchased_type":["Card","Card","Relic","Potion","Potion","Card","Card","Card","Card","Card","Card","Card","Relic","Card"],"build_version":"2020-12-22","purchased_purges":2,"victory":false,"max_hp_per_floor":[79,79,79,79,79,79,79,79,79,79,79,79,79,79,79,79,79,79,79,79,79,79,79,79,79,79],"card_choices":[{"not_picked":["DeceiveReality","SashWhip"],"picked":"Adaptation","floor":1.0},{"not_picked":["Crescendo","SashWhip"],"picked":"Adaptation","floor":2.0},{"not_picked":["Vengeance","CrushJoints","Perseverance"],"picked":"SKIP","floor":6},{"not_picked":["Evaluate","Replay:BluntJabs"],"picked":"FlurryOfBlows","floor":8},{"not_picked":["Replay:Hum","SandsOfTime"],"picked":"EmptyBody","floor":10},{"not_picked":["ReachHeaven","CrushJoints","JustLucky"],"picked":"SKIP","floor":14},{"not_picked":["Devotion","Replay:LoomingThreat"],"picked":"Vault","floor":16},{"not_picked":["CutThroughFate","WheelKick","Evaluate"],"picked":"SKIP","floor":18},{"not_picked":["DeceiveReality+1","JustLucky","WindmillStrike"],"picked":"SKIP","floor":19},{"not_picked":["WaveOfTheHand","JustLucky"],"picked":"Replay:ManipulateFuture","floor":20},{"not_picked":["Pray","FlyingSleeves"],"picked":"Halt","floor":22},{"not_picked":["Conclude","CutThroughFate+1","Replay:Vibes"],"picked":"SKIP","floor":23},{"not_picked":["Conclude","CutThroughFate+1","Replay:Vibes"],"picked":"SKIP","floor":23}],"player_experience":1174650,"relics_obtained":[{"floor":6,"key":"Matryoshka"},{"floor":9,"key":"conspire:Flyswatter"},{"floor":9,"key":"ReplayTheSpireMod:Lightbulb"},{"floor":10,"key":"Juzu Bracelet"},{"floor":11,"key":"Ring of Greed"},{"floor":11,"key":"ReplayTheSpireMod:Ring of Exchange"},{"floor":11,"key":"The Courier"},{"floor":11,"key":"infinitespire:Midas Blood"},{"floor":13,"key":"Replay:Wax Seal"},{"floor":13,"key":"War Paint"},{"floor":23,"key":"infinitespire:Lucky Rock"}],"event_choices":[{"damage_healed":0.0,"max_hp_gain":0.0,"max_hp_loss":0.0,"gold_gain":0.0,"event_name":"Scrap Ooze","player_choice":"Success","floor":5.0,"gold_loss":0.0,"damage_taken":3.0,"relics_obtained":["Orichalcum"]}],"is_beta":false,"boss_relics":[{"not_picked":["hubris:CrackedHourglass","Guide Book"],"picked":"Runic Pyramid"}],"items_purged_floors":[3,21],"is_endless":false,"potions_floor_spawned":[2,8,14,16,18,22],"killed_by":"Slavers","ascension_level":6}}