{"host":"dhyczjm99amxd3qx","time":1609041647,"event":{"mods":["BaseMod","Colored Map","Googly Eyes","Highlight Path","Minty Spire (QoL Compilation)","Quick Restart","StSLib"],"gold_per_floor":[119,69,83,158,158,190,190,190,190,38,52,7,7,23,23,118,118,136,156,169,169,169,197,10,10,10,28,28,60,60,80,80,179,179,190,201,201,24,34,62,72,72,72,84,115,125,150,169,169,169],"floor_reached":51,"playtime":4207,"items_purged":["Dualcast","Defend_B"],"score":902,"play_id":"fcb47c3d-a355-4c4d-a758-514519185fbb","local_time":"20201226230047","is_ascension_mode":false,"campfire_choices":[{"data":"Chill","floor":7.0,"key":"SMITH"},{"data":"Zap","floor":13.0,"key":"SMITH"},{"data":"Streamline","floor":15.0,"key":"SMITH"},{"data":"RitualDagger","floor":25.0,"key":"SMITH"},{"data":"Bite","floor":32.0,"key":"SMITH"},{"data":"Machine Learning","floor":42,"key":"SMITH"},{"data":"Echo Form","floor":49,"key":"SMITH"}],"circlet_count":0,"master_deck":["Defend_B","Defend_B","Zap+1","Chill+1","Self Repair+1","Fusion+1","Ball Lightning+1","Compile Driver","Streamline+1","Fission+1","Aggregate+1","Chill+1","RitualDagger+1","Tempest+1","Capacitor","Cold Snap+1","Bite","Bite","Bite","Bite+1","Bite+1","Glacier+1","Turbo+1","Rainbow+1","BootSequence+1","White Noise+1","Machine Learning+1","Rebound+1","Skim+1","Compile Driver+1","Echo Form+1"],"relics":["Cracked Core","HornCleat","Toxic Egg 2","Runic Pyramid","Nilry\u0027s Codex","Letter Opener","Lantern","Regal Pillow","Omamori","Coffee Dripper","WarpedTongs","Unceasing Top","Mummified Hand","Whetstone","InkBottle"],"acts_visited":["Exordium","TheCity","TheBeyond"],"potions_floor_usage":[45,45,47,47,48],"damage_taken":[{"damage":0.0,"enemies":"2 Louse","floor":1.0,"turns":3.0},{"damage":3.0,"enemies":"Small Slimes","floor":3.0,"turns":3.0},{"damage":27.0,"enemies":"Lagavulin","floor":6.0,"turns":6.0},{"damage":0.0,"enemies":"Cultist","floor":11.0,"turns":4.0},{"damage":0.0,"enemies":"2 Fungi Beasts","floor":14.0,"turns":3.0},{"damage":0.0,"enemies":"Slime Boss","floor":16.0,"turns":6.0},{"damage":10.0,"enemies":"2 Thieves","floor":18.0,"turns":2.0},{"damage":0.0,"enemies":"Spheric Guardian","floor":19.0,"turns":3.0},{"damage":21.0,"enemies":"Snake Plant","floor":20.0,"turns":4.0},{"damage":38.0,"enemies":"Gremlin Leader","floor":23.0,"turns":6.0},{"damage":10.0,"enemies":"Centurion and Healer","floor":27.0,"turns":4.0},{"damage":0.0,"enemies":"Slavers","floor":29.0,"turns":5.0},{"damage":0.0,"enemies":"Shelled Parasite and Fungi","floor":31.0,"turns":3.0},{"damage":46.0,"enemies":"Collector","floor":33.0,"turns":8.0},{"damage":3.0,"enemies":"3 Shapes","floor":35.0,"turns":3.0},{"damage":0.0,"enemies":"Orb Walker","floor":36.0,"turns":2.0},{"damage":0.0,"enemies":"Jaw Worm Horde","floor":39.0,"turns":5.0},{"damage":4.0,"enemies":"Giant Head","floor":40.0,"turns":7.0},{"damage":4,"enemies":"3 Darklings","floor":41,"turns":5},{"damage":8,"enemies":"Spire Growth","floor":44,"turns":4},{"damage":0,"enemies":"Reptomancer","floor":45,"turns":4},{"damage":1,"enemies":"Transient","floor":46,"turns":5},{"damage":0,"enemies":"Nemesis","floor":47,"turns":3},{"damage":0,"enemies":"Maw","floor":48,"turns":4},{"damage":24,"enemies":"Donu and Deca","floor":50,"turns":7}],"seed_played":"225537772316729498","potions_obtained":[{"floor":1.0,"key":"Fire Potion"},{"floor":14.0,"key":"Dexterity Potion"},{"floor":16.0,"key":"AttackPotion"},{"floor":23.0,"key":"PowerPotion"},{"floor":27.0,"key":"PowerPotion"},{"floor":33.0,"key":"Swift Potion"},{"floor":35.0,"key":"PotionOfCapacity"},{"floor":41,"key":"PowerPotion"},{"floor":44,"key":"Swift Potion"},{"floor":45,"key":"FocusPotion"},{"floor":47,"key":"DistilledChaos"}],"is_trial":false,"path_per_floor":["M","?","M","?","?","E","R","?","T","$","M","$","R","M","R","B",null,"M","M","M","?","?","E","$","R","T","M","?","E","$","M","R","B",null,"M","M","?","$","M","E","M","R","T","M","E","M","E","M","R","B",null],"character_chosen":"DEFECT","items_purchased":["Fusion+1","Compile Driver","Lantern","Capacitor","White Noise+1"],"campfire_rested":0,"item_purchase_floors":[10,12,24,24,38],"current_hp_per_floor":[82,82,79,68,52,35,35,28,28,28,38,38,38,48,48,58,82,72,82,71,65,49,21,21,21,21,21,21,43,43,57,57,31,57,57,57,57,57,57,57,57,57,57,57,57,57,57,57,57,49],"gold":169,"neow_bonus":"TEN_PERCENT_HP_BONUS","is_daily":false,"chose_seed":false,"campfire_upgraded":7,"win_rate":0.0,"timestamp":1609041647,"path_taken":["M","?","M","?","?","E","R","?","T","$","M","?","R","M","R","BOSS","M","M","?","?","?","E","?","R","T","M","?","E","$","M","R","BOSS","M","M","?","$","M","E","?","R","T","M","E","M","E","M","R","BOSS"],"items_purchased_type":["Card","Card","Relic","Card","Card"],"build_version":"2020-12-22","purchased_purges":2,"victory":true,"max_hp_per_floor":[82,82,82,82,82,82,82,82,82,82,82,82,82,82,82,82,82,82,82,82,82,82,82,82,82,82,82,57,57,57,57,57,57,57,57,57,57,57,57,57,57,57,57,57,57,57,57,57,57,57],"card_choices":[{"not_picked":["Sweeping Beam","Steam"],"picked":"Chill","floor":1.0},{"not_picked":["Hello World","Consume"],"picked":"Self Repair","floor":3.0},{"not_picked":["Stack","Barrage","Leap"],"picked":"SKIP","floor":6.0},{"not_picked":["Coolheaded+1","Barrage"],"picked":"Ball Lightning","floor":11.0},{"not_picked":["Stack+1","Hyperbeam"],"picked":"Streamline","floor":14.0},{"not_picked":["Reboot+1","All For One"],"picked":"Fission+1","floor":16.0},{"not_picked":["Hologram+1","Gash"],"picked":"Aggregate+1","floor":18.0},{"not_picked":["Conserve Battery+1","Sweeping Beam"],"picked":"Chill+1","floor":19.0},{"not_picked":["Lockon+1","Hyperbeam","Hologram+1"],"picked":"SKIP","floor":20.0},{"not_picked":["Darkness+1","Ball Lightning"],"picked":"Tempest+1","floor":23.0},{"not_picked":["Recycle+1","Steam+1"],"picked":"Cold Snap+1","floor":27.0},{"not_picked":["Streamline","Ball Lightning"],"picked":"Glacier+1","floor":29.0},{"not_picked":["Go for the Eyes","Barrage"],"picked":"Turbo+1","floor":31.0},{"not_picked":["Biased Cognition","Creative AI"],"picked":"Rainbow+1","floor":33.0},{"not_picked":["Steam+1","Self Repair+1"],"picked":"BootSequence+1","floor":35.0},{"not_picked":["Ball Lightning+1","Auto Shields+1","Conserve Battery+1"],"picked":"SKIP","floor":36.0},{"not_picked":["Gash+1","Auto Shields+1","Ball Lightning"],"picked":"SKIP","floor":39.0},{"not_picked":["Loop+1","Redo+1"],"picked":"Machine Learning","floor":40.0},{"not_picked":["Turbo+1","Defragment"],"picked":"Rebound+1","floor":41},{"not_picked":["Leap+1","Defragment"],"picked":"Skim+1","floor":44},{"not_picked":["Steam+1","Leap+1","Conserve Battery+1"],"picked":"SKIP","floor":45},{"not_picked":["Static Discharge+1","Genetic Algorithm+1"],"picked":"Compile Driver+1","floor":46},{"not_picked":["Go for the Eyes+1","Ball Lightning+1"],"picked":"Echo Form","floor":47},{"not_picked":["Undo+1","Reinforced Body+1","Sweeping Beam"],"picked":"SKIP","floor":48}],"player_experience":80659,"relics_obtained":[{"floor":6.0,"key":"HornCleat"},{"floor":9.0,"key":"Toxic Egg 2"},{"floor":22.0,"key":"Nilry\u0027s Codex"},{"floor":23.0,"key":"Letter Opener"},{"floor":26.0,"key":"Regal Pillow"},{"floor":29.0,"key":"Omamori"},{"floor":40.0,"key":"Unceasing Top"},{"floor":43,"key":"Mummified Hand"},{"floor":45,"key":"Whetstone"},{"floor":47,"key":"InkBottle"}],"event_choices":[{"cards_removed":["Defend_B"],"damage_healed":0.0,"max_hp_gain":0.0,"max_hp_loss":0.0,"gold_gain":0.0,"event_name":"The Cleric","player_choice":"Card Removal","floor":2.0,"gold_loss":50.0,"damage_taken":0.0},{"damage_healed":0.0,"max_hp_gain":0.0,"max_hp_loss":0.0,"gold_gain":75.0,"event_name":"World of Goop","player_choice":"Gather Gold","floor":4.0,"gold_loss":0.0,"damage_taken":11.0},{"damage_healed":0.0,"max_hp_gain":0.0,"max_hp_loss":0.0,"gold_gain":0.0,"event_name":"Shining Light","player_choice":"Entered Light","floor":5.0,"gold_loss":0.0,"damage_taken":16.0,"cards_upgraded":["Self Repair","Strike_B"]},{"cards_removed":["Strike_B"],"damage_healed":0.0,"max_hp_gain":0.0,"max_hp_loss":0.0,"gold_gain":0.0,"event_name":"Golden Wing","player_choice":"Card Removal","floor":8.0,"gold_loss":0.0,"damage_taken":7.0},{"damage_healed":0.0,"max_hp_gain":0.0,"max_hp_loss":0.0,"gold_gain":0.0,"event_name":"Nest","player_choice":"Joined the Cult","floor":21.0,"gold_loss":0.0,"damage_taken":6.0,"cards_obtained":["RitualDagger"]},{"damage_healed":0.0,"max_hp_gain":0.0,"max_hp_loss":0.0,"gold_gain":0.0,"event_name":"Cursed Tome","player_choice":"Obtained Book","floor":22.0,"gold_loss":0.0,"damage_taken":16.0},{"damage_healed":0.0,"max_hp_gain":0.0,"max_hp_loss":25.0,"gold_gain":0.0,"event_name":"Vampires","player_choice":"Became a vampire","floor":28.0,"gold_loss":0.0,"damage_taken":0.0,"cards_obtained":["Bite","Bite","Bite","Bite","Bite"]},{"damage_healed":0.0,"max_hp_gain":0.0,"max_hp_loss":0.0,"gold_gain":0.0,"event_name":"Accursed Blacksmith","player_choice":"Rummage","floor":37.0,"gold_loss":0.0,"damage_taken":0.0,"relics_obtained":["WarpedTongs"],"cards_obtained":["Pain"]}],"is_beta":false,"boss_relics":[{"not_picked":["FrozenCore","Black Star"],"picked":"Runic Pyramid"},{"not_picked":["Fusion Hammer","Sozu"],"picked":"Coffee Dripper"}],"items_purged_floors":[10,38],"is_endless":false,"potions_floor_spawned":[1,14,16,23,27,33,35,41,44,45,47],"ascension_level":0}}