{"host":"30jsp143e4v19aze","time":1609099886,"event":{"mods":["BaseMod","Colored Map","Colored Powertips","Curses Come First","DeckTracker","Highlight Path","Minty Spire (QoL Compilation)","Quick Restart","Relic Stats","StSLib","everything is the same but u backflip on backflip","slay the spire mod where everything is the same but ironclad has a cowboy hat"],"gold_per_floor":[109,184,43,55,55,88,88,103,103,115,115,140,159,194,194,270,270,282,282,299,315,325,325,325,325],"floor_reached":24,"playtime":629,"items_purged":[],"score":401,"play_id":"1a61553f-6ad4-498d-a629-5a9d44709a83","local_time":"20201227211126","is_ascension_mode":true,"campfire_choices":[{"data":"Beam Cell","floor":7,"key":"SMITH"},{"data":"Hyperbeam","floor":11,"key":"SMITH"},{"data":"Gash","floor":15,"key":"SMITH"},{"data":"Hologram","floor":23,"key":"SMITH"}],"circlet_count":0,"master_deck":["AscendersBane","Strike_B","Strike_B","Strike_B","Strike_B","Defend_B","Defend_B","Defend_B","Defend_B","Dualcast","Go for the Eyes","Hyperbeam+1","Barrage","Beam Cell+1","Echo Form","Hologram+1","Gash+1","Sunder","Reboot","BootSequence"],"relics":["Cracked Core","NeowsBlessing","Meat on the Bone","Gremlin Horn","Bronze Scales","Omamori","Sozu"],"acts_visited":["Exordium","TheCity"],"potions_floor_usage":[12,16],"damage_taken":[{"damage":0,"enemies":"Cultist","floor":1,"turns":1},{"damage":0,"enemies":"Small Slimes","floor":4,"turns":1},{"damage":0,"enemies":"3 Sentries","floor":6,"turns":1},{"damage":14,"enemies":"2 Louse","floor":8,"turns":2},{"damage":15,"enemies":"Gremlin Gang","floor":10,"turns":3},{"damage":16,"enemies":"Gremlin Nob","floor":12,"turns":3},{"damage":0,"enemies":"3 Louse","floor":13,"turns":1},{"damage":17,"enemies":"Lagavulin","floor":14,"turns":7},{"damage":11,"enemies":"Hexaghost","floor":16,"turns":8},{"damage":1,"enemies":"3 Byrds","floor":18,"turns":2},{"damage":6,"enemies":"Spheric Guardian","floor":20,"turns":3},{"damage":27,"enemies":"Snake Plant","floor":21,"turns":4},{"damage":3,"enemies":"Cultist and Chosen","floor":22,"turns":3},{"damage":0,"enemies":"Shelled Parasite and Fungi","floor":24,"turns":1}],"seed_played":"-8975836989503263899","potions_obtained":[{"floor":4,"key":"SteroidPotion"},{"floor":10,"key":"Block Potion"},{"floor":13,"key":"Weak Potion"},{"floor":16,"key":"DuplicationPotion"}],"is_trial":false,"path_per_floor":["M","?","$","M","?","E","R","M","T","M","R","E","M","E","R","B",null,"M","?","M","M","M","R","M"],"character_chosen":"DEFECT","items_purchased":["Hyperbeam"],"campfire_rested":0,"item_purchase_floors":[3],"current_hp_per_floor":[68,57,57,57,62,62,62,48,48,45,45,41,41,36,36,37,69,68,68,62,47,44,44,44,44],"gold":325,"neow_bonus":"THREE_ENEMY_KILL","is_daily":false,"chose_seed":false,"campfire_upgraded":4,"win_rate":0.0,"timestamp":1609099886,"path_taken":["M","?","$","M","?","E","R","M","T","M","R","E","M","E","R","BOSS","M","?","?","M","M","R","?"],"items_purchased_type":["Card"],"build_version":"2020-12-22","purchased_purges":0,"victory":false,"max_hp_per_floor":[75,75,75,75,80,80,80,80,80,80,80,80,80,80,80,80,80,80,80,80,80,80,80,80,80],"relic_stats":{"Sozu":1,"Gremlin Horn":[5,5],"counters":[14,40],"Bronze Scales":[105],"obtain_stats":[{"Sozu":17,"NeowsBlessing":0,"Gremlin Horn":9,"Bronze Scales":12,"Omamori":14,"Cracked Core":0,"Meat on the Bone":6},{"Sozu":9,"NeowsBlessing":0,"Gremlin Horn":4,"Bronze Scales":6,"Omamori":8,"Cracked Core":0,"Meat on the Bone":3},{"Sozu":27,"NeowsBlessing":0,"Gremlin Horn":5,"Bronze Scales":11,"Omamori":19,"Cracked Core":0,"Meat on the Bone":3}],"Meat on the Bone":60},"card_choices":[{"not_picked":["Redo","Hologram"],"picked":"Go for the Eyes","floor":1},{"not_picked":["Consume","Recycle"],"picked":"Barrage","floor":4},{"not_picked":["Coolheaded","Steam"],"picked":"Beam Cell","floor":6},{"not_picked":["Turbo","Loop"],"picked":"Echo Form","floor":8},{"not_picked":["Ball Lightning","Leap"],"picked":"Hologram","floor":10},{"not_picked":["Rip and Tear","Beam Cell","Steam"],"picked":"SKIP","floor":12},{"not_picked":["Steam","Beam Cell"],"picked":"Gash","floor":13},{"not_picked":["Leap","Recycle"],"picked":"Sunder","floor":14},{"not_picked":["Thunder Strike","Amplify"],"picked":"Reboot","floor":16},{"not_picked":["Compile Driver","Go for the Eyes","Rebound"],"picked":"SKIP","floor":18},{"not_picked":["Sweeping Beam","Consume"],"picked":"BootSequence","floor":20},{"not_picked":["Conserve Battery","Reprogram","Leap+1"],"picked":"SKIP","floor":21},{"not_picked":["Rip and Tear","Conserve Battery","BootSequence"],"picked":"SKIP","floor":22}],"player_experience":3274898,"relics_obtained":[{"floor":6,"key":"Meat on the Bone"},{"floor":9,"key":"Gremlin Horn"},{"floor":12,"key":"Bronze Scales"},{"floor":14,"key":"Omamori"}],"event_choices":[{"damage_healed":0,"gold_gain":75,"player_choice":"Gather Gold","damage_taken":11,"max_hp_gain":0,"max_hp_loss":0,"event_name":"World of Goop","floor":2,"gold_loss":0},{"damage_healed":0,"gold_gain":0,"player_choice":"Donut","damage_taken":0,"max_hp_gain":5,"max_hp_loss":0,"event_name":"Big Fish","floor":5,"gold_loss":0},{"cards_removed":["Zap"],"damage_healed":0,"gold_gain":0,"player_choice":"Offered Basic","damage_taken":0,"max_hp_gain":0,"max_hp_loss":0,"event_name":"Bonfire Elementals","floor":19,"gold_loss":0}],"is_beta":false,"boss_relics":[{"not_picked":["FrozenCore","Inserter"],"picked":"Sozu"}],"items_purged_floors":[],"is_endless":false,"potions_floor_spawned":[4,10,13,16,22],"killed_by":"Shelled Parasite and Fungi","ascension_level":13}}