{"host":"cxvb37eaaiijvrl4","time":1609096941,"event":{"mods":["ATMod(阿瑾Mod)","BaseMod","Better Third Choice","Minty Spire (QoL Compilation)","MostiFishMod","Quick Restart","Rare Cards Sparkle","Shop Mod","Spicy Shops","StSLib","TestMod","Uncapped","残留之物"],"gold_per_floor":[115,40,54,54,4,4,39,57,80,108,140,185,272,340,352,389,389],"floor_reached":16,"playtime":674,"items_purged":["PlaceholderMod:BaseStrike"],"score":187,"play_id":"be73e233-0971-4260-a038-6bfe2eca560f","local_time":"20201227112221","is_ascension_mode":true,"campfire_choices":[{"data":"PlaceholderMod:PoisonWhip","floor":6.0,"key":"SMITH"},{"data":"PlaceholderMod:InnerStable","floor":15.0,"key":"SMITH"}],"circlet_count":0,"master_deck":["PlaceholderMod:BaseStrike","PlaceholderMod:BaseStrike","PlaceholderMod:BaseStrike","PlaceholderMod:BaseDefend","PlaceholderMod:BaseDefend","PlaceholderMod:BaseDefend","PlaceholderMod:BaseDefend","PlaceholderMod:BaseDefend","PlaceholderMod:Crystal","PlaceholderMod:PoisonWhip+1","AT_BodySlamDance","PlaceholderMod:PoisonExcitation","PlaceholderMod:PoisonAbsorb","PlaceholderMod:DirectingGroup","PlaceholderMod:MultiReaction","PlaceholderMod:FastReaction","PlaceholderMod:ReactionCatalyze","PlaceholderMod:InnerStable+1"],"relics":["PlaceholderMod:Tancle","testmod-TestBox","AT_ATBox","testmod-BloodSacrificeSpiritualization","HollowDreamFlower","NeowsBlessing","SynthV:TestCard","DaveBox","White Beast Statue","testmod-IndustrialRevolution","MawBank","AT_MibuBalloonWealth","Anchor"],"acts_visited":["Exordium"],"potions_floor_usage":[16,16],"damage_taken":[{"damage":0.0,"enemies":"2 Louse","floor":1.0,"turns":1.0},{"damage":0.0,"enemies":"Jaw Worm","floor":3.0,"turns":1.0},{"damage":7.0,"enemies":"Lagavulin","floor":7.0,"turns":1.0},{"damage":7.0,"enemies":"Cultist","floor":8.0,"turns":2.0},{"damage":36.0,"enemies":"Gremlin Nob","floor":10.0,"turns":4.0},{"damage":10.0,"enemies":"Blue Slaver","floor":11.0,"turns":3.0},{"damage":0.0,"enemies":"Lagavulin","floor":12.0,"turns":5.0},{"damage":13.0,"enemies":"Gremlin Nob","floor":14.0,"turns":3.0},{"damage":17,"enemies":"Slime Boss","floor":16,"turns":7}],"seed_played":"3164076574613744597","potions_obtained":[{"floor":7.0,"key":"PowerPotion"},{"floor":8.0,"key":"testmod-TestPotion"},{"floor":10.0,"key":"Ancient Potion"},{"floor":11.0,"key":"Block Potion"},{"floor":12.0,"key":"Fire Potion"},{"floor":14.0,"key":"PlaceholderMod:PlaceholderPotion"}],"is_trial":false,"path_per_floor":["M","$","M","?","?","R","E","M","T","E","M","E","?","E","R","B"],"character_chosen":"THE_PLACEHOLDER","items_purchased":[],"campfire_rested":0,"item_purchase_floors":[],"current_hp_per_floor":[78,78,78,78,78,78,71,68,68,36,30,34,23,14,14,1,1],"gold":389,"neow_bonus":"THREE_ENEMY_KILL","is_daily":false,"chose_seed":false,"campfire_upgraded":2,"win_rate":0.0,"timestamp":1609096941,"path_taken":["M","$","M","?","?","R","E","M","T","E","M","E","?","E","R","BOSS"],"items_purchased_type":[],"build_version":"2020-12-22","purchased_purges":1,"victory":false,"max_hp_per_floor":[78,78,78,78,78,78,78,78,78,78,78,78,78,78,78,78,78],"card_choices":[{"not_picked":["PlaceholderMod:Package","PlaceholderMod:ContinueSpray"],"picked":"PlaceholderMod:PoisonExcitation","floor":1.0},{"not_picked":["PlaceholderMod:DirectingGroup","PlaceholderMod:ChainPoly","PlaceholderMod:SprayAttack","PlaceholderMod:OHStrongAttack"],"picked":"PlaceholderMod:PoisonAbsorb","floor":3.0},{"not_picked":["PlaceholderMod:HornyCollision","PlaceholderMod:ParasiteChange","PlaceholderMod:HealingAttack","PlaceholderMod:Crystallization"],"picked":"PlaceholderMod:DirectingGroup","floor":7.0},{"not_picked":["PlaceholderMod:ProliferateStrike","PlaceholderMod:PoisonExcitation","PlaceholderMod:SprayAttack","PlaceholderMod:AttackAsDefend","PlaceholderMod:SeverePoisonStrike"],"picked":"SKIP","floor":8.0},{"not_picked":["PlaceholderMod:Crystallization","PlaceholderMod:SevereHeat","PlaceholderMod:HealingAttack","PlaceholderMod:InnerStable"],"picked":"PlaceholderMod:MultiReaction","floor":10.0},{"not_picked":["PlaceholderMod:CycleAttack","PlaceholderMod:SpinBlade","PlaceholderMod:ChainPoly","PlaceholderMod:PoisonAbsorb"],"picked":"PlaceholderMod:FastReaction","floor":11.0},{"not_picked":["PlaceholderMod:Turn","PlaceholderMod:ContinueSpray","PlaceholderMod:StrongAcid","PlaceholderMod:Colorful"],"picked":"PlaceholderMod:ReactionCatalyze","floor":12.0},{"not_picked":["PlaceholderMod:Crystallization","PlaceholderMod:Internalization","PlaceholderMod:Sweep","PlaceholderMod:StrongAcid"],"picked":"PlaceholderMod:InnerStable","floor":14.0}],"player_experience":661217,"relics_obtained":[{"floor":1.0,"key":"SynthV:TestCard"},{"floor":7.0,"key":"testmod-IndustrialRevolution"},{"floor":10.0,"key":"MawBank"},{"floor":12.0,"key":"AT_MibuBalloonWealth"},{"floor":14.0,"key":"Anchor"}],"event_choices":[{"damage_healed":0.0,"max_hp_gain":0.0,"max_hp_loss":0.0,"gold_gain":0.0,"event_name":"给自己的盒子","player_choice":"Swap Relic","floor":4.0,"relics_lost":["DaveBox"],"gold_loss":0.0,"damage_taken":0.0,"relics_obtained":["DaveBox"]},{"cards_removed":["PlaceholderMod:BaseStrike"],"damage_healed":0.0,"max_hp_gain":0.0,"max_hp_loss":0.0,"gold_gain":0.0,"event_name":"The Cleric","player_choice":"Card Removal","floor":5.0,"gold_loss":50.0,"damage_taken":0.0},{"damage_healed":0.0,"max_hp_gain":0.0,"max_hp_loss":0.0,"gold_gain":75.0,"event_name":"betterThird:BetterGoop","player_choice":"Gold","floor":13.0,"gold_loss":0.0,"damage_taken":11.0}],"is_beta":false,"boss_relics":[],"items_purged_floors":[2],"is_endless":false,"potions_floor_spawned":[7,8,10,11,12,14],"killed_by":"Slime Boss","ascension_level":1}}