{"host":"h5yr4c3mzis0zuwo","time":1609109738,"event":{"mods":["Abigail Mod","BaseMod","Friendly Minions","Kiyohime（清姬）","Koishi","Marisa（霧雨　魔理沙）","Minty Spire (QoL Compilation)","Remilia（蕾米莉亚）","StSLib","The Servant 0.9.4","Yuri Mod"],"gold_per_floor":[113,113,133,133,148,179,179,179,179,93,112,112,152,175,175,298,298,318,318,418,431,452,452,491,491,515,12,31,49,70,104,104,228,228,242,258,591,642,642,672,722,722,722,749,68,118,118,131,131,131,131,131,30,63,63],"floor_reached":56,"playtime":4251,"items_purged":["Pain","AbbyMod:Ab_Strike","AbbyMod:Ab_Strike","AbbyMod:Ab_Strike"],"score":1428,"play_id":"954afbd7-27a5-4555-9f82-33c70b85d7af","local_time":"20201227175538","is_ascension_mode":false,"campfire_choices":[{"data":"AbbyMod:ConsumeFlesh","floor":8,"key":"SMITH"},{"data":"Injury","floor":12,"key":"PURGE"},{"data":"AbbyMod:FleetingSanity","floor":15,"key":"SMITH"},{"floor":23,"key":"RECALL"},{"data":"AbbyMod:CosmicSpark","floor":25,"key":"SMITH"},{"data":"AbbyMod:Ab_Strike","floor":32,"key":"PURGE"},{"data":"1","floor":42,"key":"LIFT"},{"data":"AbbyMod:TentacleSwarm","floor":49,"key":"SMITH"},{"data":"2","floor":52,"key":"LIFT"}],"circlet_count":0,"master_deck":["AbbyMod:Ab_Defend","AbbyMod:Ab_Defend","AbbyMod:Ab_Defend+1","AbbyMod:FleetingSanity+1","AbbyMod:ForeheadBeam","AbbyMod:ConsumeFlesh+1","AbbyMod:DemonPancake","AbbyMod:FamiliarShield","AbbyMod:PantyShot","AbbyMod:FlyingMascot","AbbyMod:EyesOfMadness","AbbyMod:CosmicSpark+1","AbbyMod:Hitomi","Panache","AbbyMod:EyesOfMadness+1","AbbyMod:FarAwayFriend","AbbyMod:LargeTentacle","AbbyMod:LifeSentence+1","AbbyMod:SuperMuscular+1","AbbyMod:TentacleSwarm+1","Dark Shackles+1","AbbyMod:Dabigail+1"],"relics":["AbbyMod:Salem_Diary","NeowsBlessing","WarpedTongs","Pocketwatch","Smiling Mask","Peace Pipe","Centennial Puzzle","Black Star","MutagenicStrength","Bronze Scales","Vajra","Bottled Lightning","Eternal Feather","Frozen Egg 2","Busted Crown","Du-Vu Doll","Potion Belt","Ancient Tea Set","Girya","Toxic Egg 2","ScarletDevilRocket","Unceasing Top","Pen Nib","OrangePellets","CatCart","Pantograph","Sundial","War Paint"],"acts_visited":["Exordium","TheCity","TheBeyond","TheEnding"],"potions_floor_usage":[16,16,18,18,31,33,38,38,38,38,50,50,50,54,55,55],"damage_taken":[{"damage":0,"enemies":"Small Slimes","floor":1,"turns":1},{"damage":0,"enemies":"Cultist","floor":3,"turns":1},{"damage":1,"enemies":"Jaw Worm","floor":5,"turns":1},{"damage":15,"enemies":"3 Sentries","floor":6,"turns":7},{"damage":0,"enemies":"3 Louse","floor":11,"turns":8},{"damage":0,"enemies":"Lagavulin","floor":13,"turns":8},{"damage":0,"enemies":"Blue Slaver","floor":14,"turns":4},{"damage":0,"enemies":"Hexaghost","floor":16,"turns":7},{"damage":3,"enemies":"Chosen","floor":18,"turns":6},{"damage":15,"enemies":"2 Thieves","floor":21,"turns":5},{"damage":14,"enemies":"Snake Plant","floor":22,"turns":7},{"damage":32,"enemies":"Gremlin Leader","floor":24,"turns":7},{"damage":20,"enemies":"Chosen and Byrds","floor":28,"turns":6},{"damage":0,"enemies":"Snecko","floor":29,"turns":5},{"damage":3,"enemies":"Cultist and Chosen","floor":30,"turns":5},{"damage":16,"enemies":"Slavers","floor":31,"turns":5},{"damage":14,"enemies":"Automaton","floor":33,"turns":11},{"damage":23,"enemies":"3 Darklings","floor":35,"turns":4},{"damage":3,"enemies":"Orb Walker","floor":36,"turns":4},{"damage":43,"enemies":"2 Orb Walkers","floor":38,"turns":4},{"damage":19,"enemies":"Giant Head","floor":40,"turns":9},{"damage":0,"enemies":"Mind Bloom Boss Battle","floor":41,"turns":9},{"damage":43,"enemies":"Reptomancer","floor":44,"turns":7},{"damage":0,"enemies":"Orin","floor":46,"turns":7},{"damage":7,"enemies":"Sphere and 2 Shapes","floor":48,"turns":3},{"damage":8,"enemies":"Time Eater","floor":50,"turns":6},{"damage":5,"enemies":"Shield and Spear","floor":54,"turns":8},{"damage":105,"enemies":"The Heart","floor":55,"turns":9}],"seed_played":"4270817905709249412","potions_obtained":[{"floor":3,"key":"Block Potion"},{"floor":5,"key":"SpeedPotion"},{"floor":6,"key":"Explosive Potion"},{"floor":14,"key":"SkillPotion"},{"floor":16,"key":"SkillPotion"},{"floor":30,"key":"GamblersBrew"},{"floor":31,"key":"AttackPotion"},{"floor":35,"key":"SteroidPotion"},{"floor":36,"key":"EntropicBrew"},{"floor":46,"key":"SneckoOil"},{"floor":48,"key":"SneckoOil"}],"is_trial":false,"path_per_floor":["M","?","M","?","M","E","?","R","T","$","M","R","E","M","R","B",null,"M","?","?","M","M","R","E","R","T","$","M","M","M","E","R","B",null,"M","M","?","?","?","E","?","R","T","E","$","?","T","M","R","B",null,"R","$","E","B",null],"character_chosen":"Ab_Foreigner","items_purchased":["AbbyMod:FlyingMascot","Bottled Lightning","Panache","AbbyMod:CommandSpell+1","AbbyMod:TentacleSwarm","Dark Shackles+1","Pen Nib","Block Potion","CultistPotion","OrangePellets","Dexterity Potion"],"campfire_rested":0,"item_purchase_floors":[10,27,27,45,45,45,45,45,45,45,53],"current_hp_per_floor":[60,60,61,49,48,34,34,34,34,34,54,54,66,68,68,70,70,69,69,69,56,59,59,44,44,44,44,44,60,68,66,75,78,88,67,73,73,39,39,37,50,62,62,30,30,43,43,36,48,81,100,100,100,102,13],"gold":63,"neow_bonus":"THREE_ENEMY_KILL","is_daily":false,"chose_seed":false,"campfire_upgraded":4,"win_rate":0.0,"timestamp":1609109738,"path_taken":["M","?","?","?","M","E","?","R","T","?","?","R","E","M","R","BOSS","M","?","?","M","M","R","E","R","T","$","M","M","M","E","R","BOSS","M","?","?","?","?","E","?","R","T","E","$","?","?","?","R","BOSS","R","$","E","BOSS"],"items_purchased_type":["Card","Relic","Card","Card","Card","Card","Relic","Potion","Potion","Relic","Potion"],"build_version":"2020-12-22","purchased_purges":4,"victory":true,"max_hp_per_floor":[60,60,61,61,61,62,62,62,62,62,64,64,66,68,68,70,70,72,72,72,74,76,76,78,78,78,78,80,82,84,86,86,88,88,90,90,90,90,90,92,94,94,94,96,96,98,98,98,98,100,100,100,100,102,104],"card_choices":[{"not_picked":["AbbyMod:ChocoKey","AbbyMod:ImpossibleGeometry"],"picked":"AbbyMod:ConsumeFlesh","floor":1},{"not_picked":["AbbyMod:SuperMuscular","AbbyMod:Ab_DarkestPact"],"picked":"AbbyMod:DemonPancake","floor":3},{"not_picked":["AbbyMod:Kuroboshi","AbbyMod:CloneArmy"],"picked":"AbbyMod:FamiliarShield","floor":5},{"not_picked":["AbbyMod:CloneArmy","AbbyMod:PowerGamer"],"picked":"AbbyMod:PantyShot","floor":6},{"not_picked":["AbbyMod:Kinoko","AbbyMod:AdultWords"],"picked":"AbbyMod:EyesOfMadness","floor":11},{"not_picked":["AbbyMod:ConsumeFlesh","AbbyMod:PreciousMemories","AbbyMod:Kuroboshi"],"picked":"SKIP","floor":13},{"not_picked":["AbbyMod:CloneArmy","AbbyMod:PapaProtection","AbbyMod:TeddyBear"],"picked":"SKIP","floor":14},{"not_picked":["AbbyMod:BlackKey","AbbyMod:VoidHeretic"],"picked":"AbbyMod:CosmicSpark","floor":16},{"not_picked":["AbbyMod:CloneArmy","AbbyMod:AdultWords","AbbyMod:TentacleSwarm"],"picked":"SKIP","floor":18},{"not_picked":["AbbyMod:Keyblade","AbbyMod:Thflth"],"picked":"AbbyMod:Hitomi","floor":21},{"not_picked":["AbbyMod:ConsumeFlesh","AbbyMod:Ab_FiveStars","AbbyMod:SavingThrow"],"picked":"SKIP","floor":22},{"not_picked":["AbbyMod:InsaneStrike","AbbyMod:ExposeNavel","AbbyMod:ConsumeFlesh+1"],"picked":"SKIP","floor":24},{"not_picked":["AbbyMod:PreciousMemories","AbbyMod:SanityCheck"],"picked":"AbbyMod:EyesOfMadness","floor":28},{"not_picked":["AbbyMod:Memocide","AbbyMod:ChocoKey","AbbyMod:ConsumeFlesh+1"],"picked":"SKIP","floor":29},{"not_picked":["AbbyMod:LossOfSanity","AbbyMod:WitchTrial"],"picked":"AbbyMod:CommandSpell","floor":30},{"not_picked":["AbbyMod:Kuroboshi","AbbyMod:MindCleanse"],"picked":"AbbyMod:FarAwayFriend","floor":31},{"not_picked":[],"picked":"AbbyMod:WorldStrongest+1","floor":35},{"not_picked":[],"picked":"AbbyMod:LargeTentacle","floor":36},{"not_picked":[],"picked":"AbbyMod:LifeSentence+1","floor":38},{"not_picked":["AbbyMod:LifeSentence+1"],"picked":"SKIP","floor":40},{"not_picked":[],"picked":"AbbyMod:SuperMuscular+1","floor":41},{"not_picked":["AbbyMod:ConsumeFlesh+1"],"picked":"SKIP","floor":44},{"not_picked":[],"picked":"AbbyMod:Dabigail+1","floor":46},{"not_picked":["AbbyMod:AlignStars+1"],"picked":"SKIP","floor":48},{"not_picked":["AbbyMod:Ygna+1"],"picked":"SKIP","floor":54}],"player_experience":537427,"relics_obtained":[{"floor":6,"key":"Smiling Mask"},{"floor":9,"key":"Peace Pipe"},{"floor":13,"key":"Centennial Puzzle"},{"floor":24,"key":"Bronze Scales"},{"floor":24,"key":"Vajra"},{"floor":31,"key":"Eternal Feather"},{"floor":31,"key":"Frozen Egg 2"},{"floor":38,"key":"Du-Vu Doll"},{"floor":40,"key":"Potion Belt"},{"floor":40,"key":"Ancient Tea Set"},{"floor":41,"key":"Girya"},{"floor":43,"key":"Toxic Egg 2"},{"floor":44,"key":"ScarletDevilRocket"},{"floor":44,"key":"Unceasing Top"},{"floor":46,"key":"CatCart"},{"floor":47,"key":"Pantograph"},{"floor":54,"key":"Sundial"},{"floor":54,"key":"War Paint"}],"event_choices":[{"damage_healed":0,"gold_gain":0,"player_choice":"Rummage","damage_taken":0,"relics_obtained":["WarpedTongs"],"max_hp_gain":0,"max_hp_loss":0,"event_name":"Accursed Blacksmith","floor":2,"gold_loss":0,"cards_obtained":["Pain"]},{"damage_healed":0,"gold_gain":0,"player_choice":"Success","damage_taken":12,"relics_obtained":["Pocketwatch"],"max_hp_gain":0,"max_hp_loss":0,"event_name":"Scrap Ooze","floor":4,"gold_loss":0},{"damage_healed":0,"gold_gain":0,"player_choice":"Take Wound","damage_taken":0,"relics_obtained":["Golden Idol"],"max_hp_gain":0,"max_hp_loss":0,"event_name":"Golden Idol","floor":7,"gold_loss":0,"cards_obtained":["Injury"]},{"damage_healed":0,"gold_gain":0,"player_choice":"Inject Mutagens","damage_taken":0,"relics_obtained":["MutagenicStrength"],"max_hp_gain":0,"max_hp_loss":0,"event_name":"Drug Dealer","floor":19,"gold_loss":0},{"damage_healed":0,"gold_gain":100,"player_choice":"Pray","damage_taken":0,"max_hp_gain":0,"max_hp_loss":0,"event_name":"Golden Shrine","floor":20,"gold_loss":0},{"damage_healed":0,"gold_gain":333,"player_choice":"Gave Idol","damage_taken":0,"max_hp_gain":0,"max_hp_loss":0,"event_name":"The Moai Head","floor":37,"relics_lost":["Golden Idol"],"gold_loss":0},{"damage_healed":0,"gold_gain":0,"player_choice":"Fight","damage_taken":0,"max_hp_gain":0,"max_hp_loss":0,"event_name":"Mysterious Sphere","floor":38,"gold_loss":0},{"damage_healed":0,"gold_gain":0,"player_choice":"Ignored","damage_taken":0,"max_hp_gain":0,"max_hp_loss":0,"event_name":"Tomb of Lord Red Mask","floor":39,"gold_loss":0},{"damage_healed":0,"gold_gain":0,"player_choice":"Fight","damage_taken":0,"max_hp_gain":0,"max_hp_loss":0,"event_name":"MindBloom","floor":41,"gold_loss":0},{"damage_healed":0,"gold_gain":0,"player_choice":"Fight","damage_taken":0,"max_hp_gain":0,"max_hp_loss":0,"event_name":"OrinTheCat","floor":46,"gold_loss":0}],"is_beta":false,"boss_relics":[{"not_picked":["SacredBark","Sozu"],"picked":"Black Star"},{"not_picked":["Philosopher\u0027s Stone","Astrolabe"],"picked":"Busted Crown"}],"items_purged_floors":[10,27,45,53],"is_endless":false,"potions_floor_spawned":[3,5,6,11,14,16,30,31,35,36,46,48],"ascension_level":0}}