{"host":"5gc11emcm5chfr5t","time":1609034067,"event":{"mods":["2.2 Compatiblity","AchievementEnabler","BaseMod","Bestiary","Better Note","Colored Map","Colored Powertips","Downfall","Googly Eyes","Minty Spire (QoL Compilation)","Rare Cards Sparkle","StSLib"],"gold_per_floor":[99,99,99,149,449,234,234,253,16,46,46,56,56,66,83,83,83],"floor_reached":16,"playtime":448,"items_purged":["Slimebound:Icky"],"score":196,"play_id":"95fef35a-d8a0-476d-be8e-05afe5bd782e","local_time":"20201226205427","is_ascension_mode":true,"campfire_choices":[{"floor":1,"key":"RECALL"},{"data":"expansioncontent:TimeRipple","floor":11,"key":"SMITH"},{"floor":13,"key":"REST"}],"circlet_count":0,"master_deck":["AscendersBane","sneckomod:Strike","sneckomod:Strike","sneckomod:Strike","sneckomod:Defend","sneckomod:Defend","sneckomod:Defend","sneckomod:TailWhip","sneckomod:SnekBite","sneckomod:Unknown","sneckomod:Unknown","sneckomod:SlitherStrike","sneckomod:WideSting","Slimebound:Icky","Slimebound:Icky","sneckomod:Unknown3Cost","sneckomod:DiceCrush","sneckomod:UnknownVulnerable","expansioncontent:TimeRipple+1","sneckomod:MixItUp","sneckomod:DangerNoodle","sneckomod:SerpentIdol","sneckomod:SoulRoll","sneckomod:QuickMove"],"relics":["sneckomod:SneckoSoul","downfall:HeartsMalice","HornCleat","Omamori"],"acts_visited":["Exordium"],"potions_floor_usage":[6,6,10,12,16,16],"damage_taken":[{"damage":0,"enemies":"Small Slimes","floor":2,"turns":1},{"damage":0,"enemies":"Jaw Worm","floor":3,"turns":1},{"damage":0,"enemies":"downfall:FleeingMerchant","floor":6,"turns":1},{"damage":0,"enemies":"Cultist","floor":8,"turns":3},{"damage":0,"enemies":"downfall:FleeingMerchant","floor":9,"turns":4},{"damage":10,"enemies":"3 Sentries","floor":10,"turns":5},{"damage":20,"enemies":"3 Louse","floor":12,"turns":3},{"damage":0,"enemies":"Large Slime","floor":14,"turns":4},{"damage":13,"enemies":"Blue Slaver","floor":15,"turns":2},{"damage":70,"enemies":"downfall:Silent","floor":16,"turns":6}],"seed_played":"175580992018906863","potions_obtained":[{"floor":10,"key":"Energy Potion"},{"floor":12,"key":"Weak Potion"}],"is_trial":false,"path_per_floor":["R","M","M","?","?","$","T","M","$","E","R","M","R","M","M","B"],"character_chosen":"THE_SNECKO","items_purchased":["Fruit Juice","EntropicBrew","expansioncontent:TimeRipple","sneckomod:MixItUp"],"campfire_rested":1,"item_purchase_floors":[6,6,9,9],"current_hp_per_floor":[75,75,75,75,75,81,81,81,82,72,72,52,79,79,66,0,0],"gold":83,"neow_bonus":"THREE_ENEMY_KILL","is_daily":false,"chose_seed":false,"campfire_upgraded":1,"win_rate":0.0,"timestamp":1609034067,"path_taken":["R","M","M","?","?","?","T","?","$","E","R","M","R","M","M","BOSS"],"items_purchased_type":["Potion","Potion","Card","Card"],"build_version":"2020-12-22","purchased_purges":1,"victory":false,"max_hp_per_floor":[83,83,83,83,83,89,89,89,90,90,90,90,90,90,90,90,90],"card_choices":[{"not_picked":["sneckomod:DiceCrush","sneckomod:UnknownCommonSkill"],"picked":"sneckomod:SlitherStrike","floor":2},{"not_picked":["sneckomod:RainOfDice","sneckomod:UnknownCommonSkill"],"picked":"sneckomod:WideSting","floor":3},{"not_picked":["sneckomod:UnknownClassPURPLE","sneckomod:Nope"],"picked":"sneckomod:Unknown3Cost","floor":6},{"not_picked":["sneckomod:UnknownStrike","sneckomod:UnknownBlock"],"picked":"sneckomod:DiceCrush","floor":8},{"not_picked":["sneckomod:UnknownWeak","sneckomod:UnknownStrike"],"picked":"sneckomod:UnknownVulnerable","floor":9},{"not_picked":["sneckomod:MasterEye","sneckomod:UnknownStrength"],"picked":"sneckomod:DangerNoodle","floor":10},{"not_picked":["sneckomod:QuickMove","sneckomod:UnknownClassSLIMEBOUND"],"picked":"sneckomod:SerpentIdol","floor":12},{"not_picked":["sneckomod:UnknownUncommonAttack","sneckomod:UnknownWeak"],"picked":"sneckomod:SoulRoll","floor":14},{"not_picked":["sneckomod:UnknownClassPURPLE","sneckomod:RainOfDice"],"picked":"sneckomod:QuickMove","floor":15}],"player_experience":499154,"relics_obtained":[{"floor":7,"key":"HornCleat"},{"floor":10,"key":"Omamori"}],"event_choices":[],"is_beta":false,"boss_relics":[],"items_purged_floors":[9],"is_endless":false,"potions_floor_spawned":[10,12,14],"killed_by":"downfall:Silent","ascension_level":20}}