{"host":"88sw61cmk1203zgj","time":1609051137,"event":{"mods":["BaseMod","Minty Spire (QoL Compilation)"],"gold_per_floor":[111,61,61,79,99,134,134,167,167,199,213,213,228,84,84,183,183,194,194,194,212,8,39,49,49,120,130,130,162,173,184,184,284,284,298,160,171,171,184,211,211,238,238,263,281,300,300,300,300,300,300,300,65,95,95],"floor_reached":56,"playtime":3879,"items_purged":["Zap","Thunder Strike","Dualcast+1"],"score":1768,"play_id":"46780bb4-f036-4b27-bfe4-3e0523f69c19","local_time":"20201227013857","is_ascension_mode":true,"campfire_choices":[{"data":"Doom and Gloom","floor":7.0,"key":"SMITH"},{"floor":15.0,"key":"REST"},{"floor":25.0,"key":"REST"},{"floor":28.0,"key":"REST"},{"floor":32.0,"key":"REST"},{"floor":41.0,"key":"RECALL"},{"floor":47,"key":"REST"},{"floor":49,"key":"REST"},{"floor":52,"key":"REST"}],"circlet_count":0,"master_deck":["Compile Driver","Streamline","Doom and Gloom+1","Hologram+1","Steam+1","Conserve Battery+1","Undo+1","Reprogram+1","Echo Form","Reprogram+1","Hyperbeam","Trip+1","Conserve Battery+1","Go for the Eyes","Hologram+1","Cold Snap","FTL","Skim+1","Coolheaded+1","Conserve Battery+1","Skim+1","Violence+1","Fusion+1","Reprogram+1","Recycle+1","Undo+1"],"relics":["Cracked Core","Pen Nib","Blood Vial","Toxic Egg 2","PreservedInsect","Shuriken","Fusion Hammer","Nilry\u0027s Codex","Membership Card","MealTicket","HornCleat","Mummified Hand","Pandora\u0027s Box","White Beast Statue","Letter Opener","Smiling Mask","Orichalcum","Torii","Centennial Puzzle"],"acts_visited":["Exordium","TheCity","TheBeyond","TheEnding"],"potions_floor_usage":[54,55],"damage_taken":[{"damage":0.0,"enemies":"2 Louse","floor":1.0,"turns":3.0},{"damage":7.0,"enemies":"Jaw Worm","floor":4.0,"turns":3.0},{"damage":1.0,"enemies":"Cultist","floor":5.0,"turns":4.0},{"damage":8.0,"enemies":"Gremlin Nob","floor":6.0,"turns":3.0},{"damage":7.0,"enemies":"3 Sentries","floor":8.0,"turns":4.0},{"damage":22.0,"enemies":"Lagavulin","floor":10.0,"turns":4.0},{"damage":3.0,"enemies":"Exordium Wildlife","floor":11.0,"turns":4.0},{"damage":0.0,"enemies":"2 Fungi Beasts","floor":13.0,"turns":1.0},{"damage":20.0,"enemies":"Slime Boss","floor":16.0,"turns":8.0},{"damage":4.0,"enemies":"Spheric Guardian","floor":18.0,"turns":3.0},{"damage":25.0,"enemies":"2 Thieves","floor":21.0,"turns":3.0},{"damage":18.0,"enemies":"Gremlin Leader","floor":23.0,"turns":5.0},{"damage":0.0,"enemies":"Snake Plant","floor":24.0,"turns":2.0},{"damage":16.0,"enemies":"Sentry and Sphere","floor":27.0,"turns":9.0},{"damage":0.0,"enemies":"Book of Stabbing","floor":29.0,"turns":3.0},{"damage":5.0,"enemies":"3 Cultists","floor":30.0,"turns":4.0},{"damage":11.0,"enemies":"Centurion and Healer","floor":31.0,"turns":4.0},{"damage":3.0,"enemies":"Automaton","floor":33.0,"turns":10.0},{"damage":0.0,"enemies":"Orb Walker","floor":35.0,"turns":3.0},{"damage":19.0,"enemies":"3 Darklings","floor":37.0,"turns":4.0},{"damage":0.0,"enemies":"Spire Growth","floor":39.0,"turns":4.0},{"damage":17.0,"enemies":"Nemesis","floor":40.0,"turns":5.0},{"damage":0,"enemies":"Reptomancer","floor":42,"turns":4},{"damage":34,"enemies":"Nemesis","floor":44,"turns":5},{"damage":0,"enemies":"Jaw Worm Horde","floor":45,"turns":3},{"damage":0,"enemies":"Sphere and 2 Shapes","floor":46,"turns":5},{"damage":16,"enemies":"Awakened One","floor":50,"turns":10},{"damage":11,"enemies":"Shield and Spear","floor":54,"turns":4},{"damage":67,"enemies":"The Heart","floor":55,"turns":11}],"seed_played":"-7431001469752997937","potions_obtained":[{"floor":1.0,"key":"PotionOfCapacity"},{"floor":6.0,"key":"DuplicationPotion"},{"floor":8.0,"key":"Swift Potion"},{"floor":10.0,"key":"Energy Potion"},{"floor":16.0,"key":"FocusPotion"},{"floor":23.0,"key":"DistilledChaos"},{"floor":33.0,"key":"SneckoOil"},{"floor":39.0,"key":"Swift Potion"},{"floor":40.0,"key":"Fire Potion"},{"floor":45,"key":"Block Potion"},{"floor":54,"key":"CultistPotion"}],"is_trial":false,"path_per_floor":["M","$","?","M","M","E","R","E","T","E","M","T","M","$","R","B",null,"M","?","?","M","$","E","M","R","T","M","R","E","M","M","R","B",null,"M","$","M","?","M","E","R","E","T","E","M","M","R","?","R","B",null,"R","$","E","B",null],"character_chosen":"DEFECT","items_purchased":["Streamline","Reprogram+1","Membership Card","Trip+1","Violence+1","LiquidMemories","Torii"],"campfire_rested":7,"item_purchase_floors":[2,14,22,22,36,53,53],"current_hp_per_floor":[68,68,53,46,45,37,37,32,32,12,11,11,13,13,35,17,61,59,59,43,20,20,4,6,28,28,14,36,38,35,26,48,47,68,70,75,56,85,85,68,68,70,70,38,40,42,67,67,85,69,81,85,85,74,9],"gold":95,"neow_bonus":"RANDOM_COMMON_RELIC","is_daily":false,"chose_seed":false,"campfire_upgraded":1,"win_rate":0.0,"timestamp":1609051137,"path_taken":["M","$","?","M","M","E","R","E","T","E","M","?","?","$","R","BOSS","M","?","?","M","$","E","M","R","T","M","R","E","M","M","R","BOSS","M","$","M","?","?","E","R","E","T","E","M","M","R","?","R","BOSS","R","$","E","BOSS"],"items_purchased_type":["Card","Card","Relic","Card","Card","Potion","Relic"],"build_version":"2020-12-22","purchased_purges":3,"victory":true,"max_hp_per_floor":[75,75,75,75,75,75,75,75,75,75,75,75,75,75,75,75,75,75,75,75,75,75,75,75,75,75,75,75,75,75,75,75,75,75,75,75,75,85,85,85,85,85,85,85,85,85,85,85,85,85,85,85,85,85,85],"card_choices":[{"not_picked":["Self Repair","Turbo"],"picked":"Compile Driver","floor":1.0},{"not_picked":["Go for the Eyes","Ball Lightning"],"picked":"Doom and Gloom","floor":4.0},{"not_picked":["Blizzard","Streamline","Gash"],"picked":"SKIP","floor":5.0},{"not_picked":["Amplify","Stack","Consume"],"picked":"SKIP","floor":6.0},{"not_picked":["Auto Shields+1","Ball Lightning"],"picked":"Hologram+1","floor":8.0},{"not_picked":["Storm","Sunder"],"picked":"Steam+1","floor":10.0},{"not_picked":["Cold Snap","Leap+1"],"picked":"Conserve Battery+1","floor":11.0},{"not_picked":["Go for the Eyes","Scrape"],"picked":"Undo+1","floor":13.0},{"not_picked":["Machine Learning","Hyperbeam"],"picked":"Echo Form","floor":16.0},{"not_picked":["Stack+1","Loop"],"picked":"Reprogram+1","floor":18.0},{"not_picked":["Loop","Blizzard","Coolheaded+1"],"picked":"SKIP","floor":21.0},{"not_picked":["Hello World","Amplify+1"],"picked":"Conserve Battery+1","floor":23.0},{"not_picked":["Compile Driver","Rebound","Beam Cell"],"picked":"SKIP","floor":24.0},{"not_picked":["Steam+1","Steam Power+1","Redo+1"],"picked":"SKIP","floor":27.0},{"not_picked":["Multi-Cast+1","Darkness+1"],"picked":"Go for the Eyes","floor":29.0},{"not_picked":["Rebound","Melter","Blizzard"],"picked":"SKIP","floor":30.0},{"not_picked":["Auto Shields+1","Stack+1"],"picked":"Hologram+1","floor":31.0},{"not_picked":["Rebound","Conserve Battery+1"],"picked":"Skim+1","floor":35.0},{"not_picked":["Force Field+1","Streamline+1"],"picked":"Fusion+1","floor":37.0},{"not_picked":["Hello World+1","Genetic Algorithm+1","Reinforced Body+1"],"picked":"SKIP","floor":39.0},{"not_picked":["Streamline","Conserve Battery+1"],"picked":"Reprogram+1","floor":40.0},{"not_picked":["Melter+1","Aggregate+1"],"picked":"Recycle+1","floor":42},{"not_picked":["Sunder+1","Leap+1","Gash+1"],"picked":"SKIP","floor":44},{"not_picked":["Steam+1","Blizzard","Rebound+1"],"picked":"SKIP","floor":45},{"not_picked":["Glacier+1","Leap+1","Streamline+1"],"picked":"SKIP","floor":46},{"not_picked":["Streamline+1","FTL"],"picked":"Undo+1","floor":54}],"player_experience":1419666,"relics_obtained":[{"floor":6.0,"key":"Blood Vial"},{"floor":8.0,"key":"Toxic Egg 2"},{"floor":10.0,"key":"PreservedInsect"},{"floor":12.0,"key":"Shuriken"},{"floor":20.0,"key":"Nilry\u0027s Codex"},{"floor":23.0,"key":"MealTicket"},{"floor":26.0,"key":"HornCleat"},{"floor":29.0,"key":"Mummified Hand"},{"floor":40.0,"key":"White Beast Statue"},{"floor":42,"key":"Letter Opener"},{"floor":43,"key":"Smiling Mask"},{"floor":44,"key":"Orichalcum"},{"floor":54,"key":"Centennial Puzzle"}],"event_choices":[{"damage_healed":0.0,"max_hp_gain":0.0,"max_hp_loss":0.0,"gold_gain":0.0,"event_name":"Shining Light","player_choice":"Entered Light","floor":3.0,"gold_loss":0.0,"damage_taken":15.0,"cards_upgraded":["Dualcast","Defend_B"]},{"damage_healed":0.0,"max_hp_gain":0.0,"max_hp_loss":0.0,"gold_gain":0.0,"cards_transformed":["Strike_B","Defend_B"],"event_name":"Drug Dealer","player_choice":"Became Test Subject","floor":19.0,"gold_loss":0.0,"damage_taken":0.0,"cards_obtained":["Creative AI","Hyperbeam"]},{"damage_healed":0.0,"max_hp_gain":0.0,"max_hp_loss":0.0,"gold_gain":0.0,"event_name":"Cursed Tome","player_choice":"Obtained Book","floor":20.0,"gold_loss":0.0,"damage_taken":16.0},{"cards_removed":["Creative AI"],"damage_healed":19.0,"max_hp_gain":10.0,"max_hp_loss":0.0,"gold_gain":0.0,"event_name":"Bonfire Elementals","player_choice":"Offered Rare","floor":38.0,"gold_loss":0.0,"damage_taken":0.0},{"damage_healed":0,"gold_gain":0,"player_choice":"Bought 0 Potions","damage_taken":0,"max_hp_gain":0,"max_hp_loss":0,"event_name":"The Woman in Blue","floor":48,"gold_loss":0}],"is_beta":false,"boss_relics":[{"not_picked":["Runic Pyramid","Calling Bell"],"picked":"Fusion Hammer"},{"not_picked":["Cursed Key","Tiny House"],"picked":"Pandora\u0027s Box"}],"items_purged_floors":[14,36,53],"is_endless":false,"potions_floor_spawned":[1,6,8,10,16,23,33,39,40,42,44,45,46,54],"ascension_level":9}}