{"host":"5cnm2qapaqj5mmu7","time":1609082415,"event":{"mods":["BaseMod","Bestiary","Colored Map","Minty Spire (QoL Compilation)","StSLib"],"gold_per_floor":[117,130,148,158,174,208,208,234,257,257,257,332,332,166,166,166,166],"floor_reached":16,"playtime":706,"items_purged":["Strike_R"],"score":127,"play_id":"296a7764-e984-44c1-aa6c-0c33e670e4dd","local_time":"20201227162015","is_ascension_mode":true,"campfire_choices":[{"data":"Writhe","floor":7,"key":"PURGE"},{"data":"True Grit","floor":10,"key":"SMITH"},{"data":"Dark Embrace","floor":15,"key":"SMITH"}],"circlet_count":0,"master_deck":["Strike_R","Strike_R","Strike_R","Strike_R","Defend_R","Defend_R","Defend_R","Bash","Uppercut","Twin Strike","Pommel Strike","Shrug It Off","True Grit+1","Impervious","Dark Embrace+1","Seeing Red"],"relics":["Burning Blood","Peace Pipe","Smiling Mask","Pear","Omamori"],"acts_visited":["Exordium"],"potions_floor_usage":[4,6],"damage_taken":[{"damage":15,"enemies":"Small Slimes","floor":1,"turns":4},{"damage":6,"enemies":"2 Louse","floor":2,"turns":3},{"damage":7,"enemies":"Jaw Worm","floor":3,"turns":3},{"damage":0,"enemies":"Exordium Wildlife","floor":4,"turns":2},{"damage":10,"enemies":"3 Louse","floor":5,"turns":4},{"damage":16,"enemies":"Gremlin Nob","floor":6,"turns":4},{"damage":45,"enemies":"Lagavulin","floor":8,"turns":6},{"damage":44,"enemies":"Hexaghost","floor":16,"turns":9}],"seed_played":"-1874314820478775419","potions_obtained":[{"floor":1,"key":"Explosive Potion"},{"floor":2,"key":"SteroidPotion"},{"floor":3,"key":"Block Potion"}],"is_trial":false,"path_per_floor":["M","M","M","M","M","E","R","E","T","R","?","?","?","$","R","B"],"character_chosen":"IRONCLAD","items_purchased":["Dark Embrace","Seeing Red"],"campfire_rested":0,"item_purchase_floors":[14,14],"current_hp_per_floor":[71,71,70,76,72,62,62,33,33,33,55,44,44,44,44,0,0],"gold":166,"neow_bonus":"ONE_RARE_RELIC","is_daily":false,"chose_seed":false,"campfire_upgraded":2,"win_rate":0.0,"timestamp":1609082415,"path_taken":["M","M","M","M","M","E","R","E","T","R","?","?","?","$","R","BOSS"],"items_purchased_type":["Card","Card"],"build_version":"2020-12-22","purchased_purges":1,"victory":false,"max_hp_per_floor":[80,80,80,80,80,80,80,90,90,90,90,90,90,90,90,90,90],"card_choices":[{"not_picked":["Carnage","Headbutt"],"picked":"Uppercut","floor":1},{"not_picked":["Sentinel","Sword Boomerang"],"picked":"Twin Strike","floor":2},{"not_picked":["Thunderclap","Carnage","Sentinel"],"picked":"SKIP","floor":3},{"not_picked":["Anger","Sword Boomerang"],"picked":"Pommel Strike","floor":4},{"not_picked":["Fiend Fire","Armaments"],"picked":"Shrug It Off","floor":5},{"not_picked":["Carnage","Wild Strike"],"picked":"True Grit","floor":6},{"not_picked":["Anger","True Grit","Body Slam"],"picked":"SKIP","floor":8}],"player_experience":530670,"relics_obtained":[{"floor":6,"key":"Smiling Mask"},{"floor":8,"key":"Pear"},{"floor":9,"key":"Omamori"}],"event_choices":[{"damage_healed":22,"gold_gain":0,"player_choice":"Healed and dodged fight","damage_taken":0,"max_hp_gain":0,"max_hp_loss":0,"event_name":"Mushrooms","floor":11,"gold_loss":0,"cards_obtained":["Parasite"]},{"damage_healed":0,"gold_gain":75,"player_choice":"Gather Gold","damage_taken":11,"max_hp_gain":0,"max_hp_loss":0,"event_name":"World of Goop","floor":12,"gold_loss":0},{"damage_healed":0,"gold_gain":0,"cards_transformed":["Defend_R"],"player_choice":"Change","damage_taken":0,"max_hp_gain":0,"max_hp_loss":0,"event_name":"Living Wall","floor":13,"gold_loss":0,"cards_obtained":["Impervious"]}],"is_beta":false,"boss_relics":[],"items_purged_floors":[14],"is_endless":false,"potions_floor_spawned":[1,2,3],"killed_by":"Hexaghost","ascension_level":3}}