{"host":"6kpik4p6m02tzjjt","time":1609031918,"event":{"mods":["BaseMod","Colored Map","Downfall","Minty Spire (QoL Compilation)","Quick Restart","Relic Stats","Replay The Spire","StSLib"],"gold_per_floor":[99,99,99,99,99,128,128,303,303,638,658,674,674,693,710,710,710,710],"floor_reached":16,"playtime":1251,"items_purged":[],"score":133,"play_id":"1f7a2f7e-9914-4692-8d7a-aa702fbdb5ea","local_time":"20201226201838","is_ascension_mode":false,"campfire_choices":[{"data":"champ:Taunt","floor":1,"key":"SMITH"},{"floor":13,"key":"REST"}],"circlet_count":0,"master_deck":["champ:Strike","champ:Strike","champ:Strike","champ:Strike","champ:Defend+1","champ:Defend","champ:Defend","champ:Defend","champ:Execute","champ:Taunt+1","champ:GladiatorStyle","champ:BladeFlurry","Doubt","champ:Lariat","champ:DefensiveStyle","champ:RapidStrikes","champ:DefensiveShout","champ:StrikeOfGenius"],"relics":["champ:ChampionCrown","downfall:HeartsMalice","Pocketwatch","downfall:ShatteredFragment","Replay:Mystery Machine","Replay:WaspNest","Old Coin"],"acts_visited":["Exordium"],"potions_floor_usage":[6,16,16,16],"damage_taken":[{"damage":0,"enemies":"Jaw Worm","floor":2,"turns":1},{"damage":0,"enemies":"Gremlin Nob","floor":6,"turns":1},{"damage":0,"enemies":"2 Louse","floor":9,"turns":1},{"damage":27,"enemies":"Lagavulin","floor":10,"turns":6},{"damage":0,"enemies":"Small Slimes","floor":11,"turns":3},{"damage":12,"enemies":"Blue Slaver","floor":12,"turns":3},{"damage":9,"enemies":"2 Fungi Beasts","floor":14,"turns":4},{"damage":8,"enemies":"Red Slaver","floor":15,"turns":4},{"damage":34,"enemies":"downfall:Ironclad","floor":16,"turns":6}],"seed_played":"-5347318687810036859","potions_obtained":[{"floor":6,"key":"Fruit Juice"},{"floor":12,"key":"champ:CounterPotion"},{"floor":14,"key":"Strength Potion"},{"floor":15,"key":"EssenceOfSteel"}],"is_trial":false,"path_per_floor":["R","M","?","?","?","E","T","?","M","E","M","M","R","M","M","B"],"character_chosen":"THE_CHAMP","items_purchased":[],"campfire_rested":1,"item_purchase_floors":[],"current_hp_per_floor":[90,90,90,72,45,50,50,50,50,28,28,21,49,40,32,0,0,0],"gold":710,"neow_bonus":"THREE_ENEMY_KILL","is_daily":false,"chose_seed":false,"campfire_upgraded":1,"win_rate":0.0,"timestamp":1609031918,"path_taken":["R","M","?","?","?","E","T","?","M","E","M","?","R","M","M","BOSS"],"items_purchased_type":[],"build_version":"2020-12-22","purchased_purges":0,"victory":false,"max_hp_per_floor":[90,90,90,90,90,95,95,95,95,95,95,95,95,95,95,95,95,95],"relic_stats":{"counters":[9,26],"obtain_stats":[{"downfall:ShatteredFragment":5,"champ:ChampionCrown":0,"downfall:HeartsMalice":0,"Replay:WaspNest":7,"Replay:Mystery Machine":6,"Pocketwatch":4,"Old Coin":10},{"downfall:ShatteredFragment":1,"champ:ChampionCrown":0,"downfall:HeartsMalice":0,"Replay:WaspNest":2,"Replay:Mystery Machine":2,"Pocketwatch":1,"Old Coin":4},{"downfall:ShatteredFragment":0,"champ:ChampionCrown":0,"downfall:HeartsMalice":0,"Replay:WaspNest":0,"Replay:Mystery Machine":0,"Pocketwatch":0,"Old Coin":6}],"Pocketwatch":[15]},"card_choices":[{"not_picked":["champ:StanceDance","champ:BerserkerStyle"],"picked":"champ:GladiatorStyle","floor":2},{"not_picked":["champ:Shatter","champ:EnGarde"],"picked":"champ:BladeFlurry","floor":6},{"not_picked":["champ:BerserkersShout","champ:Haymaker"],"picked":"champ:Lariat","floor":9},{"not_picked":["champ:FalseCounter","champ:Backstep"],"picked":"champ:DefensiveStyle","floor":10},{"not_picked":["champ:BladeFlurry","champ:BerserkerStyle"],"picked":"champ:RapidStrikes","floor":11},{"not_picked":["champ:Haymaker","champ:BringItOn"],"picked":"champ:DefensiveShout","floor":12},{"not_picked":["champ:EnGarde","champ:BladeFlurry"],"picked":"champ:StrikeOfGenius","floor":14},{"not_picked":["champ:StanceDance","champ:GutPunch","champ:FanOfKnives"],"picked":"SKIP","floor":15}],"player_experience":34275,"relics_obtained":[{"floor":6,"key":"Replay:Mystery Machine"},{"floor":7,"key":"Replay:WaspNest"},{"floor":10,"key":"Old Coin"}],"event_choices":[{"damage_healed":0,"gold_gain":0,"player_choice":"Success","damage_taken":18,"relics_obtained":["Pocketwatch"],"max_hp_gain":0,"max_hp_loss":0,"event_name":"Scrap Ooze","floor":4,"gold_loss":0}],"is_beta":false,"boss_relics":[],"items_purged_floors":[],"is_endless":false,"potions_floor_spawned":[6,12,14,15],"killed_by":"downfall:Ironclad","ascension_level":0}}