{"host":"tpad8qsc9e0g0pa5","time":1609048444,"event":{"mods":["BaseMod","Minty Spire (QoL Compilation)","Quick Restart","StSLib","The Bug Knight","The Servant 0.9.4"],"gold_per_floor":[112,62,62,24,35,35,61,61,87,105,105,123,123,143,143,248,248,266,266,278,295,295,295,323,41,41,41,116,116,129,139,139,236,286,297,312,312,328,328,358,372,49,76,76,42,42,42,42,42,42],"floor_reached":51,"playtime":3242,"items_purged":["HollowMod:QuickDashStart","HollowMod:NailStrikeStart"],"score":743,"play_id":"3d3177f4-0b14-4ad2-a86a-e9190a7cc665","local_time":"20201227135404","is_ascension_mode":false,"campfire_choices":[{"data":"HollowMod:ShadowDash","floor":6.0,"key":"SMITH"},{"data":"HollowMod:BlackTendrils","floor":11.0,"key":"SMITH"},{"data":"HollowMod:PerfectDash","floor":15.0,"key":"SMITH"},{"floor":23.0,"key":"REST"},{"data":"HollowMod:VoidDash","floor":27.0,"key":"SMITH"},{"data":"HollowMod:MantisMark","floor":29.0,"key":"SMITH"},{"data":"HollowMod:AbyssShriek","floor":32.0,"key":"SMITH"},{"data":"HollowMod:LifebloodCore","floor":44.0,"key":"SMITH"},{"data":"HollowMod:ZotesMagnificence","floor":46.0,"key":"SMITH"},{"data":"HollowMod:SharpenedShadows","floor":49.0,"key":"SMITH"}],"circlet_count":0,"master_deck":["HollowMod:NailStrikeStart","HollowMod:QuickDashStart+1","HollowMod:PogoStrike","HollowMod:CrystalDash+1","HollowMod:ShadowDash+1","HollowMod:BlackTendrils+1","HollowMod:PerfectDash+1","HollowMod:VoidDash+1","HollowMod:DescendingDark+1","HollowMod:DreamGate","HollowMod:MantisMark+1","HollowMod:RecoilStrike","HollowMod:CoiledNail+1","HollowMod:VengefulVoid","HollowMod:AbyssShriek+1","HollowMod:LifebloodCore+1","HollowMod:SharpenedShadows+1","HollowMod:SiblingsShadow+1","HollowMod:ZotesMagnificence+1","HollowMod:SiblingsShadow"],"relics":["HollowMod:VesselMask","NeowsBlessing","Bronze Scales","Lantern","SlaversCollar","Pocketwatch","Vajra","Eternal Feather","Tiny House","Question Card","Nunchaku","Blood Vial"],"acts_visited":["Exordium","TheCity","TheBeyond"],"potions_floor_usage":[],"damage_taken":[{"damage":0.0,"enemies":"2 Louse","floor":1.0,"turns":1.0},{"damage":0.0,"enemies":"Jaw Worm","floor":5.0,"turns":1.0},{"damage":0.0,"enemies":"3 Sentries","floor":7.0,"turns":1.0},{"damage":0.0,"enemies":"Cultist","floor":10.0,"turns":4.0},{"damage":8.0,"enemies":"Exordium Thugs","floor":12.0,"turns":6.0},{"damage":6.0,"enemies":"2 Fungi Beasts","floor":14.0,"turns":4.0},{"damage":33.0,"enemies":"Hexaghost","floor":16.0,"turns":15.0},{"damage":1.0,"enemies":"Chosen","floor":18.0,"turns":7.0},{"damage":13.0,"enemies":"HollowMod:HuskSentry","floor":20.0,"turns":6.0},{"damage":14.0,"enemies":"Centurion and Healer","floor":21.0,"turns":16.0},{"damage":9.0,"enemies":"HollowMod:Nosk","floor":24.0,"turns":11.0},{"damage":3.0,"enemies":"Snecko","floor":30.0,"turns":6.0},{"damage":0.0,"enemies":"Chosen and Byrds","floor":31.0,"turns":3.0},{"damage":5.0,"enemies":"Collector","floor":33.0,"turns":6.0},{"damage":0.0,"enemies":"Orb Walker","floor":35.0,"turns":3.0},{"damage":5.0,"enemies":"3 Shapes","floor":36.0,"turns":3.0},{"damage":7.0,"enemies":"Maw","floor":38.0,"turns":7.0},{"damage":4.0,"enemies":"Reptomancer","floor":40.0,"turns":5.0},{"damage":2.0,"enemies":"4 Shapes","floor":41.0,"turns":3.0},{"damage":0,"enemies":"HollowMod:Radiance","floor":50,"turns":11}],"seed_played":"-5677992854459064407","potions_obtained":[{"floor":1.0,"key":"DistilledChaos"},{"floor":7.0,"key":"SneckoOil"},{"floor":12.0,"key":"EssenceOfSteel"},{"floor":16.0,"key":"Block Potion"},{"floor":18.0,"key":"Strength Potion"},{"floor":30.0,"key":"SmokeBomb"},{"floor":31.0,"key":"Dexterity Potion"},{"floor":33.0,"key":"Block Potion"},{"floor":34.0,"key":"Fire Potion"},{"floor":36.0,"key":"ColorlessPotion"},{"floor":38.0,"key":"Explosive Potion"}],"is_trial":false,"path_per_floor":["M","?","?","$","M","R","E","?","T","M","R","M","?","M","R","B",null,"M","?","M","M","?","R","E","$","T","R","?","R","M","M","R","B",null,"M","M","?","M","?","E","M","$","T","R","$","R","?","?","R","B",null],"character_chosen":"THE_BUGKNIGHT","items_purchased":["HollowMod:CrystalDash","HollowMod:VengefulVoid","Vajra","HollowMod:ZotesMagnificence","Nunchaku","HollowMod:SiblingsShadow"],"campfire_rested":1,"item_purchase_floors":[4,25,25,42,42,45],"current_hp_per_floor":[75,75,68,68,68,68,68,53,53,55,55,50,50,47,47,17,75,74,74,64,56,42,66,62,62,62,71,63,72,69,71,80,80,85,85,85,85,80,80,81,79,79,79,85,85,85,85,85,85,85],"gold":42,"neow_bonus":"THREE_ENEMY_KILL","is_daily":false,"chose_seed":false,"campfire_upgraded":9,"win_rate":0.0,"timestamp":1609048444,"path_taken":["M","?","?","$","?","R","E","?","T","M","R","M","?","M","R","BOSS","M","?","?","M","?","R","E","$","T","R","?","R","M","M","R","BOSS","M","M","?","M","?","E","?","$","T","R","$","R","?","?","R","BOSS"],"items_purchased_type":["Card","Card","Relic","Card","Relic","Card"],"build_version":"2020-12-22","purchased_purges":2,"victory":true,"max_hp_per_floor":[75,75,75,75,75,75,75,75,75,75,75,75,75,75,75,75,75,75,75,75,75,80,80,80,80,80,80,80,80,80,80,80,80,85,85,85,85,85,85,85,85,85,85,85,85,85,85,85,85,85],"card_choices":[{"not_picked":["HollowMod:PureNailStrike","HollowMod:CoiledNail","HollowMod:GoodIntentions"],"picked":"SKIP","floor":1.0},{"not_picked":["HollowMod:NewJinnsSoul","HollowMod:HuntersJournal"],"picked":"HollowMod:ShadowDash","floor":5.0},{"not_picked":["HollowMod:DesolateDive","HollowMod:PerfectDash"],"picked":"HollowMod:BlackTendrils","floor":7.0},{"not_picked":["HollowMod:DoubleDash","HollowMod:ShadowDash"],"picked":"HollowMod:PerfectDash","floor":10.0},{"not_picked":["HollowMod:NewJinnsSoul","HollowMod:CrystalDash","HollowMod:SoulEater"],"picked":"SKIP","floor":12.0},{"not_picked":["HollowMod:GreatSlash","HollowMod:ChannelNail","HollowMod:Weaversong"],"picked":"SKIP","floor":14.0},{"not_picked":["HollowMod:NewInfectedGuardian","HollowMod:MidwifesHunger"],"picked":"HollowMod:VoidDash","floor":16.0},{"not_picked":["HollowMod:FallenFury+1","HollowMod:NewGlowingWomb+1"],"picked":"HollowMod:DescendingDark","floor":18.0},{"not_picked":["HollowMod:BrokenVessel","HollowMod:DashSlash"],"picked":"HollowMod:MantisMark","floor":20.0},{"not_picked":["HollowMod:ChannelNail+1","HollowMod:HowlingWraiths"],"picked":"HollowMod:RecoilStrike","floor":21.0},{"not_picked":["HollowMod:CornifersMapStart","HollowMod:GoodIntentions+1"],"picked":"HollowMod:CoiledNail+1","floor":24.0},{"not_picked":["HollowMod:SiblingsSouls","HollowMod:CoiledNail+1"],"picked":"HollowMod:AbyssShriek","floor":30.0},{"not_picked":["HollowMod:LifebloodCocoon+1","HollowMod:LifebloodCore","HollowMod:GrimmsGift"],"picked":"SKIP","floor":31.0},{"not_picked":["HollowMod:VoidDash","HollowMod:NewInfectedGuardian"],"picked":"HollowMod:LifebloodCore","floor":33.0},{"not_picked":["HollowMod:MonarchWings","HollowMod:HuntersJournal"],"picked":"HollowMod:SharpenedShadows","floor":34.0},{"not_picked":["HollowMod:CycloneSlash","HollowMod:InfectedCysts+1"],"picked":"HollowMod:SiblingsShadow+1","floor":35.0},{"not_picked":["HollowMod:HeavyBlow+1","HollowMod:FastStrike+1","HollowMod:LifebloodCocoon"],"picked":"SKIP","floor":36.0},{"not_picked":["HollowMod:NewInfectedGuardian","HollowMod:NewLittleFool+1","HollowMod:BrokenVessel+1"],"picked":"SKIP","floor":38.0},{"not_picked":["HollowMod:LifebloodCore","HollowMod:MonarchWings","HollowMod:CycloneSlash+1"],"picked":"SKIP","floor":40.0},{"not_picked":["HollowMod:VengefulSpirit","HollowMod:SoulStrike","HollowMod:CycloneSlash","HollowMod:DashSlash+1"],"picked":"SKIP","floor":41.0}],"player_experience":278839,"relics_obtained":[{"floor":7.0,"key":"Bronze Scales"},{"floor":9.0,"key":"Lantern"},{"floor":24.0,"key":"Pocketwatch"},{"floor":26.0,"key":"Eternal Feather"},{"floor":40.0,"key":"Question Card"},{"floor":43.0,"key":"Blood Vial"}],"event_choices":[{"cards_removed":["HollowMod:FocusHealStart"],"damage_healed":0.0,"max_hp_gain":0.0,"max_hp_loss":0.0,"gold_gain":0.0,"event_name":"The Cleric","player_choice":"Card Removal","floor":2.0,"gold_loss":50.0,"damage_taken":0.0},{"cards_removed":["HollowMod:NailStrikeStart"],"damage_healed":0.0,"max_hp_gain":0.0,"max_hp_loss":0.0,"gold_gain":0.0,"event_name":"Golden Wing","player_choice":"Card Removal","floor":3.0,"gold_loss":0.0,"damage_taken":7.0},{"damage_healed":0.0,"max_hp_gain":0.0,"max_hp_loss":0.0,"gold_gain":0.0,"event_name":"Shining Light","player_choice":"Entered Light","floor":8.0,"gold_loss":0.0,"damage_taken":15.0,"cards_upgraded":["HollowMod:QuickDashStart","HollowMod:CrystalDash"]},{"damage_healed":0.0,"max_hp_gain":0.0,"max_hp_loss":0.0,"gold_gain":0.0,"event_name":"Liars Game","player_choice":"Ignored","floor":13.0,"gold_loss":0.0,"damage_taken":0.0},{"damage_healed":0.0,"max_hp_gain":0.0,"max_hp_loss":0.0,"gold_gain":0.0,"cards_transformed":["HollowMod:QuickDashStart"],"event_name":"Transmorgrifier","player_choice":"Transformed","floor":19.0,"gold_loss":0.0,"damage_taken":0.0,"cards_obtained":["HollowMod:DreamGate"]},{"damage_healed":0.0,"max_hp_gain":5.0,"max_hp_loss":0.0,"gold_gain":0.0,"event_name":"Forgotten Altar","player_choice":"Shed Blood","floor":22.0,"gold_loss":0.0,"damage_taken":19.0},{"damage_healed":0.0,"max_hp_gain":0.0,"max_hp_loss":0.0,"gold_gain":75.0,"event_name":"FaceTrader","player_choice":"Touch","floor":28.0,"gold_loss":0.0,"damage_taken":8.0},{"damage_healed":0.0,"max_hp_gain":0.0,"max_hp_loss":0.0,"gold_gain":0.0,"event_name":"NoteForYourself","player_choice":"Ignored","floor":39.0,"gold_loss":0.0,"damage_taken":0.0},{"damage_healed":0.0,"max_hp_gain":0.0,"max_hp_loss":0.0,"gold_gain":0.0,"event_name":"Mysterious Sphere","player_choice":"Ignored","floor":47.0,"gold_loss":0.0,"damage_taken":0.0},{"cards_removed":["HollowMod:NailStrikeStart"],"damage_healed":0.0,"max_hp_gain":0.0,"max_hp_loss":0.0,"gold_gain":0.0,"event_name":"Falling","player_choice":"Removed Attack","floor":48.0,"gold_loss":0.0,"damage_taken":0.0}],"is_beta":false,"boss_relics":[{"not_picked":["Coffee Dripper","SacredBark"],"picked":"SlaversCollar"},{"not_picked":["Busted Crown","Snecko Eye"],"picked":"Tiny House"}],"items_purged_floors":[25,42],"is_endless":false,"potions_floor_spawned":[1,7,12,14,16,18,30,31,33,36,38],"ascension_level":0}}