{"host":"yd9r7zy2pq4z3cad","time":1609063778,"event":{"mods":["AchievementEnabler","Act Like it!","Astrologer","BaseMod","Beaked The Cultist","Better Third Choice","BetterRewards","Colored Map","Colored Powertips","Conspire","Curses Come First","Displayed Cursed Tome","Downfall","Elementarium","GifTheSpireLib","Halation","Hallownest","Hermit","Highlight Path","Hubris","Infinite Spire","Jorbs\u0027s Wanderer Trilogy","Menagerie","Minty Spire (QoL Compilation)","Pale of the Ancients","Permanent Neow","Rare Cards Sparkle","Relic Sorter","Relic Stats","Replay The Spire","Shade Mod","StSLib","Stuff the Spire","The Alterego","The Blackbeard","The Bladedancer","The Bug Knight","The Cursed","The Dragon Tamer","The Exalted","The Factory","The Forsaken","The Gatherer","The Hierophant","The Jungle","The Mystic","The Necromancer","The Problem Sleuth","The Runesmith","The Servant 0.9.4","The Spell Scribe","vexMod"],"gold_per_floor":[114,339,356,417,36,36,36,36,63,63,63,75,75,103,103,206,206,225,225,140,190,220,258,270,282,368,380,408,430,442,491,503,611,623,649,661,121,121,121,121,121,195,209,237,248,281,281,281,281],"floor_reached":50,"playtime":2515,"items_purged":["Shame","StuffTheSpire:CuriosityCurse"],"score":710,"play_id":"16d5c78f-cbf8-4237-b4a9-36bd103988a7","local_time":"20201227150938","is_ascension_mode":false,"campfire_choices":[{"data":"alterego_mod:Impale","floor":6.0,"key":"SMITH"},{"data":"alterego_mod:SakuraPetals","floor":8.0,"key":"SMITH"},{"data":"alterego_mod:Mirror","floor":13.0,"key":"SMITH"},{"floor":15.0,"key":"DIG"},{"floor":24.0,"key":"REST"},{"data":"alterego_mod:Venus","floor":27.0,"key":"SMITH"},{"data":"alterego_mod:Maid","floor":30.0,"key":"SMITH"},{"floor":32.0,"key":"REST"},{"floor":40.0,"key":"REST"},{"floor":42.0,"key":"REST"},{"floor":49.0,"key":"REST"}],"circlet_count":0,"master_deck":["alterego_mod:Strike","alterego_mod:Strike","alterego_mod:Strike","alterego_mod:Defend","alterego_mod:Defend","alterego_mod:Defend","alterego_mod:Defend","alterego_mod:Impale+1","alterego_mod:BigMeatyClaws","alterego_mod:BrynhildrsRune+1","alterego_mod:Undulate","alterego_mod:SakuraPetals+1","alterego_mod:Mirror+1","alterego_mod:MagicResistance","alterego_mod:Venus+1","alterego_mod:Maid+1","alterego_mod:SuperDuperMasochism","Parasite","alterego_mod:SakuraLabyrinth+1","alterego_mod:Undulate","alterego_mod:Cushion+1"],"relics":["alterego_mod:MasochisticConstitution","halation:VictoryRuler","hubris:Icosahedron","Vajra","Oddly Smooth Stone","HandDrill","Bromod:ArcaneTempo","conspire:Boomerang","halation:KoshaPiece","hubris:Backtick","infinitespire:Golems Mask","CaptainsWheel","Bromod:ArcaneNullifier","MawBank","Bromod:ArcaneTrickery","Darkstone Periapt","StuffTheSpire:Rhapsscallions","hubris:Teleporter","Replay:Mystery Machine","StuffTheSpire:OldFever","Ring of Peace","Ring of Fangs","Kunai","Regal Pillow"],"acts_visited":["Menagerie:Menagerie","TheCity","theFactory:Factory"],"potions_floor_usage":[50],"damage_taken":[{"damage":0.0,"enemies":"Menagerie:2_RABBITS","floor":1.0,"turns":7.0},{"damage":4.0,"enemies":"Menagerie:MonstrousExperiment","floor":3.0,"turns":7.0},{"damage":0.0,"enemies":"Menagerie:WhisperingWraith","floor":12.0,"turns":3.0},{"damage":4.0,"enemies":"Menagerie:MaskedSummoner","floor":14.0,"turns":8.0},{"damage":13.0,"enemies":"Menagerie:AVATARS","floor":16.0,"turns":4.0},{"damage":0.0,"enemies":"Spheric Guardian","floor":18.0,"turns":2.0},{"damage":0.0,"enemies":"Chosen","floor":22.0,"turns":4.0},{"damage":25.0,"enemies":"Book of Stabbing","floor":23.0,"turns":5.0},{"damage":0.0,"enemies":"Centurion and Healer","floor":28.0,"turns":3.0},{"damage":0.0,"enemies":"Sentry and Sphere","floor":29.0,"turns":4.0},{"damage":48.0,"enemies":"conspire:MimicChest","floor":31.0,"turns":6.0},{"damage":29.0,"enemies":"Collector","floor":33.0,"turns":6.0},{"damage":52.0,"enemies":"theFactory:2_Experiment_Personnel","floor":35.0,"turns":6.0},{"damage":18.0,"enemies":"theFactory:BigBot","floor":44.0,"turns":14.0},{"damage":39.0,"enemies":"Nightmare","floor":45.0,"turns":5.0},{"damage":4.0,"enemies":"theFactory:DecayingSentinel","floor":46.0,"turns":6.0},{"damage":14.0,"enemies":"theFactory:SmogElemental","floor":47.0,"turns":5.0},{"damage":20,"enemies":"theFactory:Guardian2","floor":50,"turns":9}],"seed_played":"-6618900476494181660","potions_obtained":[{"floor":1.0,"key":"Ancient Potion"},{"floor":4.0,"key":"Death Potion"},{"floor":4.0,"key":"FearPotion"},{"floor":12.0,"key":"champ:CounterPotion"},{"floor":28.0,"key":"AttackPotion"},{"floor":29.0,"key":"Toxic Potion"},{"floor":46.0,"key":"Strength Potion"},{"floor":47.0,"key":"SpeedPotion"}],"is_trial":false,"path_per_floor":["M","?","M","?","$","R","?","R","T","$","?","M","R","E","R_BF","B",null,"M","?","?","T","M","E","R","?","T","R","M","M","R","?","R","B",null,"M","?","$","?","R","?","R","T","M","NM","M","E","R","B"],"character_chosen":"The_Alterego","items_purchased":["Oddly Smooth Stone","HandDrill","Replay:Mystery Machine","alterego_mod:SuperDuperMasochism","StuffTheSpire:OldFever","LiquidBronze"],"campfire_rested":5,"item_purchase_floors":[5,5,37,37,37,37],"current_hp_per_floor":[70,70,71,71,71,71,61,61,61,61,61,68,68,72,72,73,73,73,66,66,66,66,49,71,64,64,64,64,64,64,20,43,15,79,28,34,34,34,59,65,92,92,82,44,62,49,92,73,73],"gold":281,"neow_bonus":"RANDOM_EVENT","is_daily":false,"chose_seed":false,"campfire_upgraded":5,"win_rate":0.0,"timestamp":1609063778,"path_taken":["M","?","M","?","$","R","?","R","T","$","?","M","R","E","R_BF","BOSS","M","?","?","?","M","E","R","?","T","R","M","?","R","?","R","BOSS","M","?","$","?","R","?","R","T","M","NM","M","E","R","BOSS"],"items_purchased_type":["Relic","Relic","Relic","Card","Relic","Potion"],"build_version":"2020-12-22","purchased_purges":2,"victory":false,"max_hp_per_floor":[70,70,71,71,71,71,71,71,71,71,71,71,71,72,72,73,73,73,73,73,73,73,74,74,74,74,74,74,74,74,78,78,79,79,80,86,86,86,86,92,92,92,93,94,95,96,96,97,97],"relic_stats":{"Darkstone Periapt":12,"Regal Pillow":15,"counters":[41,225],"HandDrill":[38],"Kunai":[6],"MawBank":192,"obtain_stats":[{"Darkstone Periapt":26,"ReplayTheSpireMod:Ring of Exchange":8,"Regal Pillow":47,"Bromod:ArcaneNullifier":16,"Menagerie:ShiftingBlessing":15,"StuffTheSpire:Rhapsscallions":31,"Runesmith:Locket":11,"Vajra":4,"conspire:SpecialSausage":17,"Replay:Mystery Machine":37,"Bromod:ArcaneAwakening":20,"Chameleon Ring":9,"hubris:Backtick":17,"hubris:Icosahedron":38,"Ring of Fangs":41,"downfall:HeartBlessingBlue":10,"Bromod:ArcaneTrickery":23,"Ring of Peace":41,"Bromod:ArcaneTempo":9,"halation:VictoryRuler":45,"infinitespire:Golems Mask":17,"HandDrill":5,"halation:KoshaPiece":15,"Kunai":43,"alterego_mod:MasochisticConstitution":0,"Bromod:ArcaneGrace":20,"hubris:Teleporter":36,"downfall:HeartBlessingRed":5,"Golden Idol":2,"vexMod:MysteryBossChallenge":20,"Oddly Smooth Stone":5,"conspire:Boomerang":14,"hubris:Towel":4,"MawBank":21,"vexMod:Dragonfruit":23,"CaptainsWheel":19,"Ring of Misfortune":8,"Grinning Jar":14,"halation:PinkSoulGem":5,"StuffTheSpire:OldFever":37},{"Darkstone Periapt":31,"ReplayTheSpireMod:Ring of Exchange":2,"Regal Pillow":40,"Bromod:ArcaneNullifier":5,"Menagerie:ShiftingBlessing":16,"StuffTheSpire:Rhapsscallions":34,"Runesmith:Locket":3,"Vajra":25,"conspire:SpecialSausage":17,"Replay:Mystery Machine":36,"Bromod:ArcaneAwakening":18,"Chameleon Ring":12,"hubris:Backtick":28,"hubris:Icosahedron":36,"Ring of Fangs":36,"downfall:HeartBlessingBlue":2,"Bromod:ArcaneTrickery":31,"Ring of Peace":36,"Bromod:ArcaneTempo":25,"halation:VictoryRuler":38,"infinitespire:Golems Mask":28,"HandDrill":25,"halation:KoshaPiece":27,"Kunai":36,"alterego_mod:MasochisticConstitution":0,"Bromod:ArcaneGrace":18,"hubris:Teleporter":36,"downfall:HeartBlessingRed":2,"Golden Idol":11,"vexMod:MysteryBossChallenge":18,"Oddly Smooth Stone":25,"conspire:Boomerang":27,"hubris:Towel":2,"MawBank":29,"vexMod:Dragonfruit":21,"CaptainsWheel":29,"Ring of Misfortune":2,"Grinning Jar":16,"halation:PinkSoulGem":11,"StuffTheSpire:OldFever":36},{"Darkstone Periapt":161,"ReplayTheSpireMod:Ring of Exchange":10,"Regal Pillow":216,"Bromod:ArcaneNullifier":25,"Menagerie:ShiftingBlessing":89,"StuffTheSpire:Rhapsscallions":174,"Runesmith:Locket":17,"Vajra":135,"conspire:SpecialSausage":96,"Replay:Mystery Machine":186,"Bromod:ArcaneAwakening":101,"Chameleon Ring":67,"hubris:Backtick":150,"hubris:Icosahedron":186,"Ring of Fangs":186,"downfall:HeartBlessingBlue":10,"Bromod:ArcaneTrickery":161,"Ring of Peace":186,"Bromod:ArcaneTempo":135,"halation:VictoryRuler":205,"infinitespire:Golems Mask":150,"HandDrill":135,"halation:KoshaPiece":146,"Kunai":186,"alterego_mod:MasochisticConstitution":0,"Bromod:ArcaneGrace":101,"hubris:Teleporter":186,"downfall:HeartBlessingRed":10,"Golden Idol":61,"vexMod:MysteryBossChallenge":101,"Oddly Smooth Stone":135,"conspire:Boomerang":146,"hubris:Towel":10,"MawBank":152,"vexMod:Dragonfruit":115,"CaptainsWheel":152,"Ring of Misfortune":10,"Grinning Jar":89,"halation:PinkSoulGem":61,"StuffTheSpire:OldFever":186}]},"card_choices":[{"not_picked":["alterego_mod:Clap","alterego_mod:Bounce"],"picked":"alterego_mod:Undulate","floor":1.0},{"not_picked":["alterego_mod:Punishment","alterego_mod:Jiggle","alterego_mod:DiscoLights"],"picked":"SKIP","floor":3.0},{"not_picked":["alterego_mod:PurpleHair","alterego_mod:Belts"],"picked":"alterego_mod:SakuraPetals","floor":4.0},{"not_picked":["alterego_mod:Complex","alterego_mod:SakuraFive"],"picked":"alterego_mod:Mirror","floor":12.0},{"not_picked":["alterego_mod:DestructionOfProperty","alterego_mod:SakuraFive"],"picked":"alterego_mod:MagicResistance","floor":14.0},{"not_picked":["alterego_mod:SideboobHour","alterego_mod:TrickOrTreatment"],"picked":"alterego_mod:Venus","floor":16.0},{"not_picked":["alterego_mod:RocketPunch","alterego_mod:Jiggle+1","alterego_mod:Exercise"],"picked":"SKIP","floor":18.0},{"not_picked":["alterego_mod:Undulate","alterego_mod:Cycle","alterego_mod:Bunnysuit"],"picked":"SKIP","floor":22.0},{"not_picked":["alterego_mod:Cycle","alterego_mod:RingBreak","alterego_mod:Skirt"],"picked":"SKIP","floor":23.0},{"not_picked":["alterego_mod:Punishment","alterego_mod:Belle","alterego_mod:Cycle"],"picked":"SKIP","floor":28.0},{"not_picked":["alterego_mod:TrashNCrash+1","alterego_mod:BoobPocket+1"],"picked":"alterego_mod:Maid","floor":29.0},{"not_picked":["alterego_mod:MagicResistance+1","alterego_mod:Crossover","alterego_mod:Skirt+1"],"picked":"SKIP","floor":35.0},{"not_picked":["alterego_mod:Complex","alterego_mod:1TonWallop"],"picked":"alterego_mod:SakuraLabyrinth+1","floor":44.0},{"not_picked":["alterego_mod:Punishment+1","alterego_mod:Jiggle"],"picked":"alterego_mod:Undulate","floor":45.0},{"not_picked":["alterego_mod:MagicResistance+1","alterego_mod:DeftHands"],"picked":"alterego_mod:Cushion+1","floor":46.0},{"not_picked":["alterego_mod:Belts","alterego_mod:IdEs","alterego_mod:Bounce+1"],"picked":"SKIP","floor":47.0}],"player_experience":184191,"relics_obtained":[{"floor":4.0,"key":"Vajra"},{"floor":9.0,"key":"Bromod:ArcaneTempo"},{"floor":14.0,"key":"conspire:Boomerang"},{"floor":15.0,"key":"halation:KoshaPiece"},{"floor":21.0,"key":"MawBank"},{"floor":23.0,"key":"Bromod:ArcaneTrickery"},{"floor":26.0,"key":"Darkstone Periapt"},{"floor":31.0,"key":"StuffTheSpire:Rhapsscallions"},{"floor":41.0,"key":"Ring of Peace"},{"floor":41.0,"key":"Ring of Fangs"},{"floor":43.0,"key":"Kunai"},{"floor":45.0,"key":"halation:VictoryRuler"},{"floor":47.0,"key":"Regal Pillow"}],"event_choices":[{"damage_healed":0.0,"max_hp_gain":0.0,"max_hp_loss":0.0,"gold_gain":225.0,"event_name":"Menagerie:SpiderNest","player_choice":"Raid","floor":2.0,"gold_loss":0.0,"damage_taken":0.0,"cards_obtained":["Shame"]},{"damage_healed":0.0,"max_hp_gain":0.0,"max_hp_loss":0.0,"gold_gain":0.0,"event_name":"Menagerie:ScentOfGold","player_choice":"Run","floor":7.0,"gold_loss":0.0,"damage_taken":10.0},{"damage_healed":0.0,"max_hp_gain":0.0,"max_hp_loss":0.0,"gold_gain":0.0,"event_name":"conspire:Investor","player_choice":"Leave","floor":11.0,"gold_loss":0.0,"damage_taken":0.0},{"damage_healed":0.0,"max_hp_gain":0.0,"max_hp_loss":0.0,"gold_gain":0.0,"event_name":"blackbeard:ShipwreckEvent","player_choice":"CaptainsWheel","floor":19.0,"gold_loss":0.0,"damage_taken":0.0,"relics_obtained":["CaptainsWheel"]},{"damage_healed":0.0,"max_hp_gain":0.0,"max_hp_loss":0.0,"gold_gain":0.0,"event_name":"Addict","player_choice":"Obtained Relic","floor":20.0,"gold_loss":85.0,"damage_taken":0.0,"relics_obtained":["Bromod:ArcaneNullifier"]},{"damage_healed":0.0,"max_hp_gain":0.0,"max_hp_loss":0.0,"gold_gain":0.0,"event_name":"Wheel of Change","player_choice":"Damaged","floor":25.0,"gold_loss":0.0,"damage_taken":7.0}],"is_beta":false,"boss_relics":[{"not_picked":["hubris:Stopwatch","halation:ForbiddenBikini"],"picked":"hubris:Backtick"},{"not_picked":["ReplayTheSpireMod:DimensionalGlitch","halation:CatFaceCupcake","Coffee Dripper"]}],"items_purged_floors":[5,37],"is_endless":true,"potions_floor_spawned":[1,12,18,28,29,46,47,50],"killed_by":"theFactory:Guardian2","ascension_level":0}}