{"host":"4qkvkh7pd9qr2mca","time":1609027542,"event":{"mods":["AchievementEnabler","BaseMod","Colored Map","Colored Powertips","Highlight Path","Minty Spire (QoL Compilation)","Permanent Neow","Quick Restart","StSLib","SuperFastMode"],"gold_per_floor":[360,45,56,70,86,118,133,133,133],"floor_reached":8,"playtime":366,"items_purged":[],"score":120,"play_id":"44a074c3-1868-4e0d-a0e2-96e79b7bedf7","local_time":"20201227010542","is_ascension_mode":true,"campfire_choices":[],"circlet_count":0,"master_deck":["AscendersBane","Strike_R","Strike_R","Strike_R","Strike_R","Strike_R","Defend_R","Defend_R","Defend_R","Defend_R","Bash","Decay","Cleave","Shrug It Off","Twin Strike","Combust","Blood for Blood"],"relics":["Burning Blood","Singing Bowl","Bottled Tornado"],"acts_visited":["Exordium"],"potions_floor_usage":[8],"damage_taken":[{"damage":6,"enemies":"Cultist","floor":1,"turns":3},{"damage":9,"enemies":"Jaw Worm","floor":3,"turns":4},{"damage":4,"enemies":"2 Louse","floor":4,"turns":3},{"damage":27,"enemies":"Exordium Thugs","floor":5,"turns":5},{"damage":44,"enemies":"3 Sentries","floor":6,"turns":7},{"damage":3,"enemies":"2 Fungi Beasts","floor":7,"turns":3},{"damage":28,"enemies":"Gremlin Nob","floor":8,"turns":3}],"seed_played":"-4105994886037804734","potions_obtained":[{"floor":1,"key":"CultistPotion"},{"floor":4,"key":"FearPotion"},{"floor":7,"key":"AttackPotion"}],"is_trial":false,"path_per_floor":["M","$","M","M","M","E","M","E"],"character_chosen":"IRONCLAD","items_purchased":["Singing Bowl","Shrug It Off"],"campfire_rested":0,"item_purchase_floors":[2,2],"current_hp_per_floor":[68,68,67,69,48,12,15,0,0],"gold":133,"neow_bonus":"TWO_FIFTY_GOLD","is_daily":false,"chose_seed":false,"campfire_upgraded":0,"win_rate":0.0,"timestamp":1609027542,"path_taken":["M","$","M","M","M","E","M","E"],"items_purchased_type":["Relic","Card"],"build_version":"2020-12-22","purchased_purges":0,"victory":false,"max_hp_per_floor":[75,75,77,77,77,79,79,79,79],"card_choices":[{"not_picked":["Perfected Strike","Warcry"],"picked":"Cleave","floor":1},{"not_picked":["Reckless Charge","Armaments","Flex"],"picked":"Singing Bowl","floor":3},{"not_picked":["Reckless Charge","Warcry"],"picked":"Twin Strike","floor":4},{"not_picked":["Heavy Blade","Inflame"],"picked":"Combust","floor":5},{"not_picked":["Armaments","Warcry","Rage"],"picked":"Singing Bowl","floor":6},{"not_picked":["Headbutt","Evolve"],"picked":"Blood for Blood","floor":7}],"player_experience":495456,"relics_obtained":[{"floor":6,"key":"Bottled Tornado"}],"event_choices":[],"is_beta":false,"boss_relics":[],"items_purged_floors":[],"is_endless":false,"potions_floor_spawned":[1,4,5,7],"killed_by":"Gremlin Nob","ascension_level":20}}