{"host":"5fasz840ryq7obdf","time":1609103689,"event":{"mods":["AchievementEnabler","BaseMod","Bestiary","Better Altar","Better Skull","Better Third Choice","BetterRewards","Block Reminder","Colored Powertips","Curses Come First","Highlight Path","Minty Spire (QoL Compilation)","Quick Restart","Rare Cards Sparkle","Relic Stats","Replay The Spire","Shop Mod","Spicy Shops","StSLib","SuperFastMode"],"gold_per_floor":[111,121,138,138,151,182,182,25,25,25,55,1,1,34,34,109,109,123,135,146,146,162,187,187,187,187,224,100,134,159,175,175,262,262,279,36,55,5,31,70,90,90,90,125,157,198,257,290,290,290,290,290,290,22,67,67],"floor_reached":57,"playtime":4514,"items_purged":["Strike_G","Strike_G","Strike_G","Defend_G","Defend_G","Defend_G"],"score":3969,"play_id":"7ab1b3ef-85e8-4022-9d6b-8a95d61b6848","local_time":"20201227211449","is_ascension_mode":true,"campfire_choices":[{"data":"Well Laid Plans","floor":7.0,"key":"SMITH"},{"floor":10.0,"key":"REST"},{"data":"Neutralize","floor":15.0,"key":"SMITH"},{"data":"ReplayTheSpireMod:Scrap Shanks","floor":24.0,"key":"SMITH"},{"data":"Strike_G","floor":32.0,"key":"PURGE"},{"floor":42.0,"key":"RECALL"},{"data":"Replay:Bag of Tricks","floor":49.0,"key":"SMITH"},{"data":"Acrobatics","floor":53.0,"key":"SMITH"}],"circlet_count":0,"master_deck":["AscendersBane","Strike_G","Defend_G+1","Defend_G+1","Survivor","Neutralize+1","Cloak And Dagger","Accuracy+1","Well Laid Plans+1","Backflip","Finisher","Footwork","Calculated Gamble+1","Apotheosis+1","Blade Dance","Tactician","Footwork","Cloak And Dagger","Atom Bomb","Outmaneuver","Cloak And Dagger","Tactician","ReplayTheSpireMod:Scrap Shanks+1","Blade Dance","Cloak And Dagger","Replay:Bag of Tricks+1","Dodge and Roll","Accuracy","Dash","Blade Dance","J.A.X.","Prepared","Backstab","Malaise","Blade Dance","Atom Bomb","Concentrate","Acrobatics+1","ReplayTheSpireMod:Shiv Toss","Skewer","Prepared","Parasite","Backflip","Quick Slash","Hallucinations","Slice","Phantasmal Killer","Backflip","Blur","After Image"],"relics":["Ring of the Snake","Shuriken","Snack Pack","Orrery","Lantern","BargainBundle","Oddly Smooth Stone","Anchor","Nunchaku","Guide Book","TwistedFunnel","Bird Faced Urn","PreservedInsect","Matryoshka","Meat on the Bone","Bag of Marbles","Busted Crown","Potion Belt","Smiling Mask","Mercury Hourglass","CeramicFish","The Courier","Runic Pyramid","Sling","Replay:Ringing Soul","ReplayTheSpireMod:TigerMarble","Gremlin Food","Replay:Towering Pillar of Hats","ReplayTheSpireMod:Ring of Collecting","Ring of Greed","Golden Idol","Replay:Wax Seal","Counterbalance"],"acts_visited":["Exordium","TheCity","TheBeyond","TheEnding"],"potions_floor_usage":[56],"damage_taken":[{"damage":0.0,"enemies":"Cultist","floor":1.0,"turns":2.0},{"damage":0.0,"enemies":"2 Louse","floor":2.0,"turns":1.0},{"damage":0.0,"enemies":"Jaw Worm","floor":3.0,"turns":3.0},{"damage":0.0,"enemies":"Looter","floor":5.0,"turns":1.0},{"damage":0.0,"enemies":"3 Sentries","floor":6.0,"turns":4.0},{"damage":8.0,"enemies":"Lagavulin","floor":11.0,"turns":4.0},{"damage":0.0,"enemies":"3 Sentries","floor":14.0,"turns":4.0},{"damage":20.0,"enemies":"The Guardian","floor":16.0,"turns":7.0},{"damage":0.0,"enemies":"2 Thieves","floor":18.0,"turns":4.0},{"damage":0.0,"enemies":"Chosen","floor":19.0,"turns":4.0},{"damage":7.0,"enemies":"Snake Plant","floor":20.0,"turns":5.0},{"damage":0.0,"enemies":"Centurion and Healer","floor":22.0,"turns":2.0},{"damage":20.0,"enemies":"Gremlin Leader","floor":23.0,"turns":3.0},{"damage":5.0,"enemies":"Slavers","floor":27.0,"turns":4.0},{"damage":3.0,"enemies":"Gremlin Leader","floor":29.0,"turns":2.0},{"damage":3.0,"enemies":"3 Cultists","floor":30.0,"turns":2.0},{"damage":3.0,"enemies":"Snecko","floor":31.0,"turns":2.0},{"damage":7.0,"enemies":"Pondfish","floor":33.0,"turns":6.0},{"damage":0.0,"enemies":"Orb Walker","floor":35.0,"turns":1.0},{"damage":10.0,"enemies":"3 Darklings","floor":37.0,"turns":4.0},{"damage":3.0,"enemies":"Sphere and 2 Shapes","floor":39.0,"turns":1.0},{"damage":4.0,"enemies":"Nemesis","floor":40.0,"turns":3.0},{"damage":11.0,"enemies":"4 Shapes","floor":41.0,"turns":4.0},{"damage":3.0,"enemies":"Giant Head","floor":44.0,"turns":3.0},{"damage":3.0,"enemies":"Writhing Mass","floor":45.0,"turns":4.0},{"damage":4.0,"enemies":"R_Hoarder","floor":46.0,"turns":5.0},{"damage":0.0,"enemies":"3 Darklings","floor":48.0,"turns":2.0},{"damage":37.0,"enemies":"Donu and Deca","floor":50.0,"turns":4.0},{"damage":12.0,"enemies":"Replay:Hell Engine","floor":51.0,"turns":4.0},{"damage":34.0,"enemies":"Shield and Spear","floor":55.0,"turns":6.0},{"damage":95,"enemies":"The Heart","floor":56,"turns":9}],"seed_played":"-3984179959291792561","potions_obtained":[{"floor":3.0,"key":"Explosive Potion"},{"floor":5.0,"key":"Fire Potion"},{"floor":6.0,"key":"Block Potion"},{"floor":19.0,"key":"SteroidPotion"},{"floor":22.0,"key":"Fruit Juice"},{"floor":29.0,"key":"Block Potion"},{"floor":30.0,"key":"CultistPotion"},{"floor":31.0,"key":"Fire Potion"},{"floor":39.0,"key":"SneckoOil"},{"floor":40.0,"key":"SmokeBomb"},{"floor":41.0,"key":"Block Potion"},{"floor":45.0,"key":"SneckoOil"}],"is_trial":false,"path_per_floor":["M","M","M","?","M","E","R","$","T","R","E","$","?","E","R","B",null,"M","M","M","?","M","E","R","?","T","E","$","E","M","M","R","B",null,"M","$","M","$","M","E","M","R","T","E","M","E","?","M","R","B","B",null,"R","$","E","B",null],"character_chosen":"THE_SILENT","items_purchased":["Shuriken","Snack Pack","Orrery","Finisher","Lantern","Footwork","BargainBundle","Calculated Gamble","Oddly Smooth Stone","Apotheosis","Anchor","Nunchaku","Blade Dance","Guide Book","TwistedFunnel","Tactician","Footwork","PreservedInsect","Blade Dance","Backstab","Sling","Concentrate","Phantasmal Killer","Backflip","Blur"],"campfire_rested":1,"item_purchase_floors":[0,0,0,0,0,0,0,0,0,0,0,0,0,0,0,0,0,8,12,28,36,36,54,54,54],"current_hp_per_floor":[19,21,25,5,5,9,9,9,9,28,34,34,34,52,52,52,63,66,66,64,64,71,55,55,55,55,58,58,65,70,71,71,71,71,71,71,70,70,71,72,72,72,72,80,83,82,85,92,92,69,87,91,91,94,74,23],"gold":67,"neow_bonus":"","is_daily":false,"chose_seed":false,"campfire_upgraded":5,"win_rate":0.0,"timestamp":1609103689,"path_taken":["M","M","?","?","M","E","R","$","T","R","E","?","?","E","R","BOSS","M","?","M","?","M","E","R","?","T","E","?","E","M","M","R","BOSS","M","$","M","?","M","E","M","R","T","E","M","E","?","M","R","BOSS","BOSS","R","$","E","BOSS"],"items_purchased_type":["Relic","Relic","Relic","Card","Relic","Card","Relic","Card","Relic","Card","Relic","Relic","Card","Relic","Relic","Card","Card","Relic","Card","Card","Relic","Card","Card","Card","Card"],"build_version":"2020-12-22","purchased_purges":6,"victory":true,"max_hp_per_floor":[66,66,66,66,66,66,66,66,66,66,66,66,66,66,66,66,66,66,66,66,66,71,71,71,71,71,71,71,71,71,71,71,71,71,71,71,71,71,71,74,77,77,77,80,83,86,89,92,92,92,92,92,92,95,98,98],"relic_stats":{"counters":[210,858],"Golden Idol":69,"CeramicFish":171,"PreservedInsect":543,"Smiling Mask":300,"Mercury Hourglass":[243],"Nunchaku":[45],"Busted Crown":42,"Shuriken":[93],"Bird Faced Urn":[116],"obtain_stats":[{"TwistedFunnel":19,"Golden Egg":40,"Vampiric Spirits":4,"Spirit Poop":5,"Whetstone":40,"Ginger":0,"Bottled Tornado":0,"Sling":0,"Boot":3,"Blood Vial":48,"Replay:Wanted Poster":36,"Replay:Ringing Soul":40,"Sundial":11,"MealTicket":0,"HandDrill":2,"Kunai":26,"Replay:Wax Seal":0,"Pear":27,"Blue Candle":41,"Counterbalance":39,"Tingsha":0,"Pen Nib":36,"Paper Crane":36,"Akabeko":2,"Bird Faced Urn":6,"ReplayTheSpireMod:Ring of Collecting":47,"Kintsugi":34,"Unceasing Top":0,"Ring of the Serpent":17,"Lantern":23,"Regal Pillow":28,"Singing Bowl":36,"Torii":25,"Blue Doll":0,"Bag of Preparation":6,"Smiling Mask":20,"Cursed Key":34,"Pet Ghost":23,"Replay:Rubber Ducky":21,"Matryoshka":8,"Ninja Scroll":10,"Replay:Bottled Eggs":12,"InkBottle":21,"Ring of the Snake":0,"Potion Belt":9,"Lee\u0027s Waffle":0,"The Specimen":17,"Golden Idol":2,"Basket Of Snakes":5,"PreservedInsect":9,"The Courier":28,"Omamori":0,"Ring of Greed":47,"Frozen Egg 2":17,"MawBank":14,"Replay:Arrowhead":0,"Busted Crown":17,"Ornamental Fan":54,"Orrery":0,"Art of War":40,"Durian":42,"Bottled Lightning":26,"Toy Ornithopter":9,"Ice Cream":0,"Tiny House":17,"Calipers":43,"Gremlin Horn":0,"CeramicFish":44,"Vajra":0,"HoveringKite":34,"Centennial Puzzle":22,"Lizard Tail":38,"DollysMirror":25,"Strawberry":46,"Prayer Wheel":17,"Philosopher\u0027s Stone":34,"Toxic Egg 2":7,"Byrd Skull":13,"Happy Flower":0,"ReplayTheSpireMod:CursedCoin":48,"Astrolabe":17,"Oddly Smooth Stone":11,"Letter Opener":40,"War Paint":0,"Question Card":17,"Du-Vu Doll":13,"Bottled Flame":32,"Shuriken":25,"Bronze Scales":26,"Onion Ring":0,"Molten Egg 2":9,"ReplayTheSpireMod:TigerMarble":44,"Grinning Jar":15,"Pocketwatch":14,"Meat on the Bone":0,"Darkstone Periapt":9,"ReplayFunnel":15,"Snake Skull":0,"Juzu Bracelet":30,"Incense Burner":0,"Empty Cage":34,"Frozen Eye":10,"Nunchaku":43,"Dream Catcher":26,"Mummified Hand":31,"Pantograph":55,"Tiny Chest":6,"Red Mask":36,"Runic Pyramid":17,"Gremlin Food":26,"BargainBundle":0,"ReplayTheSpireMod:Ninjato":0,"Replay:Towering Pillar of Hats":0,"Guide Book":0,"Orichalcum":55,"White Beast Statue":19,"Mercury Hourglass":8,"Calling Bell":17,"Anchor":55,"Bag of Marbles":49,"Snack Pack":0,"Membership Card":8},{"TwistedFunnel":77,"Golden Egg":144,"Vampiric Spirits":153,"Spirit Poop":68,"Whetstone":88,"Ginger":127,"Bottled Tornado":42,"Sling":29,"Boot":43,"Blood Vial":27,"Replay:Wanted Poster":141,"Replay:Ringing Soul":201,"Sundial":37,"MealTicket":32,"HandDrill":97,"Kunai":16,"Replay:Wax Seal":150,"Pear":83,"Blue Candle":88,"Counterbalance":172,"Tingsha":29,"Pen Nib":21,"Paper Crane":21,"Akabeko":33,"Bird Faced Urn":184,"ReplayTheSpireMod:Ring of Collecting":205,"Kintsugi":169,"Unceasing Top":29,"Ring of the Serpent":40,"Lantern":14,"Regal Pillow":17,"Singing Bowl":86,"Torii":110,"Blue Doll":127,"Bag of Preparation":4,"Smiling Mask":51,"Cursed Key":85,"Pet Ghost":138,"Replay:Rubber Ducky":136,"Matryoshka":46,"Ninja Scroll":131,"Replay:Bottled Eggs":132,"InkBottle":51,"Ring of the Snake":0,"Potion Belt":46,"Lee\u0027s Waffle":96,"The Specimen":105,"Golden Idol":1,"Basket Of Snakes":153,"PreservedInsect":70,"The Courier":83,"Omamori":96,"Ring of Greed":205,"Frozen Egg 2":105,"MawBank":39,"Replay:Arrowhead":150,"Busted Crown":187,"Ornamental Fan":125,"Orrery":29,"Art of War":61,"Durian":174,"Bottled Lightning":82,"Toy Ornithopter":5,"Ice Cream":96,"Tiny House":9,"Calipers":89,"Gremlin Horn":0,"CeramicFish":25,"Vajra":0,"HoveringKite":20,"Centennial Puzzle":79,"Lizard Tail":117,"DollysMirror":110,"Strawberry":146,"Prayer Wheel":76,"Philosopher\u0027s Stone":115,"Toxic Egg 2":36,"Byrd Skull":158,"Happy Flower":96,"ReplayTheSpireMod:CursedCoin":175,"Astrolabe":134,"Oddly Smooth Stone":7,"Letter Opener":24,"War Paint":32,"Question Card":76,"Du-Vu Doll":74,"Bottled Flame":140,"Shuriken":16,"Bronze Scales":110,"Onion Ring":127,"Molten Egg 2":155,"ReplayTheSpireMod:TigerMarble":145,"Grinning Jar":159,"Pocketwatch":8,"Meat on the Bone":66,"Darkstone Periapt":46,"ReplayFunnel":159,"Snake Skull":32,"Juzu Bracelet":18,"Incense Burner":96,"Empty Cage":58,"Frozen Eye":131,"Nunchaku":24,"Dream Catcher":55,"Mummified Hand":114,"Pantograph":126,"Tiny Chest":45,"Red Mask":59,"Runic Pyramid":50,"Gremlin Food":139,"BargainBundle":127,"ReplayTheSpireMod:Ninjato":127,"Replay:Towering Pillar of Hats":150,"Guide Book":179,"Orichalcum":95,"White Beast Statue":77,"Mercury Hourglass":5,"Calling Bell":76,"Anchor":178,"Bag of Marbles":147,"Snack Pack":179,"Membership Card":36},{"TwistedFunnel":427,"Golden Egg":660,"Vampiric Spirits":686,"Spirit Poop":395,"Whetstone":467,"Ginger":613,"Bottled Tornado":241,"Sling":179,"Boot":244,"Blood Vial":148,"Replay:Wanted Poster":648,"Replay:Ringing Soul":817,"Sundial":209,"MealTicket":186,"HandDrill":504,"Kunai":93,"Replay:Wax Seal":681,"Pear":450,"Blue Candle":467,"Counterbalance":729,"Tingsha":179,"Pen Nib":120,"Paper Crane":120,"Akabeko":190,"Bird Faced Urn":760,"ReplayTheSpireMod:Ring of Collecting":833,"Kintsugi":726,"Unceasing Top":179,"Ring of the Serpent":230,"Lantern":82,"Regal Pillow":97,"Singing Bowl":460,"Torii":544,"Blue Doll":613,"Bag of Preparation":20,"Smiling Mask":286,"Cursed Key":456,"Pet Ghost":640,"Replay:Rubber Ducky":637,"Matryoshka":260,"Ninja Scroll":622,"Replay:Bottled Eggs":625,"InkBottle":286,"Ring of the Snake":0,"Potion Belt":260,"Lee\u0027s Waffle":501,"The Specimen":525,"Golden Idol":2,"Basket Of Snakes":686,"PreservedInsect":401,"The Courier":450,"Omamori":501,"Ring of Greed":833,"Frozen Egg 2":525,"MawBank":219,"Replay:Arrowhead":681,"Busted Crown":775,"Ornamental Fan":602,"Orrery":179,"Art of War":353,"Durian":733,"Bottled Lightning":446,"Toy Ornithopter":24,"Ice Cream":501,"Tiny House":46,"Calipers":472,"Gremlin Horn":0,"CeramicFish":136,"Vajra":0,"HoveringKite":115,"Centennial Puzzle":435,"Lizard Tail":569,"DollysMirror":544,"Strawberry":664,"Prayer Wheel":425,"Philosopher\u0027s Stone":563,"Toxic Egg 2":204,"Byrd Skull":700,"Happy Flower":501,"ReplayTheSpireMod:CursedCoin":734,"Astrolabe":632,"Oddly Smooth Stone":32,"Letter Opener":132,"War Paint":186,"Question Card":425,"Du-Vu Doll":415,"Bottled Flame":645,"Shuriken":93,"Bronze Scales":544,"Onion Ring":613,"Molten Egg 2":694,"ReplayTheSpireMod:TigerMarble":663,"Grinning Jar":701,"Pocketwatch":39,"Meat on the Bone":392,"Darkstone Periapt":260,"ReplayFunnel":701,"Snake Skull":186,"Juzu Bracelet":102,"Incense Burner":501,"Empty Cage":333,"Frozen Eye":622,"Nunchaku":132,"Dream Catcher":308,"Mummified Hand":557,"Pantograph":606,"Tiny Chest":254,"Red Mask":338,"Runic Pyramid":281,"Gremlin Food":642,"BargainBundle":613,"ReplayTheSpireMod:Ninjato":613,"Replay:Towering Pillar of Hats":681,"Guide Book":749,"Orichalcum":496,"White Beast Statue":427,"Mercury Hourglass":24,"Calling Bell":425,"Anchor":744,"Bag of Marbles":668,"Snack Pack":749,"Membership Card":204}],"Ring of the Snake":[336],"Meat on the Bone":12},"card_choices":[{"not_picked":["Dodge and Roll","Sucker Punch"],"picked":"Cloak And Dagger","floor":0.0},{"not_picked":["Glass Knife","PiercingWail"],"picked":"Accuracy","floor":0.0},{"not_picked":["Underhanded Strike","Quick Slash"],"picked":"Well Laid Plans","floor":0.0},{"not_picked":["Acrobatics","Distraction"],"picked":"Backflip","floor":0.0},{"not_picked":["Deadly Poison","Replay:Poison Smokescreen"],"picked":"Cloak And Dagger","floor":1.0},{"not_picked":["Underhanded Strike","PiercingWail"],"picked":"Atom Bomb","floor":2.0},{"not_picked":["Dodge and Roll","Acrobatics"],"picked":"Outmaneuver","floor":3.0},{"not_picked":["Deflect","Sneak Up"],"picked":"Cloak And Dagger","floor":5.0},{"not_picked":["Finisher","Well Laid Plans"],"picked":"Tactician","floor":6.0},{"not_picked":["Footwork","Reflex"],"picked":"ReplayTheSpireMod:Scrap Shanks","floor":11.0},{"not_picked":["ReplayTheSpireMod:Necrosis","Bane"],"picked":"Cloak And Dagger","floor":14.0},{"not_picked":["Malaise","Atom Bomb"],"picked":"Replay:Bag of Tricks","floor":16.0},{"not_picked":[],"picked":"Dodge and Roll","floor":18.0},{"not_picked":["Poisoned Stab+1"],"picked":"SKIP","floor":19.0},{"not_picked":[],"picked":"Accuracy","floor":20.0},{"not_picked":[],"picked":"Dash","floor":22.0},{"not_picked":[],"picked":"Blade Dance","floor":23.0},{"not_picked":[],"picked":"Prepared","floor":27.0},{"not_picked":[],"picked":"Malaise","floor":29.0},{"not_picked":[],"picked":"Blade Dance","floor":30.0},{"not_picked":["Dagger Throw"],"picked":"SKIP","floor":31.0},{"not_picked":[],"picked":"Atom Bomb","floor":33.0},{"not_picked":["Dodge and Roll"],"picked":"SKIP","floor":35.0},{"not_picked":["Bouncing Flask"],"picked":"SKIP","floor":37.0},{"not_picked":[],"picked":"Acrobatics","floor":39.0},{"not_picked":[],"picked":"ReplayTheSpireMod:Shiv Toss","floor":40.0},{"not_picked":[],"picked":"Skewer","floor":41.0},{"not_picked":[],"picked":"Prepared","floor":44.0},{"not_picked":[],"picked":"Backflip","floor":45.0},{"not_picked":[],"picked":"Quick Slash","floor":46.0},{"not_picked":[],"picked":"Slice","floor":48.0},{"not_picked":[],"picked":"After Image","floor":55.0}],"player_experience":1179635,"relics_obtained":[{"floor":6.0,"key":"Bird Faced Urn"},{"floor":9.0,"key":"Matryoshka"},{"floor":11.0,"key":"Meat on the Bone"},{"floor":14.0,"key":"Bag of Marbles"},{"floor":23.0,"key":"Potion Belt"},{"floor":26.0,"key":"Smiling Mask"},{"floor":26.0,"key":"Mercury Hourglass"},{"floor":27.0,"key":"CeramicFish"},{"floor":29.0,"key":"The Courier"},{"floor":40.0,"key":"Replay:Ringing Soul"},{"floor":43.0,"key":"ReplayTheSpireMod:TigerMarble"},{"floor":44.0,"key":"Gremlin Food"},{"floor":46.0,"key":"Replay:Towering Pillar of Hats"},{"floor":47.0,"key":"ReplayTheSpireMod:Ring of Collecting"},{"floor":47.0,"key":"Ring of Greed"},{"floor":47.0,"key":"Golden Idol"},{"floor":47.0,"key":"Replay:Wax Seal"},{"floor":55.0,"key":"Counterbalance"}],"event_choices":[{"damage_healed":25.0,"max_hp_gain":0.0,"max_hp_loss":66.0,"gold_gain":0.0,"event_name":"betterThird:BetterShining","player_choice":"Upgrade","floor":4.0,"gold_loss":0.0,"damage_taken":20.0,"cards_upgraded":["Defend_G","Defend_G"]},{"damage_healed":0.0,"max_hp_gain":0.0,"max_hp_loss":0.0,"gold_gain":0.0,"event_name":"Upgrade Shrine","player_choice":"Upgraded","floor":13.0,"gold_loss":0.0,"damage_taken":0.0,"cards_upgraded":["Calculated Gamble"]},{"damage_healed":0.0,"max_hp_gain":0.0,"max_hp_loss":0.0,"gold_gain":0.0,"event_name":"Cursed Tome","player_choice":"Ignored","floor":21.0,"gold_loss":0.0,"damage_taken":0.0},{"damage_healed":0.0,"max_hp_gain":0.0,"max_hp_loss":0.0,"gold_gain":0.0,"event_name":"Drug Dealer","player_choice":"Obtain J.A.X.","floor":25.0,"gold_loss":0.0,"damage_taken":0.0,"cards_obtained":["J.A.X."]}],"is_beta":false,"boss_relics":[{"not_picked":["Snecko Scales","Fusion Hammer"],"picked":"Busted Crown"},{"not_picked":["Snecko Eye","Replay:Drink Me"],"picked":"Runic Pyramid"}],"items_purged_floors":[0,0,0,28,36,38],"is_endless":false,"potions_floor_spawned":[3,5,6,19,22,29,30,31,33,39,40,41,45],"ascension_level":20}}