{"host":"yo9wwslrag05lh37","time":1609104118,"event":{"mods":["AchievementEnabler","BaseMod","Block Reminder","Colored Map","Colored Powertips","GifTheSpireLib","HexUI Lib","Highlight Path","Minty Spire (QoL Compilation)","Rare Cards Sparkle","Relic Stats","StSLib","everything is the same but u backflip on backflip"],"gold_per_floor":[215,20,20,77,77,77,137,137,137,179,179,179,217,269,269,343,343,388,388,388,388,430,430,470,265,265,265,296,175,189,26,26,101,101,115,0,14,14,59,114,127,127,127,160,160,42,42,77,77,77,77,77,77,40,98,98],"floor_reached":57,"playtime":2164,"items_purged":["Pain"],"score":3053,"play_id":"0a1b1871-9a5b-431a-955c-9b719001155a","local_time":"20201227222158","is_ascension_mode":true,"campfire_choices":[{"data":"HandOfGreed","floor":6.0,"key":"SMITH"},{"floor":8.0,"key":"REST"},{"floor":11.0,"key":"REST"},{"data":"Glacier","floor":15.0,"key":"SMITH"},{"floor":23.0,"key":"REST"},{"data":"Defragment","floor":27.0,"key":"SMITH"},{"data":"Consume","floor":32.0,"key":"SMITH"},{"data":"Defragment","floor":42.0,"key":"SMITH"},{"data":"Capacitor","floor":45.0,"key":"SMITH"},{"floor":49.0,"key":"RECALL"},{"data":"Amplify","floor":53.0,"key":"SMITH"}],"circlet_count":0,"master_deck":["AscendersBane","Zap+1","Dualcast","Leap","HandOfGreed+1","Ball Lightning","Genetic Algorithm","Glacier+1","Leap","Melter","Biased Cognition","Glacier","Compile Driver","Seek","Defragment+1","Coolheaded","Conserve Battery","FTL+1","Biased Cognition","All For One","Defragment+1","Storm","Self Repair","Storm","Consume+1","Static Discharge","Capacitor+1","Lockon","Amplify+1","Capacitor+1","Defragment+1","Master of Strategy","Impatience","Coolheaded+1","Amplify","Loop","Defragment","Heatsinks","Defragment"],"relics":["Cracked Core","Mummified Hand","Turnip","Strawberry","Pandora\u0027s Box","Enchiridion","Bag of Preparation","Lantern","Blue Candle","Cursed Key","Red Mask","Toy Ornithopter","Thread and Needle","Centennial Puzzle","Dream Catcher","Shuriken","Mercury Hourglass"],"acts_visited":["Exordium","TheCity","TheBeyond","TheEnding"],"potions_floor_usage":[],"damage_taken":[{"damage":6.0,"enemies":"Small Slimes","floor":1.0,"turns":4.0},{"damage":5.0,"enemies":"2 Louse","floor":4.0,"turns":4.0},{"damage":32.0,"enemies":"Gremlin Nob","floor":7.0,"turns":4.0},{"damage":11.0,"enemies":"Jaw Worm","floor":10.0,"turns":6.0},{"damage":2.0,"enemies":"Large Slime","floor":13.0,"turns":6.0},{"damage":15.0,"enemies":"Lagavulin","floor":14.0,"turns":8.0},{"damage":34.0,"enemies":"The Guardian","floor":16.0,"turns":14.0},{"damage":20.0,"enemies":"3 Byrds","floor":18.0,"turns":5.0},{"damage":13.0,"enemies":"2 Thieves","floor":22.0,"turns":3.0},{"damage":0.0,"enemies":"Chosen and Byrds","floor":24.0,"turns":4.0},{"damage":0.0,"enemies":"Book of Stabbing","floor":28.0,"turns":3.0},{"damage":0.0,"enemies":"Centurion and Healer","floor":30.0,"turns":3.0},{"damage":0.0,"enemies":"Champ","floor":33.0,"turns":6.0},{"damage":0.0,"enemies":"3 Darklings","floor":35.0,"turns":4.0},{"damage":6.0,"enemies":"3 Shapes","floor":37.0,"turns":2.0},{"damage":0.0,"enemies":"Spire Growth","floor":39.0,"turns":4.0},{"damage":9.0,"enemies":"Nemesis","floor":40.0,"turns":5.0},{"damage":0.0,"enemies":"Jaw Worm Horde","floor":41.0,"turns":2.0},{"damage":2.0,"enemies":"Giant Head","floor":44.0,"turns":3.0},{"damage":41.0,"enemies":"Nemesis","floor":48.0,"turns":3.0},{"damage":0.0,"enemies":"Donu and Deca","floor":50.0,"turns":4.0},{"damage":48.0,"enemies":"Awakened One","floor":51.0,"turns":5.0},{"damage":14.0,"enemies":"Shield and Spear","floor":55.0,"turns":5.0},{"damage":40,"enemies":"The Heart","floor":56,"turns":6}],"seed_played":"-7498683302503779053","potions_obtained":[{"floor":7.0,"key":"LiquidMemories"},{"floor":14.0,"key":"Regen Potion"},{"floor":16.0,"key":"AttackPotion"},{"floor":18.0,"key":"CultistPotion"},{"floor":28.0,"key":"Swift Potion"},{"floor":33.0,"key":"SkillPotion"},{"floor":44.0,"key":"PowerPotion"},{"floor":55.0,"key":"DuplicationPotion"}],"is_trial":false,"path_per_floor":["M","$","?","M","?","R","E","R","T","M","R","?","M","E","R","B",null,"M","?","?","?","M","R","M","$","T","R","E","$","M","$","R","B",null,"M","?","M","?","M","E","M","R","T","E","R","$","?","E","R","B","B",null,"R","$","E","B",null],"character_chosen":"DEFECT","items_purchased":["HandOfGreed","Storm","Bag of Preparation","Storm","Consume","Capacitor","Lockon","Loop","Heatsinks"],"campfire_rested":3,"item_purchase_floors":[2,25,25,29,29,31,31,46,54],"current_hp_per_floor":[58,58,63,58,40,40,8,30,30,19,41,41,39,31,31,12,65,45,24,24,41,28,52,52,52,52,52,52,52,59,59,59,66,79,83,83,83,73,73,71,78,78,78,83,83,83,83,49,49,63,22,68,68,68,54,21],"gold":98,"neow_bonus":"HUNDRED_GOLD","is_daily":false,"chose_seed":false,"campfire_upgraded":7,"win_rate":0.0,"timestamp":1609104118,"path_taken":["M","$","?","M","?","R","E","R","T","M","R","?","M","E","R","BOSS","M","?","?","?","M","R","M","$","T","R","E","$","M","?","R","BOSS","M","?","M","?","M","E","M","R","T","E","R","$","?","E","R","BOSS","BOSS","R","$","E","BOSS"],"items_purchased_type":["Card","Card","Relic","Card","Card","Card","Card","Card","Card"],"build_version":"2020-12-22","purchased_purges":1,"victory":true,"max_hp_per_floor":[71,71,76,76,76,76,76,76,76,76,76,76,76,83,83,83,83,83,83,83,83,83,83,83,83,83,83,83,83,83,83,83,83,83,83,83,83,83,83,83,83,83,83,83,83,83,83,83,83,83,83,83,83,83,83,83],"relic_stats":{"counters":[24,113],"Blue Candle":[1],"Bag of Preparation":[28],"Cursed Key":1,"Mercury Hourglass":[18],"Centennial Puzzle":[12],"Dream Catcher":0,"Mummified Hand":[199],"Shuriken":[2],"Pandora\u0027s Box":["Glacier","Compile Driver","Darkness","Seek","Defragment","Blizzard","Coolheaded","Conserve Battery"],"Turnip":[6],"obtain_stats":[{"Lantern":26,"Blue Candle":28,"Enchiridion":19,"Thread and Needle":43,"Bag of Preparation":25,"Cursed Key":34,"Mercury Hourglass":55,"Centennial Puzzle":44,"Dream Catcher":47,"Mummified Hand":5,"Shuriken":48,"Strawberry":14,"Pandora\u0027s Box":17,"Turnip":7,"Red Mask":36,"Cracked Core":0,"Toy Ornithopter":40},{"Lantern":10,"Blue Candle":11,"Enchiridion":8,"Thread and Needle":18,"Bag of Preparation":10,"Cursed Key":13,"Mercury Hourglass":23,"Centennial Puzzle":19,"Dream Catcher":19,"Mummified Hand":2,"Shuriken":20,"Strawberry":6,"Pandora\u0027s Box":7,"Turnip":3,"Red Mask":14,"Cracked Core":0,"Toy Ornithopter":17},{"Lantern":58,"Blue Candle":61,"Enchiridion":51,"Thread and Needle":87,"Bag of Preparation":58,"Cursed Key":70,"Mercury Hourglass":107,"Centennial Puzzle":90,"Dream Catcher":90,"Mummified Hand":8,"Shuriken":93,"Strawberry":32,"Pandora\u0027s Box":46,"Turnip":12,"Red Mask":74,"Cracked Core":0,"Toy Ornithopter":85}],"Toy Ornithopter":0},"card_choices":[{"not_picked":["Gash","Recycle"],"picked":"Leap","floor":1.0},{"not_picked":["Barrage","Chill"],"picked":"Ball Lightning","floor":4.0},{"not_picked":["Leap","Coolheaded"],"picked":"Genetic Algorithm","floor":7.0},{"not_picked":["Sweeping Beam","Aggregate"],"picked":"Glacier","floor":10.0},{"not_picked":["Rebound","Sunder"],"picked":"Leap","floor":13.0},{"not_picked":["Undo","Streamline"],"picked":"Melter","floor":14.0},{"not_picked":["All For One","Creative AI"],"picked":"Biased Cognition","floor":16.0},{"not_picked":["Cold Snap","Turbo"],"picked":"FTL+1","floor":18.0},{"not_picked":["Ball Lightning","Scrape"],"picked":"Defragment","floor":22.0},{"not_picked":["Aggregate","Stack","Streamline"],"picked":"SKIP","floor":24.0},{"not_picked":["Chill","Rip and Tear"],"picked":"Self Repair","floor":28.0},{"not_picked":["Cold Snap","Auto Shields"],"picked":"Static Discharge","floor":30.0},{"not_picked":["Electrodynamics","Reboot"],"picked":"Amplify","floor":33.0},{"not_picked":["Stack+1","Scrape"],"picked":"Capacitor+1","floor":35.0},{"not_picked":["Rebound","Glacier"],"picked":"Defragment+1","floor":37.0},{"not_picked":["Bandage Up","Panacea"],"picked":"Master of Strategy","floor":38.0},{"not_picked":["Flash of Steel","Swift Strike"],"picked":"Impatience","floor":38.0},{"not_picked":["Conserve Battery","Gash"],"picked":"Coolheaded+1","floor":39.0},{"not_picked":["Coolheaded","Hologram","Conserve Battery"],"picked":"SKIP","floor":40.0},{"not_picked":["Rebound","Gash+1"],"picked":"Amplify","floor":41.0},{"not_picked":["Redo","BootSequence","Gash"],"picked":"SKIP","floor":44.0},{"not_picked":["Turbo","Leap"],"picked":"Defragment","floor":48.0},{"not_picked":["Coolheaded+1","Go for the Eyes"],"picked":"Defragment","floor":55.0}],"player_experience":1391378,"relics_obtained":[{"floor":7.0,"key":"Turnip"},{"floor":14.0,"key":"Strawberry"},{"floor":19.0,"key":"Enchiridion"},{"floor":26.0,"key":"Lantern"},{"floor":28.0,"key":"Blue Candle"},{"floor":40.0,"key":"Toy Ornithopter"},{"floor":43.0,"key":"Thread and Needle"},{"floor":44.0,"key":"Centennial Puzzle"},{"floor":48.0,"key":"Shuriken"},{"floor":55.0,"key":"Mercury Hourglass"}],"event_choices":[{"damage_healed":0.0,"max_hp_gain":5.0,"max_hp_loss":0.0,"gold_gain":0.0,"event_name":"Big Fish","player_choice":"Donut","floor":3.0,"gold_loss":0.0,"damage_taken":0.0},{"damage_healed":0.0,"max_hp_gain":0.0,"max_hp_loss":0.0,"gold_gain":0.0,"event_name":"Scrap Ooze","player_choice":"Success","floor":5.0,"gold_loss":0.0,"damage_taken":18.0,"relics_obtained":["Mummified Hand"]},{"damage_healed":0.0,"max_hp_gain":0.0,"max_hp_loss":0.0,"gold_gain":0.0,"event_name":"Living Wall","player_choice":"Grow","floor":12.0,"gold_loss":0.0,"damage_taken":0.0,"cards_upgraded":["Zap"]},{"damage_healed":0.0,"max_hp_gain":0.0,"max_hp_loss":0.0,"gold_gain":0.0,"event_name":"Cursed Tome","player_choice":"Obtained Book","floor":19.0,"gold_loss":0.0,"damage_taken":21.0},{"damage_healed":0.0,"max_hp_gain":0.0,"max_hp_loss":0.0,"gold_gain":0.0,"cards_transformed":["Blizzard","Darkness"],"event_name":"Drug Dealer","player_choice":"Became Test Subject","floor":20.0,"gold_loss":0.0,"damage_taken":0.0,"cards_obtained":["Biased Cognition","All For One"]},{"damage_healed":17.0,"max_hp_gain":0.0,"max_hp_loss":0.0,"gold_gain":0.0,"event_name":"The Library","player_choice":"Heal","floor":21.0,"gold_loss":0.0,"damage_taken":0.0},{"damage_healed":0.0,"max_hp_gain":0.0,"max_hp_loss":0.0,"gold_gain":0.0,"event_name":"Tomb of Lord Red Mask","player_choice":"Paid","floor":36.0,"gold_loss":115.0,"damage_taken":0.0,"relics_obtained":["Red Mask"]},{"damage_healed":0.0,"max_hp_gain":0.0,"max_hp_loss":0.0,"gold_gain":0.0,"event_name":"SensoryStone","player_choice":"Memory 3","floor":38.0,"gold_loss":0.0,"damage_taken":10.0},{"damage_healed":0.0,"max_hp_gain":0.0,"max_hp_loss":0.0,"gold_gain":0.0,"event_name":"WeMeetAgain","player_choice":"Gave Potion","floor":47.0,"gold_loss":0.0,"damage_taken":0.0,"relics_obtained":["Dream Catcher"]}],"is_beta":false,"boss_relics":[{"not_picked":["Runic Pyramid","Fusion Hammer"],"picked":"Pandora\u0027s Box"},{"not_picked":["Busted Crown","Black Star"],"picked":"Cursed Key"}],"items_purged_floors":[46],"is_endless":false,"potions_floor_spawned":[7,14,16,18,28,30,33,35,37,44,55],"ascension_level":20}}