{"host":"07tcb8n8jdavk3gs","time":1609028236,"event":{"mods":["BaseMod","Colored Map","Hermit","Marisa????????","Minty Spire (QoL Compilation)","StSLib","The Animator","The Cursed","The Servant 0.9.4"],"gold_per_floor":[112,112,190,200,250,277,277,302,302,302,302,336,49,67,67,152,152,171,191,191,205,205,205,224,257,302,327,346,346,362,375,375,451,451,464,464,464,464,464],"floor_reached":38,"playtime":4441,"items_purged":[],"score":786,"play_id":"3443269f-d65a-49b0-86c4-b8790a71ce55","local_time":"20201226181716","is_ascension_mode":true,"campfire_choices":[{"floor":7.0,"key":"REST"},{"floor":10.0,"key":"REST"},{"floor":15.0,"key":"REST"},{"floor":23.0,"key":"REST"},{"floor":32.0,"key":"REST"}],"circlet_count":0,"master_deck":["AscendersBane","animator:IrohaTamaki","animator:YuiTsuruno","animator:HououinKyouma+1","animator:DolaRiku","animator:MetalKnight+1","animator:Raven+1","animator:KyokoSakura+1","animator:Saitama+1","animator:Shizu+1","animator:DolaSchwi+1","animator:Guy+1","animator:ChaikaBohdan+1","animator:AcuraTooru+1","animator:DolaStephanie+1","animator:Raven+1","animator:PandorasActor+1","animator:Sonic+1","animator:MumenRider+1","animator:Shuna+1","animator:Melzalgald+1","animator:Sebas+1","animator:Eris+1","animator:MumenRider+1","animator:HigakiRinne+1","Wraith"],"relics":["animator:LivingPicture","animator:TheMissingPiece","animator:PurgingStone","Molten Egg 2","Pantograph","Toxic Egg 2","animator:ShionDessert","Matryoshka","Pandora\u0027s Box","Akabeko","Happy Flower","Oddly Smooth Stone","Nunchaku","Toy Ornithopter","Bottled Flame","Black Star"],"acts_visited":["Exordium","TheCity","TheBeyond"],"potions_floor_usage":[],"damage_taken":[{"damage":3.0,"enemies":"Jaw Worm","floor":1.0,"turns":6.0},{"damage":0.0,"enemies":"Small Slimes","floor":4.0,"turns":3.0},{"damage":42.0,"enemies":"Gremlin Nob","floor":6.0,"turns":5.0},{"damage":0.0,"enemies":"2 Louse","floor":8.0,"turns":2.0},{"damage":9.0,"enemies":"Lagavulin","floor":12.0,"turns":4.0},{"damage":22.0,"enemies":"Lots of Slimes","floor":14.0,"turns":4.0},{"damage":18.0,"enemies":"Slime Boss","floor":16.0,"turns":9.0},{"damage":11.0,"enemies":"Shell Parasite","floor":18.0,"turns":4.0},{"damage":3.0,"enemies":"Chosen","floor":19.0,"turns":4.0},{"damage":16.0,"enemies":"Centurion and Healer","floor":21.0,"turns":5.0},{"damage":5.0,"enemies":"Cultist and Chosen","floor":24.0,"turns":4.0},{"damage":23.0,"enemies":"Slavers","floor":25.0,"turns":5.0},{"damage":0.0,"enemies":"Gremlin Leader","floor":27.0,"turns":7.0},{"damage":18.0,"enemies":"Snake Plant","floor":28.0,"turns":4.0},{"damage":0.0,"enemies":"Centurion and Healer","floor":30.0,"turns":6.0},{"damage":0.0,"enemies":"Chosen and Byrds","floor":31.0,"turns":3.0},{"damage":27.0,"enemies":"Collector","floor":33.0,"turns":7.0},{"damage":11,"enemies":"3 Shapes","floor":35,"turns":5},{"damage":39,"enemies":"3 Darklings","floor":38,"turns":4}],"seed_played":"2796967502006964346","potions_obtained":[{"floor":6.0,"key":"CultistPotion"},{"floor":11.0,"key":"LiquidMemories"},{"floor":18.0,"key":"LiquidMemories"},{"floor":19.0,"key":"SteroidPotion"},{"floor":27.0,"key":"Regen Potion"},{"floor":30.0,"key":"SkillPotion"}],"is_trial":false,"path_per_floor":["M","?","T","M","?","E","R","M","T","R","?","E","$","M","R","B",null,"M","M","?","M","?","R","M","E","T","E","M","T","M","M","R","B",null,"M","?","?","M"],"character_chosen":"THE_ANIMATOR","items_purchased":["Matryoshka","PowerPotion"],"campfire_rested":5,"item_purchase_floors":[13,13],"current_hp_per_floor":[51,51,51,51,51,9,25,25,25,41,41,32,32,10,26,33,49,38,35,35,19,19,35,30,8,8,8,2,2,2,2,18,21,47,42,33,33,0,0],"gold":464,"neow_bonus":"RANDOM_COLORLESS_2","is_daily":false,"chose_seed":false,"campfire_upgraded":0,"win_rate":0.0,"timestamp":1609028236,"path_taken":["M","?","?","M","?","E","R","M","T","R","?","E","$","?","R","BOSS","M","M","?","?","?","R","M","E","T","E","M","?","M","?","R","BOSS","M","?","?","M"],"items_purchased_type":["Relic","Potion"],"build_version":"2020-12-22","purchased_purges":0,"victory":false,"max_hp_per_floor":[54,54,54,54,54,54,54,54,54,54,54,54,54,54,54,54,54,54,54,54,54,54,54,54,55,55,55,55,55,55,55,55,55,55,55,55,55,55,55],"card_choices":[{"not_picked":["animator:Patchouli","animator:Lelouch"],"picked":"animator:HououinKyouma","floor":0.0},{"not_picked":["animator:Darkness","animator:YaoHaDucy"],"picked":"animator:DolaRiku","floor":1.0},{"not_picked":["animator:ChlammyZell","animator:Sonic"],"picked":"animator:MetalKnight+1","floor":4.0},{"not_picked":["animator:MetalKnight+1","animator:YaoHaDucy+1"],"picked":"animator:Raven+1","floor":6.0},{"not_picked":["animator:NagisaMomoe","animator:SayakaMiki"],"picked":"animator:KyokoSakura+1","floor":8.0},{"not_picked":["animator:Melzalgald+1","animator:PandorasActor+1"],"picked":"animator:Saitama+1","floor":12.0},{"not_picked":["animator:ElricAlphonse+1","animator:Layla+1","animator:GazelDwargon"],"picked":"SKIP","floor":14.0},{"not_picked":["animator:Saitama+1","animator:Elesis+1"],"picked":"animator:Shizu+1","floor":16.0},{"not_picked":["animator:ChlammyZell+1","animator:Entoma+1"],"picked":"animator:Sonic+1","floor":18.0},{"not_picked":["animator:MetalKnight+1","animator:SilverFang+1"],"picked":"animator:MumenRider+1","floor":19.0},{"not_picked":["animator:SuzuneAmano+1","animator:Pride+1","animator:Hakurou+1"],"picked":"SKIP","floor":21.0},{"not_picked":["animator:Aqua+1","animator:DolaSchwi+1","animator:Ciel+1"],"picked":"SKIP","floor":24.0},{"not_picked":["animator:Chung+1","animator:Rena+1"],"picked":"animator:Shuna+1","floor":25.0},{"not_picked":["animator:Sonic+1","animator:SilverFang+1"],"picked":"animator:Melzalgald+1","floor":27.0},{"not_picked":["animator:Tet+1","animator:KyokoSakura+1","animator:WinryRockbell"],"picked":"SKIP","floor":28.0},{"not_picked":["animator:Elsword+1","animator:Raven+1"],"picked":"animator:Sebas+1","floor":30.0},{"not_picked":["animator:Chung+1","animator:Souei+1","animator:Aqua+1"],"picked":"SKIP","floor":31.0},{"not_picked":["animator:MadokaKaname+1","animator:Ainz"],"picked":"animator:Eris+1","floor":33.0},{"not_picked":["animator:MetalKnight+1","animator:Sonic+1"],"picked":"animator:MumenRider+1","floor":35}],"player_experience":920318,"relics_obtained":[{"floor":3.0,"key":"Molten Egg 2"},{"floor":6.0,"key":"Pantograph"},{"floor":9.0,"key":"Toxic Egg 2"},{"floor":12.0,"key":"animator:ShionDessert"},{"floor":25.0,"key":"Akabeko"},{"floor":26.0,"key":"Happy Flower"},{"floor":26.0,"key":"Oddly Smooth Stone"},{"floor":27.0,"key":"Nunchaku"},{"floor":29.0,"key":"Toy Ornithopter"},{"floor":29.0,"key":"Bottled Flame"}],"event_choices":[{"damage_healed":0.0,"max_hp_gain":0.0,"max_hp_loss":0.0,"gold_gain":0.0,"event_name":"Living Wall","player_choice":"Grow","floor":2.0,"gold_loss":0.0,"damage_taken":0.0,"cards_upgraded":["animator:HououinKyouma"]},{"damage_healed":0.0,"max_hp_gain":0.0,"max_hp_loss":0.0,"gold_gain":50.0,"event_name":"Golden Wing","player_choice":"Gained Gold","floor":5.0,"gold_loss":0.0,"damage_taken":0.0},{"damage_healed":0.0,"max_hp_gain":0.0,"max_hp_loss":0.0,"gold_gain":0.0,"event_name":"Lab","player_choice":"Got Potions","floor":11.0,"gold_loss":0.0,"damage_taken":0.0},{"cards_removed":["animator:SayakaMiki"],"damage_healed":0.0,"max_hp_gain":0.0,"max_hp_loss":0.0,"gold_gain":0.0,"event_name":"Purifier","player_choice":"Purged","floor":20.0,"gold_loss":0.0,"damage_taken":0.0},{"damage_healed":0.0,"max_hp_gain":0.0,"max_hp_loss":0.0,"gold_gain":0.0,"event_name":"The Mausoleum","player_choice":"Ignored","floor":22.0,"gold_loss":0.0,"damage_taken":0.0},{"damage_healed":0,"gold_gain":0,"player_choice":"Embrace Madness","damage_taken":9,"max_hp_gain":0,"max_hp_loss":0,"event_name":"Winding Halls","floor":36,"gold_loss":0,"cards_obtained":["animator:HigakiRinne"]},{"damage_healed":0,"gold_gain":0,"player_choice":"Ignored","damage_taken":0,"max_hp_gain":0,"max_hp_loss":0,"event_name":"OrinTheCat","floor":37,"gold_loss":0}],"is_beta":false,"boss_relics":[{"not_picked":["Sozu","animator:CursedBlade"],"picked":"Pandora\u0027s Box"},{"not_picked":["Calling Bell","Runic Dome"],"picked":"Black Star"}],"items_purged_floors":[],"is_endless":false,"potions_floor_spawned":[6,18,19,27,30],"killed_by":"3 Darklings","ascension_level":15}}