{"host":"hdafziggwnbzqpcb","time":1609101464,"event":{"mods":["BaseMod","Better Vampires","Colored Map","Colored Powertips","Curses Come First","Duelist Mod","GifTheSpireLib","Hero for Fun","Minty Spire (QoL Compilation)","Quick Restart","Rare Cards Sparkle","Relic Stats","Spicy Shops","StSLib","The Bug Knight","The Cursed","The Marked","The Senshi","The Wild Card","TheHero"],"gold_per_floor":[11,24,24,24,24,57,57,82,82,101,136,160,180,199,199,329,329,343,343,150,165,8,33,45,45,45,65,65,15,46,46,46,142,192,208,208,158,108,120,148,148,166,189,219,236,282,301,251,251,251,251,251,201,234,234],"floor_reached":56,"playtime":859,"items_purged":["Defend_Y","Defend_Y","Strike_Y","Strike_Y","Strike_Y","Strike_Y"],"score":1732,"play_id":"4b49c14c-b689-4c4e-9120-5cf691c7231d","local_time":"20201227123744","is_ascension_mode":false,"campfire_choices":[{"floor":7,"key":"RECALL"},{"data":"Wear_Disguise","floor":15,"key":"SMITH"},{"data":"Serious_Punch","floor":25,"key":"SMITH"},{"data":"Hip_Strike","floor":32,"key":"SMITH"},{"data":"Toss_Stone","floor":41,"key":"SMITH"},{"data":"Terrifying_Presence","floor":49,"key":"SMITH"},{"data":"Consecutive_Normal_Punch","floor":52,"key":"SMITH"}],"circlet_count":0,"master_deck":["Strike_Y+1","Defend_Y+1","Defend_Y","Ignore","Slap","Wear_Disguise+1","Do_Nothing+1","Yawn","Consecutive_Normal_Punch+1","Normal_Punch","Hip_Strike+1","Serious_Punch+1","Terrifying_Presence+1","Toss_Stone+1"],"relics":["Cape","NeowsBlessing","Question Card","Bloody Idol","Gremlin Horn","Smiling Mask","Black Star","Juzu Bracelet","StoneCalendar","Vajra","Blue Candle","Bottled Tornado","Strawberry","Omamori","Tiny House","White Beast Statue","Ice Cream","Lantern","Meat on the Bone","Blood Vial","Pocketwatch","War Paint","theSenshi:FeatherClipsRelic"],"acts_visited":["Exordium","TheCity","TheBeyond","TheEnding"],"potions_floor_usage":[],"damage_taken":[{"damage":0,"enemies":"Jaw Worm","floor":1,"turns":1},{"damage":0,"enemies":"2 Louse","floor":2,"turns":2},{"damage":0,"enemies":"Lagavulin","floor":6,"turns":1},{"damage":0,"enemies":"Small Slimes","floor":8,"turns":1},{"damage":0,"enemies":"3 Louse","floor":10,"turns":1},{"damage":0,"enemies":"Gremlin Nob","floor":11,"turns":1},{"damage":0,"enemies":"Lots of Slimes","floor":12,"turns":2},{"damage":0,"enemies":"Red Slaver","floor":13,"turns":1},{"damage":0,"enemies":"Exordium Wildlife","floor":14,"turns":1},{"damage":0,"enemies":"Hexaghost","floor":16,"turns":1},{"damage":0,"enemies":"Chosen","floor":18,"turns":1},{"damage":0,"enemies":"2 Thieves","floor":21,"turns":1},{"damage":0,"enemies":"Slavers","floor":23,"turns":1},{"damage":0,"enemies":"Snake Plant","floor":24,"turns":1},{"damage":0,"enemies":"Shelled Parasite and Fungi","floor":27,"turns":1},{"damage":0,"enemies":"Book of Stabbing","floor":30,"turns":1},{"damage":0,"enemies":"Champ","floor":33,"turns":1},{"damage":0,"enemies":"3 Darklings","floor":35,"turns":2},{"damage":0,"enemies":"Orb Walker","floor":39,"turns":1},{"damage":0,"enemies":"Nemesis","floor":40,"turns":1},{"damage":0,"enemies":"Jaw Worm Horde","floor":42,"turns":2},{"damage":0,"enemies":"Reptomancer","floor":44,"turns":1},{"damage":0,"enemies":"4 Shapes","floor":45,"turns":1},{"damage":0,"enemies":"2 Orb Walkers","floor":46,"turns":1},{"damage":0,"enemies":"Writhing Mass","floor":47,"turns":1},{"damage":0,"enemies":"Donu and Deca","floor":50,"turns":2},{"damage":0,"enemies":"Shield and Spear","floor":54,"turns":1},{"damage":0,"enemies":"The Heart","floor":55,"turns":3}],"seed_played":"4120470758463035846","potions_obtained":[{"floor":6,"key":"BlessingOfTheForge"},{"floor":10,"key":"AttackPotion"},{"floor":11,"key":"DistilledChaos"},{"floor":14,"key":"Swift Potion"},{"floor":33,"key":"Strength Potion"}],"is_trial":false,"path_per_floor":["M","M","?","?","?","E","R","M","T","M","E","M","M","M","R","B",null,"M","?","$","M","$","E","M","R","T","M","?","$","E","?","R","B",null,"M","?","$","$","M","E","R","M","T","E","M","?","M","$","R","B",null,"R","$","E","B",null],"character_chosen":"OPM","items_purchased":["Serious_Punch","Juzu Bracelet"],"campfire_rested":0,"item_purchase_floors":[20,22],"current_hp_per_floor":[999,999,999,999,999,999,999,999,999,999,999,999,999,999,999,999,999,999,999,999,999,999,999,999,999,999,999,999,999,1006,1006,1006,1006,1011,1011,1011,1011,1011,1011,1011,1011,1011,1011,1011,1011,1011,1011,1011,1011,1011,1011,1011,1011,1011,1011],"gold":234,"neow_bonus":"THREE_ENEMY_KILL","is_daily":false,"chose_seed":false,"campfire_upgraded":6,"win_rate":0.0,"timestamp":1609101464,"path_taken":["M","M","?","?","?","E","R","M","T","M","E","M","M","M","R","BOSS","M","?","$","M","$","E","M","R","T","M","?","$","E","?","R","BOSS","M","?","?","$","M","E","R","M","T","E","M","?","M","$","R","BOSS","R","$","E","BOSS"],"items_purchased_type":["Card","Relic"],"build_version":"2020-12-22","purchased_purges":6,"victory":true,"max_hp_per_floor":[999,999,999,999,999,999,999,999,999,999,999,999,999,999,999,999,999,999,999,999,999,999,999,999,999,999,999,999,999,1006,1006,1006,1006,1011,1011,1011,1011,1011,1011,1011,1011,1011,1011,1011,1011,1011,1011,1011,1011,1011,1011,1011,1011,1011,1011],"relic_stats":{"Gremlin Horn":[24,24],"counters":[28,35],"Blue Candle":[0],"StoneCalendar":[0],"Juzu Bracelet":1,"War Paint":["Do_Nothing","Defend_Y"],"Question Card":25,"Smiling Mask":525,"Blood Vial":0,"Bloody Idol":0,"Black Star":5,"obtain_stats":[{"Ice Cream":40,"Lantern":43,"Tiny House":34,"NeowsBlessing":0,"Gremlin Horn":6,"Golden Idol":4,"Blue Candle":26,"Vajra":23,"StoneCalendar":23,"Juzu Bracelet":22,"Omamori":31,"theSenshi:FeatherClipsRelic":54,"Cape":0,"Bottled Tornado":30,"War Paint":54,"Question Card":3,"Smiling Mask":11,"White Beast Statue":40,"Blood Vial":44,"Bloody Idol":19,"Strawberry":30,"Black Star":17,"Meat on the Bone":44,"Pocketwatch":46},{"Ice Cream":20,"Lantern":21,"Tiny House":17,"NeowsBlessing":0,"Gremlin Horn":3,"Golden Idol":2,"Blue Candle":14,"Vajra":13,"StoneCalendar":13,"Juzu Bracelet":12,"Omamori":16,"theSenshi:FeatherClipsRelic":27,"Cape":0,"Bottled Tornado":16,"War Paint":27,"Question Card":2,"Smiling Mask":6,"White Beast Statue":20,"Blood Vial":22,"Bloody Idol":11,"Strawberry":16,"Black Star":10,"Meat on the Bone":22,"Pocketwatch":24},{"Ice Cream":23,"Lantern":25,"Tiny House":19,"NeowsBlessing":0,"Gremlin Horn":4,"Golden Idol":3,"Blue Candle":16,"Vajra":15,"StoneCalendar":15,"Juzu Bracelet":14,"Omamori":18,"theSenshi:FeatherClipsRelic":32,"Cape":0,"Bottled Tornado":18,"War Paint":32,"Question Card":3,"Smiling Mask":7,"White Beast Statue":23,"Blood Vial":26,"Bloody Idol":13,"Strawberry":18,"Black Star":12,"Meat on the Bone":26,"Pocketwatch":28}],"Meat on the Bone":0,"Pocketwatch":[9]},"card_choices":[{"not_picked":["Side_Hop","Yawn"],"picked":"Ignore","floor":1},{"not_picked":["Side_Hop","Hop"],"picked":"Slap","floor":2},{"not_picked":["Toss_Stone","Terrifying_Presence","Hop"],"picked":"Wear_Disguise","floor":6},{"not_picked":["Ignore","Side_Hop","Wear_Disguise","Toss_Stone"],"picked":"SKIP","floor":8},{"not_picked":["Toss_Stone","Slap","Ignore"],"picked":"Do_Nothing","floor":10},{"not_picked":["Hop","Do_Nothing","Ignore"],"picked":"Yawn","floor":11},{"not_picked":["Slap","Do_Nothing","Toss_Stone"],"picked":"Consecutive_Normal_Punch","floor":12},{"not_picked":["Consecutive_Normal_Punch","Side_Hop","Wear_Disguise","Do_Nothing"],"picked":"SKIP","floor":13},{"not_picked":["Hop","Toss_Stone","Side_Hop"],"picked":"Normal_Punch","floor":14},{"not_picked":["Oh","Terrifying_Presence","Get_Hopes_Up"],"picked":"Hip_Strike","floor":16},{"not_picked":["Yawn","Side_Hop","Ignore+1","Slap+1"],"picked":"SKIP","floor":18},{"not_picked":["Hop","Normal_Punch","Consecutive_Normal_Punch","Yawn"],"picked":"SKIP","floor":21},{"not_picked":["Wear_Disguise","Side_Hop+1","Consecutive_Normal_Punch+1","Hop"],"picked":"SKIP","floor":23},{"not_picked":["Ignore","Normal_Punch","Serious_Punch","Slap+1"],"picked":"SKIP","floor":24},{"not_picked":["Yawn+1","Hop+1","Side_Hop","Slap+1"],"picked":"SKIP","floor":27},{"not_picked":["Wear_Disguise+1","Hip_Strike","Hop","Toss_Stone"],"picked":"SKIP","floor":30},{"not_picked":["Get_Hopes_Up","Serious_Punch","Hip_Strike"],"picked":"Terrifying_Presence","floor":33},{"not_picked":["Hop","Ignore","Normal_Punch","Do_Nothing"],"picked":"SKIP","floor":35},{"not_picked":["Normal_Punch","Yawn","Consecutive_Normal_Punch","Hip_Strike"],"picked":"SKIP","floor":39},{"not_picked":["Yawn+1","Ignore+1","Hop+1"],"picked":"Toss_Stone","floor":40},{"not_picked":["Do_Nothing+1","Hop","Consecutive_Normal_Punch+1","Yawn"],"picked":"SKIP","floor":42},{"not_picked":["Yawn+1","Hop+1","Side_Hop+1","Slap"],"picked":"SKIP","floor":44},{"not_picked":["Slap+1","Ignore","Hop","Wear_Disguise+1"],"picked":"SKIP","floor":45},{"not_picked":["Slap+1","Side_Hop","Serious_Punch","Yawn"],"picked":"SKIP","floor":47},{"not_picked":["Yawn+1","Slap","Ignore","Wear_Disguise+1"],"picked":"SKIP","floor":54}],"player_experience":647543,"relics_obtained":[{"floor":6,"key":"Gremlin Horn"},{"floor":11,"key":"Smiling Mask"},{"floor":23,"key":"StoneCalendar"},{"floor":23,"key":"Vajra"},{"floor":26,"key":"Blue Candle"},{"floor":30,"key":"Bottled Tornado"},{"floor":30,"key":"Strawberry"},{"floor":40,"key":"White Beast Statue"},{"floor":40,"key":"Ice Cream"},{"floor":43,"key":"Lantern"},{"floor":44,"key":"Meat on the Bone"},{"floor":44,"key":"Blood Vial"},{"floor":46,"key":"Pocketwatch"},{"floor":54,"key":"War Paint"},{"floor":54,"key":"theSenshi:FeatherClipsRelic"}],"event_choices":[{"damage_healed":0,"gold_gain":0,"player_choice":"Success","damage_taken":7,"relics_obtained":["Question Card"],"max_hp_gain":0,"max_hp_loss":0,"event_name":"Scrap Ooze","floor":3,"gold_loss":0},{"damage_healed":0,"gold_gain":0,"player_choice":"Take Damage","damage_taken":249,"relics_obtained":["Golden Idol"],"max_hp_gain":0,"max_hp_loss":0,"event_name":"Golden Idol","floor":4,"gold_loss":0},{"cards_removed":["Defend_Y"],"damage_healed":0,"gold_gain":0,"player_choice":"Forget","damage_taken":0,"max_hp_gain":0,"max_hp_loss":0,"event_name":"Living Wall","floor":5,"gold_loss":0},{"damage_healed":0,"gold_gain":0,"player_choice":"Gave Idol","damage_taken":0,"relics_obtained":["Bloody Idol"],"max_hp_gain":0,"max_hp_loss":0,"event_name":"Forgotten Altar","floor":19,"relics_lost":["Golden Idol"],"gold_loss":0},{"damage_healed":0,"gold_gain":0,"player_choice":"Ignored","damage_taken":0,"max_hp_gain":0,"max_hp_loss":0,"event_name":"Ghosts","floor":28,"gold_loss":0},{"damage_healed":0,"gold_gain":0,"player_choice":"Gave Potion","damage_taken":0,"relics_obtained":["Omamori"],"max_hp_gain":0,"max_hp_loss":0,"event_name":"WeMeetAgain","floor":31,"gold_loss":0},{"damage_healed":0,"gold_gain":0,"player_choice":"Cursed","damage_taken":0,"max_hp_gain":0,"max_hp_loss":0,"event_name":"Wheel of Change","floor":36,"gold_loss":0,"cards_obtained":["Decay"]},{"damage_healed":0,"gold_gain":0,"player_choice":"Fight","damage_taken":0,"max_hp_gain":0,"max_hp_loss":0,"event_name":"Mysterious Sphere","floor":46,"gold_loss":0}],"is_beta":false,"boss_relics":[{"not_picked":["Snecko Eye","Pandora\u0027s Box"],"picked":"Black Star"},{"not_picked":["SlaversCollar","SacredBark"],"picked":"Tiny House"}],"items_purged_floors":[20,29,37,38,48,53],"is_endless":false,"potions_floor_spawned":[6,10,11,14,21,33,39,42,44,45,46,47,54],"ascension_level":0}}