{"host":"m3herrhkesxm9ooc","time":1609043648,"event":{"mods":["BaseMod","Hermit","Minty Spire (QoL Compilation)","StSLib","The Hierophant"],"gold_per_floor":[366,381,25,42,42,42,52,52,120,151,125,125,145,161,161,161,161],"floor_reached":16,"playtime":395,"items_purged":[],"score":184,"play_id":"af03e8af-b32b-4017-bfd8-bde955b65ea6","local_time":"20201227133408","is_ascension_mode":true,"campfire_choices":[{"floor":6,"key":"REST"},{"data":"hermit:Determination","floor":8,"key":"SMITH"},{"floor":15,"key":"REST"}],"circlet_count":0,"master_deck":["AscendersBane","hermit:Strike_Hermit","hermit:Strike_Hermit","hermit:Strike_Hermit","hermit:Strike_Hermit","hermit:Defend_Hermit","hermit:Defend_Hermit","hermit:Defend_Hermit","hermit:Defend_Hermit","hermit:Snapshot","hermit:Covet","Injury","hermit:LowProfile","hermit:HighCaliber","hermit:Virtue","hermit:Determination+1","hermit:Spite","hermit:BodyArmor","hermit:WideOpen+1","hermit:Malice","hermit:Glare"],"relics":["hermit:Momento","hermit:Horseshoe","Sundial","Tiny Chest"],"acts_visited":["Exordium"],"potions_floor_usage":[7,10,13,16],"damage_taken":[{"damage":7,"enemies":"2 Louse","floor":1,"turns":3},{"damage":7,"enemies":"Cultist","floor":2,"turns":5},{"damage":2,"enemies":"Jaw Worm","floor":4,"turns":4},{"damage":18,"enemies":"Gremlin Gang","floor":7,"turns":6},{"damage":30,"enemies":"Lagavulin","floor":10,"turns":6},{"damage":6,"enemies":"2 Fungi Beasts","floor":13,"turns":3},{"damage":0,"enemies":"Large Slime","floor":14,"turns":5},{"damage":38,"enemies":"Slime Boss","floor":16,"turns":3}],"seed_played":"-6509774024025084757","potions_obtained":[{"floor":1,"key":"Block Potion"},{"floor":7,"key":"AttackPotion"},{"floor":10,"key":"Weak Potion"},{"floor":14,"key":"SkillPotion"}],"is_trial":false,"path_per_floor":["M","M","$","M","$","R","M","R","T","E","$","?","M","M","R","B"],"character_chosen":"HERMIT","items_purchased":["hermit:Horseshoe","hermit:Virtue","hermit:WideOpen"],"campfire_rested":2,"item_purchase_floors":[3,3,11],"current_hp_per_floor":[57,50,50,48,48,69,51,51,51,21,21,21,15,15,36,0,0],"gold":161,"neow_bonus":"TWO_FIFTY_GOLD","is_daily":false,"chose_seed":false,"campfire_upgraded":1,"win_rate":0.0,"timestamp":1609043648,"path_taken":["M","M","$","M","$","R","M","R","T","E","$","?","M","M","R","BOSS"],"items_purchased_type":["Relic","Card","Card"],"build_version":"2020-12-22","purchased_purges":0,"victory":false,"max_hp_per_floor":[71,71,71,71,71,71,71,71,71,71,71,71,71,71,71,71,71],"card_choices":[{"not_picked":["hermit:CalledShot","hermit:Vantage"],"picked":"hermit:LowProfile","floor":1},{"not_picked":["hermit:Midnight","hermit:Quickdraw"],"picked":"hermit:HighCaliber","floor":2},{"not_picked":["hermit:Vantage","hermit:Scavenge"],"picked":"hermit:Determination","floor":4},{"not_picked":["hermit:CalledShot","hermit:Roulette"],"picked":"hermit:Spite","floor":7},{"not_picked":["hermit:Magnum","hermit:LuckOfTheDraw"],"picked":"hermit:BodyArmor","floor":10},{"not_picked":["hermit:Roulette","hermit:Combo"],"picked":"hermit:Malice","floor":13},{"not_picked":["hermit:SprayPray","hermit:Scavenge"],"picked":"hermit:Glare","floor":14}],"player_experience":657637,"relics_obtained":[{"floor":9,"key":"Sundial"},{"floor":10,"key":"Tiny Chest"}],"event_choices":[{"damage_healed":0,"gold_gain":0,"player_choice":"Grow","damage_taken":0,"max_hp_gain":0,"max_hp_loss":0,"event_name":"Living Wall","floor":12,"gold_loss":0,"cards_upgraded":["hermit:WideOpen"]}],"is_beta":false,"boss_relics":[],"items_purged_floors":[],"is_endless":false,"potions_floor_spawned":[1,7,10,14],"killed_by":"Slime Boss","ascension_level":16}}