{"host":"BK","time":1609038738,"event":{"mods":["BaseMod","Highlight Path","Minty Spire (QoL Compilation)","StSLib"],"gold_per_floor":[111,124,136,150,165,193,193,220,266,280,280,300,300,300,300,377,377,397,110,110,110],"floor_reached":20,"playtime":712,"items_purged":["Strike_R"],"score":372,"play_id":"8bc96d74-7f60-4827-843c-f9aea9cb5920","local_time":"20201226201218","is_ascension_mode":true,"campfire_choices":[{"floor":7.0,"key":"REST"},{"data":"Heavy Blade","floor":11.0,"key":"SMITH"},{"data":"Spot Weakness","floor":13.0,"key":"SMITH"},{"floor":15.0,"key":"REST"}],"circlet_count":0,"master_deck":["AscendersBane","Strike_R","Strike_R","Strike_R","Strike_R","Defend_R","Defend_R","Defend_R","Defend_R","Bash","Iron Wave","Spot Weakness+1","Burning Pact","Metallicize+1","Reckless Charge","Heavy Blade+1","Feed","CurseOfTheBell","Pommel Strike+1"],"relics":["Velvet Choker","PreservedInsect","Pear","Bag of Marbles","Calling Bell","Boot","Molten Egg 2","Girya","Pen Nib"],"acts_visited":["Exordium","TheCity"],"potions_floor_usage":[20,20],"damage_taken":[{"damage":1.0,"enemies":"Cultist","floor":1.0,"turns":3.0},{"damage":4.0,"enemies":"Jaw Worm","floor":2.0,"turns":3.0},{"damage":7.0,"enemies":"Small Slimes","floor":3.0,"turns":3.0},{"damage":11.0,"enemies":"Blue Slaver","floor":4.0,"turns":3.0},{"damage":29.0,"enemies":"Gremlin Gang","floor":5.0,"turns":5.0},{"damage":30.0,"enemies":"Gremlin Nob","floor":6.0,"turns":4.0},{"damage":19.0,"enemies":"Lagavulin","floor":8.0,"turns":6.0},{"damage":10.0,"enemies":"3 Louse","floor":10.0,"turns":4.0},{"damage":3.0,"enemies":"Lots of Slimes","floor":12.0,"turns":4.0},{"damage":20.0,"enemies":"The Guardian","floor":16.0,"turns":12.0},{"damage":47.0,"enemies":"2 Thieves","floor":18.0,"turns":4.0},{"damage":32,"enemies":"Shell Parasite","floor":20,"turns":3}],"seed_played":"-26046010592281331","potions_obtained":[{"floor":2.0,"key":"FairyPotion"},{"floor":3.0,"key":"LiquidMemories"},{"floor":5.0,"key":"CultistPotion"},{"floor":6.0,"key":"Energy Potion"}],"is_trial":false,"path_per_floor":["M","M","M","M","M","E","R","E","T","M","R","M","R","?","R","B",null,"M","$","M"],"character_chosen":"IRONCLAD","items_purchased":["Pommel Strike+1","Pen Nib"],"campfire_rested":2,"item_purchase_floors":[19,19],"current_hp_per_floor":[67,63,56,45,16,22,44,35,35,25,25,22,22,22,47,27,71,27,27,0,0],"gold":110,"neow_bonus":"BOSS_RELIC","is_daily":false,"chose_seed":false,"campfire_upgraded":2,"win_rate":0.0,"timestamp":1609038738,"path_taken":["M","M","?","M","M","E","R","E","T","M","R","?","R","?","R","BOSS","M","$","?"],"items_purchased_type":["Card","Relic"],"build_version":"2020-12-18","purchased_purges":1,"victory":false,"max_hp_per_floor":[75,75,75,75,75,75,75,85,85,85,85,85,85,85,85,85,85,88,88,88,88],"card_choices":[{"not_picked":["Headbutt","Body Slam"],"picked":"Iron Wave","floor":1.0},{"not_picked":["Clash","Thunderclap"],"picked":"Spot Weakness","floor":2.0},{"not_picked":["Power Through","Sword Boomerang"],"picked":"Burning Pact","floor":3.0},{"not_picked":["Searing Blow","Corruption"],"picked":"Metallicize","floor":4.0},{"not_picked":["Iron Wave","Warcry","Flex"],"picked":"SKIP","floor":5.0},{"not_picked":["Rupture","Body Slam","Metallicize"],"picked":"SKIP","floor":6.0},{"not_picked":["Rage","Sentinel"],"picked":"Reckless Charge","floor":8.0},{"not_picked":["Barricade","Cleave"],"picked":"Heavy Blade","floor":10.0},{"not_picked":["Thunderclap","Second Wind","Havoc"],"picked":"SKIP","floor":12.0},{"not_picked":["Fiend Fire","Demon Form"],"picked":"Feed","floor":16.0},{"not_picked":["Anger+1","Thunderclap+1","Perfected Strike+1"],"picked":"SKIP","floor":18.0}],"player_experience":2446884,"relics_obtained":[{"floor":6.0,"key":"PreservedInsect"},{"floor":8.0,"key":"Pear"},{"floor":9.0,"key":"Bag of Marbles"},{"floor":17.0,"key":"Boot"},{"floor":17.0,"key":"Molten Egg 2"},{"floor":17.0,"key":"Girya"}],"event_choices":[{"damage_healed":0.0,"max_hp_gain":0.0,"max_hp_loss":0.0,"gold_gain":0.0,"event_name":"Upgrade Shrine","player_choice":"Upgraded","floor":14.0,"gold_loss":0.0,"damage_taken":0.0,"cards_upgraded":["Metallicize"]}],"is_beta":true,"boss_relics":[{"not_picked":["Tiny House","Busted Crown"],"picked":"Calling Bell"}],"items_purged_floors":[19],"is_endless":false,"potions_floor_spawned":[2,3,5,6,8,10],"killed_by":"Shell Parasite","ascension_level":20}}