{"host":"ds1yr10zonoc6w4a","time":1609095450,"event":{"mods":["2.2 Compatiblity","AchievementEnabler","Act Like it!","BaseMod","Downfall","Elementarium","Gensokyo","Infinite Spire","Jorbs\u0027s Wanderer Trilogy","Koishi","Menagerie","Minty Spire (QoL Compilation)","Pale of the Ancients","StSLib","The Animator","Wandering Minibosses","vexMod","??????REMEMod"],"gold_per_floor":[113,113,5,30,30,65,65,102,147,321,25,57,68,85,85,200,866,879,879,879,407,407,440,1211,1257,1314,1336,1359,1401,1431,1479,1491,1503,1503],"floor_reached":33,"playtime":6483,"items_purged":["animator:Strike","animator:Strike"],"score":710,"play_id":"117da50f-76c8-43d6-a7d3-2940d476f5f8","local_time":"20201227115730","is_ascension_mode":true,"campfire_choices":[{"data":"animator:Shiro","floor":15,"key":"SMITH"},{"data":"animator:HinaKagiyama","floor":32,"key":"SMITH"}],"circlet_count":0,"master_deck":["AscendersBane","animator:Strike_TenSura","animator:Defend_TenSura","animator:Strike","animator:Defend","animator:Defend","animator:Defend","animator:Benimaru","animator:Shuna","animator:Demiurge","animator:ElricAlphonse","animator:Pride+1","animator:RinTohsaka","animator:Archer","animator:Hitei","animator:ElricEdward","animator:Shiro+1","animator:Biyorigo","animator:Patchouli","animator:Azekura","animator:DolaStephanie","animator:RinTohsaka","animator:Benimaru","animator:Sora","Pride","Pride","Pride","animator:Caster","animator:HinaKagiyama+1","animator:Curse_Dizziness","animator:Canti","animator:TakanashiRikka","animator:MisaKurobane","animator:ElricAlphonse","animator:Sora","animator:Sloth","animator:Mikaela","animator:DolaCouronne+1","animator:DolaCouronne","animator:RinTohsaka","animator:DolaRiku"],"relics":["animator:LivingPicture","animator:TheMissingPiece","REME_ComplimentaryCards","animator:PurgingStone","NeowsBlessing","Gensokyo:OccultBall","Juzu Bracelet","Matryoshka","Happy Flower","Bag of Marbles","infinitespire:Lucky Rock","vexMod:RockOfEvil","Membership Card","Boot","Blood Vial","MawBank","Philosopher\u0027s Stone","wanderingMiniBosses:MasterThiefsPresence","Centennial Puzzle","Bronze Scales","Molten Egg 2"],"acts_visited":["Gensokyo:Gensokyo","Elementarium:Elementarium"],"potions_floor_usage":[16,16,25,27,29,33],"damage_taken":[{"damage":0,"enemies":"Gensokyo:Gryphon","floor":1,"turns":1},{"damage":0,"enemies":"Gensokyo:3_Fairies","floor":4,"turns":1},{"damage":0,"enemies":"Gensokyo:Aya","floor":6,"turns":1},{"damage":0,"enemies":"Gensokyo:Mamizou","floor":8,"turns":5},{"damage":0,"enemies":"Gensokyo:Python","floor":10,"turns":4},{"damage":11,"enemies":"Gensokyo:Cirno","floor":12,"turns":7},{"damage":0,"enemies":"Gensokyo:Kitsune","floor":13,"turns":4},{"damage":4,"enemies":"Gensokyo:VengefulSpirit","floor":14,"turns":6},{"damage":7,"enemies":"Gensokyo:Kokoro","floor":16,"turns":7},{"damage":11,"enemies":"Elementarium:2_ELEMENTALS","floor":18,"turns":4},{"damage":26,"enemies":"Nightmare","floor":23,"turns":6},{"damage":0,"enemies":"Elementarium:Cyclone","floor":24,"turns":7},{"damage":17,"enemies":"Elementarium:ElementalPortal","floor":25,"turns":6},{"damage":2,"enemies":"Elementarium:STONE_GOLEMS","floor":27,"turns":3},{"damage":6,"enemies":"Elementarium:VoidBeast","floor":28,"turns":6},{"damage":11,"enemies":"Elementarium:FIRE_NOBILITY","floor":29,"turns":6},{"damage":0,"enemies":"Elementarium:RubyGolem","floor":30,"turns":4},{"damage":6,"enemies":"Elementarium:Hydrostalker","floor":31,"turns":6},{"damage":8,"enemies":"Elementarium:GolemEmperor","floor":33,"turns":2}],"seed_played":"2793276527285521639","potions_obtained":[{"floor":8,"key":"Regen Potion"},{"floor":10,"key":"CultistPotion"},{"floor":24,"key":"PowerPotion"},{"floor":25,"key":"SteroidPotion"},{"floor":27,"key":"LiquidBronze"},{"floor":31,"key":"Energy Potion"}],"is_trial":false,"path_per_floor":["M","?","COS","M","?","E","?","E","T","M","$","E","M","M","R","B",null,"M","?","?","$","?","NM","M","E","T","M","M","E","M","M","R","B"],"character_chosen":"THE_ANIMATOR","items_purchased":["animator:Patchouli","animator:Azekura","Membership Card","Boot","Blood Vial","animator:Father","animator:Canti"],"campfire_rested":0,"item_purchase_floors":[11,11,21,21,21,21,21],"current_hp_per_floor":[59,59,59,59,59,60,60,60,60,60,60,50,50,46,46,54,65,54,54,54,54,54,30,32,18,18,18,15,6,8,4,4,0,0],"gold":1503,"neow_bonus":"THREE_ENEMY_KILL","is_daily":false,"chose_seed":false,"campfire_upgraded":2,"win_rate":0.0,"timestamp":1609095450,"path_taken":["M","?","COS","M","?","E","?","E","T","M","$","E","M","M","R","BOSS","M","?","?","?","?","NM","M","E","T","M","M","E","M","M","R","BOSS"],"items_purchased_type":["Card","Card","Relic","Relic","Relic","Card","Card"],"build_version":"2020-12-22","purchased_purges":2,"victory":false,"max_hp_per_floor":[66,66,66,66,66,67,67,67,67,67,67,68,68,68,68,68,68,68,68,68,68,68,68,34,35,35,35,36,36,36,36,36,36,36],"card_choices":[{"not_picked":["animator:RinTohsaka","animator:Alexander"],"picked":"animator:Demiurge","floor":1},{"not_picked":["animator:Jibril","animator:Vesta"],"picked":"animator:ElricAlphonse","floor":4},{"not_picked":["animator:Sebas+1","animator:Priestess+1"],"picked":"animator:Pride+1","floor":6},{"not_picked":["animator:Jibril","animator:Demiurge"],"picked":"animator:RinTohsaka","floor":6},{"not_picked":["animator:Shuna","animator:Shigure"],"picked":"animator:Archer","floor":7},{"not_picked":["animator:TsurugaMeisai","animator:HighElfArcher"],"picked":"animator:Hitei","floor":7},{"not_picked":["animator:Sloth","animator:WinryRockbell"],"picked":"animator:ElricEdward","floor":8},{"not_picked":["animator:Biyorigo","animator:Albedo"],"picked":"animator:Shiro","floor":10},{"not_picked":["animator:RinTohsaka","animator:Berserker"],"picked":"animator:Biyorigo","floor":10},{"not_picked":["animator:ShinjiMatou","animator:Azekura"],"picked":"animator:DolaStephanie","floor":12},{"not_picked":["animator:Illya","animator:Shion"],"picked":"animator:RinTohsaka","floor":13},{"not_picked":["animator:GazelDwargon","animator:Hakurou"],"picked":"animator:Benimaru","floor":14},{"not_picked":["animator:FeridBathory","animator:SwordMaiden"],"picked":"animator:Sora","floor":16},{"not_picked":["animator:Spearman","animator:Rider"],"picked":"animator:Caster","floor":18},{"not_picked":["animator:Kuroyukihime","animator:NononJakuzure"],"picked":"animator:TakanashiRikka","floor":22},{"not_picked":["animator:Urushihara","animator:Kagari"],"picked":"animator:MisaKurobane","floor":22},{"not_picked":["animator:Laby","animator:Millim"],"picked":"animator:ElricAlphonse","floor":23},{"not_picked":["animator:Alexander","animator:Yuuichirou+1"],"picked":"animator:Sora","floor":24},{"not_picked":["animator:ElricAlphonse","animator:WinryRockbell"],"picked":"animator:Sloth","floor":25},{"not_picked":["animator:Mitsuba","animator:Chung"],"picked":"animator:Mikaela","floor":27},{"not_picked":["animator:ZankiKiguchi","animator:Chung"],"picked":"animator:DolaCouronne+1","floor":28},{"not_picked":["animator:Kaijin","animator:Demiurge+1"],"picked":"animator:DolaCouronne","floor":29},{"not_picked":["animator:Caster","animator:Berserker+1"],"picked":"animator:RinTohsaka","floor":30},{"not_picked":["animator:IzunaHatsuse","animator:SakuraMatou"],"picked":"animator:DolaRiku","floor":31}],"player_experience":566004,"relics_obtained":[{"floor":6,"key":"Juzu Bracelet"},{"floor":8,"key":"Gensokyo:OccultBall"},{"floor":8,"key":"Matryoshka"},{"floor":9,"key":"Happy Flower"},{"floor":9,"key":"Bag of Marbles"},{"floor":12,"key":"infinitespire:Lucky Rock"},{"floor":16,"key":"Gensokyo:OccultBall"},{"floor":18,"key":"Gensokyo:OccultBall"},{"floor":23,"key":"MawBank"},{"floor":24,"key":"wanderingMiniBosses:MasterThiefsPresence"},{"floor":25,"key":"Centennial Puzzle"},{"floor":26,"key":"Bronze Scales"},{"floor":29,"key":"Molten Egg 2"}],"event_choices":[{"damage_healed":0,"gold_gain":0,"player_choice":"Machinery","damage_taken":0,"max_hp_gain":0,"max_hp_loss":0,"event_name":"Elementarium:IncubationChamber","floor":22,"gold_loss":0}],"is_beta":false,"boss_relics":[{"not_picked":["vexMod:CursedCompass","Runic Dome"],"picked":"vexMod:RockOfEvil"}],"items_purged_floors":[11,21],"is_endless":false,"potions_floor_spawned":[8,10,12,13,24,25,27,31],"killed_by":"Elementarium:GolemEmperor","ascension_level":11}}