{"host":"1sep654oresgee70","time":1609100729,"event":{"mods":["2.2 Compatiblity","Aspiration","BaseMod","Better Altar","Better Match","Better Note","Better Sensory Stone","Better Skull","Better Third Choice","Better Vampires","Better-Laid Plans","BetterRewards","Block Reminder","Conspire","Curses Come First","Displayed Cursed Tome","Gold Saver","Hubris","Infinite Spire","Minty Spire (QoL Compilation)","Potion Indicator Mod","Quick Restart","Red Circlet Mod","Replay The Spire","Shop Mod","Spicy Shops","StSLib","The Blue Laboratory","Thieving Mod","Transform Curses","Unceasing Turn Reminder","UnlockEverythingMod"],"gold_per_floor":[784,799,0,15,15,15,15,45,45,60,60,75,90,15,15,115,115,130,45,45,45,60,60,75,105,105,105,120,120,135,150,150,260,260,292,12,37,37,54,54,14,14,14,45,45,63,63,63],"floor_reached":47,"playtime":1557,"items_purged":["Parasite"],"score":700,"play_id":"32f62742-f6c8-46c1-92e8-985b07be85db","local_time":"20201227212529","daily_mods":["Chimera","Red Cards","Lethality"],"is_ascension_mode":false,"campfire_choices":[{"data":"Apotheosis","floor":6,"key":"SMITH"},{"floor":11,"key":"REST"},{"data":"Infernal Blade","floor":15,"key":"SMITH"},{"floor":23,"key":"REST"},{"floor":29,"key":"REST"},{"floor":32,"key":"REST"},{"floor":40,"key":"REST"},{"floor":42,"key":"REST"},{"floor":45,"key":"REST"}],"circlet_count":0,"master_deck":["Bash","Survivor","Zap","Eruption","Anger","Protect+1","Prostrate","Apotheosis+1","Clothesline","FlurryOfBlows","WreathOfFlame","Evaluate","Infernal Blade+1","hubris:SharpeningStone","Run Through","Anger","Fire Breathing+1","Barricade","hubris:ReadiedAction","Worship","JustLucky","Armaments","Fasting2","Scrawl","Fire Breathing","infinitespire:Punishment","Prostrate+1","Consecrate","Immolate","Double Tap","Protect+1","Second Wind","True Grit+1","Limit Break","EmptyFist","ReplayTheSpireMod:Corrosion Curse","Rupture","Rupture","Cleave+1","ThirdEye","ReplayTheSpireMod:Strike From Hell+1","Feel No Pain+1","Evaluate+1","SandsOfTime+1"],"relics":["PureWater","ReplayTheSpireMod:CursedCoin","Replay:Wax Seal","Damaru","Strawberry","Blood Vial","infinitespire:PuzzleCube","hubris:TinFlute","Pandora\u0027s Box","Blue Doll","GremlinMask","Pen Nib","Iron Hammer","hubris:BundleOfHerbs","infinitespire:EvilPickle","Fusion Hammer","hubris:GlazedTorus","BargainBundle","Happy Flower","hubris:Icosahedron","Replay:WaspNest","TungstenRod"],"acts_visited":["Exordium","TheCity","TheBeyond"],"potions_floor_usage":[16,18,18,28,31,33,35,39,44,47],"damage_taken":[{"damage":0,"enemies":"2 Louse","floor":1,"turns":2},{"damage":0,"enemies":"conspire:RoseBush","floor":2,"turns":3},{"damage":0,"enemies":"Cultist","floor":4,"turns":3},{"damage":12,"enemies":"3 Sentries","floor":8,"turns":5},{"damage":6,"enemies":"conspire:2 RoseBushes","floor":10,"turns":3},{"damage":0,"enemies":"Blue Slaver","floor":12,"turns":2},{"damage":0,"enemies":"Red Slaver","floor":13,"turns":1},{"damage":17,"enemies":"Fading Forest","floor":16,"turns":11},{"damage":35,"enemies":"conspire:FuzzyDice","floor":18,"turns":4},{"damage":8,"enemies":"Chosen","floor":22,"turns":2},{"damage":20,"enemies":"conspire:HollyBat","floor":24,"turns":5},{"damage":0,"enemies":"conspire:SneckoGhost","floor":25,"turns":4},{"damage":3,"enemies":"Centurion and Healer","floor":28,"turns":2},{"damage":7,"enemies":"Shelled Parasite and Fungi","floor":30,"turns":3},{"damage":22,"enemies":"3 Cultists","floor":31,"turns":4},{"damage":29,"enemies":"Pondfish","floor":33,"turns":7},{"damage":11,"enemies":"3 Shapes","floor":35,"turns":2},{"damage":3,"enemies":"Orb Walker","floor":39,"turns":4},{"damage":19,"enemies":"R_Hoarder","floor":44,"turns":5},{"damage":42,"enemies":"Transient","floor":46,"turns":5},{"damage":53,"enemies":"Writhing Mass","floor":47,"turns":3}],"seed_played":"4726349093531193793","potions_obtained":[{"floor":4,"key":"Block Potion"},{"floor":8,"key":"Ancient Potion"},{"floor":13,"key":"ColorlessPotion"},{"floor":24,"key":"blueLaboratory:FrostheartPotion"},{"floor":28,"key":"SpeedPotion"},{"floor":31,"key":"Strength Potion"},{"floor":33,"key":"blueLaboratory:NullPotion"},{"floor":46,"key":"Adrenaline Potion"}],"is_trial":false,"path_per_floor":["M","M","$","M","$","R","?","E","T","M","R","M","M","?","R","B",null,"M","?","?","AVR","M","R","M","E","T","?","M","R","M","M","R","B",null,"M","$","T","?","M","R","$","R","T","E","R","M","M"],"character_chosen":"WATCHER","items_purchased":["ReplayTheSpireMod:CursedCoin","Replay:Wax Seal","Damaru","Prostrate","Strawberry","Apotheosis","Blood Vial","Clothesline","FlurryOfBlows","Fire Potion","WreathOfFlame","hubris:GlazedTorus","BargainBundle","ReplayTheSpireMod:Corrosion Curse","Rupture","Cleave+1","ThirdEye","DuplicationPotion","Feel No Pain+1"],"campfire_rested":7,"item_purchase_floors":[3,3,3,3,3,3,3,3,3,3,3,36,36,36,36,36,36,36,41],"current_hp_per_floor":[72,72,76,76,76,76,76,64,64,60,76,76,76,76,76,65,76,41,41,41,41,35,57,39,41,41,41,46,68,63,43,65,38,76,65,65,65,65,64,76,76,76,76,57,76,34,0,0],"gold":63,"neow_bonus":"","is_daily":true,"chose_seed":false,"campfire_upgraded":2,"win_rate":0.0,"timestamp":1609100729,"path_taken":["M","M","$","M","$","R","?","E","T","M","R","M","M","?","R","BOSS","M","?","?","AVR","?","R","M","E","T","?","M","R","M","M","R","BOSS","M","?","?","?","M","R","$","R","T","E","R","?","M"],"items_purchased_type":["Relic","Relic","Relic","Card","Relic","Card","Relic","Card","Card","Potion","Card","Relic","Relic","Card","Card","Card","Card","Potion","Card"],"build_version":"2020-12-22","purchased_purges":1,"victory":false,"max_hp_per_floor":[72,72,76,76,76,76,76,76,76,76,76,76,76,76,76,76,76,76,76,76,76,76,76,76,76,76,76,76,76,76,76,76,76,76,76,76,76,76,76,76,76,76,76,76,76,76,76,76],"card_choices":[{"not_picked":["PathToVictory","Replay:Battleflow"],"picked":"Anger","floor":1},{"not_picked":["FlyingSleeves","Run Through"],"picked":"Protect","floor":2},{"not_picked":["Fasting2","ThirdEye"],"picked":"Evaluate","floor":4},{"not_picked":["Searing Blow","EmptyMind"],"picked":"Infernal Blade","floor":8},{"not_picked":["Clothesline","Warcry"],"picked":"hubris:SharpeningStone","floor":10},{"not_picked":["Second Wind","FlyingSleeves"],"picked":"Run Through","floor":12},{"not_picked":["SandsOfTime","Evaluate"],"picked":"Anger","floor":13},{"not_picked":["Wallop+1","Ghostly Armor+1"],"picked":"Fire Breathing+1","floor":14},{"not_picked":["Limit Break","Wish"],"picked":"Barricade","floor":16},{"not_picked":["Replay:Cycle","FlurryOfBlows+1"],"picked":"Fire Breathing","floor":18},{"not_picked":["Havoc","WreathOfFlame"],"picked":"Prostrate+1","floor":22},{"not_picked":["Perfected Strike+1","Perseverance"],"picked":"Consecrate","floor":24},{"not_picked":["CutThroughFate","ReplayTheSpireMod:Strike From Hell"],"picked":"Immolate","floor":25},{"not_picked":["Hemokinesis+1","hubris:CleavingFinish"],"picked":"Protect+1","floor":28},{"not_picked":["Burning Pact","Thunderclap"],"picked":"Second Wind","floor":30},{"not_picked":["Intimidate","JustLucky"],"picked":"True Grit+1","floor":31},{"not_picked":["Brutality","LessonLearned"],"picked":"Limit Break","floor":33},{"not_picked":["Wild Strike","JustLucky+1"],"picked":"EmptyFist","floor":35},{"not_picked":["Perseverance","Collect+1"],"picked":"ReplayTheSpireMod:Strike From Hell+1","floor":39},{"not_picked":["Pommel Strike","Double Tap"],"picked":"Evaluate+1","floor":44},{"not_picked":["Havoc","Cleave+1"],"picked":"SandsOfTime+1","floor":46}],"player_experience":2396077,"relics_obtained":[{"floor":8,"key":"infinitespire:PuzzleCube"},{"floor":9,"key":"hubris:TinFlute"},{"floor":25,"key":"Iron Hammer"},{"floor":26,"key":"hubris:BundleOfHerbs"},{"floor":37,"key":"Happy Flower"},{"floor":43,"key":"Replay:WaspNest"},{"floor":44,"key":"TungstenRod"}],"event_choices":[{"damage_healed":0,"gold_gain":0,"player_choice":"2","damage_taken":0,"max_hp_gain":0,"max_hp_loss":0,"event_name":"betterMatch:BetterMatch","floor":14,"gold_loss":0,"cards_obtained":["betterMatch:UncommonCard"]},{"damage_healed":0,"gold_gain":0,"player_choice":"Obtained Relic","damage_taken":0,"relics_obtained":["Blue Doll"],"max_hp_gain":0,"max_hp_loss":0,"event_name":"Addict","floor":19,"gold_loss":85},{"damage_healed":0,"gold_gain":0,"player_choice":"Trade","damage_taken":0,"relics_obtained":["GremlinMask"],"max_hp_gain":0,"max_hp_loss":0,"event_name":"FaceTrader","floor":20,"gold_loss":0},{"damage_healed":0,"gold_gain":0,"cards_transformed":["hubris:Wrath"],"player_choice":"Transformed","damage_taken":0,"max_hp_gain":0,"max_hp_loss":0,"event_name":"Transmorgrifier","floor":27,"gold_loss":0,"cards_obtained":["Double Tap"]}],"is_beta":false,"boss_relics":[{"not_picked":["SacredBark","conspire:RunicOctahedron"],"picked":"Pandora\u0027s Box"},{"not_picked":["HolyWater","Kintsugi"],"picked":"Fusion Hammer"}],"items_purged_floors":[3],"is_endless":false,"potions_floor_spawned":[4,8,13,24,28,31,33,46],"killed_by":"Writhing Mass","ascension_level":0}}