{"host":"6affnl2vk6en9o4b","time":1609096038,"event":{"mods":["2.2 Compatiblity","AchievementEnabler","Aspiration","BaseMod","BetterRewards","Colored Powertips","Conspire","Downfall","Friendly Minions","Googly Eyes","Highlight Path","Hubris","Minty Spire (QoL Compilation)","Replay The Spire","StSLib","Trackpad","Unceasing Turn Reminder","vexMod"],"gold_per_floor":[99,112,131,143,153,179,205,217,234,234,234,234,234,65,80,181,181,31,47,61,61,61,73,118,43,43,57,57,102,102,102],"floor_reached":29,"playtime":1724,"items_purged":[],"score":263,"play_id":"b18d16bb-5f89-4092-96d2-ffaf5970453b","local_time":"20201227190718","is_ascension_mode":true,"campfire_choices":[{"floor":1.0,"key":"DIG"},{"floor":11.0,"key":"RECALL"},{"data":"1","floor":18.0,"key":"LIFT"},{"floor":25,"key":"REST"},{"data":"2","floor":28,"key":"LIFT"}],"circlet_count":0,"master_deck":["Slimebound:Strike_Slimebound","Slimebound:Strike_Slimebound","Slimebound:Strike_Slimebound","Slimebound:Tackle","Slimebound:Defend_Slimebound+1","Slimebound:Defend_Slimebound","Slimebound:Defend_Slimebound","Slimebound:Defend_Slimebound","Slimebound:Split","Slimebound:CorrosiveSpit","Slimebound:SlimeSpikes","Slimebound:AcidTongue+1","Slimebound:SamplingLick+1","Slimebound:PrepareCrush+1","Slimebound:Schlurp","Slimebound:GrowthPunch","Slimebound:SpikyOuterGoop","Slimebound:Equalize","Slimebound:TongueLash","Slimebound:DuplicatedForm+1","Doubt","Sickly","hubris:Wrath","Slimebound:SlimeSpikes+1","Delirium","Slimebound:HauntingLick","Slimebound:SamplingLick"],"relics":["Slimebound:AbsorbEndCombat","trackpad:Compendium","Juzu Bracelet","aspiration:BabyByrd","Replay:Ancient Bell","Bronze Scales","vexMod:ScavengeHelm","Girya","downfall:HeartBlessingRed","downfall:HeartBlessingGreen","Ring of Fangs","ReplayTheSpireMod:Ring of Challenge","MutagenicStrength","War Paint","downfall:HeartBlessingBlue"],"acts_visited":["Exordium","TheCity"],"potions_floor_usage":[23,29,29],"damage_taken":[{"damage":4.0,"enemies":"2 Louse","floor":2.0,"turns":3.0},{"damage":4.0,"enemies":"Cultist","floor":3.0,"turns":4.0},{"damage":8.0,"enemies":"Small Slimes","floor":4.0,"turns":3.0},{"damage":26.0,"enemies":"conspire:2 RoseBushes","floor":5.0,"turns":5.0},{"damage":33.0,"enemies":"Gremlin Nob","floor":6.0,"turns":4.0},{"damage":4.0,"enemies":"Large Slime","floor":8.0,"turns":5.0},{"damage":18.0,"enemies":"3 Louse","floor":9.0,"turns":4.0},{"damage":19.0,"enemies":"downfall:FleeingMerchant","floor":14.0,"turns":5.0},{"damage":8.0,"enemies":"Blue Slaver","floor":15.0,"turns":4.0},{"damage":40.0,"enemies":"downfall:Watcher","floor":16.0,"turns":6.0},{"damage":47.0,"enemies":"conspire:FuzzyDice","floor":19.0,"turns":4.0},{"damage":33.0,"enemies":"Shell Parasite","floor":20.0,"turns":6.0},{"damage":65,"enemies":"3 Cultists","floor":23,"turns":8},{"damage":28,"enemies":"Snake Plant","floor":27,"turns":4},{"damage":50,"enemies":"Sentry and Sphere","floor":29,"turns":3}],"seed_played":"791394429168997746","potions_obtained":[{"floor":3.0,"key":"SkillPotion"},{"floor":4.0,"key":"FearPotion"},{"floor":5.0,"key":"Slimebound:SlimedPotion"},{"floor":8.0,"key":"Flashbang"},{"floor":19.0,"key":"Fire Potion"},{"floor":23,"key":"PowerPotion"},{"floor":27,"key":"sneckomod:MuddlingPotion"}],"is_trial":false,"path_per_floor":["R","M","M","M","M","E","T","M","M","?","R","?","?","$","M","B",null,"R","M","M","?","?","M","T","R","?","M","R","M"],"character_chosen":"SLIMEBOUND","items_purchased":["Slimebound:SpikyOuterGoop","Slimebound:Equalize"],"campfire_rested":1,"item_purchase_floors":[14,14],"current_hp_per_floor":[66,66,66,62,66,37,37,41,42,42,42,42,42,50,58,46,66,66,65,66,66,66,17,17,46,46,37,37,0,0,0],"gold":102,"neow_bonus":"TEN_PERCENT_HP_BONUS","is_daily":false,"chose_seed":false,"campfire_upgraded":0,"win_rate":0.0,"timestamp":1609096038,"path_taken":["R","M","M","M","M","E","T","M","M","?","R","?","?","$","M","BOSS","R","M","M","?","?","M","T","R","?","M","R","M"],"items_purchased_type":["Card","Card"],"build_version":"2020-12-22","purchased_purges":0,"victory":false,"max_hp_per_floor":[66,66,66,66,66,66,66,66,66,66,66,66,66,66,66,66,66,66,66,66,66,66,66,66,76,76,76,76,76,76,76],"card_choices":[{"not_picked":["Slimebound:PressTheAttack","Slimebound:FormOfPuddle"],"picked":"Slimebound:SlimeSpikes","floor":2.0},{"not_picked":["Slimebound:SlimeSpikes","Slimebound:ComboTackle"],"picked":"Slimebound:AcidTongue","floor":3.0},{"not_picked":["Slimebound:ComboTackle","Slimebound:LeechingTouch"],"picked":"Slimebound:SamplingLick","floor":4.0},{"not_picked":["Slimebound:FinishingTackle","Slimebound:SplitAcid","Slimebound:SplitBruiser"],"picked":"SKIP","floor":5.0},{"not_picked":["Slimebound:SlimeSpikes","Slimebound:ForwardTackle"],"picked":"Slimebound:PrepareCrush","floor":6.0},{"not_picked":["Slimebound:PressTheAttack","Slimebound:ViciousTackle","Slimebound:ComboTackle"],"picked":"SKIP","floor":8.0},{"not_picked":["Slimebound:GoopSpray","Slimebound:RejuvenatingLick"],"picked":"Slimebound:Schlurp","floor":9.0},{"not_picked":["Slimebound:ViciousTackle","Slimebound:Schlurp"],"picked":"Slimebound:GrowthPunch","floor":14.0},{"not_picked":["Slimebound:ComboTackle","Slimebound:SplitBruiser"],"picked":"Slimebound:TongueLash","floor":15.0},{"not_picked":["Slimebound:MinionMaster","Slimebound:OneTwoCombo"],"picked":"Slimebound:DuplicatedForm","floor":16.0},{"not_picked":["ReplayTheSpireMod:Faulty Equipment","hubris:Sloth"],"picked":"Doubt","floor":17.0},{"not_picked":["Guardian:Aged","hubris:Sloth"],"picked":"Sickly","floor":17.0},{"not_picked":["hubris:Sloth","Regret"],"picked":"hubris:Wrath","floor":17.0},{"not_picked":["Slimebound:FlameTackle","Slimebound:Dissolve+1","Slimebound:SplitAcid+1"],"picked":"SKIP","floor":19.0},{"not_picked":["Slimebound:SplitLeeching+1","Slimebound:Dissolve"],"picked":"Slimebound:SlimeSpikes+1","floor":20.0},{"not_picked":["Slimebound:SplitBruiser","Slimebound:MinionMaster"],"picked":"Slimebound:HauntingLick","floor":23},{"not_picked":["Slimebound:SplitMire","Slimebound:RollThrough"],"picked":"Slimebound:SamplingLick","floor":27}],"player_experience":195207,"relics_obtained":[{"floor":1.0,"key":"trackpad:Compendium"},{"floor":6.0,"key":"Juzu Bracelet"},{"floor":21.0,"key":"Ring of Fangs"},{"floor":21.0,"key":"ReplayTheSpireMod:Ring of Challenge"},{"floor":24,"key":"War Paint"}],"event_choices":[{"damage_healed":0.0,"max_hp_gain":0.0,"max_hp_loss":0.0,"gold_gain":0.0,"event_name":"Living Wall","player_choice":"Grow","floor":10.0,"gold_loss":0.0,"damage_taken":0.0,"cards_upgraded":["Slimebound:AcidTongue"]},{"damage_healed":0.0,"max_hp_gain":0.0,"max_hp_loss":0.0,"gold_gain":0.0,"event_name":"Accursed Blacksmith","player_choice":"Forge","floor":12.0,"gold_loss":0.0,"damage_taken":0.0,"cards_upgraded":["Slimebound:PrepareCrush"]},{"damage_healed":0,"gold_gain":0,"player_choice":"Inject Mutagens","damage_taken":0,"relics_obtained":["MutagenicStrength"],"max_hp_gain":0,"max_hp_loss":0,"event_name":"Drug Dealer","floor":22,"gold_loss":0}],"is_beta":false,"boss_relics":[{"not_picked":["conspire:SeveredTorchhead","trackpad:Trackpad"],"picked":"Replay:Ancient Bell"},{"not_picked":["Bag of Preparation","Smiling Mask"],"picked":"Bronze Scales"},{"not_picked":["Iron Hammer","aspiration:HummingbirdHeart"],"picked":"vexMod:ScavengeHelm"},{"not_picked":["Turnip","aspiration:DSix"],"picked":"Girya"}],"items_purged_floors":[],"is_endless":false,"potions_floor_spawned":[3,4,5,8,19,23,27],"killed_by":"Sentry and Sphere","ascension_level":1}}