{"host":"8nqgve6y8ahjd8xo","time":1609073418,"event":{"mods":["ATMod(阿瑾Mod)","AchievementEnabler","BaseMod","Better Vampires","Better-Laid Plans","Colored Map","Colored Powertips","Minty Spire (QoL Compilation)","MostiFishMod","Quick Restart","Red Circlet Mod","Replay The Spire","RumiaBox-露米娅的神秘盒子","Ryuuou龙王","Shop Mod","StSLib","TestMod","Uncapped","Waifu the Spire","[IsaacMod]以撒尖塔","[功能]功能增强和修复MOD","vexMod","【功能Mod】Neow奖励","【功能Mod】混沌之环修复补丁","【遗物Mod】死灵法师NEW","【遗物Mod】简单游戏","【遗物卡牌】REMEMod","没有小屋子和绿帽子啦","篝火指南"],"gold_per_floor":[-1289,-1289,-1271,-1256,-1231,-1231,-1198,-1198,-1175,-1163,-1151,-1106,-1078,-1033,-1021,-916,-904,-877,-465,-429,-403,-366,-318,-306,-253,-241,-211,-168,-142,-106,-75,-63,43,55,83,42,42,56,81,116,116,159,186,206,136,161,184,284,284,303,215,215,233,249,285,285,320,320,340,122,205,205,218,218,218,218,218,218,95,129,129,129],"floor_reached":56,"playtime":3032,"items_purged":["Strike_P","Strike_P","Defend_P","Defend_P","CrushJoints+1"],"score":3051,"play_id":"0943ec8a-0ec8-42c3-b989-3e878d89c96e","local_time":"20201227205018","is_ascension_mode":true,"campfire_choices":[{"data":"Eruption","floor":6.0,"key":"SMITH"},{"data":"AT_MachinaRedman","floor":8.0,"key":"SMITH"},{"data":"AT_DivineConfetti","floor":10.0,"key":"SMITH"},{"data":"EmptyMind","floor":15.0,"key":"SMITH"},{"data":"Scrawl","floor":24.0,"key":"SMITH"},{"data":"MostiFishMod:KamiSmash","floor":32.0,"key":"SMITH"},{"data":"DeusExMachina","floor":41.0,"key":"SMITH"},{"floor":49.0,"key":"RECALL"},{"data":"AT_IrregularMenstruation","floor":41.0,"key":"SMITH"},{"data":"MentalFortress","floor":47.0,"key":"SMITH"},{"data":"MostiFishMod:LegendTransform","floor":49.0,"key":"SMITH"},{"data":"Vigilance","floor":53.0,"key":"SMITH"}],"circlet_count":0,"master_deck":["AscendersBane","Vigilance+1","AT_DivineConfetti+1","AT_MachinaRedman+1","BowlingBash+1","MostiFishMod:LegendTransform+1","EmptyMind+1","MasterReality","Wallop+1","Fasting2+1","Scrawl+1","MostiFishMod:KamiSmash+1","Tantrum+1","DeusExMachina+1","Collect+1","MostiFishMod:Adaptation","MentalFortress+1","AT_IrregularMenstruation+1","Adaptation+1","MostiFishMod:Minus","MostiFishMod:LegendTransform+1"],"relics":["EasyRelic","HushsDoor","DaveBox","AT_ATBox","REME_ComplimentaryCards","GuppysHead","testmod-ChristmasGift","RhineCircuit","SynthV:MejaisSoulstealer","SynthV:TestCard","Golden Idol","MawBank","ImprovedEquipment","Matryoshka","Astrolabe","PreservedInsect","PunchingBag","Replay:Rubber Ducky","Boot","Diplopia","AT_TrinityForce","GuppysHairball","testmod-LifeArmor","testmod-OneHitWonder","BookOfRevelations","Bag of Marbles","UnicornStump","Dream Catcher","NineVolt","Whetstone","Replay:Accelerometer","AT_ChloranthyRing","Centennial Puzzle"],"acts_visited":["Exordium","TheCity","TheBeyond","TheEnding"],"potions_floor_usage":[],"damage_taken":[{"damage":5.0,"enemies":"Jaw Worm","floor":1.0,"turns":3.0},{"damage":0.0,"enemies":"2 Louse","floor":3.0,"turns":1.0},{"damage":0.0,"enemies":"Small Slimes","floor":4.0,"turns":1.0},{"damage":0.0,"enemies":"3 Louse","floor":5.0,"turns":1.0},{"damage":0.0,"enemies":"Gremlin Nob","floor":7.0,"turns":2.0},{"damage":1.0,"enemies":"3 Sentries","floor":12.0,"turns":2.0},{"damage":0.0,"enemies":"Exordium Wildlife","floor":13.0,"turns":1.0},{"damage":0.0,"enemies":"Lagavulin","floor":14.0,"turns":3.0},{"damage":0.0,"enemies":"The Guardian","floor":16.0,"turns":5.0},{"damage":0.0,"enemies":"Shell Parasite","floor":18.0,"turns":2.0},{"damage":18.0,"enemies":"3 Byrds","floor":20.0,"turns":3.0},{"damage":9.0,"enemies":"Shelled Parasite and Fungi","floor":21.0,"turns":3.0},{"damage":9.0,"enemies":"Snake Plant","floor":22.0,"turns":2.0},{"damage":0.0,"enemies":"Book of Stabbing","floor":23.0,"turns":1.0},{"damage":3.0,"enemies":"Slavers","floor":25.0,"turns":2.0},{"damage":0.0,"enemies":"Chosen and Byrds","floor":27.0,"turns":3.0},{"damage":0.0,"enemies":"Book of Stabbing","floor":28.0,"turns":3.0},{"damage":0.0,"enemies":"3 Cultists","floor":29.0,"turns":4.0},{"damage":9.0,"enemies":"Snake Plant","floor":30.0,"turns":2.0},{"damage":6.0,"enemies":"Shelled Parasite and Fungi","floor":31.0,"turns":2.0},{"damage":32.0,"enemies":"Champ","floor":33.0,"turns":5.0},{"damage":0.0,"enemies":"Orb Walker","floor":35.0,"turns":1.0},{"damage":0.0,"enemies":"3 Darklings","floor":38.0,"turns":1.0},{"damage":0.0,"enemies":"Jaw Worm Horde","floor":39.0,"turns":2.0},{"damage":0.0,"enemies":"Nemesis","floor":40.0,"turns":1.0},{"damage":18.0,"enemies":"Giant Head","floor":42.0,"turns":2.0},{"damage":2.0,"enemies":"Transient","floor":44.0,"turns":5.0},{"damage":0.0,"enemies":"3 Darklings","floor":46.0,"turns":2.0},{"damage":0.0,"enemies":"4 Shapes","floor":47.0,"turns":1.0},{"damage":0.0,"enemies":"3 Darklings","floor":35.0,"turns":2.0},{"damage":0.0,"enemies":"Orb Walker","floor":38.0,"turns":1.0},{"damage":0.0,"enemies":"3 Darklings","floor":39.0,"turns":2.0},{"damage":0.0,"enemies":"R_Hoarder","floor":40.0,"turns":1.0},{"damage":0.0,"enemies":"Reptomancer","floor":42.0,"turns":1.0},{"damage":0.0,"enemies":"4 Shapes","floor":44.0,"turns":3.0},{"damage":0.0,"enemies":"Hiden Room Battle","floor":46.0,"turns":2.0},{"damage":0.0,"enemies":"Spire Growth","floor":48.0,"turns":2.0},{"damage":0.0,"enemies":"Donu and Deca","floor":50.0,"turns":2.0},{"damage":0.0,"enemies":"Time Eater","floor":51.0,"turns":3.0},{"damage":1.0,"enemies":"Shield and Spear","floor":55.0,"turns":3.0},{"damage":85,"enemies":"Delirium","floor":56,"turns":4}],"seed_played":"-5517635940675197855","potions_obtained":[{"floor":3.0,"key":"testmod-EscapePotion"},{"floor":3.0,"key":"Block Potion"},{"floor":29.0,"key":"DistilledChaos"},{"floor":39.0,"key":"testmod-TimePotion"}],"is_trial":false,"path_per_floor":["M","?","M","M","M","R","E","R","T","R","?","E","M","E","R","B",null,"M","?","M","M","M","E","R","E","T","M","E","M","M","M","R","B",null,"M","$","?","M","M","E","R","E","T","M","$","M","M","?","R","M","$","?","M","M","E","R","E","T","M","$","?","R","M","R","B","B",null,"R","$","E","B"],"character_chosen":"WATCHER","items_purchased":["GuppysHairball","Whetstone"],"campfire_rested":0,"item_purchase_floors":[34,45],"current_hp_per_floor":[58,35,35,37,38,38,42,42,42,42,42,44,46,48,48,53,64,66,66,51,45,41,43,43,42,42,49,55,59,51,49,49,25,50,50,50,50,51,55,56,56,41,41,55,55,58,58,58,58,58,58,58,58,58,58,58,58,58,58,58,50,50,50,50,53,56,58,58,58,58,0,0],"gold":129,"neow_bonus":"BOSS_RELIC","is_daily":false,"chose_seed":false,"campfire_upgraded":11,"win_rate":0.0,"timestamp":1609073418,"path_taken":["M","?","M","M","M","R","E","R","T","R","?","E","?","E","R","BOSS","M","?","M","?","?","E","R","E","T","?","E","M","M","?","R","BOSS","M","$","?","M","M","E","R","E","T","?","$","M","M","?","R","M","$","?","M","M","E","R","E","T","?","?","?","R","M","R","BOSS","BOSS","R","$","E","BOSS"],"items_purchased_type":["Relic","Relic"],"build_version":"2020-12-22","purchased_purges":5,"victory":false,"max_hp_per_floor":[68,68,68,68,68,68,68,68,68,68,68,68,68,68,68,68,68,68,68,68,68,68,68,68,68,68,68,68,68,68,68,68,68,58,58,58,58,58,58,58,58,58,58,58,58,58,58,58,58,58,58,58,58,58,58,58,58,58,58,58,58,58,58,58,58,58,58,58,58,58,58,58],"card_choices":[{"not_picked":["Halt","FearNoEvil","FlyingSleeves"],"picked":"SKIP","floor":1.0},{"not_picked":["MostiFishMod:PathToVictory","CrushJoints","ForeignInfluence","FlurryOfBlows"],"picked":"Bomb","floor":3.0},{"not_picked":["EmptyFist","ForeignInfluence","PathToVictory","FlyingSleeves","Study"],"picked":"SKIP","floor":4.0},{"not_picked":["EmptyFist","BattleHymn","Sanctity","Replay:BluntJabs","ClearTheMind"],"picked":"SKIP","floor":5.0},{"not_picked":["CutThroughFate","ReachHeaven","Scrawl","Crescendo"],"picked":"BowlingBash","floor":7.0},{"not_picked":["BowlingBash","Replay:ManipulateFuture","MostiFishMod:Dust","Prostrate","SpiritShield"],"picked":"SKIP","floor":12.0},{"not_picked":["FollowUp","Consecrate","Replay:BluntJabs","Pray"],"picked":"MostiFishMod:LegendTransform","floor":13.0},{"not_picked":["SashWhip","Wallop","REME_Repentance","EmptyBody"],"picked":"EmptyMind","floor":14.0},{"not_picked":["Vault","Omniscience","Wish","REME_CRH"],"picked":"MasterReality","floor":16.0},{"not_picked":["Crescendo","CrushJoints","PathToVictory+1","REME_MusicOfDeath","Prostrate"],"picked":"SKIP","floor":18.0},{"not_picked":["PathToVictory","JustLucky","Prostrate","WaveOfTheHand+1","Halt"],"picked":"SKIP","floor":20.0},{"not_picked":["AT_DivineConfetti","BattleHymn","Wallop","WheelKick","WindmillStrike"],"picked":"SKIP","floor":21.0},{"not_picked":["Worship","CutThroughFate","Replay:BluntJabs","ForeignInfluence"],"picked":"Scrawl","floor":22.0},{"not_picked":["Brilliance","AT_OneInchPunch","PathToVictory","Halt","SashWhip"],"picked":"SKIP","floor":23.0},{"not_picked":["PathToVictory","Pray","Worship","SandsOfTime","Replay:AtTheReady"],"picked":"SKIP","floor":25.0},{"not_picked":["Evaluate","ThirdEye","InnerPeace","FlyingSleeves","FlurryOfBlows+1"],"picked":"SKIP","floor":27.0},{"not_picked":["DeceiveReality","JustLucky","FlyingSleeves","WreathOfFlame"],"picked":"MostiFishMod:KamiSmash","floor":28.0},{"not_picked":["FearNoEvil","JustLucky","FlyingSleeves","ClearTheMind+1"],"picked":"Tantrum","floor":29.0},{"not_picked":["EmptyMind","Halt","Tantrum","Worship","REME_Repentance"],"picked":"SKIP","floor":30.0},{"not_picked":["Replay:AtTheReady","EmptyFist","ClearTheMind","ThirdEye","Crescendo"],"picked":"SKIP","floor":31.0},{"not_picked":["Brilliance","MostiFishMod:Unraveling","Devotion","MostiFishMod:StarOceanP"],"picked":"DeusExMachina","floor":33.0},{"not_picked":["WreathOfFlame+1","FollowUp+1","FlurryOfBlows","SandsOfTime","Halt"],"picked":"SKIP","floor":35.0},{"not_picked":["Halt","Replay:BluntJabs","Replay:Anticipation","FollowUp+1","Evaluate"],"picked":"SKIP","floor":38.0},{"not_picked":["Tantrum","AT_SoftenMuscles+1","ClearTheMind","MostiFishMod:FlowState"],"picked":"Collect+1","floor":39.0},{"not_picked":["Crescendo","Prostrate","EmptyFist","FlurryOfBlows+1","EmptyBody"],"picked":"SKIP","floor":40.0},{"not_picked":["EmptyBody","Replay:DivineShield","Indignation+1","ClearTheMind","JustLucky"],"picked":"SKIP","floor":42.0},{"not_picked":["BowlingBash+1","Replay:Anticipation+1","Indignation","JustLucky"],"picked":"MostiFishMod:Adaptation","floor":44.0},{"not_picked":["SashWhip","ThirdEye","DeceiveReality","CarveReality+1","Protect"],"picked":"SKIP","floor":46.0},{"not_picked":["JustLucky","REME_Repentance+1","EmptyBody","AT_RealFormLess+1","Crescendo"],"picked":"SKIP","floor":47.0},{"not_picked":["Replay:ManipulateFuture","CutThroughFate","WindmillStrike","Replay:AtTheReady"],"picked":"MentalFortress","floor":35.0},{"not_picked":["AT_RealFormLess+1","SashWhip","Replay:Hum+1","MostiFishMod:FlowState","Replay:ManipulateFuture"],"picked":"SKIP","floor":38.0},{"not_picked":["DeceiveReality","FlyingSleeves","Replay:BluntJabs","Evaluate","SashWhip"],"picked":"SKIP","floor":39.0},{"not_picked":["Evaluate","ThirdEye","InnerPeace+1","LikeWater"],"picked":"AT_IrregularMenstruation","floor":40.0},{"not_picked":["ThirdEye+1","InnerPeace","Protect","BowlingBash"],"picked":"Adaptation+1","floor":42.0},{"not_picked":["FlyingSleeves","EmptyBody","FlurryOfBlows","Replay:BluntJabs"],"picked":"MostiFishMod:Minus","floor":44.0},{"not_picked":["Study","PathToVictory","JustLucky","CrushJoints"],"picked":"MostiFishMod:LegendTransform+1","floor":46.0},{"not_picked":["Pray+1","Adaptation","Crescendo","MostiFishMod:KamiSmash","Replay:ManipulateFuture+1"],"picked":"SKIP","floor":48.0},{"not_picked":["Establishment","Consecrate","SashWhip","Indignation","EmptyFist+1"],"picked":"SKIP","floor":55.0}],"player_experience":1313549,"relics_obtained":[{"floor":1.0,"key":"SynthV:TestCard"},{"floor":7.0,"key":"ForgetMeNow"},{"floor":9.0,"key":"MawBank"},{"floor":12.0,"key":"ImprovedEquipment"},{"floor":14.0,"key":"Matryoshka"},{"floor":23.0,"key":"PreservedInsect"},{"floor":25.0,"key":"PunchingBag"},{"floor":26.0,"key":"Replay:Rubber Ducky"},{"floor":26.0,"key":"Boot"},{"floor":28.0,"key":"Diplopia"},{"floor":40.0,"key":"testmod-LifeArmor"},{"floor":42.0,"key":"testmod-OneHitWonder"},{"floor":43.0,"key":"BookOfRevelations"},{"floor":37.0,"key":"Bag of Marbles"},{"floor":40.0,"key":"UnicornStump"},{"floor":42.0,"key":"Dream Catcher"},{"floor":43.0,"key":"NineVolt"},{"floor":46.0,"key":"Replay:Accelerometer"},{"floor":46.0,"key":"AT_ChloranthyRing"},{"floor":55.0,"key":"Centennial Puzzle"}],"event_choices":[{"damage_healed":0.0,"max_hp_gain":0.0,"max_hp_loss":0.0,"gold_gain":0.0,"event_name":"Golden Idol","player_choice":"Take Damage","floor":2.0,"gold_loss":0.0,"damage_taken":23.0,"relics_obtained":["Golden Idol"]},{"damage_healed":0.0,"max_hp_gain":0.0,"max_hp_loss":0.0,"gold_gain":400.0,"event_name":"恩洛斯的盘子","player_choice":"Sell","floor":19.0,"relics_lost":["testmod-TestBox"],"gold_loss":0.0,"damage_taken":0.0},{"cards_removed":["Eruption"],"damage_healed":0.0,"max_hp_gain":0.0,"max_hp_loss":0.0,"gold_gain":0.0,"event_name":"Falling","player_choice":"Removed Attack","floor":37.0,"gold_loss":0.0,"damage_taken":0.0},{"damage_healed":0.0,"max_hp_gain":0.0,"max_hp_loss":0.0,"gold_gain":0.0,"event_name":"Ryuuou:Expiration_P","player_choice":"Ignored","floor":48.0,"gold_loss":0.0,"damage_taken":0.0},{"damage_healed":0.0,"max_hp_gain":0.0,"max_hp_loss":0.0,"gold_gain":0.0,"event_name":"Wheel of Change","player_choice":"Relic","floor":37.0,"gold_loss":0.0,"damage_taken":0.0},{"damage_healed":0.0,"max_hp_gain":0.0,"max_hp_loss":0.0,"gold_gain":0.0,"event_name":"HidenRoomEvent","player_choice":"Fight","floor":46.0,"gold_loss":0.0,"damage_taken":0.0}],"is_beta":false,"boss_relics":[{"not_picked":["SoulBox","SlaversCollar"],"picked":"Astrolabe"},{"not_picked":[]},{"not_picked":["DiscerningMonocle","Cursed Key"],"picked":"AT_TrinityForce"},{"not_picked":[]}],"items_purged_floors":[36,45,36,45,54],"is_endless":false,"potions_floor_spawned":[3,3,4,5,5,12,13,13,14,14,16,16,21,21,21,22,22,23,25,25,27,27,28,29,30,31,31,33,35,35,38,39,39,40,42,42,46,46,47,47,35,38,40,40,42,42,44,44,55,55],"killed_by":"Delirium","ascension_level":20}}