{"host":"cyh4fejqtcjbfr7k","time":1609071551,"event":{"mods":["2.2 Compatiblity","AchievementEnabler","BaseMod","Colored Map","Colored Powertips","DeckTracker","Downfall","Googly Eyes","Hubris","Infinite Spire","Minty Spire (QoL Compilation)","Replay The Spire","Shop Mod","StSLib","SuperFastMode","Unceasing Turn Reminder"],"gold_per_floor":[114,134,154,154,154,185,185,212,212,232,267,267,40,53,53,150,150,169,184,184,210,210,210,210,210],"floor_reached":24,"playtime":886,"items_purged":[],"score":245,"play_id":"a3bc33fa-3932-458d-b66d-3e07c1b17e3e","local_time":"20201227051911","is_ascension_mode":true,"campfire_choices":[{"floor":7,"key":"REST"},{"floor":15,"key":"REST"},{"floor":23,"key":"REST"}],"circlet_count":0,"master_deck":["Strike_G","Strike_G","Strike_G","Strike_G","Strike_G","Defend_G","Defend_G","Defend_G","Defend_G","Defend_G","Survivor","Neutralize","Outmaneuver","Cloak And Dagger+1","Sucker Punch","ReplayTheSpireMod:Speed Training","Dagger Spray","ReplayTheSpireMod:Shiv Toss+1","Fluid Movement","Dagger Spray","A Thousand Cuts","Terror","Deflect"],"relics":["Ring of the Snake","NeowsBlessing","hubris:OldNail","hubris:MedicalManual","Replay:Baseball","Ornamental Fan","Regal Pillow","Bag of Preparation","Replay:Rubber Ducky"],"acts_visited":["Exordium","TheCity"],"potions_floor_usage":[6,11],"damage_taken":[{"damage":0,"enemies":"Small Slimes","floor":1,"turns":1},{"damage":0,"enemies":"Jaw Worm","floor":2,"turns":1},{"damage":0,"enemies":"2 Louse","floor":3,"turns":1},{"damage":36,"enemies":"Lagavulin","floor":6,"turns":10},{"damage":1,"enemies":"Looter","floor":10,"turns":4},{"damage":20,"enemies":"3 Sentries","floor":11,"turns":10},{"damage":0,"enemies":"3 Louse","floor":14,"turns":4},{"damage":80,"enemies":"Hexaghost","floor":16,"turns":20},{"damage":22,"enemies":"Chosen","floor":18,"turns":7},{"damage":35,"enemies":"Shell Parasite","floor":19,"turns":6},{"damage":45,"enemies":"Centurion and Healer","floor":24,"turns":15}],"seed_played":"-3303991241835736384","potions_obtained":[{"floor":1,"key":"FairyPotion"},{"floor":2,"key":"ColorlessPotion"},{"floor":10,"key":"PowerPotion"}],"is_trial":false,"path_per_floor":["M","M","M","?","?","E","R","T","T","M","E","?","$","M","R","B",null,"M","M","?","T","?","R","M"],"character_chosen":"THE_SILENT","items_purchased":["Fluid Movement","Bag of Preparation"],"campfire_rested":3,"item_purchase_floors":[13,13],"current_hp_per_floor":[70,70,70,67,67,31,52,52,52,51,31,31,31,31,67,11,70,48,13,13,13,7,43,0,0],"gold":210,"neow_bonus":"THREE_ENEMY_KILL","is_daily":false,"chose_seed":false,"campfire_upgraded":0,"win_rate":0.0,"timestamp":1609071551,"path_taken":["M","M","M","?","?","E","R","?","T","M","E","?","?","M","R","BOSS","M","M","?","?","?","R","M"],"items_purchased_type":["Card","Relic"],"build_version":"2020-12-22","purchased_purges":0,"victory":false,"max_hp_per_floor":[70,70,70,70,70,70,70,70,70,70,70,70,70,70,70,70,70,70,70,70,70,70,70,70,70],"card_choices":[{"not_picked":["Slice","ReplayTheSpireMod:Scrap Shanks"],"picked":"Outmaneuver","floor":1},{"not_picked":["Flying Knee","Hidden Blade"],"picked":"Cloak And Dagger","floor":2},{"not_picked":["All Out Attack","ReplayTheSpireMod:Speed Training"],"picked":"Sucker Punch","floor":3},{"not_picked":["Bane","Sucker Punch"],"picked":"ReplayTheSpireMod:Speed Training","floor":6},{"not_picked":["Backflip","Sneak Up"],"picked":"Dagger Spray","floor":10},{"not_picked":["Atom Bomb","ReplayTheSpireMod:Scrap Shanks"],"picked":"ReplayTheSpireMod:Shiv Toss","floor":11},{"not_picked":["Acrobatics","Slice"],"picked":"Dagger Spray","floor":14},{"not_picked":["Poison Darts","ReplayTheSpireMod:From All Sides"],"picked":"A Thousand Cuts","floor":16},{"not_picked":["Sucker Punch+1","Fluid Movement"],"picked":"Terror","floor":18},{"not_picked":["Bane+1","Dagger Throw+1"],"picked":"Deflect","floor":19}],"player_experience":617785,"relics_obtained":[{"floor":6,"key":"hubris:MedicalManual"},{"floor":8,"key":"Replay:Baseball"},{"floor":9,"key":"Ornamental Fan"},{"floor":11,"key":"Regal Pillow"},{"floor":21,"key":"Replay:Rubber Ducky"}],"event_choices":[{"damage_healed":0,"gold_gain":0,"player_choice":"Success","damage_taken":3,"relics_obtained":["hubris:OldNail"],"max_hp_gain":0,"max_hp_loss":0,"event_name":"Scrap Ooze","floor":4,"gold_loss":0},{"damage_healed":0,"gold_gain":0,"player_choice":"Grow","damage_taken":0,"max_hp_gain":0,"max_hp_loss":0,"event_name":"Living Wall","floor":5,"gold_loss":0,"cards_upgraded":["Cloak And Dagger"]},{"damage_healed":0,"gold_gain":0,"player_choice":"","damage_taken":6,"max_hp_gain":0,"max_hp_loss":0,"event_name":"Knowing Skull","floor":22,"potions_obtained":[],"gold_loss":0,"cards_obtained":[]}],"is_beta":false,"boss_relics":[{"not_picked":["Runic Pyramid","Velvet Choker","ReplayTheSpireMod:SealedPack"]}],"items_purged_floors":[],"is_endless":false,"potions_floor_spawned":[1,2,10],"killed_by":"Centurion and Healer","ascension_level":4}}