{"host":"edk8ruzv78x6jv19","time":1609111005,"event":{"mods":["BaseMod","Better Third Choice","Energized Spire","Infinite Spire","Minty Spire (QoL Compilation)","Replay The Spire","StSLib","The Blue Laboratory","Thieving Mod","Treasure Hunter"],"gold_per_floor":[934,934,0,0,14,14,14,48,74,74,108,108,33,33,33,154,154,71,71,71,71,88,88,88,88,113,113,154,196,196,240,240,360,360,385,128,128,371,387,387,387,387,387,387,425,425,157,202,202,203],"floor_reached":51,"playtime":3467,"items_purged":["Replay:Many Hands","Thunderclap","Writhe","Twin Strike+1","Thunderclap"],"score":782,"play_id":"4243a641-a83a-4a99-92f3-feafbd8c3608","local_time":"20201227171645","daily_mods":["SealedDeck","Heirloom","Time Dilation","Flight","DeadlyEvents","Elite Swarm","Lethality"],"is_ascension_mode":false,"campfire_choices":[{"data":"Searing Blow","floor":6,"key":"SMITH"},{"data":"Searing Blow+1","floor":7,"key":"SMITH"},{"data":"Searing Blow+2","floor":10,"key":"SMITH"},{"data":"Searing Blow+3","floor":15,"key":"SMITH"},{"data":"Searing Blow+4","floor":23,"key":"SMITH"},{"data":"Searing Blow+5","floor":24,"key":"SMITH"},{"data":"Searing Blow+6","floor":25,"key":"SMITH"},{"data":"Searing Blow+7","floor":27,"key":"SMITH"},{"data":"Enlightenment","floor":32,"key":"SMITH"},{"data":"Searing Blow+8","floor":40,"key":"SMITH"},{"data":"Searing Blow+9","floor":41,"key":"SMITH"},{"data":"Limit Break","floor":42,"key":"SMITH"},{"data":"Searing Blow+10","floor":44,"key":"SMITH"},{"data":"Searing Blow+11","floor":46,"key":"SMITH"},{"data":"infinitespire:FutureSight","floor":49,"key":"SMITH"}],"circlet_count":0,"master_deck":["Flex","Searing Blow+12","Enlightenment+1","TH:BikiniMail","TH:Mimic","TH:CopperCoins","infinitespire:FutureSight+1","TH:CursedSword","TH:DeckOfManyThings","Limit Break+1","TH:PixieDust","TH:ElvenBoots","TH:CursedSword","TH:ElvenBoots","Feed+1","Armaments+1","TH:PixieDust","TH:ElvenBoots","TH:TreasureMap"],"relics":["Burning Blood","Charon\u0027s Ashes","Golden Idol","Replay:Towering Pillar of Hats","Bronze Scales","Bird Faced Urn","Bag of Marbles","Ring of Hypnosis","Ring of Panic","Kintsugi","Lizard Tail","Ooze Armor","ReplayTheSpireMod:Spearhead","Boot","Regal Pillow","Replay:Mystery Machine","Eternal Feather","infinitespire:EmpoweringShard","Coffee Dripper","Whetstone","HornCleat","SacredBark","Replay:Wax Seal","King of Hearts","Sling","Replay:Baseball"],"acts_visited":["Exordium","TheCity","TheBeyond"],"potions_floor_usage":[31,33,45,48,48,48],"damage_taken":[{"damage":1,"enemies":"Cultist","floor":1,"turns":2},{"damage":18,"enemies":"2 Louse","floor":5,"turns":2},{"damage":38,"enemies":"3 Sentries","floor":8,"turns":4},{"damage":21,"enemies":"Lagavulin","floor":11,"turns":3},{"damage":1,"enemies":"The Guardian","floor":16,"turns":1},{"damage":16,"enemies":"Chosen","floor":18,"turns":2},{"damage":39,"enemies":"2 Thieves","floor":22,"turns":3},{"damage":1,"enemies":"Book of Stabbing","floor":28,"turns":1},{"damage":47,"enemies":"Slavers","floor":29,"turns":3},{"damage":18,"enemies":"Replay:Snechameleon","floor":31,"turns":4},{"damage":55,"enemies":"Collector","floor":33,"turns":3},{"damage":20,"enemies":"3 Shapes","floor":35,"turns":3},{"damage":13,"enemies":"Orb Walker","floor":39,"turns":1},{"damage":11,"enemies":"R_Hoarder","floor":45,"turns":4},{"damage":84,"enemies":"Giant Head","floor":48,"turns":7},{"damage":1,"enemies":"Donu and Deca","floor":50,"turns":1}],"seed_played":"9068927603855700663","potions_obtained":[{"floor":11,"key":"blueLaboratory:BottledHope"},{"floor":18,"key":"blueLaboratory:EnragingPotion"},{"floor":28,"key":"GamblersBrew"},{"floor":29,"key":"BlessingOfTheForge"},{"floor":35,"key":"Energy Potion"},{"floor":39,"key":"LiquidMemories"},{"floor":45,"key":"blueLaboratory:LouseDecoction"},{"floor":48,"key":"SkillPotion"}],"is_trial":true,"path_per_floor":["M","?","?","?","M","R","R","E","T","R","E","T","$","?","R","B",null,"M","?","AVR","T","M","R","R","R","T","R","E","E","T","E","R","B",null,"M","$","AVR","?","M","R","R","R","T","R","E","R","$","E","R","B",null],"character_chosen":"IRONCLAD","items_purchased":["Whetstone","Sling"],"campfire_rested":0,"item_purchase_floors":[36,47],"current_hp_per_floor":[80,60,66,66,54,54,54,22,22,22,7,7,7,7,7,12,86,76,76,76,76,43,43,43,43,43,43,48,31,31,19,28,25,86,75,75,75,53,46,55,64,73,73,82,77,89,89,11,23,28],"gold":203,"neow_bonus":"","is_daily":false,"chose_seed":false,"campfire_upgraded":15,"win_rate":0.0,"timestamp":1609111005,"path_taken":["M","?","?","?","?","R","R","E","T","R","?","?","$","?","R","BOSS","M","?","AVR","?","M","R","R","R","T","R","?","E","?","?","R","BOSS","M","$","AVR","?","?","R","R","R","T","R","E","R","?","?","R","BOSS"],"items_purchased_type":["Relic","Relic"],"build_version":"2020-12-22","purchased_purges":5,"victory":true,"max_hp_per_floor":[80,80,86,86,86,86,86,86,86,86,86,86,86,86,86,86,86,86,86,86,86,86,86,86,86,86,86,86,86,86,86,86,86,86,89,89,89,89,89,89,89,89,89,89,89,89,89,89,89,89],"card_choices":[{"not_picked":["Flame Barrier","Sword Boomerang","Run Through"],"picked":"SKIP","floor":1},{"not_picked":["Ghostly Armor","Second Wind","Sever Soul"],"picked":"SKIP","floor":5},{"not_picked":["TH:EnergyPotion","TH:ElvenBoots"],"picked":"SKIP","floor":8},{"not_picked":["Juggernaut","Immolate","Offering"],"picked":"SKIP","floor":8},{"not_picked":["TH:CursedSword"],"picked":"TH:BikiniMail","floor":9},{"not_picked":["Reaper","Exhume"],"picked":"Replay:Many Hands","floor":11},{"not_picked":["TH:ElvenBoots","TH:CopperCoins"],"picked":"SKIP","floor":11},{"not_picked":["TH:TreasureMap"],"picked":"TH:Mimic","floor":12},{"not_picked":["TH:TreasureMap"],"picked":"TH:CopperCoins","floor":16},{"not_picked":["Flex","Flame Barrier","Armaments"],"picked":"SKIP","floor":18},{"not_picked":["TH:DeckOfManyThings","TH:TreasureMap"],"picked":"SKIP","floor":21},{"not_picked":["Bloodletting+1","Reckless Charge+1","Twin Strike"],"picked":"SKIP","floor":22},{"not_picked":["TH:ElvenBoots"],"picked":"TH:CursedSword","floor":26},{"not_picked":["TH:PixieDust"],"picked":"TH:DeckOfManyThings","floor":28},{"not_picked":["Juggernaut","Berserk"],"picked":"Limit Break","floor":28},{"not_picked":["TH:ElvenBoots"],"picked":"TH:PixieDust","floor":29},{"not_picked":["Eclipse","Fiend Fire","Demon Form"],"picked":"SKIP","floor":29},{"not_picked":["TH:TreasureMap"],"picked":"TH:ElvenBoots","floor":30},{"not_picked":["TH:PixieDust"],"picked":"TH:CursedSword","floor":31},{"not_picked":["Brutality","Hemogenesis","Barricade"],"picked":"SKIP","floor":31},{"not_picked":["TH:EnergyPotion"],"picked":"TH:ElvenBoots","floor":33},{"not_picked":["Corruption","Impervious"],"picked":"Feed","floor":33},{"not_picked":["Shrug It Off+1","ReplayTheSpireMod:Corrosion Curse"],"picked":"Armaments+1","floor":35},{"not_picked":["True Grit","Flame Barrier","Cleave"],"picked":"SKIP","floor":39},{"not_picked":["TH:DeckOfManyThings"],"picked":"TH:PixieDust","floor":43},{"not_picked":["TH:PixieDust"],"picked":"TH:ElvenBoots","floor":45},{"not_picked":["Eclipse","Fiend Fire","Double Tap"],"picked":"SKIP","floor":45},{"not_picked":["TH:CopperCoins"],"picked":"TH:TreasureMap","floor":48},{"not_picked":["Berserk","Corruption","Hemogenesis"],"picked":"SKIP","floor":48}],"player_experience":38992,"relics_obtained":[{"floor":8,"key":"Replay:Towering Pillar of Hats"},{"floor":9,"key":"Bronze Scales"},{"floor":11,"key":"Bird Faced Urn"},{"floor":12,"key":"Bag of Marbles"},{"floor":14,"key":"Ring of Hypnosis"},{"floor":14,"key":"Ring of Panic"},{"floor":21,"key":"ReplayTheSpireMod:Spearhead"},{"floor":26,"key":"Boot"},{"floor":28,"key":"Regal Pillow"},{"floor":29,"key":"Replay:Mystery Machine"},{"floor":30,"key":"Eternal Feather"},{"floor":31,"key":"infinitespire:EmpoweringShard"},{"floor":43,"key":"Replay:Wax Seal"},{"floor":45,"key":"King of Hearts"},{"floor":48,"key":"Replay:Baseball"}],"event_choices":[{"damage_healed":0,"gold_gain":0,"player_choice":"Take Damage","damage_taken":20,"relics_obtained":["Golden Idol"],"max_hp_gain":0,"max_hp_loss":0,"event_name":"Golden Idol","floor":2,"gold_loss":0},{"damage_healed":0,"gold_gain":0,"player_choice":"RENOUNCE","damage_taken":934,"max_hp_gain":0,"max_hp_loss":0,"event_name":"betterThird:BetterSerpent","floor":3,"gold_loss":934,"cards_obtained":["Enlightenment"]},{"damage_healed":0,"gold_gain":0,"player_choice":"Ignored","damage_taken":0,"max_hp_gain":0,"max_hp_loss":0,"event_name":"NoteForYourself","floor":4,"gold_loss":0},{"cards_removed":["Injury"],"damage_healed":0,"gold_gain":0,"player_choice":"Elegance","damage_taken":0,"max_hp_gain":0,"max_hp_loss":0,"event_name":"betterThird:BetterWriting","floor":19,"gold_loss":0}],"is_beta":false,"boss_relics":[{"not_picked":["Replay:Ancient Bell","Honey Jar"],"picked":"Kintsugi"},{"not_picked":["energizedSpire:SpiderWeb","energizedSpire:DecayingSkull"],"picked":"Coffee Dripper"}],"items_purged_floors":[13,20,36,37,47],"is_endless":false,"potions_floor_spawned":[11,18,28,29,35,39,45,48],"ascension_level":0}}