{"host":"wkcoec525dnrk4jw","time":1609044352,"event":{"mods":["BaseMod","Conspire","Minty Spire (QoL Compilation)","Quick Restart","Replay The Spire","Shop Mod","StSLib","TestMod","The Bug Knight","The Cursed","[IsaacMod]ÒÔÈö¼âËþ"],"gold_per_floor":[118,27,45,57,69,97,97,29,52,52,81,0,10,25,25,129,129,141,0,0,16,30,30,62,79,79,279,279,298,398,425,425,523,523,534,87,107,157,157,192,192,67,67,84,119,119,119,134,134,134],"floor_reached":51,"playtime":2291,"items_purged":["Strike_P","PathToVictory","ClearTheMind"],"score":910,"play_id":"e6299c1e-e9f6-4ccc-a706-49485b06a1b4","local_time":"20201227124552","is_ascension_mode":false,"campfire_choices":[{"data":"Alpha","floor":7,"key":"SMITH"},{"data":"SignatureMove","floor":10,"key":"SMITH"},{"floor":15,"key":"DIG"},{"data":"Bandage Up","floor":23,"key":"SMITH"},{"data":"Wallop","floor":28,"key":"SMITH"},{"data":"WreathOfFlame","floor":32,"key":"SMITH"},{"data":"DeusExMachina","floor":46,"key":"SMITH"},{"data":"Alpha","floor":49,"key":"SMITH"}],"circlet_count":0,"master_deck":["Strike_P","Strike_P","Strike_P","Defend_P","Defend_P","Defend_P","Defend_P","Alpha+1","Bandage Up+1","JustLucky","SignatureMove+1","SignatureMove","LessonLearned","Replay:Hum+1","Replay:Hum","Alpha+1","Wallop+1","WreathOfFlame+1","PathToVictory+1","LessonLearned","DeusExMachina+1","Vault+1","SuicideKing","Replay:LoomingThreat","Replay:Hum+1"],"relics":["PureWater","HushsDoor","testmod-TestBox","testmod-GiftOfSatan","MaYiHuaBei","Tiny Chest","Replay:Rubber Ducky","BookofShadows","Bottled Lightning","Pen Nib","ChewingGum","GuppysHead","Habit","DoctorsRemote","Divine Protection","CaptainsWheel","TuHaoJin","BelialBook","Empty Cage","GuppysHairball","BargainBundle","testmod-ArcanaOfDestiny","Ornamental Fan","Boot","Orichalcum","Replay:Accelerometer","testmod-CyclicPeriapt","Prayer Wheel"],"acts_visited":["Exordium","TheCity","TheBeyond"],"potions_floor_usage":[50,50,50,50],"damage_taken":[{"damage":1.0,"enemies":"Cultist","floor":1.0,"turns":3.0},{"damage":6.0,"enemies":"Small Slimes","floor":3.0,"turns":3.0},{"damage":1,"enemies":"2 Louse","floor":4,"turns":3},{"damage":0,"enemies":"Large Slime","floor":5,"turns":2},{"damage":0,"enemies":"Gremlin Nob","floor":6,"turns":2},{"damage":0,"enemies":"3 Sentries","floor":11,"turns":1},{"damage":0,"enemies":"Exordium Thugs","floor":13,"turns":2},{"damage":15,"enemies":"Looter","floor":14,"turns":3},{"damage":0,"enemies":"Slime Boss","floor":16,"turns":5},{"damage":3,"enemies":"Spheric Guardian","floor":18,"turns":3},{"damage":0,"enemies":"2 Thieves","floor":21,"turns":3},{"damage":8,"enemies":"Centurion and Healer","floor":22,"turns":4},{"damage":19,"enemies":"Book of Stabbing","floor":24,"turns":4},{"damage":4,"enemies":"Snecko","floor":25,"turns":3},{"damage":4,"enemies":"Snake Plant","floor":29,"turns":3},{"damage":5,"enemies":"Colosseum Slavers","floor":30,"turns":3},{"damage":0,"enemies":"Colosseum Nobs","floor":30,"turns":2},{"damage":0,"enemies":"Automaton","floor":33,"turns":5},{"damage":0,"enemies":"Orb Walker","floor":35,"turns":2},{"damage":1,"enemies":"3 Darklings","floor":37,"turns":3},{"damage":0,"enemies":"Hiden Room Battle","floor":38,"turns":1},{"damage":4,"enemies":"Giant Head","floor":40,"turns":6},{"damage":3,"enemies":"Writhing Mass","floor":44,"turns":3},{"damage":0,"enemies":"Nemesis","floor":45,"turns":4},{"damage":8,"enemies":"Jaw Worm Horde","floor":48,"turns":4},{"damage":8,"enemies":"Replay:Hell Engine","floor":50,"turns":6}],"seed_played":"-7597030167495845726","potions_obtained":[{"floor":1.0,"key":"Flashbang"},{"floor":6,"key":"Fire Potion"},{"floor":13,"key":"EntropicBrew"}],"is_trial":false,"path_per_floor":["M","$","M","M","M","E","R","$","T","R","E","$","M","M","R","B",null,"M","$","?","M","M","R","E","M","T","?","R","M","?","T","R","B",null,"M","$","M","?","?","E","?","$","T","M","E","R","T","M","R","B",null],"character_chosen":"WATCHER","items_purchased":["Bandage Up","SignatureMove","Bottled Lightning","Wallop","GuppysHead","Habit","Vault","GuppysHairball","BargainBundle","testmod-ArcanaOfDestiny"],"campfire_rested":0,"item_purchase_floors":[2,8,12,17,17,19,34,34,36,36],"current_hp_per_floor":[70,70,77,80,96,96,96,96,96,96,96,96,101,95,95,106,93,90,90,90,93,85,85,88,95,95,95,95,94,95,95,95,98,84,84,84,83,84,84,89,79,79,79,82,89,89,89,81,81,96],"gold":134,"neow_bonus":"TWENTY_PERCENT_HP_BONUS","is_daily":false,"chose_seed":false,"campfire_upgraded":7,"win_rate":0.0,"timestamp":1609044352,"path_taken":["M","$","?","M","M","E","R","$","T","R","E","$","M","M","R","BOSS","M","$","?","M","M","R","E","M","T","?","R","M","?","?","R","BOSS","M","$","M","?","?","E","?","$","T","M","E","R","?","?","R","BOSS"],"items_purchased_type":["Card","Card","Relic","Card","Relic","Relic","Card","Relic","Relic","Relic"],"build_version":"2020-12-22","purchased_purges":3,"victory":true,"max_hp_per_floor":[86,86,91,91,96,96,96,96,96,96,96,96,101,106,106,106,93,93,93,93,93,93,93,93,98,98,98,98,98,98,98,98,98,84,84,84,84,84,84,89,89,89,89,89,89,89,89,89,89,96],"card_choices":[{"not_picked":[],"picked":"ChaosCard","floor":0.0},{"not_picked":["JustLucky","Replay:BluntJabs"],"picked":"Alpha","floor":1.0},{"not_picked":["Crescendo","FollowUp"],"picked":"JustLucky","floor":3.0},{"not_picked":["Halt","Protect"],"picked":"PathToVictory","floor":4},{"not_picked":["Replay:AtTheReady","Prostrate"],"picked":"SignatureMove","floor":5},{"not_picked":["FollowUp","EmptyBody"],"picked":"ClearTheMind","floor":6},{"not_picked":["CutThroughFate","CarveReality"],"picked":"LessonLearned","floor":11},{"not_picked":["Replay:BluntJabs","CutThroughFate"],"picked":"Replay:Hum","floor":13},{"not_picked":["Consecrate","EmptyBody"],"picked":"Replay:Hum","floor":14},{"not_picked":["Vault","Replay:AllIn"],"picked":"Alpha","floor":16},{"not_picked":["BowlingBash","CrushJoints","FollowUp"],"picked":"SKIP","floor":18},{"not_picked":["Worship","FollowUp+1"],"picked":"WreathOfFlame","floor":21},{"not_picked":["CutThroughFate","EmptyBody"],"picked":"PathToVictory+1","floor":22},{"not_picked":["EmptyFist","SandsOfTime"],"picked":"LessonLearned","floor":24},{"not_picked":["BowlingBash","EmptyFist","Worship"],"picked":"SKIP","floor":25},{"not_picked":["Protect","WindmillStrike","Weave"],"picked":"SKIP","floor":29},{"not_picked":["LessonLearned","Blasphemy"],"picked":"DeusExMachina","floor":33},{"not_picked":["SashWhip+1","EmptyFist+1","WheelKick"],"picked":"SKIP","floor":35},{"not_picked":["BowlingBash+1","FollowUp+1","ReachHeaven+1"],"picked":"SKIP","floor":37},{"not_picked":["FlurryOfBlows+1","Replay:ManipulateFuture","Replay:BluntJabs"],"picked":"SKIP","floor":40},{"not_picked":["testmod-DeathImprint","testmod-Collector"],"picked":"SuicideKing","floor":41},{"not_picked":["Consecrate","Protect+1","Evaluate"],"picked":"SKIP","floor":44},{"not_picked":["Replay:ManipulateFuture+1","Wireheading+1"],"picked":"Replay:LoomingThreat","floor":45},{"not_picked":["Replay:Battleflow","ClearTheMind+1"],"picked":"Replay:Hum+1","floor":48},{"not_picked":["CarveReality+1","Replay:AtTheReady","Consecrate"],"picked":"SKIP","floor":48}],"player_experience":172562,"relics_obtained":[{"floor":6,"key":"Tiny Chest"},{"floor":9,"key":"Replay:Rubber Ducky"},{"floor":11,"key":"BookofShadows"},{"floor":15,"key":"Pen Nib"},{"floor":24,"key":"DoctorsRemote"},{"floor":26,"key":"Divine Protection"},{"floor":30,"key":"CaptainsWheel"},{"floor":30,"key":"TuHaoJin"},{"floor":31,"key":"BelialBook"},{"floor":38,"key":"Ornamental Fan"},{"floor":38,"key":"Boot"},{"floor":40,"key":"Orichalcum"},{"floor":43,"key":"Replay:Accelerometer"},{"floor":45,"key":"testmod-CyclicPeriapt"},{"floor":47,"key":"Prayer Wheel"}],"event_choices":[{"damage_healed":0,"gold_gain":0,"player_choice":"Ignored","damage_taken":0,"max_hp_gain":0,"max_hp_loss":0,"event_name":"Ghosts","floor":20,"gold_loss":0},{"damage_healed":0,"gold_gain":250,"player_choice":"Bet on Owner","damage_taken":0,"max_hp_gain":0,"max_hp_loss":0,"event_name":"The Joust","floor":27,"gold_loss":50},{"damage_healed":0,"gold_gain":0,"player_choice":"Fight","damage_taken":0,"max_hp_gain":0,"max_hp_loss":0,"event_name":"Colosseum","floor":30,"gold_loss":0},{"damage_healed":0,"gold_gain":0,"player_choice":"Fought Nobs","damage_taken":0,"max_hp_gain":0,"max_hp_loss":0,"event_name":"Colosseum","floor":30,"gold_loss":0},{"damage_healed":0,"gold_gain":0,"player_choice":"Fight","damage_taken":0,"max_hp_gain":0,"max_hp_loss":0,"event_name":"HidenRoomEvent","floor":38,"gold_loss":0},{"damage_healed":0,"gold_gain":0,"player_choice":"Ignored","damage_taken":0,"max_hp_gain":0,"max_hp_loss":0,"event_name":"SecretPortal","floor":39,"gold_loss":0},{"damage_healed":0,"gold_gain":0,"player_choice":"Memory 3","damage_taken":10,"max_hp_gain":0,"max_hp_loss":0,"event_name":"SensoryStone","floor":41,"gold_loss":0}],"is_beta":false,"boss_relics":[{"not_picked":["Replay:Bronze Core","Runic Dome"],"picked":"ChewingGum"},{"not_picked":[]},{"not_picked":["testmod-Fanaticism","conspire:RoyalGoblet"],"picked":"Empty Cage"},{"not_picked":[]}],"items_purged_floors":[19,36,42],"is_endless":false,"potions_floor_spawned":[1,6,13,14,21,22,30,30,38,40,44,48],"ascension_level":0}}