{"host":"d1ko3fbbyfpftrlc","time":1609086678,"event":{"mods":["BaseMod","Curses Come First","Minty Spire (QoL Compilation)","StSLib","The Animator"],"gold_per_floor":[110,110,110,185,195,195,195,195,195,195,214,214,231,243,243,342,342,355,355,371,371,389,389,69,69,69,69,69],"floor_reached":27,"playtime":778,"items_purged":["Regret"],"score":201,"play_id":"cc6e5e4c-bf0c-428c-bb61-33c3b1c51a70","local_time":"20201227233118","is_ascension_mode":false,"campfire_choices":[{"data":"Rampage","floor":6,"key":"SMITH"},{"floor":8,"key":"RECALL"},{"data":"Seeing Red","floor":12,"key":"SMITH"},{"data":"Cleave","floor":15,"key":"SMITH"},{"data":"RitualDagger","floor":23,"key":"SMITH"},{"data":"Offering","floor":25,"key":"SMITH"}],"circlet_count":0,"master_deck":["Strike_R","Strike_R","Strike_R","Strike_R+1","Strike_R","Defend_R+1","Defend_R","Defend_R","Rampage+1","Seeing Red+1","Battle Trance","Cleave+1","Offering+1","Pommel Strike","RitualDagger+1","Pommel Strike","Bloodletting+1","Purity"],"relics":["Burning Blood","Sundial","Frozen Egg 2","Bag of Preparation","Coffee Dripper","Nilry\u0027s Codex","Strange Spoon"],"acts_visited":["Exordium","TheCity"],"potions_floor_usage":[16,16,16],"damage_taken":[{"damage":5,"enemies":"Cultist","floor":1,"turns":4},{"damage":2,"enemies":"Small Slimes","floor":5,"turns":3},{"damage":4,"enemies":"2 Louse","floor":11,"turns":3},{"damage":13,"enemies":"Blue Slaver","floor":13,"turns":4},{"damage":3,"enemies":"3 Louse","floor":14,"turns":2},{"damage":34,"enemies":"Hexaghost","floor":16,"turns":7},{"damage":15,"enemies":"Shell Parasite","floor":18,"turns":5},{"damage":14,"enemies":"3 Byrds","floor":20,"turns":3},{"damage":20,"enemies":"Snecko","floor":22,"turns":4},{"damage":74,"enemies":"Book of Stabbing","floor":27,"turns":4}],"seed_played":"2114529953591443598","potions_obtained":[{"floor":1,"key":"DuplicationPotion"},{"floor":11,"key":"Fire Potion"},{"floor":14,"key":"Explosive Potion"},{"floor":22,"key":"FairyPotion"}],"is_trial":false,"path_per_floor":["M","?","?","?","M","R","T","R","T","?","M","R","M","M","R","B",null,"M","?","M","?","M","R","$","R","T","E"],"character_chosen":"IRONCLAD","items_purchased":["Strange Spoon","Purity"],"campfire_rested":0,"item_purchase_floors":[24,24],"current_hp_per_floor":[80,80,64,53,57,57,57,57,57,57,59,59,52,55,55,27,80,71,65,57,41,27,27,27,27,27,0,0],"gold":69,"neow_bonus":"REMOVE_CARD","is_daily":false,"chose_seed":false,"campfire_upgraded":5,"win_rate":0.0,"timestamp":1609086678,"path_taken":["M","?","?","?","M","R","?","R","T","?","M","R","?","M","R","BOSS","M","?","M","?","M","R","$","R","T","E"],"items_purchased_type":["Relic","Card"],"build_version":"2020-12-22","purchased_purges":1,"victory":false,"max_hp_per_floor":[80,80,80,80,80,80,80,80,80,80,80,80,80,80,80,80,80,80,80,80,80,80,80,80,80,80,80,80],"card_choices":[{"not_picked":["Combust","Feel No Pain"],"picked":"Rampage","floor":1},{"not_picked":["Havoc","Clash"],"picked":"Seeing Red","floor":5},{"not_picked":["Entrench","Flame Barrier","Rupture+1"],"picked":"SKIP","floor":11},{"not_picked":["Headbutt","Rage"],"picked":"Battle Trance","floor":13},{"not_picked":["Pummel","Anger"],"picked":"Cleave","floor":14},{"not_picked":["Reaper","Berserk+1"],"picked":"Offering","floor":16},{"not_picked":["Bloodletting","Seeing Red+1"],"picked":"Pommel Strike","floor":18},{"not_picked":["Anger+1","Sword Boomerang"],"picked":"Pommel Strike","floor":20},{"not_picked":["Body Slam","Cleave+1"],"picked":"Bloodletting+1","floor":22}],"player_experience":27403,"relics_obtained":[{"floor":7,"key":"Frozen Egg 2"},{"floor":9,"key":"Bag of Preparation"},{"floor":21,"key":"Nilry\u0027s Codex"}],"event_choices":[{"damage_healed":0,"gold_gain":0,"player_choice":"Box","damage_taken":0,"relics_obtained":["Sundial"],"max_hp_gain":0,"max_hp_loss":0,"event_name":"Big Fish","floor":2,"gold_loss":0,"cards_obtained":["Regret"]},{"damage_healed":0,"gold_gain":0,"player_choice":"Entered Light","damage_taken":16,"max_hp_gain":0,"max_hp_loss":0,"event_name":"Shining Light","floor":3,"gold_loss":0,"cards_upgraded":["Defend_R","Strike_R"]},{"damage_healed":0,"gold_gain":75,"player_choice":"Gather Gold","damage_taken":11,"max_hp_gain":0,"max_hp_loss":0,"event_name":"World of Goop","floor":4,"gold_loss":0},{"cards_removed":["Defend_R"],"damage_healed":0,"gold_gain":0,"player_choice":"Forget","damage_taken":0,"max_hp_gain":0,"max_hp_loss":0,"event_name":"Living Wall","floor":10,"gold_loss":0},{"damage_healed":0,"gold_gain":0,"player_choice":"Joined the Cult","damage_taken":6,"max_hp_gain":0,"max_hp_loss":0,"event_name":"Nest","floor":19,"gold_loss":0,"cards_obtained":["RitualDagger"]},{"damage_healed":0,"gold_gain":0,"player_choice":"Obtained Book","damage_taken":16,"max_hp_gain":0,"max_hp_loss":0,"event_name":"Cursed Tome","floor":21,"gold_loss":0}],"is_beta":false,"boss_relics":[{"not_picked":["Mark of Pain","Velvet Choker"],"picked":"Coffee Dripper"}],"items_purged_floors":[24],"is_endless":false,"potions_floor_spawned":[1,11,14,22],"killed_by":"Book of Stabbing","ascension_level":0}}