{"host":"qj91dvco5uhu9oti","time":1609074228,"event":{"mods":["BaseMod","Colored Map","Keyboard Shortcuts","Minty Spire (QoL Compilation)","Permanent Neow","Relic Stats","StSLib","SuperFastMode","everything is the same but u backflip on backflip"],"gold_per_floor":[18,34,34,45,45,45,65,95,120,120,45,59,74,85,85,164,164,179,191,191,66,77,77,57,57,81,95,115,149,166,184,184,256,256,275,288,288,72,72,72,72],"floor_reached":40,"playtime":1160,"items_purged":["Strike_R","Strike_R"],"score":824,"play_id":"cb3efe55-51f8-4fea-93a3-affb54a2b1db","local_time":"20201227220348","is_ascension_mode":true,"campfire_choices":[{"data":"Bash","floor":6.0,"key":"SMITH"},{"data":"Blood for Blood","floor":10.0,"key":"SMITH"},{"data":"Evolve","floor":15.0,"key":"SMITH"},{"floor":23.0,"key":"REST"},{"data":"J.A.X.","floor":25.0,"key":"SMITH"},{"data":"Heavy Blade","floor":32.0,"key":"SMITH"}],"circlet_count":0,"master_deck":["AscendersBane","Defend_R","Defend_R","Defend_R","Defend_R","Bash+1","Battle Trance+1","Heavy Blade+1","Battle Trance+1","Twin Strike","Blood for Blood+1","Evolve+1","Power Through","Spot Weakness","Reaper","Shockwave","J.A.X.+1","Sword Boomerang","Shrug It Off","Twin Strike+1","Seeing Red","Heavy Blade+1","Fiend Fire","Headbutt"],"relics":["Burning Blood","Pen Nib","Omamori","Velvet Choker","PreservedInsect","War Paint","Coffee Dripper","Lee\u0027s Waffle"],"acts_visited":["Exordium","TheCity","TheBeyond"],"potions_floor_usage":[],"damage_taken":[{"damage":1.0,"enemies":"Small Slimes","floor":1.0,"turns":4.0},{"damage":1.0,"enemies":"2 Louse","floor":2.0,"turns":2.0},{"damage":1.0,"enemies":"Cultist","floor":4.0,"turns":3.0},{"damage":28.0,"enemies":"Lots of Slimes","floor":7.0,"turns":5.0},{"damage":44.0,"enemies":"Gremlin Nob","floor":8.0,"turns":4.0},{"damage":7.0,"enemies":"3 Louse","floor":12.0,"turns":4.0},{"damage":3.0,"enemies":"Blue Slaver","floor":13.0,"turns":6.0},{"damage":1.0,"enemies":"Exordium Thugs","floor":14.0,"turns":4.0},{"damage":5.0,"enemies":"Hexaghost","floor":16.0,"turns":9.0},{"damage":23.0,"enemies":"Chosen","floor":18.0,"turns":4.0},{"damage":40.0,"enemies":"3 Byrds","floor":19.0,"turns":8.0},{"damage":23.0,"enemies":"Cultist and Chosen","floor":22.0,"turns":6.0},{"damage":15.0,"enemies":"Centurion and Healer","floor":27.0,"turns":5.0},{"damage":19.0,"enemies":"Sentry and Sphere","floor":28.0,"turns":4.0},{"damage":36.0,"enemies":"Slavers","floor":29.0,"turns":4.0},{"damage":10.0,"enemies":"Cultist and Chosen","floor":30.0,"turns":5.0},{"damage":25.0,"enemies":"Snecko","floor":31.0,"turns":6.0},{"damage":30.0,"enemies":"Champ","floor":33.0,"turns":7.0},{"damage":12.0,"enemies":"3 Shapes","floor":35.0,"turns":5.0},{"damage":27.0,"enemies":"3 Darklings","floor":36.0,"turns":5.0},{"damage":86,"enemies":"Reptomancer","floor":40,"turns":2}],"seed_played":"-9057916469915388139","potions_obtained":[{"floor":1.0,"key":"ElixirPotion"},{"floor":4.0,"key":"Dexterity Potion"},{"floor":14.0,"key":"PowerPotion"},{"floor":18.0,"key":"LiquidMemories"},{"floor":35.0,"key":"Weak Potion"}],"is_trial":false,"path_per_floor":["M","M","?","M","?","R","M","E","T","R","$","M","M","M","R","B",null,"M","M","?","$","M","R","?","R","T","M","M","E","M","M","R","B",null,"M","M","?","$","?","E"],"character_chosen":"IRONCLAD","items_purchased":["Sword Boomerang","Lee\u0027s Waffle","Headbutt"],"campfire_rested":1,"item_purchase_floors":[21,38,38],"current_hp_per_floor":[73,75,75,75,75,75,53,15,15,15,15,14,17,22,22,23,62,52,27,27,27,20,42,42,42,42,53,51,51,62,47,47,37,66,60,60,60,82,82,0,0],"gold":72,"neow_bonus":"REMOVE_TWO","is_daily":false,"chose_seed":false,"campfire_upgraded":5,"win_rate":0.0,"timestamp":1609074228,"path_taken":["M","M","?","M","?","R","M","E","T","R","$","M","M","M","R","BOSS","M","M","?","$","M","R","?","R","T","?","M","E","M","?","R","BOSS","M","M","?","$","?","E"],"items_purchased_type":["Card","Relic","Card"],"build_version":"2020-12-22","purchased_purges":2,"victory":false,"max_hp_per_floor":[75,75,75,75,75,75,75,75,75,75,75,75,75,75,75,75,75,75,75,75,75,75,75,75,75,75,75,75,75,75,75,75,75,75,75,75,75,82,82,82,82],"relic_stats":{"Lee\u0027s Waffle":22,"counters":[21,102],"Pen Nib":[10],"PreservedInsect":114,"War Paint":["Battle Trance","Battle Trance"],"obtain_stats":[{"Lee\u0027s Waffle":38,"Velvet Choker":17,"Pen Nib":8,"PreservedInsect":26,"Omamori":9,"Coffee Dripper":34,"War Paint":29,"Burning Blood":0},{"Lee\u0027s Waffle":20,"Velvet Choker":9,"Pen Nib":5,"PreservedInsect":12,"Omamori":5,"Coffee Dripper":18,"War Paint":15,"Burning Blood":0},{"Lee\u0027s Waffle":100,"Velvet Choker":41,"Pen Nib":18,"PreservedInsect":59,"Omamori":18,"Coffee Dripper":90,"War Paint":72,"Burning Blood":0}],"Burning Blood":112},"card_choices":[{"not_picked":["Blood for Blood","Dropkick"],"picked":"Battle Trance","floor":1.0},{"not_picked":["Cleave","Shockwave"],"picked":"Heavy Blade","floor":2.0},{"not_picked":["Shockwave","Cleave"],"picked":"Twin Strike","floor":4.0},{"not_picked":["Intimidate","Cleave"],"picked":"Blood for Blood","floor":7.0},{"not_picked":["Combust","Body Slam"],"picked":"Evolve","floor":8.0},{"not_picked":["Wild Strike","Pummel"],"picked":"Power Through","floor":12.0},{"not_picked":["Berserk","Shrug It Off"],"picked":"Spot Weakness","floor":13.0},{"not_picked":["Dark Embrace","Clothesline","Armaments"],"picked":"SKIP","floor":14.0},{"not_picked":["Barricade","Double Tap"],"picked":"Reaper","floor":16.0},{"not_picked":["Armaments","Anger+1","Body Slam"],"picked":"SKIP","floor":18.0},{"not_picked":["True Grit","Headbutt+1"],"picked":"Shockwave","floor":19.0},{"not_picked":["Clothesline","Headbutt"],"picked":"Shrug It Off","floor":22.0},{"not_picked":["Anger","Thunderclap","Pommel Strike+1"],"picked":"SKIP","floor":27.0},{"not_picked":["Armaments","Anger"],"picked":"Twin Strike+1","floor":28.0},{"not_picked":["Burning Pact","Entrench+1","Seeing Red"],"picked":"SKIP","floor":29.0},{"not_picked":["Burning Pact","Entrench+1"],"picked":"Seeing Red","floor":29.0},{"not_picked":["Clothesline","Wild Strike"],"picked":"Heavy Blade+1","floor":30.0},{"not_picked":["Combust","Thunderclap","Cleave"],"picked":"SKIP","floor":31.0},{"not_picked":["Demon Form","Barricade"],"picked":"Fiend Fire","floor":33.0},{"not_picked":["Entrench","Perfected Strike","Body Slam"],"picked":"SKIP","floor":35.0},{"not_picked":["Whirlwind","Iron Wave","Perfected Strike"],"picked":"SKIP","floor":36.0}],"player_experience":292761,"relics_obtained":[{"floor":8.0,"key":"Pen Nib"},{"floor":9.0,"key":"Omamori"},{"floor":26.0,"key":"PreservedInsect"},{"floor":29.0,"key":"War Paint"}],"event_choices":[{"damage_healed":0.0,"max_hp_gain":0.0,"max_hp_loss":0.0,"gold_gain":0.0,"cards_transformed":["Strike_R"],"event_name":"Living Wall","player_choice":"Change","floor":3.0,"gold_loss":0.0,"damage_taken":0.0,"cards_obtained":["Battle Trance"]},{"damage_healed":0.0,"max_hp_gain":0.0,"max_hp_loss":0.0,"gold_gain":0.0,"event_name":"The Cleric","player_choice":"Leave","floor":5.0,"gold_loss":0.0,"damage_taken":0.0},{"damage_healed":0.0,"max_hp_gain":0.0,"max_hp_loss":0.0,"gold_gain":0.0,"event_name":"Drug Dealer","player_choice":"Obtain J.A.X.","floor":20.0,"gold_loss":0.0,"damage_taken":0.0,"cards_obtained":["J.A.X."]},{"damage_healed":0.0,"max_hp_gain":0.0,"max_hp_loss":0.0,"gold_gain":0.0,"event_name":"The Woman in Blue","player_choice":"Bought 1 Potion","floor":24.0,"gold_loss":0.0,"damage_taken":0.0},{"damage_healed":0.0,"max_hp_gain":0.0,"max_hp_loss":0.0,"gold_gain":0.0,"event_name":"Tomb of Lord Red Mask","player_choice":"Ignored","floor":37.0,"gold_loss":0.0,"damage_taken":0.0},{"damage_healed":0.0,"max_hp_gain":0.0,"max_hp_loss":0.0,"gold_gain":0.0,"event_name":"Match and Keep!","player_choice":"2 cards matched","floor":39.0,"gold_loss":0.0,"damage_taken":0.0,"cards_obtained":["Clumsy","Doubt"]}],"is_beta":false,"boss_relics":[{"not_picked":["Sozu","Fusion Hammer"],"picked":"Velvet Choker"},{"not_picked":["Astrolabe","SlaversCollar"],"picked":"Coffee Dripper"}],"items_purged_floors":[11,21],"is_endless":false,"potions_floor_spawned":[1,4,8,14,18,22,27,28,35,36],"killed_by":"Reptomancer","ascension_level":20}}