{"host":"17xjy7b7ubl548g2","time":1609050919,"event":{"mods":["2.2 Compatiblity","Act Like it!","Aspiration","Astrologer","Bard","BaseMod","Bestiary","Challenge The Spire","ChefMod","Colored Map","Conspire","Elementarium","Energized Spire","GifTheSpireLib","Halation","Hallownest","Hermit","Hubris","Infinite Spire","Jedi Mod","Jorbs\u0027s Wanderer Trilogy","Marisa（霧雨　魔理沙）","Marked Mod","Minty Spire (QoL Compilation)","Pale of the Ancients","Permanent Neow","Puzzle Mod","Replay The Spire","Robot Space Explorer","Spicy Shops","StSLib","Stuff the Spire","The Blue Laboratory","The Bug Knight","The Construct","The Disciple","The Hayseed","The Hierophant","The Runesmith","The Sage"],"gold_per_floor":[111,111,126,140,152,152,182,182,208,208,40,56,73,108,108,182,182,200,200,200,220,25,25,53,53,53,53,80,98,98,111,111,188,188,201,201,213,0,50,77,92,132,132,132,151,151,192,57,57,66],"floor_reached":51,"playtime":4879,"items_purged":["Decay","Strike_G","Strike_G"],"score":1486,"play_id":"f7a16ae9-7c46-4dcd-984d-7884ac59f176","local_time":"20201227013519","is_ascension_mode":true,"campfire_choices":[{"data":"StuffTheSpire:ReptileScales","floor":6.0,"key":"SMITH"},{"data":"Neutralize","floor":10.0,"key":"SMITH"},{"data":"Crippling Poison","floor":15.0,"key":"SMITH"},{"data":"Wraith Form v2","floor":23,"key":"SMITH"},{"data":"Footwork","floor":25,"key":"SMITH"},{"data":"Footwork","floor":27,"key":"SMITH"},{"floor":32,"key":"REST"},{"data":"After Image","floor":44,"key":"SMITH"},{"data":"Deflect","floor":46,"key":"SMITH"},{"data":"Leg Sweep","floor":49,"key":"SMITH"}],"circlet_count":0,"master_deck":["AscendersBane","Strike_G","Strike_G","Defend_G","Defend_G+1","Defend_G","Defend_G","Defend_G","Survivor","Neutralize+1","jedi:pocketpoison","jedi:pocketpoison","jedi:pocketpoison","StuffTheSpire:ReptileScales+1","Backflip","Crippling Poison+1","Cloak And Dagger","Sucker Punch","Wraith Form v2+1","Bane","infinitespire:Collect","Footwork+1","Footwork+1","Deflect+1","Replay:Poison Smokescreen+1","Die Die Die","Cloak And Dagger","Corpse Explosion+1","After Image+1","Deadly Poison","Deflect+1","StuffTheSpire:ClusterCrunch+1","Replay:Poison Smokescreen+1","Leg Sweep+1","Pride"],"relics":["Ring of the Snake","infinitespire:Satchel","StuffTheSpire:WitherSkull","TwistedFunnel","hubris:GlazedTorus","conspire:RunicOctahedron","halation:PinkSoulGem","sagemod:Falmels_Amulet","hubris:SlimyHat","halation:QuantumPhysicsTextbook","halation:SelfBoilingWater","Eternal Feather","Elementarium:ElementariumTrophy","Runic Pyramid","Elementarium:GoldenMirage","hubris:AncientText","CeramicFish","jedi:matchstick","hubris:CuriousFeather"],"acts_visited":["Exordium","Exordium","TheBeyond"],"potions_floor_usage":[16,24,50],"damage_taken":[{"damage":0.0,"enemies":"Jaw Worm","floor":1.0,"turns":5.0},{"damage":0.0,"enemies":"Cultist","floor":3.0,"turns":4.0},{"damage":12.0,"enemies":"Small Slimes","floor":4.0,"turns":4.0},{"damage":5.0,"enemies":"Red Slaver","floor":5.0,"turns":4.0},{"damage":8.0,"enemies":"3 Sentries","floor":7.0,"turns":12.0},{"damage":0.0,"enemies":"2 Fungi Beasts","floor":12.0,"turns":3.0},{"damage":4.0,"enemies":"3 Louse","floor":13.0,"turns":3.0},{"damage":3.0,"enemies":"Lagavulin","floor":14.0,"turns":5.0},{"damage":9,"enemies":"Slime Boss","floor":16,"turns":8},{"damage":3,"enemies":"Elementarium:Cyclone","floor":18,"turns":6},{"damage":1,"enemies":"Elementarium:2_ELEMENTALS","floor":21,"turns":3},{"damage":15,"enemies":"Elementarium:WarGolem","floor":24,"turns":5},{"damage":7,"enemies":"Elementarium:FIRE_NOBILITY","floor":28,"turns":6},{"damage":18,"enemies":"Elementarium:Hydrostalker","floor":29,"turns":5},{"damage":6,"enemies":"Elementarium:3_ELEMENTALS","floor":31,"turns":3},{"damage":0,"enemies":"Elementarium:PHOENIXES","floor":33,"turns":11},{"damage":0,"enemies":"3 Shapes","floor":35,"turns":3},{"damage":0,"enemies":"Orb Walker","floor":37,"turns":4},{"damage":16,"enemies":"Reptomancer","floor":40,"turns":5},{"damage":0,"enemies":"Spire Growth","floor":41,"turns":6},{"damage":0,"enemies":"R_Hoarder","floor":42,"turns":7},{"damage":1,"enemies":"3 Darklings","floor":45,"turns":4},{"damage":7,"enemies":"Reptomancer","floor":47,"turns":6},{"damage":14,"enemies":"infinitespire:MassOfShapes","floor":50,"turns":9}],"seed_played":"-2031465816363691553","potions_obtained":[{"floor":4.0,"key":"LiquidMemories"},{"floor":5.0,"key":"FearPotion"},{"floor":12.0,"key":"blueLaboratory:BlinkPotion"},{"floor":14.0,"key":"Block Potion"},{"floor":18,"key":"blueLaboratory:PhilterOfMotion"},{"floor":28,"key":"Milkshake"},{"floor":29,"key":"blueLaboratory:FruitPunch"},{"floor":37,"key":"blueLaboratory:ExaltedPotion"}],"is_trial":false,"path_per_floor":["M","?","M","M","M","R","E","?","T","R","$","M","M","E","R","B",null,"M","?","AVR","M","$","R","E","R","T","R","E","M","?","M","R","B",null,"M","?","M","?","?","E","M","E","T","R","M","R","E","$","R","B",null],"character_chosen":"THE_SILENT","items_purchased":["TwistedFunnel","Footwork","Deflect","Leg Sweep"],"campfire_rested":1,"item_purchase_floors":[11,22,22,48],"current_hp_per_floor":[59,59,59,47,42,42,34,34,34,34,34,34,30,27,27,18,54,51,51,51,50,50,50,35,35,35,35,28,10,10,4,38,38,59,59,59,59,59,59,43,43,43,43,61,60,66,59,59,66,52],"gold":66,"neow_bonus":"RANDOM_EVENT","is_daily":false,"chose_seed":false,"campfire_upgraded":9,"win_rate":0.0,"timestamp":1609050919,"path_taken":["M","?","M","M","?","R","E","?","T","R","$","M","?","E","R","BOSS","M","?","AVR","M","$","R","E","R","T","R","E","M","?","?","R","BOSS","M","?","?","?","?","E","?","E","T","R","?","R","E","$","R","BOSS"],"items_purchased_type":["Relic","Card","Card","Card"],"build_version":"2020-12-22","purchased_purges":3,"victory":true,"max_hp_per_floor":[66,66,66,66,66,66,66,66,66,66,66,66,66,66,66,66,66,66,66,66,66,66,66,66,66,66,66,66,66,66,66,66,66,66,66,66,66,66,66,66,66,66,66,66,66,66,66,66,66,66],"card_choices":[{"not_picked":["Choke","Expertise"],"picked":"jedi:pocketpoison","floor":1.0},{"not_picked":["StuffTheSpire:Python","PiercingWail"],"picked":"jedi:pocketpoison","floor":3.0},{"not_picked":["Quick Slash","Slice"],"picked":"jedi:pocketpoison","floor":4.0},{"not_picked":["Burst","Deflect"],"picked":"StuffTheSpire:ReptileScales","floor":5.0},{"not_picked":["Envenom","Distraction"],"picked":"Backflip","floor":7.0},{"not_picked":["Predator","Sucker Punch"],"picked":"Crippling Poison","floor":12.0},{"not_picked":["Prepared","Escape Plan"],"picked":"Cloak And Dagger","floor":13.0},{"not_picked":["jedi:pocketpoison","Quick Slash"],"picked":"Sucker Punch","floor":14.0},{"not_picked":["Die Die Die","Atom Bomb"],"picked":"Wraith Form v2","floor":16},{"not_picked":["Quick Slash","StuffTheSpire:Injection+1"],"picked":"Bane","floor":18},{"not_picked":["Finisher","StuffTheSpire:ClusterCrunch","Sneak Up"],"picked":"SKIP","floor":21},{"not_picked":["Sucker Punch","ReplayTheSpireMod:Scrap Shanks","hubris:Counter"],"picked":"SKIP","floor":24},{"not_picked":["hubris:Sniper","Deflect"],"picked":"Replay:Poison Smokescreen+1","floor":28},{"not_picked":["StuffTheSpire:BumpUp","Slice"],"picked":"Die Die Die","floor":29},{"not_picked":["Acrobatics","jedi:pocketpoison"],"picked":"Cloak And Dagger","floor":31},{"not_picked":["Adrenaline","jedi:studyshivs"],"picked":"Corpse Explosion","floor":33},{"not_picked":["Hidden Blade","StuffTheSpire:ClusterCrunch","jedi:collectorvenom+1"],"picked":"SKIP","floor":35},{"not_picked":["StuffTheSpire:Python","StuffTheSpire:Injection+1","Flying Knee"],"picked":"SKIP","floor":37},{"not_picked":["Outmaneuver","jedi:pocketpoison"],"picked":"After Image","floor":40},{"not_picked":["Hidden Blade","hubris:SlightOfHand"],"picked":"Deadly Poison","floor":41},{"not_picked":["Choke+1","StuffTheSpire:BumpUp"],"picked":"Deflect+1","floor":42},{"not_picked":["jedi:poisonivy","StuffTheSpire:Incursion+1"],"picked":"StuffTheSpire:ClusterCrunch+1","floor":45},{"not_picked":["Predator","Cloak And Dagger"],"picked":"Replay:Poison Smokescreen+1","floor":47}],"player_experience":1637248,"relics_obtained":[{"floor":7.0,"key":"infinitespire:Satchel"},{"floor":9.0,"key":"StuffTheSpire:WitherSkull"},{"floor":14.0,"key":"hubris:GlazedTorus"},{"floor":24,"key":"hubris:SlimyHat"},{"floor":26,"key":"halation:QuantumPhysicsTextbook"},{"floor":28,"key":"halation:SelfBoilingWater"},{"floor":40,"key":"hubris:AncientText"},{"floor":42,"key":"CeramicFish"},{"floor":43,"key":"jedi:matchstick"},{"floor":47,"key":"hubris:CuriousFeather"}],"event_choices":[{"cards_removed":["Strike_G"],"damage_healed":0.0,"max_hp_gain":0.0,"max_hp_loss":0.0,"gold_gain":0.0,"event_name":"Bonfire Elementals","player_choice":"Offered Basic","floor":2.0,"gold_loss":0.0,"damage_taken":0.0},{"damage_healed":0.0,"max_hp_gain":0.0,"max_hp_loss":0.0,"gold_gain":0.0,"event_name":"Wheel of Change","player_choice":"Cursed","floor":8.0,"gold_loss":0.0,"damage_taken":0.0,"cards_obtained":["Decay"]},{"damage_healed":0,"gold_gain":0,"player_choice":"Upgraded","damage_taken":0,"max_hp_gain":0,"max_hp_loss":0,"event_name":"Upgrade Shrine","floor":36,"gold_loss":0,"cards_upgraded":["Corpse Explosion"]},{"damage_healed":0,"gold_gain":0,"player_choice":"Offer","damage_taken":0,"relics_obtained":["Elementarium:GoldenMirage"],"max_hp_gain":0,"max_hp_loss":0,"event_name":"Elementarium:ChestOfTheGoldenMirage","floor":38,"gold_loss":213},{"damage_healed":0,"gold_gain":50,"player_choice":"Pray","damage_taken":0,"max_hp_gain":0,"max_hp_loss":0,"event_name":"Golden Shrine","floor":39,"gold_loss":0}],"is_beta":false,"boss_relics":[{"not_picked":["StuffTheSpire:Kangaroo","Kintsugi"],"picked":"conspire:RunicOctahedron"},{"not_picked":["hubris:GrandSneckoEye","halation:ForbiddenBikini"],"picked":"Runic Pyramid"}],"items_purged_floors":[20,22,48],"is_endless":false,"potions_floor_spawned":[4,5,12,14,18,28,29,33,37,42,45],"ascension_level":17}}