{"host":"wbjiqg83duq292na","time":1609046906,"event":{"mods":["BaseMod","Minty Spire (QoL Compilation)"],"gold_per_floor":[110,130,305,255,267,267,279,310,310,310,329,340,362,375,375,470,770,800,812,117,133,33,33,43,43,43,43,43,43],"floor_reached":28,"playtime":1317,"items_purged":["Defend_R","Defend_R"],"score":256,"play_id":"cb77f458-31ac-4f7d-a623-637bbc09df08","local_time":"20201227032826","is_ascension_mode":true,"campfire_choices":[{"floor":6,"key":"RECALL"},{"floor":10,"key":"REST"},{"floor":15,"key":"REST"},{"floor":23,"key":"REST"},{"data":"Armaments","floor":25,"key":"SMITH"}],"circlet_count":0,"master_deck":["Strike_R","Strike_R","Strike_R","Strike_R","Strike_R","Defend_R","Defend_R","Bash","Heavy Blade","Armaments+1","Dual Wield","Demon Form","Pommel Strike","Limit Break","CurseOfTheBell","Blood for Blood","Sadistic Nature","Perfected Strike","Pommel Strike+1","Writhe"],"relics":["Burning Blood","Lantern","Paper Frog","Odd Mushroom","Calling Bell","MawBank","Darkstone Periapt","Old Coin","HandDrill","Anchor","MealTicket","Pocketwatch"],"acts_visited":["Exordium","TheCity"],"potions_floor_usage":[11,16,16,21,28,28],"damage_taken":[{"damage":6,"enemies":"2 Louse","floor":1,"turns":3},{"damage":7,"enemies":"Small Slimes","floor":2,"turns":5},{"damage":3,"enemies":"Jaw Worm","floor":5,"turns":4},{"damage":10,"enemies":"Looter","floor":7,"turns":3},{"damage":34,"enemies":"Gremlin Nob","floor":8,"turns":5},{"damage":16,"enemies":"Exordium Wildlife","floor":11,"turns":6},{"damage":13,"enemies":"2 Fungi Beasts","floor":12,"turns":4},{"damage":26,"enemies":"The Mushroom Lair","floor":13,"turns":6},{"damage":5,"enemies":"Looter","floor":14,"turns":3},{"damage":62,"enemies":"Hexaghost","floor":16,"turns":10},{"damage":19,"enemies":"Shell Parasite","floor":18,"turns":5},{"damage":42,"enemies":"3 Byrds","floor":21,"turns":8},{"damage":24,"enemies":"Shelled Parasite and Fungi","floor":24,"turns":4},{"damage":83,"enemies":"Book of Stabbing","floor":28,"turns":6}],"seed_played":"-4532973437501041213","potions_obtained":[{"floor":1,"key":"SkillPotion"},{"floor":2,"key":"Block Potion"},{"floor":5,"key":"BloodPotion"},{"floor":11,"key":"Fruit Juice"},{"floor":18,"key":"BlessingOfTheForge"},{"floor":21,"key":"PowerPotion"},{"floor":24,"key":"DuplicationPotion"}],"is_trial":false,"path_per_floor":["M","M","?","?","M","R","M","E","T","R","M","M","?","M","R","B",null,"M","?","$","M","$","R","M","R","T","?","E"],"character_chosen":"IRONCLAD","items_purchased":["HandDrill","Sadistic Nature","Anchor","MealTicket"],"campfire_rested":3,"item_purchase_floors":[20,20,20,20],"current_hp_per_floor":[88,87,87,87,88,88,84,56,56,82,77,70,50,51,78,40,93,80,80,80,44,59,86,68,68,68,74,0,0],"gold":43,"neow_bonus":"TEN_PERCENT_HP_BONUS","is_daily":false,"chose_seed":false,"campfire_upgraded":1,"win_rate":0.0,"timestamp":1609046906,"path_taken":["M","M","?","?","?","R","M","E","T","R","M","M","?","M","R","BOSS","M","?","$","M","$","R","M","R","T","?","E"],"items_purchased_type":["Relic","Card","Relic","Relic"],"build_version":"2020-12-22","purchased_purges":2,"victory":false,"max_hp_per_floor":[88,88,88,88,88,88,88,88,88,88,93,93,93,93,93,93,93,93,93,93,93,93,93,93,93,93,99,99,99],"card_choices":[{"not_picked":["Burning Pact","Sentinel"],"picked":"Heavy Blade","floor":1},{"not_picked":["Carnage","Anger","Cleave"],"picked":"SKIP","floor":2},{"not_picked":["Pommel Strike","Cleave"],"picked":"Armaments","floor":5},{"not_picked":["Body Slam","Ghostly Armor","True Grit"],"picked":"SKIP","floor":7},{"not_picked":["Bloodletting","Dark Embrace"],"picked":"Dual Wield","floor":8},{"not_picked":["Clash","Fire Breathing","Bloodletting"],"picked":"SKIP","floor":11},{"not_picked":["Cleave","Clothesline","Anger"],"picked":"SKIP","floor":12},{"not_picked":["Sword Boomerang","Cleave"],"picked":"Demon Form","floor":13},{"not_picked":["Perfected Strike","Second Wind"],"picked":"Pommel Strike","floor":14},{"not_picked":["Berserk","Brutality"],"picked":"Limit Break","floor":16},{"not_picked":["Iron Wave","Armaments"],"picked":"Blood for Blood","floor":18},{"not_picked":["Body Slam","Wild Strike"],"picked":"Perfected Strike","floor":21},{"not_picked":["Battle Trance","Headbutt+1"],"picked":"Pommel Strike+1","floor":24}],"player_experience":213732,"relics_obtained":[{"floor":8,"key":"Lantern"},{"floor":9,"key":"Paper Frog"},{"floor":13,"key":"Odd Mushroom"},{"floor":17,"key":"MawBank"},{"floor":17,"key":"Darkstone Periapt"},{"floor":17,"key":"Old Coin"}],"event_choices":[{"damage_healed":0,"gold_gain":175,"player_choice":"AGREE","damage_taken":0,"max_hp_gain":0,"max_hp_loss":0,"event_name":"Liars Game","floor":3,"gold_loss":0,"cards_obtained":["Doubt"]},{"cards_removed":["Doubt"],"damage_healed":0,"gold_gain":0,"player_choice":"Card Removal","damage_taken":0,"max_hp_gain":0,"max_hp_loss":0,"event_name":"The Cleric","floor":4,"gold_loss":50},{"damage_healed":0,"gold_gain":0,"player_choice":"Fought Mushrooms","damage_taken":0,"max_hp_gain":0,"max_hp_loss":0,"event_name":"Mushrooms","floor":13,"gold_loss":0},{"damage_healed":0,"gold_gain":0,"player_choice":"Ignored","damage_taken":0,"max_hp_gain":0,"max_hp_loss":0,"event_name":"Ghosts","floor":19,"gold_loss":0},{"damage_healed":0,"gold_gain":0,"player_choice":"Opened","damage_taken":0,"relics_obtained":["Pocketwatch"],"max_hp_gain":0,"max_hp_loss":0,"event_name":"The Mausoleum","floor":27,"gold_loss":0,"cards_obtained":["Writhe"]}],"is_beta":false,"boss_relics":[{"not_picked":["Runic Pyramid","Ectoplasm"],"picked":"Calling Bell"}],"items_purged_floors":[20,22],"is_endless":false,"potions_floor_spawned":[1,2,5,11,18,21,24],"killed_by":"Book of Stabbing","ascension_level":1}}