{"host":"ds1yr10zonoc6w4a","time":1609088940,"event":{"mods":["2.2 Compatiblity","AchievementEnabler","Act Like it!","BaseMod","Downfall","Elementarium","Gensokyo","Infinite Spire","Jorbs\u0027s Wanderer Trilogy","Koishi","Menagerie","Minty Spire (QoL Compilation)","Pale of the Ancients","StSLib","The Animator","Wandering Minibosses","vexMod","??????REMEMod"],"gold_per_floor":[112,112,112,1,26,26,26,58,58,91,103,28,45,45,45],"floor_reached":14,"playtime":1817,"items_purged":["animator:Strike"],"score":180,"play_id":"a58376c1-a18c-41f3-9e34-54e969af9c26","local_time":"20201227100900","is_ascension_mode":true,"campfire_choices":[{"data":"animator:Shinoa","floor":6,"key":"SMITH"}],"circlet_count":0,"master_deck":["AscendersBane","animator:Strike_GoblinSlayer","animator:Defend_GoblinSlayer","animator:Strike","animator:Strike","animator:Defend","animator:Defend","animator:Defend","animator:LizardPriest+1","animator:DwarfShaman","animator:Albedo","animator:ZankiKiguchi","animator:Yuuichirou+1","animator:Shinoa+1","animator:NagisaMomoe","Gensokyo:RustyChest","animator:Entoma","animator:IrohaTamaki","animator:HiiragiTenri","animator:Shinoa"],"relics":["animator:LivingPicture","animator:TheMissingPiece","REME_ComplimentaryCards","animator:PurgingStone","NeowsBlessing","infinitespire:WardingShard","Dream Catcher","TungstenRod","animator:CursedGlyph","Darkstone Periapt"],"acts_visited":["Gensokyo:Gensokyo"],"potions_floor_usage":[13,14],"damage_taken":[{"damage":0,"enemies":"Gensokyo:Python","floor":1,"turns":1},{"damage":1,"enemies":"Gensokyo:2_Kodama","floor":5,"turns":2},{"damage":0,"enemies":"Gensokyo:Cirno","floor":8,"turns":2},{"damage":27,"enemies":"Gensokyo:Aya","floor":10,"turns":7},{"damage":1,"enemies":"Gensokyo:Gryphon","floor":11,"turns":5},{"damage":8,"enemies":"Gensokyo:3_Kodama","floor":13,"turns":6},{"damage":24,"enemies":"Gensokyo:Cirno","floor":14,"turns":16}],"seed_played":"-5041565029445576500","potions_obtained":[{"floor":1,"key":"GamblersBrew"},{"floor":11,"key":"SteroidPotion"}],"is_trial":false,"path_per_floor":["M","?","?","COS","M","R","?","E","T","E","M","$","M","E"],"character_chosen":"THE_ANIMATOR","items_purchased":[],"campfire_rested":0,"item_purchase_floors":[],"current_hp_per_floor":[59,59,59,59,58,58,58,58,58,31,30,30,22,0,0],"gold":45,"neow_bonus":"THREE_ENEMY_KILL","is_daily":false,"chose_seed":false,"campfire_upgraded":1,"win_rate":0.0,"timestamp":1609088940,"path_taken":["M","?","?","COS","?","R","?","E","T","E","?","?","M","E"],"items_purchased_type":[],"build_version":"2020-12-22","purchased_purges":1,"victory":false,"max_hp_per_floor":[66,66,66,66,66,66,66,66,66,62,62,62,62,62,62],"card_choices":[{"not_picked":["animator:AcuraAkari","animator:NarberalGamma"],"picked":"animator:ZankiKiguchi","floor":1},{"not_picked":["animator:Caster","animator:Viivi"],"picked":"animator:Shinoa","floor":3},{"not_picked":["animator:SayakaMiki","animator:Layla"],"picked":"animator:NagisaMomoe","floor":3},{"not_picked":["animator:ShinjiMatou","animator:Berserker"],"picked":"animator:Entoma","floor":5},{"not_picked":["animator:DwarfShaman","animator:Illya"],"picked":"animator:IrohaTamaki","floor":8},{"not_picked":["animator:KrulTepes","animator:Mitsuba"],"picked":"animator:HiiragiTenri","floor":10},{"not_picked":["animator:Kuribayashi","animator:DwarfShaman","animator:SayakaMiki"],"picked":"SKIP","floor":11},{"not_picked":["animator:ZankiKiguchi","animator:Yoichi"],"picked":"animator:Shinoa","floor":13}],"player_experience":564187,"relics_obtained":[{"floor":9,"key":"infinitespire:WardingShard"},{"floor":10,"key":"TungstenRod"},{"floor":10,"key":"animator:CursedGlyph"}],"event_choices":[],"is_beta":false,"boss_relics":[],"items_purged_floors":[12],"is_endless":false,"potions_floor_spawned":[1,11],"killed_by":"Gensokyo:Cirno","ascension_level":11}}