{"host":"mjmsgaxkb56jw5c5","time":1609109229,"event":{"mods":["Aspiration","BaseMod","Colored Powertips","Conspire","Downfall","Hubris","Minty Spire (QoL Compilation)","Replay The Spire","StSLib","The Jungle"],"gold_per_floor":[111,126,126,16,36,68,68,99,99,99,115,37,50,50,50,145,145,155,155,80,80,80,80,91,91,143,143,157,170,170,170,183,198,198,198,198],"floor_reached":35,"playtime":1259,"items_purged":["Strike_R","Strike_R"],"score":320,"play_id":"f4f8faca-3f77-4512-8d08-c046bee75fbc","local_time":"20201227234709","is_ascension_mode":true,"campfire_choices":[{"data":"Sentinel","floor":7.0,"key":"SMITH"},{"floor":15.0,"key":"REST"},{"data":"Corruption","floor":23.0,"key":"SMITH"},{"floor":25.0,"key":"REST"},{"data":"Abandon","floor":27.0,"key":"SMITH"},{"floor":34.0,"key":"REST"}],"circlet_count":0,"master_deck":["Strike_R","Strike_R","Defend_R","Defend_R","Defend_R","Defend_R","Bash","Cleave","ReplayTheSpireMod:Strike From Hell+1","ReplayTheSpireMod:Strike From Hell","Inflame","Sentinel+1","Abandon+1","Havoc+1","Offering","Inflame","Replay:Undeath\u0027s Touch","Corruption+1","Havoc","Intimidate","Pommel Strike+1","Burning Pact","ReplayTheSpireMod:Strike From Hell+1"],"relics":["Burning Blood","Shuriken","conspire:Flyswatter","hubris:PeanutButter","hubris:ScarierMask","Blue Doll","Replay:Wax Seal"],"acts_visited":["Exordium","TheCity"],"potions_floor_usage":[],"damage_taken":[{"damage":5.0,"enemies":"Cultist","floor":1.0,"turns":4.0},{"damage":2.0,"enemies":"Jaw Worm","floor":2.0,"turns":3.0},{"damage":6.0,"enemies":"Small Slimes","floor":5.0,"turns":3.0},{"damage":53.0,"enemies":"Lagavulin","floor":6.0,"turns":9.0},{"damage":17.0,"enemies":"3 Sentries","floor":8.0,"turns":7.0},{"damage":1.0,"enemies":"2 Fungi Beasts","floor":11.0,"turns":2.0},{"damage":3.0,"enemies":"Blue Slaver","floor":13.0,"turns":4.0},{"damage":21.0,"enemies":"Slime Boss","floor":16.0,"turns":5.0},{"damage":6.0,"enemies":"2 Thieves","floor":18.0,"turns":3.0},{"damage":11.0,"enemies":"Chosen","floor":24.0,"turns":5.0},{"damage":9.0,"enemies":"Shelled Parasite and Fungi","floor":28.0,"turns":4.0},{"damage":25.0,"enemies":"Snake Plant","floor":29.0,"turns":4.0},{"damage":0.0,"enemies":"Sentry and Sphere","floor":32.0,"turns":3.0},{"damage":23.0,"enemies":"Cultist and Chosen","floor":33.0,"turns":5.0},{"damage":64,"enemies":"Champ","floor":35,"turns":6}],"seed_played":"-6371703126413183746","potions_obtained":[{"floor":6.0,"key":"Reflective Coating"},{"floor":8.0,"key":"AttackPotion"},{"floor":11.0,"key":"Weak Potion"},{"floor":28.0,"key":"Reflective Coating"}],"is_trial":false,"path_per_floor":["M","M","?","$","M","E","R","E","T","?","M","$","M","?","R","B",null,"M","?","?","?","$","R","M","R","T","R","M","M","PTL","PTL","M","M","R","B"],"character_chosen":"IRONCLAD","items_purchased":["Inflame","Inflame","Blue Doll"],"campfire_rested":3,"item_purchase_floors":[4,12,22],"current_hp_per_floor":[80,80,80,80,80,33,33,22,22,22,27,27,30,30,54,39,80,80,65,65,65,50,50,45,70,70,70,67,48,48,48,54,37,62,0,0],"gold":198,"neow_bonus":"THREE_CARDS","is_daily":false,"chose_seed":false,"campfire_upgraded":3,"win_rate":0.0,"timestamp":1609109229,"path_taken":["M","M","?","$","M","E","R","E","T","?","?","$","M","?","R","BOSS","M","?","?","?","?","R","?","R","T","R","M","M","PTL","PTL","M","?","R","BOSS"],"items_purchased_type":["Card","Card","Relic"],"build_version":"2020-12-22","purchased_purges":2,"victory":false,"max_hp_per_floor":[80,80,80,80,80,80,80,80,80,80,80,80,80,80,80,80,80,80,85,85,85,85,85,85,85,85,85,85,85,85,85,85,85,85,85,85],"card_choices":[{"not_picked":["Armaments","Battle Trance"],"picked":"Cleave","floor":0.0},{"not_picked":["Cleave","Blood for Blood"],"picked":"ReplayTheSpireMod:Strike From Hell","floor":1.0},{"not_picked":["Headbutt","Heavy Blade"],"picked":"ReplayTheSpireMod:Strike From Hell","floor":2.0},{"not_picked":["Second Wind","Evolve","Clash"],"picked":"SKIP","floor":5.0},{"not_picked":["ReplayTheSpireMod:Limb From Limb","Evolve"],"picked":"Sentinel","floor":6.0},{"not_picked":["Armaments","Twin Strike"],"picked":"Abandon","floor":8.0},{"not_picked":["Headbutt","conspire:Charge"],"picked":"Offering","floor":11.0},{"not_picked":["Body Slam","Cleave"],"picked":"Replay:Undeath\u0027s Touch","floor":13.0},{"not_picked":["Exhume","Demonic Infusion"],"picked":"Corruption","floor":16.0},{"not_picked":["Wild Strike+1","Shockwave"],"picked":"Havoc","floor":18.0},{"not_picked":["Twin Strike","Power Through"],"picked":"Intimidate","floor":24.0},{"not_picked":["conspire:ExplosiveBarrier","Hemokinesis+1","Perfected Strike"],"picked":"SKIP","floor":28.0},{"not_picked":["Wild Strike","Armaments"],"picked":"Pommel Strike+1","floor":29.0},{"not_picked":["Perfected Strike","Combust"],"picked":"Burning Pact","floor":32.0},{"not_picked":["Clash","Massacre+1"],"picked":"ReplayTheSpireMod:Strike From Hell+1","floor":33.0}],"player_experience":220556,"relics_obtained":[{"floor":6.0,"key":"Shuriken"},{"floor":8.0,"key":"conspire:Flyswatter"},{"floor":9.0,"key":"hubris:PeanutButter"},{"floor":26.0,"key":"Replay:Wax Seal"}],"event_choices":[{"damage_healed":0.0,"max_hp_gain":0.0,"max_hp_loss":0.0,"gold_gain":0.0,"event_name":"Living Wall","player_choice":"Grow","floor":3.0,"gold_loss":0.0,"damage_taken":0.0,"cards_upgraded":["ReplayTheSpireMod:Strike From Hell"]},{"damage_healed":0.0,"max_hp_gain":0.0,"max_hp_loss":0.0,"gold_gain":0.0,"event_name":"Accursed Blacksmith","player_choice":"Forge","floor":14.0,"gold_loss":0.0,"damage_taken":0.0,"cards_upgraded":["Havoc"]},{"damage_healed":0.0,"max_hp_gain":5.0,"max_hp_loss":0.0,"gold_gain":0.0,"event_name":"Forgotten Altar","player_choice":"Shed Blood","floor":19.0,"gold_loss":0.0,"damage_taken":20.0},{"cards_removed":["Strike_R"],"damage_healed":0.0,"max_hp_gain":0.0,"max_hp_loss":0.0,"gold_gain":0.0,"event_name":"Beggar","player_choice":"Gave Gold","floor":20.0,"gold_loss":75.0,"damage_taken":0.0}],"is_beta":false,"boss_relics":[{"not_picked":["Replay:Wanted Poster","hubris:HollowSoul"],"picked":"hubris:ScarierMask"}],"items_purged_floors":[4,22],"is_endless":false,"potions_floor_spawned":[6,8,11,28],"killed_by":"Champ","ascension_level":4}}