{"host":"7mrmd33mpx7q5wx9","time":1609029002,"event":{"mods":["AchievementEnabler","BaseMod","Colored Map","Defuse TimeMaze Blight","Minty Spire (QoL Compilation)","Permanent Neow","Quick Restart","StSLib","SuperFastMode"],"gold_per_floor":[112,112,132,148,148,148,167,187,187,187,221,221,255,205,205,303,303,317,328,328,36,54,81,81,111,111,129,179,204,214,42,42,144,144,159,159,53,67,82,82,109,157,181,215,233,233,233,67,67,67,67,67,28,55,55,55],"floor_reached":55,"playtime":3539,"items_purged":["Pain","Shame","Strike_P","Shame"],"score":847,"play_id":"04485151-8c96-42a2-90fc-438eaf4ac2ec","local_time":"20201226183002","is_ascension_mode":false,"campfire_choices":[{"data":"Eruption","floor":6,"key":"SMITH"},{"data":"Vault","floor":15,"key":"SMITH"},{"data":"FlurryOfBlows","floor":24,"key":"SMITH"},{"data":"ClearTheMind","floor":32,"key":"SMITH"},{"data":"Study","floor":40,"key":"SMITH"},{"floor":46,"key":"RECALL"},{"data":"TalkToTheHand","floor":49,"key":"SMITH"},{"data":"Wallop","floor":52,"key":"SMITH"}],"circlet_count":0,"master_deck":["Strike_P","Strike_P","Strike_P","Defend_P","Defend_P","Defend_P+1","Eruption+1","Vigilance+1","SashWhip","Meditate+1","EmptyFist","WheelKick","Vault+1","EmptyBody","Evaluate","Scrawl","FlurryOfBlows+1","BattleHymn","Crescendo","Tantrum","ClearTheMind+1","Ragnarok","EmptyBody+1","Study+1","Adaptation+1","FlurryOfBlows+1","MasterReality","SashWhip+1","TalkToTheHand+1","Wallop+1"],"relics":["PureWater","Smiling Mask","Juzu Bracelet","The Courier","War Paint","CultistMask","Mercury Hourglass","Cursed Key","WarpedTongs","Oddly Smooth Stone","Sling","Letter Opener","Dream Catcher","Centennial Puzzle","OrangePellets","Black Star","Spirit Poop","Blood Vial","Boot","FossilizedHelix","Bronze Scales","Du-Vu Doll","Omamori","Art of War","Pocketwatch"],"acts_visited":["Exordium","TheCity","TheBeyond","TheEnding"],"potions_floor_usage":[13,25,44,45,54,55,55,55],"damage_taken":[{"damage":0,"enemies":"2 Louse","floor":1,"turns":1},{"damage":2,"enemies":"Jaw Worm","floor":3,"turns":4},{"damage":1,"enemies":"Cultist","floor":4,"turns":3},{"damage":0,"enemies":"Large Slime","floor":7,"turns":4},{"damage":9,"enemies":"Gremlin Gang","floor":8,"turns":2},{"damage":0,"enemies":"Lagavulin","floor":11,"turns":4},{"damage":11,"enemies":"3 Sentries","floor":13,"turns":5},{"damage":10,"enemies":"Slime Boss","floor":16,"turns":6},{"damage":0,"enemies":"Chosen","floor":18,"turns":3},{"damage":0,"enemies":"Shell Parasite","floor":19,"turns":4},{"damage":2,"enemies":"Chosen and Byrds","floor":22,"turns":4},{"damage":0,"enemies":"Gremlin Leader","floor":23,"turns":4},{"damage":1,"enemies":"Book of Stabbing","floor":25,"turns":4},{"damage":0,"enemies":"Snake Plant","floor":27,"turns":2},{"damage":0,"enemies":"Cultist and Chosen","floor":30,"turns":5},{"damage":28,"enemies":"Automaton","floor":33,"turns":7},{"damage":0,"enemies":"3 Shapes","floor":35,"turns":4},{"damage":8,"enemies":"3 Darklings","floor":38,"turns":4},{"damage":0,"enemies":"Transient","floor":39,"turns":6},{"damage":5,"enemies":"Nemesis","floor":41,"turns":3},{"damage":16,"enemies":"2 Orb Walkers","floor":42,"turns":5},{"damage":0,"enemies":"Reptomancer","floor":44,"turns":3},{"damage":13,"enemies":"Jaw Worm Horde","floor":45,"turns":3},{"damage":17,"enemies":"Donu and Deca","floor":50,"turns":7},{"damage":5,"enemies":"Shield and Spear","floor":54,"turns":3},{"damage":73,"enemies":"The Heart","floor":55,"turns":7}],"seed_played":"1160107009033033841","potions_obtained":[{"floor":1,"key":"Explosive Potion"},{"floor":7,"key":"GamblersBrew"},{"floor":8,"key":"ColorlessPotion"},{"floor":13,"key":"Regen Potion"},{"floor":16,"key":"Block Potion"},{"floor":27,"key":"StancePotion"},{"floor":45,"key":"Block Potion"},{"floor":54,"key":"Dexterity Potion"}],"is_trial":false,"path_per_floor":["M","?","M","M","?","R","M","M","T","T","E","?","E","?","R","B",null,"M","M","?","$","M","E","R","E","T","M","?","T","M","$","R","B",null,"M","?","$","M","M","R","E","?","T","E","M","R","?","$","R","B",null,"R","$","E","B"],"character_chosen":"WATCHER","items_purchased":["Oddly Smooth Stone","Sling","OrangePellets","Study","TalkToTheHand","Wallop","Swift Potion"],"campfire_rested":0,"item_purchase_floors":[21,21,31,37,48,48,53],"current_hp_per_floor":[72,77,75,74,74,74,74,65,65,65,65,65,54,54,54,44,77,77,77,77,77,75,75,75,74,74,74,74,74,74,74,74,46,77,77,77,77,69,69,69,64,50,50,52,46,46,46,46,46,31,73,73,73,68,0,0],"gold":55,"neow_bonus":"RANDOM_COMMON_RELIC","is_daily":false,"chose_seed":false,"campfire_upgraded":7,"win_rate":0.0,"timestamp":1609029002,"path_taken":["M","?","M","M","?","R","M","M","T","?","E","?","E","?","R","BOSS","M","M","?","$","M","E","R","E","T","M","?","?","M","?","R","BOSS","M","?","?","M","M","R","E","?","T","E","M","R","?","$","R","BOSS","R","$","E","BOSS"],"items_purchased_type":["Relic","Relic","Relic","Card","Card","Card","Potion"],"build_version":"2020-12-22","purchased_purges":4,"victory":false,"max_hp_per_floor":[72,77,77,77,77,77,77,77,77,77,77,77,77,77,77,77,77,77,77,77,77,77,77,77,77,77,77,77,77,77,77,77,77,77,77,77,77,77,77,77,77,77,77,77,77,77,73,73,73,73,73,73,73,73,73,73],"card_choices":[{"not_picked":["Sanctity","Halt"],"picked":"SashWhip","floor":1},{"not_picked":["Nirvana","FlyingSleeves"],"picked":"Meditate","floor":3},{"not_picked":["JustLucky","CrushJoints"],"picked":"EmptyFist","floor":4},{"not_picked":["Perseverance","PathToVictory"],"picked":"WheelKick","floor":7},{"not_picked":["CrushJoints","SignatureMove"],"picked":"Vault","floor":8},{"not_picked":["BowlingBash","Meditate"],"picked":"EmptyBody","floor":11},{"not_picked":["CrushJoints","WreathOfFlame"],"picked":"Evaluate","floor":13},{"not_picked":["Judgement","DevaForm"],"picked":"Scrawl","floor":16},{"not_picked":["PathToVictory","JustLucky+1"],"picked":"FlurryOfBlows","floor":18},{"not_picked":["FearNoEvil+1","Halt"],"picked":"BattleHymn","floor":19},{"not_picked":["Protect","CrushJoints","PathToVictory"],"picked":"SKIP","floor":22},{"not_picked":["PathToVictory","CutThroughFate"],"picked":"Crescendo","floor":23},{"not_picked":["DeusExMachina","ClearTheMind"],"picked":"Tantrum","floor":25},{"not_picked":["SandsOfTime","JustLucky","FlurryOfBlows"],"picked":"SKIP","floor":27},{"not_picked":["JustLucky","PathToVictory+1"],"picked":"ClearTheMind","floor":30},{"not_picked":["DevaForm","Omniscience"],"picked":"Ragnarok","floor":33},{"not_picked":["Perseverance","Swivel+1"],"picked":"EmptyBody+1","floor":35},{"not_picked":["CutThroughFate+1","PathToVictory","Evaluate"],"picked":"SKIP","floor":38},{"not_picked":["BowlingBash","ClearTheMind+1"],"picked":"Adaptation+1","floor":39},{"not_picked":["FlyingSleeves+1","Fasting2+1"],"picked":"FlurryOfBlows+1","floor":41},{"not_picked":["ThirdEye","ConjureBlade"],"picked":"MasterReality","floor":44},{"not_picked":["ClearTheMind+1","Halt"],"picked":"SashWhip+1","floor":45},{"not_picked":["WreathOfFlame+1","WheelKick+1","Evaluate+1"],"picked":"SKIP","floor":54}],"player_experience":347139,"relics_obtained":[{"floor":9,"key":"Juzu Bracelet"},{"floor":10,"key":"The Courier"},{"floor":11,"key":"War Paint"},{"floor":13,"key":"Mercury Hourglass"},{"floor":23,"key":"Letter Opener"},{"floor":25,"key":"Dream Catcher"},{"floor":29,"key":"Centennial Puzzle"},{"floor":41,"key":"Blood Vial"},{"floor":41,"key":"Boot"},{"floor":42,"key":"FossilizedHelix"},{"floor":43,"key":"Bronze Scales"},{"floor":44,"key":"Du-Vu Doll"},{"floor":44,"key":"Omamori"},{"floor":54,"key":"Art of War"},{"floor":54,"key":"Pocketwatch"}],"event_choices":[{"damage_healed":0,"gold_gain":0,"player_choice":"Donut","damage_taken":0,"max_hp_gain":5,"max_hp_loss":0,"event_name":"Big Fish","floor":2,"gold_loss":0},{"damage_healed":0,"gold_gain":0,"player_choice":"Grow","damage_taken":0,"max_hp_gain":0,"max_hp_loss":0,"event_name":"Living Wall","floor":5,"gold_loss":0,"cards_upgraded":["Meditate"]},{"damage_healed":0,"gold_gain":0,"player_choice":"Trade","damage_taken":0,"relics_obtained":["CultistMask"],"max_hp_gain":0,"max_hp_loss":0,"event_name":"FaceTrader","floor":12,"gold_loss":0},{"cards_removed":["Defend_P"],"damage_healed":0,"gold_gain":0,"player_choice":"Card Removal","damage_taken":0,"max_hp_gain":0,"max_hp_loss":0,"event_name":"The Cleric","floor":14,"gold_loss":50},{"damage_healed":0,"gold_gain":0,"player_choice":"Rummage","damage_taken":0,"relics_obtained":["WarpedTongs"],"max_hp_gain":0,"max_hp_loss":0,"event_name":"Accursed Blacksmith","floor":20,"gold_loss":0,"cards_obtained":["Pain"]},{"damage_healed":0,"gold_gain":100,"player_choice":"Bet on Murderer","damage_taken":0,"max_hp_gain":0,"max_hp_loss":0,"event_name":"The Joust","floor":28,"gold_loss":50},{"cards_removed":["Shame"],"damage_healed":0,"gold_gain":0,"player_choice":"Offered Curse","damage_taken":0,"relics_obtained":["Spirit Poop"],"max_hp_gain":0,"max_hp_loss":0,"event_name":"Bonfire Elementals","floor":36,"gold_loss":0},{"damage_healed":0,"gold_gain":0,"player_choice":"Fight","damage_taken":0,"max_hp_gain":0,"max_hp_loss":0,"event_name":"Mysterious Sphere","floor":42,"gold_loss":0},{"damage_healed":0,"gold_gain":0,"player_choice":"Max HP","damage_taken":0,"max_hp_gain":0,"max_hp_loss":4,"event_name":"Winding Halls","floor":47,"gold_loss":0}],"is_beta":false,"boss_relics":[{"not_picked":["Philosopher\u0027s Stone","Velvet Choker"],"picked":"Cursed Key"},{"not_picked":["Sozu","Busted Crown"],"picked":"Black Star"}],"items_purged_floors":[21,31,37,48],"is_endless":false,"potions_floor_spawned":[1,7,8,11,13,16,23,27,30,35,41,45,54],"killed_by":"The Heart","ascension_level":0}}