{"host":"ff0k6g9g9j8o52vm","time":1609048885,"event":{"mods":["AchievementEnabler","Astrologer","BaseMod","Beaked The Cultist","Colored Map","Colored Powertips","Downfall","Duelist Mod","GifTheSpireLib","Gremlin Mod","Hermit","Jorbs\u0027s Wanderer Trilogy","Koishi","Marisa????????","Minty Spire (QoL Compilation)","StSLib","The Animator","The Bug Knight","The Construct","The Cursed","The Disciple","The Forsaken","The Hayseed","The Hierophant","The Judge","The Jungle","The Mystic","The Necromancer","The Poker Player","The Runesmith","The Senshi","The Servant 0.9.4","TheArtist"],"gold_per_floor":[110,124,135,105,122,122,140,140,140],"floor_reached":8,"playtime":1349,"items_purged":[],"score":50,"play_id":"2428e974-ac26-4723-b241-4aae0a47ee92","local_time":"20201226220125","is_ascension_mode":false,"campfire_choices":[{"data":"beaked:FeelMyPain","floor":6,"key":"SMITH"}],"circlet_count":0,"master_deck":["beaked:Strike_Y","beaked:Strike_Y","beaked:Strike_Y","beaked:Strike_Y","beaked:Strike_Y","beaked:Strike_Y","beaked:Defend_Y","beaked:Defend_Y","beaked:Defend_Y","beaked:Defend_Y","beaked:Ceremony","beaked:Ceremony","beaked:Ceremony","beaked:Tweet","beaked:MaddeningMurmurs","beaked:Brace","beaked:MimicHuntress","beaked:FeelMyPain+1","beaked:MimicWarrior"],"relics":["beaked:MendingPlumage"],"acts_visited":["Exordium"],"potions_floor_usage":[5,8],"damage_taken":[{"damage":13,"enemies":"Cultist","floor":1,"turns":5},{"damage":13,"enemies":"Jaw Worm","floor":2,"turns":4},{"damage":12,"enemies":"2 Louse","floor":3,"turns":4},{"damage":15,"enemies":"Looter","floor":4,"turns":4},{"damage":9,"enemies":"3 Louse","floor":5,"turns":5},{"damage":23,"enemies":"2 Fungi Beasts","floor":7,"turns":2},{"damage":55,"enemies":"3 Sentries","floor":8,"turns":6}],"seed_played":"-5511748900514556815","potions_obtained":[{"floor":3,"key":"Guardian:BlockOnCardUsePotion"},{"floor":5,"key":"Guardian:BlockOnCardUsePotion"}],"is_trial":false,"path_per_floor":["M","M","M","M","M","R","M","E"],"character_chosen":"BEAKED_THE_CULTIST","items_purchased":[],"campfire_rested":0,"item_purchase_floors":[],"current_hp_per_floor":[44,43,41,38,45,45,30,0,0],"gold":140,"neow_bonus":"TEN_PERCENT_HP_BONUS","is_daily":false,"chose_seed":false,"campfire_upgraded":1,"win_rate":0.0,"timestamp":1609048885,"path_taken":["M","M","?","M","M","R","M","E"],"items_purchased_type":[],"build_version":"2020-12-22","purchased_purges":0,"victory":false,"max_hp_per_floor":[55,55,55,55,55,55,55,55,55],"card_choices":[{"not_picked":["beaked:Pecker","beaked:Redirect"],"picked":"beaked:Tweet","floor":1},{"not_picked":["beaked:Evade","beaked:BarbedWire"],"picked":"beaked:MaddeningMurmurs","floor":2},{"not_picked":["beaked:Evade","beaked:Cower"],"picked":"beaked:Brace","floor":3},{"not_picked":["beaked:BloodRitual","beaked:Redirect"],"picked":"beaked:MimicHuntress","floor":4},{"not_picked":["beaked:Resilience","beaked:Struggle"],"picked":"beaked:FeelMyPain","floor":5},{"not_picked":["beaked:CursingBlood","beaked:DigDeep"],"picked":"beaked:MimicWarrior","floor":7}],"player_experience":857800,"relics_obtained":[],"event_choices":[],"is_beta":false,"boss_relics":[],"items_purged_floors":[],"is_endless":false,"potions_floor_spawned":[3,5],"killed_by":"3 Sentries","ascension_level":0}}