{"host":"dvpvhz1t6etneyb3","time":1609032973,"event":{"mods":["AchievementEnabler","BaseMod","Colored Map","Highlight Path","Minty Spire (QoL Compilation)","Permanent Neow","Quick Restart"],"gold_per_floor":[117,132,132,132,57,84,94,94,94,94,94,94,129,148,148,237,237,252,252,275,10,33,33,33,74,125,125,150,175,46,69,69,159,159,178,244,275,129,129,168,207,207,233,233,256,275,275,311,311,311,311],"floor_reached":52,"playtime":14335,"items_purged":["Strike_B","Strike_B"],"score":1932,"play_id":"d5b78843-5aa2-4373-871d-d600ecac83eb","local_time":"20201226203613","is_ascension_mode":true,"campfire_choices":[{"data":"Zap","floor":10.0,"key":"SMITH"},{"floor":12.0,"key":"REST"},{"data":"Sunder","floor":15.0,"key":"SMITH"},{"data":"Fission","floor":23.0,"key":"SMITH"},{"data":"Defragment","floor":27.0,"key":"SMITH"},{"data":"Self Repair","floor":32.0,"key":"SMITH"},{"data":"Defragment","floor":42.0,"key":"SMITH"},{"data":"Seek","floor":44.0,"key":"SMITH"},{"data":"Hologram","floor":49.0,"key":"SMITH"}],"circlet_count":0,"master_deck":["AscendersBane","Defend_B","Defend_B","Defend_B","Defend_B","Zap+1","Dualcast+1","Conserve Battery","Undo","FTL","Sunder+1","Echo Form","Fission+1","Darkness+1","Glacier","Defragment+1","Recycle+1","Self Repair+1","Sunder+1","Loop+1","Seek+1","Glacier","Defragment+1","Turbo","Hologram+1","Madness","Madness","Echo Form"],"relics":["Cracked Core","The Courier","Letter Opener","Golden Idol","Singing Bowl","Pantograph","Runic Pyramid","Art of War","Meat on the Bone","Bronze Scales","Bag of Preparation","Inserter","Turnip","WingedGreaves","Vajra","Juzu Bracelet","DataDisk","Dream Catcher","Darkstone Periapt"],"acts_visited":["TheCity","TheBeyond"],"potions_floor_usage":[],"damage_taken":[{"damage":4.0,"enemies":"Small Slimes","floor":1.0,"turns":3.0},{"damage":9.0,"enemies":"2 Louse","floor":2.0,"turns":2.0},{"damage":32.0,"enemies":"Lagavulin","floor":6.0,"turns":8.0},{"damage":0.0,"enemies":"Cultist","floor":7.0,"turns":4.0},{"damage":22.0,"enemies":"3 Sentries","floor":13.0,"turns":9.0},{"damage":0.0,"enemies":"Red Slaver","floor":14.0,"turns":3.0},{"damage":28.0,"enemies":"Slime Boss","floor":16.0,"turns":7.0},{"damage":9.0,"enemies":"Shell Parasite","floor":18.0,"turns":3.0},{"damage":0.0,"enemies":"Chosen","floor":20.0,"turns":5.0},{"damage":2.0,"enemies":"Snecko","floor":22.0,"turns":6.0},{"damage":14.0,"enemies":"Book of Stabbing","floor":25.0,"turns":6.0},{"damage":6.0,"enemies":"Snake Plant","floor":28.0,"turns":3.0},{"damage":4.0,"enemies":"3 Cultists","floor":29.0,"turns":5.0},{"damage":21.0,"enemies":"Shelled Parasite and Fungi","floor":31.0,"turns":4.0},{"damage":21.0,"enemies":"Collector","floor":33.0,"turns":6.0},{"damage":0.0,"enemies":"3 Shapes","floor":35.0,"turns":5.0},{"damage":2.0,"enemies":"2 Orb Walkers","floor":36.0,"turns":5.0},{"damage":0.0,"enemies":"Mind Bloom Boss Battle","floor":37.0,"turns":3.0},{"damage":21.0,"enemies":"Nemesis","floor":40.0,"turns":9.0},{"damage":65.0,"enemies":"Reptomancer","floor":41.0,"turns":7.0},{"damage":4.0,"enemies":"Orb Walker","floor":45.0,"turns":3.0},{"damage":16.0,"enemies":"Transient","floor":46.0,"turns":6.0},{"damage":0.0,"enemies":"Giant Head","floor":48.0,"turns":7.0},{"damage":37,"enemies":"Time Eater","floor":50,"turns":11},{"damage":45,"enemies":"Donu and Deca","floor":51,"turns":12}],"seed_played":"-3292314555593733948","potions_obtained":[{"floor":6.0,"key":"Block Potion"},{"floor":16.0,"key":"Strength Potion"},{"floor":28.0,"key":"FocusPotion"},{"floor":31.0,"key":"Block Potion"},{"floor":33.0,"key":"LiquidMemories"},{"floor":36.0,"key":"Energy Potion"}],"is_trial":false,"path_per_floor":["M","M","?","?","?","E","M","?","T","R","?","R","E","M","R","B",null,"M","?","M","$","M","R","?","E","T","R","M","M","$","M","R","B",null,"M","?","?","$","T","E","E","R","T","R","M","M","?","E","R","B","B",null],"character_chosen":"DEFECT","items_purchased":["Glacier","Art of War","Bag of Preparation","Defragment"],"campfire_rested":1,"item_purchase_floors":[21,21,30,38],"current_hp_per_floor":[67,58,53,58,58,26,26,26,26,26,26,48,26,26,26,23,62,55,55,55,55,55,55,55,41,41,41,47,50,50,55,55,68,76,81,81,83,83,83,82,49,49,49,49,57,75,59,79,79,70,64],"gold":311,"neow_bonus":"TEN_PERCENT_HP_BONUS","is_daily":false,"chose_seed":false,"campfire_upgraded":8,"win_rate":0.0,"timestamp":1609032973,"path_taken":["M","M","?","?","?","E","M","?","T","R","?","R","E","M","R","BOSS","M","?","?","$","M","R","?","E","T","R","M","M","$","M","R","BOSS","M","?","?","$","?","E","E","R","T","R","M","M","?","E","R","BOSS","BOSS"],"items_purchased_type":["Card","Relic","Relic","Card"],"build_version":"2020-12-22","purchased_purges":2,"victory":true,"max_hp_per_floor":[78,78,78,83,83,83,83,75,75,75,75,75,75,75,75,75,75,77,77,77,77,79,79,79,79,79,79,79,79,79,79,79,79,79,81,81,83,83,83,83,83,83,83,83,85,87,87,87,87,87,87],"card_choices":[{"not_picked":["Stack","Coolheaded"],"picked":"Conserve Battery","floor":1.0},{"not_picked":["White Noise","Barrage","Skim"],"picked":"SKIP","floor":2.0},{"not_picked":["Hologram","Heatsinks"],"picked":"Undo","floor":6.0},{"not_picked":["Beam Cell","Fusion"],"picked":"FTL","floor":7.0},{"not_picked":["Stack","Go for the Eyes"],"picked":"Sunder","floor":13.0},{"not_picked":["Go for the Eyes","Compile Driver"],"picked":"Echo Form","floor":14.0},{"not_picked":["Thunder Strike","Core Surge"],"picked":"Fission","floor":16.0},{"not_picked":["Streamline","Cold Snap","Skim"],"picked":"Singing Bowl","floor":18.0},{"not_picked":["Redo","Blizzard"],"picked":"Darkness+1","floor":20.0},{"not_picked":["Coolheaded","Darkness","Double Energy"],"picked":"Singing Bowl","floor":22.0},{"not_picked":["Lockon","Stack"],"picked":"Recycle+1","floor":25.0},{"not_picked":["Steam","Scrape"],"picked":"Self Repair","floor":28.0},{"not_picked":["Leap","Beam Cell"],"picked":"Sunder+1","floor":29.0},{"not_picked":["Sunder","Fusion"],"picked":"Loop+1","floor":31.0},{"not_picked":["Thunder Strike","Biased Cognition"],"picked":"Seek","floor":33.0},{"not_picked":["Scrape","Static Discharge","FTL"],"picked":"Singing Bowl","floor":35.0},{"not_picked":["Compile Driver+1","Stack"],"picked":"Glacier","floor":36.0},{"not_picked":["Sweeping Beam","Go for the Eyes","Streamline"],"picked":"Singing Bowl","floor":37.0},{"not_picked":["Auto Shields+1","White Noise+1"],"picked":"Turbo","floor":40.0},{"not_picked":["Sweeping Beam","Reinforced Body"],"picked":"Hologram","floor":41.0},{"not_picked":["Skim","Chill","Go for the Eyes+1"],"picked":"Singing Bowl","floor":45.0},{"not_picked":["Recycle","Rebound","Heatsinks"],"picked":"Singing Bowl","floor":46.0},{"not_picked":["Glacier","Meteor Strike"],"picked":"Echo Form","floor":48.0}],"player_experience":1992119,"relics_obtained":[{"floor":6.0,"key":"Letter Opener"},{"floor":9.0,"key":"Singing Bowl"},{"floor":13.0,"key":"Pantograph"},{"floor":25.0,"key":"Meat on the Bone"},{"floor":26.0,"key":"Bronze Scales"},{"floor":36.0,"key":"Turnip"},{"floor":37.0,"key":"WingedGreaves"},{"floor":39.0,"key":"Vajra"},{"floor":40.0,"key":"Juzu Bracelet"},{"floor":41.0,"key":"DataDisk"},{"floor":43.0,"key":"Dream Catcher"},{"floor":48.0,"key":"Darkstone Periapt"}],"event_choices":[{"damage_healed":0.0,"max_hp_gain":0.0,"max_hp_loss":0.0,"gold_gain":0.0,"event_name":"Scrap Ooze","player_choice":"Success","floor":3.0,"gold_loss":0.0,"damage_taken":5.0,"relics_obtained":["The Courier"]},{"damage_healed":0.0,"max_hp_gain":5.0,"max_hp_loss":0.0,"gold_gain":0.0,"event_name":"Big Fish","player_choice":"Donut","floor":4.0,"gold_loss":0.0,"damage_taken":0.0},{"cards_removed":["Strike_B"],"damage_healed":0.0,"max_hp_gain":0.0,"max_hp_loss":0.0,"gold_gain":0.0,"event_name":"The Cleric","player_choice":"Card Removal","floor":5.0,"gold_loss":75.0,"damage_taken":0.0},{"damage_healed":0.0,"max_hp_gain":0.0,"max_hp_loss":8.0,"gold_gain":0.0,"event_name":"Golden Idol","player_choice":"Lose Max HP","floor":8.0,"gold_loss":0.0,"damage_taken":0.0,"relics_obtained":["Golden Idol"]},{"damage_healed":0.0,"max_hp_gain":0.0,"max_hp_loss":0.0,"gold_gain":0.0,"event_name":"Upgrade Shrine","player_choice":"Upgraded","floor":11.0,"gold_loss":0.0,"damage_taken":0.0,"cards_upgraded":["Dualcast"]},{"cards_removed":["Strike_B"],"damage_healed":0.0,"max_hp_gain":0.0,"max_hp_loss":0.0,"gold_gain":0.0,"event_name":"Bonfire Elementals","player_choice":"Offered Basic","floor":19.0,"gold_loss":0.0,"damage_taken":0.0},{"damage_healed":0.0,"max_hp_gain":0.0,"max_hp_loss":0.0,"gold_gain":0.0,"event_name":"The Library","player_choice":"Read","floor":24.0,"gold_loss":0.0,"damage_taken":0.0,"cards_obtained":["Defragment"]},{"damage_healed":0.0,"max_hp_gain":0.0,"max_hp_loss":0.0,"gold_gain":0.0,"event_name":"Mysterious Sphere","player_choice":"Fight","floor":36.0,"gold_loss":0.0,"damage_taken":0.0},{"damage_healed":0.0,"max_hp_gain":0.0,"max_hp_loss":0.0,"gold_gain":0.0,"event_name":"MindBloom","player_choice":"Fight","floor":37.0,"gold_loss":0.0,"damage_taken":0.0},{"damage_healed":0.0,"max_hp_gain":0.0,"max_hp_loss":0.0,"gold_gain":0.0,"event_name":"Winding Halls","player_choice":"Embrace Madness","floor":47.0,"gold_loss":0.0,"damage_taken":16.0,"cards_obtained":["Madness","Madness"]}],"is_beta":false,"boss_relics":[{"not_picked":["SlaversCollar","Busted Crown"],"picked":"Runic Pyramid"},{"not_picked":["Pandora\u0027s Box","Snecko Eye"],"picked":"Inserter"}],"items_purged_floors":[21,38],"is_endless":false,"potions_floor_spawned":[6,16,28,31,33,36,37],"ascension_level":20}}