{"host":"scy0o1xotfn36lpl","time":1609061765,"event":{"mods":["AchievementEnabler","Aspiration","BaseMod","Better Altar","Better Note","Better Sensory Stone","Better Skull","Better Third Choice","Clawfect","Colored Map","Curses Come First","Downfall","GifTheSpireLib","Googly Eyes","Highlight Path","Minty Spire (QoL Compilation)","Permanent Neow","Replay The Spire","Spicy Shops","StSLib","everything is the same but u backflip on backflip"],"gold_per_floor":[119,69,69,81,93,123,123,123,169,181,210,222,124,137,137,233,233,252,265,91,109,109,109,129,129,129,162,175,192,225,242,242,342,342,357,54,255,275,275,275,275,300,300,312,312,312,323,355,367,382,382,382],"floor_reached":53,"playtime":4343,"items_purged":["Burn","Injury"],"score":786,"play_id":"3d765d3d-0cba-4f4f-a513-b704151f2df8","local_time":"20201227013605","is_ascension_mode":false,"campfire_choices":[{"data":"Flying Knee","floor":7.0,"key":"SMITH"},{"floor":12.0,"key":"REST"},{"floor":15.0,"key":"REST"},{"floor":25,"key":"REST"},{"floor":32,"key":"REST"},{"floor":43,"key":"REST"},{"floor":46,"key":"REST"},{"floor":51,"key":"REST"}],"circlet_count":0,"master_deck":["Strike_G","Strike_G","Strike_G","Strike_G","Strike_G","Defend_G","Defend_G","Defend_G","Survivor","Neutralize","Defend_G","hexamod:Float","Dodge and Roll","Deadly Poison","Hidden Blade","Flying Knee+1","Poisoned Stab+1","Dash+1","ReplayTheSpireMod:From All Sides+1","Adrenaline","Quick Slash+1","Flying Knee+1","Poisoned Stab+1","Backflip+1","Slice+1","Finisher+1","Slice+1","Distraction+1","Phantasmal Killer","Blade Dance","Slice+1","Infinite Blades+1","Flying Knee+1","Slice+1","Survey Options","expansioncontent:Sear+1","Slice+1"],"relics":["Ring of the Snake","Durian","Letter Opener","Molten Egg 2","MawBank","Black Star","Orrery","aspiration:RitualStick","Meat on the Bone","ReplayTheSpireMod:TigerMarble","Replay:Accelerometer","Quantum Egg","Bag of Preparation","ReplayTheSpireMod:DimensionalGlitch","Happy Flower","aspiration:Lifesprig","Mirror","ReplayTheSpireMod:Lightbulb","ReplayTheSpireMod:Ninjato","The Specimen","Paper Crane"],"acts_visited":["Exordium","TheCity","TheBeyond"],"potions_floor_usage":[24,24,33,33,33,52,52,52],"damage_taken":[{"damage":0.0,"enemies":"Cultist","floor":1.0,"turns":4.0},{"damage":0.0,"enemies":"Small Slimes","floor":4.0,"turns":4.0},{"damage":4.0,"enemies":"2 Louse","floor":5.0,"turns":3.0},{"damage":18.0,"enemies":"Lagavulin","floor":6.0,"turns":10.0},{"damage":3.0,"enemies":"Blue Slaver","floor":11.0,"turns":3.0},{"damage":7.0,"enemies":"Lots of Slimes","floor":14.0,"turns":3.0},{"damage":19.0,"enemies":"Fading Forest","floor":16.0,"turns":11.0},{"damage":9,"enemies":"Shell Parasite","floor":18,"turns":6},{"damage":9,"enemies":"Spheric Guardian","floor":19,"turns":5},{"damage":9,"enemies":"Snecko","floor":21,"turns":4},{"damage":16,"enemies":"Centurion and Healer","floor":24,"turns":4},{"damage":19,"enemies":"Book of Stabbing","floor":27,"turns":4},{"damage":0,"enemies":"Chosen and Byrds","floor":28,"turns":3},{"damage":0,"enemies":"Snecko","floor":29,"turns":2},{"damage":25,"enemies":"Slavers","floor":30,"turns":3},{"damage":0,"enemies":"Centurion and Healer","floor":31,"turns":3},{"damage":50,"enemies":"Collector","floor":33,"turns":7},{"damage":3,"enemies":"Orb Walker","floor":35,"turns":2},{"damage":18,"enemies":"3 Darklings","floor":38,"turns":3},{"damage":30,"enemies":"R_Hoarder","floor":42,"turns":7},{"damage":7,"enemies":"Spire Growth","floor":44,"turns":3},{"damage":29,"enemies":"4 Shapes","floor":47,"turns":3},{"damage":0,"enemies":"Giant Head","floor":48,"turns":5},{"damage":7,"enemies":"Transient","floor":49,"turns":5},{"damage":0,"enemies":"Sphere and 2 Shapes","floor":50,"turns":2},{"damage":20,"enemies":"Donu and Deca","floor":52,"turns":3}],"seed_played":"-5529682450048839036","potions_obtained":[{"floor":1.0,"key":"Milkshake"},{"floor":6.0,"key":"Guardian:BlockOnCardUsePotion"},{"floor":21,"key":"Elixir"},{"floor":24,"key":"Weak Potion"},{"floor":27,"key":"Poison Potion"},{"floor":29,"key":"LifebloodPotion"},{"floor":33,"key":"Strength Potion"},{"floor":38,"key":"Weak Potion"},{"floor":48,"key":"Adrenaline Potion"},{"floor":49,"key":"champ:CounterPotion"}],"is_trial":false,"path_per_floor":["M","?","?","M","M","E","R","?","T","?","M","R","$","M","R","B",null,"M","M","$","M","?","?","M","R","T","E","M","M","E","M","R","B",null,"M","$","?","M","PTL","PTL","?","E","R","M","T","R","M","E","M","M","R","B",null],"character_chosen":"THE_SILENT","items_purchased":["Dash+1","Orrery","Happy Flower","aspiration:Lifesprig"],"campfire_rested":7,"item_purchase_floors":[13,20,36,36],"current_hp_per_floor":[75,75,68,68,64,46,46,46,46,46,43,65,65,58,75,56,75,66,57,57,48,48,33,17,39,39,32,44,44,31,43,65,27,75,72,72,72,54,54,54,54,30,52,45,45,67,38,38,37,43,65,45],"gold":382,"neow_bonus":"ONE_RARE_RELIC","is_daily":false,"chose_seed":false,"campfire_upgraded":1,"win_rate":0.0,"timestamp":1609061765,"path_taken":["M","?","?","M","M","E","R","?","T","?","?","R","$","M","R","BOSS","M","M","$","M","?","?","M","R","T","E","M","?","E","M","R","BOSS","M","$","?","M","PTL","PTL","?","E","R","M","T","R","M","E","M","M","R","BOSS"],"items_purchased_type":["Card","Relic","Relic","Relic"],"build_version":"2020-12-22","purchased_purges":2,"victory":true,"max_hp_per_floor":[75,75,75,75,75,75,75,75,75,75,75,75,75,75,75,75,75,75,75,75,75,75,75,75,75,75,75,75,75,75,75,75,75,75,75,75,75,75,75,75,75,75,75,75,75,75,75,75,75,75,75,75],"card_choices":[{"not_picked":["Reflex","Choke"],"picked":"Dodge and Roll","floor":1.0},{"not_picked":["Flying Knee","Outmaneuver"],"picked":"Deadly Poison","floor":4.0},{"not_picked":["Flying Knee","Dagger Spray"],"picked":"Hidden Blade","floor":5.0},{"not_picked":["Blur","Dodge and Roll"],"picked":"Flying Knee","floor":6.0},{"not_picked":["Dodge and Roll","Dagger Spray+1"],"picked":"Poisoned Stab+1","floor":11.0},{"not_picked":["Underhanded Strike+1","All Out Attack+1"],"picked":"ReplayTheSpireMod:From All Sides+1","floor":14.0},{"not_picked":["Replay:Bag of Tricks","Atom Bomb+1"],"picked":"Adrenaline","floor":16.0},{"not_picked":["Slice+1","Sucker Punch+1"],"picked":"Quick Slash+1","floor":18},{"not_picked":["Sucker Punch+1","Prepared"],"picked":"Flying Knee+1","floor":19},{"not_picked":["aspiration:Lunge+1","Deflect+1"],"picked":"Poisoned Stab+1","floor":20},{"not_picked":["Dash+1","Leg Sweep"],"picked":"Backflip+1","floor":20},{"not_picked":["Atom Bomb+1","Dagger Spray+1"],"picked":"Slice+1","floor":20},{"not_picked":["Outmaneuver+1","ReplayTheSpireMod:The Works"],"picked":"Finisher+1","floor":20},{"not_picked":["Expertise","Dagger Throw+1"],"picked":"Slice+1","floor":20},{"not_picked":["Replay:Poison Smokescreen","Fluid Movement","Terror"],"picked":"SKIP","floor":21},{"not_picked":["Deflect","ReplayTheSpireMod:Tripwire"],"picked":"Distraction+1","floor":24},{"not_picked":["Endless Agony+1","Deadly Poison"],"picked":"Phantasmal Killer","floor":27},{"not_picked":["Slice+1","ReplayTheSpireMod:The Works"],"picked":"Blade Dance","floor":28},{"not_picked":["Endless Agony+1","Dagger Throw+1","Hidden Blade"],"picked":"SKIP","floor":29},{"not_picked":["Malaise","Leg Sweep","Eviscerate+1"],"picked":"SKIP","floor":30},{"not_picked":["Calculated Gamble+1","Acrobatics"],"picked":"Slice+1","floor":31},{"not_picked":["Sucker Punch+1","Backflip"],"picked":"Infinite Blades+1","floor":35},{"not_picked":["Leg Sweep+1","Flechettes+1"],"picked":"Flying Knee+1","floor":37},{"not_picked":["Prepared+1","Outmaneuver+1"],"picked":"Slice+1","floor":38},{"not_picked":["expansioncontent:LastStand","Replay:SS_fish_3+1"],"picked":"Survey Options","floor":41},{"not_picked":["expansioncontent:CaCaw","expansioncontent:Hexaburn+1"],"picked":"expansioncontent:Sear+1","floor":41},{"not_picked":["Doppelganger","Calculated Gamble"],"picked":"Slice+1","floor":42},{"not_picked":["Slice+1","Poisoned Stab+1","Outmaneuver"],"picked":"SKIP","floor":44},{"not_picked":["All Out Attack+1","Backstab+1","ReplayTheSpireMod:Tripwire"],"picked":"SKIP","floor":47},{"not_picked":["Caltrops+1","PiercingWail+1","Backstab+1"],"picked":"SKIP","floor":48},{"not_picked":["Predator+1","Prepared","Backflip"],"picked":"SKIP","floor":49},{"not_picked":["Infinite Blades","Dodge and Roll","Noxious Fumes"],"picked":"SKIP","floor":50}],"player_experience":20053,"relics_obtained":[{"floor":6.0,"key":"Letter Opener"},{"floor":9.0,"key":"MawBank"},{"floor":26,"key":"Meat on the Bone"},{"floor":27,"key":"ReplayTheSpireMod:TigerMarble"},{"floor":27,"key":"Replay:Accelerometer"},{"floor":30,"key":"Quantum Egg"},{"floor":30,"key":"Bag of Preparation"},{"floor":42,"key":"Mirror"},{"floor":42,"key":"ReplayTheSpireMod:Lightbulb"},{"floor":45,"key":"ReplayTheSpireMod:Ninjato"},{"floor":48,"key":"The Specimen"},{"floor":48,"key":"Paper Crane"}],"event_choices":[{"cards_removed":["Defend_G"],"damage_healed":0.0,"max_hp_gain":0.0,"max_hp_loss":0.0,"gold_gain":0.0,"event_name":"The Cleric","player_choice":"Card Removal","floor":2.0,"gold_loss":50.0,"damage_taken":0.0},{"cards_removed":["Defend_G"],"damage_healed":0.0,"max_hp_gain":0.0,"max_hp_loss":0.0,"gold_gain":0.0,"event_name":"Golden Wing","player_choice":"Card Removal","floor":3.0,"gold_loss":0.0,"damage_taken":7.0},{"damage_healed":46.0,"max_hp_gain":0.0,"max_hp_loss":75.0,"gold_gain":0.0,"event_name":"betterThird:BetterShining","player_choice":"Embrace Burn","floor":10.0,"gold_loss":0.0,"damage_taken":0.0},{"cards_removed":["Survivor"],"damage_healed":0,"gold_gain":0,"player_choice":"Give","damage_taken":0,"max_hp_gain":0,"max_hp_loss":0,"event_name":"betterNote:BetterNote","floor":22,"gold_loss":0,"cards_obtained":["Defend_G"]},{"damage_healed":0,"gold_gain":3,"player_choice":"1","damage_taken":0,"max_hp_gain":0,"max_hp_loss":0,"event_name":"betterStone:BetterStone","floor":41,"gold_loss":0}],"is_beta":false,"boss_relics":[{"not_picked":["Replay:Wanted Poster","Kintsugi"],"picked":"Black Star"},{"not_picked":["HoveringKite","Velvet Choker"],"picked":"ReplayTheSpireMod:DimensionalGlitch"}],"items_purged_floors":[13,20],"is_endless":false,"potions_floor_spawned":[1,6,21,24,27,29,31,33,38,48,49],"ascension_level":0}}