{"host":"3xls0xm49ftugio7","time":1609073983,"event":{"mods":["2.2 Compatiblity","AchievementEnabler","Act Like it!","BaseMod","Colored Powertips","GifTheSpireLib","Mimic Mod","Minty Spire (QoL Compilation)","Quick Restart","Relic Stats","StSLib","The Marked"],"gold_per_floor":[116,116,116,135,135,135,178,190,202,214,226,251,277,327,339,471,483,511,153,172,172,172,210,229,129,173,186,186,204,204,224,224,355,355,378,403,131,131,194,194,207,220,246,246,285,57,92,110,110,110],"floor_reached":51,"playtime":2426,"items_purged":["theMarked:Strike","Normality","Regret"],"score":760,"play_id":"29025b6f-7f8a-4e67-a61d-be5a9d97fb30","local_time":"20201227145943","is_ascension_mode":false,"campfire_choices":[{"data":"theMarked:MysticalArsenal","floor":6.0,"key":"SMITH"},{"data":"theMarked:Defy","floor":8.0,"key":"SMITH"},{"data":"theMarked:SoldierOfQuellstein","floor":15.0,"key":"SMITH"},{"data":"theMarked:MuscleMemory","floor":28,"key":"SMITH"},{"data":"theMarked:TakeOffHeels","floor":30,"key":"SMITH"},{"data":"theMarked:StartUp","floor":32,"key":"SMITH"},{"floor":40,"key":"REST"},{"floor":49,"key":"REST"}],"circlet_count":0,"master_deck":["theMarked:Strike","theMarked:Defend","theMarked:Defend","theMarked:Defend","theMarked:Defend","theMarked:SoldierOfQuellstein+1","theMarked:MysticalArsenal+1","theMarked:WardOff","theMarked:Defy+1","theMarked:BanishingStrike","theMarked:MuscleMemory+1","theMarked:TakeOffHeels+1","theMarked:StartUp+1","theMarked:Overcharge","theMarked:Overthink","theMarked:SelfDefenseTraining+1","theMarked:EnhanceMovement+1","theMarked:StartUp+1","theMarked:SoldierForm","theMarked:Aftermath+1","Thinking Ahead","theMarked:HeritageOfTheMarked","Parasite","Clumsy","theMarked:Panic+1","theMarked:EnhancedHearing+1","theMarked:Overcharge","theMarked:WardOff+1"],"relics":["theMarked:ArtifactOfAir","Golden Idol","MawBank","Blood Vial","Bag of Marbles","Cursed Key","Pocketwatch","Question Card","Nunchaku","Matryoshka","Black Star","ClockworkSouvenir","FossilizedHelix","Oddly Smooth Stone","Art of War","Frozen Egg 2","Singing Bowl","PreservedInsect","theMarked:NailFile","Ornamental Fan"],"acts_visited":["Exordium","TheCity","TheBeyond"],"potions_floor_usage":[23,24,29,50,50,50],"damage_taken":[{"damage":0.0,"enemies":"2 Louse","floor":1.0,"turns":3.0},{"damage":2.0,"enemies":"Small Slimes","floor":4.0,"turns":3.0},{"damage":18.0,"enemies":"Lagavulin","floor":7.0,"turns":6.0},{"damage":0.0,"enemies":"Cultist","floor":12.0,"turns":2.0},{"damage":7.0,"enemies":"Blue Slaver","floor":13.0,"turns":2.0},{"damage":8.0,"enemies":"3 Sentries","floor":14.0,"turns":4.0},{"damage":20.0,"enemies":"Hexaghost","floor":16.0,"turns":6.0},{"damage":8,"enemies":"3 Byrds","floor":18,"turns":4},{"damage":0,"enemies":"Shell Parasite","floor":20,"turns":4},{"damage":25,"enemies":"Slavers","floor":23,"turns":2},{"damage":0,"enemies":"Snake Plant","floor":24,"turns":1},{"damage":1,"enemies":"Centurion and Healer","floor":26,"turns":4},{"damage":0,"enemies":"Centurion and Healer","floor":27,"turns":3},{"damage":0,"enemies":"Snecko","floor":29,"turns":3},{"damage":0,"enemies":"Sentry and Sphere","floor":31,"turns":2},{"damage":27,"enemies":"Collector","floor":33,"turns":6},{"damage":8,"enemies":"Orb Walker","floor":35,"turns":3},{"damage":33,"enemies":"3 Darklings","floor":36,"turns":4},{"damage":15,"enemies":"Mind Bloom Boss Battle","floor":39,"turns":4},{"damage":19,"enemies":"Writhing Mass","floor":41,"turns":7},{"damage":17,"enemies":"Sphere and 2 Shapes","floor":42,"turns":4},{"damage":42,"enemies":"Nemesis","floor":45,"turns":7},{"damage":0,"enemies":"Reptomancer","floor":47,"turns":4},{"damage":0,"enemies":"Transient","floor":48,"turns":5},{"damage":62,"enemies":"Donu and Deca","floor":50,"turns":6}],"seed_played":"1242550366538232072","potions_obtained":[{"floor":1.0,"key":"SteroidPotion"},{"floor":4.0,"key":"EssenceOfSteel"},{"floor":13.0,"key":"SneckoOil"},{"floor":20,"key":"DuplicationPotion"},{"floor":23,"key":"theMarked:ChargePotion"},{"floor":24,"key":"GamblersBrew"},{"floor":29,"key":"FearPotion"},{"floor":41,"key":"theMarked:SummonPotion"},{"floor":48,"key":"FearPotion"}],"is_trial":false,"path_per_floor":["M","?","?","M","?","R","E","R","T","?","$","M","M","E","R","B",null,"M","$","M","?","T","E","M","$","MIM","M","R","M","R","M","R","B",null,"M","M","$","?","?","R","M","M","T","?","E","$","E","M","R","B",null],"character_chosen":"THE_DEFAULT","items_purchased":["Pocketwatch","ClockworkSouvenir","PreservedInsect","theMarked:EnhancedHearing+1"],"campfire_rested":2,"item_purchase_floors":[19,37,46,46],"current_hp_per_floor":[77,71,64,62,67,67,49,49,49,49,49,51,46,40,40,22,76,68,68,70,70,70,47,49,49,50,52,52,54,54,56,56,31,76,68,37,37,37,24,46,29,14,14,66,24,24,26,42,61,15],"gold":110,"neow_bonus":"TEN_PERCENT_HP_BONUS","is_daily":false,"chose_seed":false,"campfire_upgraded":6,"win_rate":0.0,"timestamp":1609073983,"path_taken":["M","?","?","M","?","R","E","R","T","?","$","M","?","E","R","BOSS","M","$","M","?","?","E","M","$","MIM","?","R","M","R","M","R","BOSS","M","M","$","?","?","R","M","M","T","?","E","$","E","M","R","BOSS"],"items_purchased_type":["Relic","Relic","Relic","Card"],"build_version":"2020-12-22","purchased_purges":3,"victory":true,"max_hp_per_floor":[77,71,71,71,76,76,76,76,76,76,76,76,76,76,76,76,76,76,76,76,76,76,76,76,76,76,76,76,76,76,76,76,76,76,76,76,76,76,76,76,76,76,76,66,66,66,66,66,66,66],"relic_stats":{"Singing Bowl":0,"counters":[25,98],"Golden Idol":188,"PreservedInsect":59,"MawBank":144,"Cursed Key":3,"Question Card":16,"Blood Vial":38,"Nunchaku":[14],"Ornamental Fan":[24],"Black Star":2,"Art of War":[1],"obtain_stats":[{"theMarked:NailFile":47,"Singing Bowl":45,"Golden Idol":2,"Oddly Smooth Stone":43,"PreservedInsect":46,"Frozen Egg 2":45,"MawBank":7,"Cursed Key":17,"Question Card":22,"ClockworkSouvenir":37,"Blood Vial":9,"theMarked:ArtifactOfAir":0,"Nunchaku":23,"Matryoshka":26,"Ornamental Fan":47,"Bag of Marbles":14,"Black Star":34,"Art of War":43,"FossilizedHelix":39,"Pocketwatch":19},{"theMarked:NailFile":23,"Singing Bowl":22,"Golden Idol":1,"Oddly Smooth Stone":21,"PreservedInsect":22,"Frozen Egg 2":22,"MawBank":3,"Cursed Key":7,"Question Card":9,"ClockworkSouvenir":18,"Blood Vial":3,"theMarked:ArtifactOfAir":0,"Nunchaku":10,"Matryoshka":12,"Ornamental Fan":23,"Bag of Marbles":6,"Black Star":16,"Art of War":21,"FossilizedHelix":19,"Pocketwatch":8},{"theMarked:NailFile":87,"Singing Bowl":83,"Golden Idol":3,"Oddly Smooth Stone":77,"PreservedInsect":83,"Frozen Egg 2":83,"MawBank":12,"Cursed Key":26,"Question Card":34,"ClockworkSouvenir":62,"Blood Vial":12,"theMarked:ArtifactOfAir":0,"Nunchaku":36,"Matryoshka":41,"Ornamental Fan":87,"Bag of Marbles":20,"Black Star":55,"Art of War":77,"FossilizedHelix":66,"Pocketwatch":30}],"Pocketwatch":[36]},"card_choices":[{"not_picked":["theMarked:Overthink","theMarked:HeightenedSenses"],"picked":"theMarked:MysticalArsenal","floor":1.0},{"not_picked":["theMarked:Static","theMarked:MagicAdept"],"picked":"theMarked:WardOff","floor":4.0},{"not_picked":["theMarked:Opportunist","theMarked:TunnelVision"],"picked":"theMarked:Defy","floor":7.0},{"not_picked":["theMarked:ChainLightning","theMarked:TakeCover","theMarked:ResourceFulStrike"],"picked":"SKIP","floor":12.0},{"not_picked":["theMarked:LightningStrikesTwice","theMarked:RepellingDischarge"],"picked":"theMarked:BanishingStrike","floor":13.0},{"not_picked":["theMarked:Static","theMarked:UnarmedFury"],"picked":"theMarked:MuscleMemory","floor":14.0},{"not_picked":["theMarked:SoldierForm","theMarked:Levitate"],"picked":"theMarked:TakeOffHeels","floor":16.0},{"not_picked":["theMarked:BanishingStrike+1","theMarked:TunnelVision"],"picked":"theMarked:StartUp","floor":18},{"not_picked":["theMarked:ResourceFulStrike","theMarked:ChainLightning","theMarked:BanishingStrike"],"picked":"SKIP","floor":20},{"not_picked":["theMarked:Aftermath","theMarked:CreepingChasm","theMarked:KeepCalmAndFightOn"],"picked":"theMarked:Overcharge","floor":23},{"not_picked":["theMarked:Parkour","theMarked:ChannelForce","theMarked:GodGivenPower+1"],"picked":"theMarked:Overthink","floor":24},{"not_picked":["theMarked:WardOff+1","theMarked:WastefulAttack","theMarked:TunnelVision+1"],"picked":"theMarked:SelfDefenseTraining+1","floor":26},{"not_picked":["theMarked:Panic","theMarked:Static","theMarked:LightningStrikesTwice+1"],"picked":"theMarked:EnhanceMovement+1","floor":27},{"not_picked":["theMarked:Aftermath+1","theMarked:Frustration","theMarked:Static+1","theMarked:LightningStrikesTwice"],"picked":"SKIP","floor":29},{"not_picked":["theMarked:Electrify","theMarked:Static","theMarked:TunnelVision"],"picked":"theMarked:StartUp+1","floor":31},{"not_picked":["theMarked:ThrowWeapon","theMarked:DispelDoubt","theMarked:BindingBlade"],"picked":"theMarked:SoldierForm","floor":33},{"not_picked":["theMarked:ChainLightning","theMarked:ShockingTouch+1","theMarked:Electrocute","theMarked:RepellingDischarge+1"],"picked":"SKIP","floor":35},{"not_picked":["theMarked:ShockingTouch+1","theMarked:CreepingChasm+1","theMarked:TwofoldDefense"],"picked":"theMarked:Aftermath+1","floor":36},{"not_picked":["Enlightenment","Madness","Secret Weapon"],"picked":"Thinking Ahead","floor":38},{"not_picked":["theMarked:ReduceFriction+1","theMarked:WastefulAttack","theMarked:Electrocute+1"],"picked":"theMarked:HeritageOfTheMarked","floor":39},{"not_picked":["theMarked:Improvise","theMarked:Frustration+1","theMarked:Electrocute+1","theMarked:ResourceFulStrike"],"picked":"SKIP","floor":41},{"not_picked":["theMarked:WastefulDefense","theMarked:ThrowWeapon","theMarked:Aftermath","theMarked:Frustration"],"picked":"SKIP","floor":42},{"not_picked":["theMarked:Electrocute","theMarked:ReduceFriction","theMarked:ResourceFulStrike"],"picked":"theMarked:Panic+1","floor":45},{"not_picked":["theMarked:Overthink+1","theMarked:SuspiciousRaven","theMarked:BanishingStrike"],"picked":"theMarked:Overcharge","floor":47},{"not_picked":["theMarked:ResourceFulStrike+1","theMarked:ParalyzingBlade+1","theMarked:TwofoldDefense"],"picked":"theMarked:WardOff+1","floor":48}],"player_experience":685284,"relics_obtained":[{"floor":7.0,"key":"MawBank"},{"floor":9.0,"key":"Blood Vial"},{"floor":14.0,"key":"Bag of Marbles"},{"floor":22,"key":"Question Card"},{"floor":23,"key":"Nunchaku"},{"floor":26,"key":"Matryoshka"},{"floor":39,"key":"FossilizedHelix"},{"floor":43,"key":"Oddly Smooth Stone"},{"floor":43,"key":"Art of War"},{"floor":45,"key":"Frozen Egg 2"},{"floor":45,"key":"Singing Bowl"},{"floor":47,"key":"theMarked:NailFile"},{"floor":47,"key":"Ornamental Fan"}],"event_choices":[{"damage_healed":0.0,"max_hp_gain":0.0,"max_hp_loss":6.0,"gold_gain":0.0,"event_name":"Golden Idol","player_choice":"Lose Max HP","floor":2.0,"gold_loss":0.0,"damage_taken":0.0,"relics_obtained":["Golden Idol"]},{"cards_removed":["theMarked:Strike"],"damage_healed":0.0,"max_hp_gain":0.0,"max_hp_loss":0.0,"gold_gain":0.0,"event_name":"Golden Wing","player_choice":"Card Removal","floor":3.0,"gold_loss":0.0,"damage_taken":7.0},{"damage_healed":0.0,"max_hp_gain":5.0,"max_hp_loss":0.0,"gold_gain":0.0,"event_name":"Big Fish","player_choice":"Donut","floor":5.0,"gold_loss":0.0,"damage_taken":0.0},{"cards_removed":["theMarked:Strike"],"damage_healed":0.0,"max_hp_gain":0.0,"max_hp_loss":0.0,"gold_gain":0.0,"event_name":"Wheel of Change","player_choice":"Card Removal","floor":10.0,"gold_loss":0.0,"damage_taken":0.0},{"cards_removed":["theMarked:Strike"],"damage_healed":0,"gold_gain":0,"player_choice":"Elegance","damage_taken":0,"max_hp_gain":0,"max_hp_loss":0,"event_name":"Back to Basics","floor":21,"gold_loss":0},{"damage_healed":0,"gold_gain":0,"player_choice":"Memory 1","damage_taken":0,"max_hp_gain":0,"max_hp_loss":0,"event_name":"SensoryStone","floor":38,"gold_loss":0},{"damage_healed":0,"gold_gain":0,"player_choice":"Fight","damage_taken":0,"max_hp_gain":0,"max_hp_loss":0,"event_name":"MindBloom","floor":39,"gold_loss":0},{"damage_healed":66,"gold_gain":0,"player_choice":"Heal","damage_taken":0,"max_hp_gain":0,"max_hp_loss":10,"event_name":"The Moai Head","floor":44,"gold_loss":0}],"is_beta":false,"boss_relics":[{"not_picked":["Pandora\u0027s Box","Fusion Hammer"],"picked":"Cursed Key"},{"not_picked":["Runic Pyramid","Tiny House"],"picked":"Black Star"}],"items_purged_floors":[19,25,37],"is_endless":false,"potions_floor_spawned":[1,4,13,20,23,24,29,31,35,41,45,48],"ascension_level":0}}