{"host":"mi0eibewekhugwl1","time":1609066005,"event":{"mods":["AchievementEnabler","BaseMod","Colored Map","Colored Powertips","DeckTracker","Keyboard Shortcuts","Minty Spire (QoL Compilation)","Quick Restart","Rare Cards Sparkle","Relic Stats","StSLib","SuperFastMode","everything is the same but u backflip on backflip"],"gold_per_floor":[359,379,529,124,140,166,166,192,264,2,15,15,32,42,42,115,115,130,148,98,23,36,36,61,61,135,135,147,46,46,46,46,46,46],"floor_reached":33,"playtime":639,"items_purged":["Doubt","Strike_R","Defend_R"],"score":550,"play_id":"6d16333f-0de9-44aa-9d85-bd38ffda980f","local_time":"20201227194645","is_ascension_mode":true,"campfire_choices":[{"data":"Carnage","floor":7,"key":"SMITH"},{"data":"Evolve","floor":12,"key":"SMITH"},{"data":"Fire Breathing","floor":15,"key":"SMITH"},{"floor":23,"key":"REST"},{"floor":25,"key":"REST"},{"floor":32,"key":"REST"}],"circlet_count":0,"master_deck":["AscendersBane","Strike_R","Defend_R","Defend_R","Bash","Cleave","Fire Breathing+1","Carnage+1","Flame Barrier","Evolve+1","Inflame","Shrug It Off","Offering","Wild Strike","Dark Embrace+1","Offering","Seeing Red","Impervious","Uppercut","Feed"],"relics":["Burning Blood","Omamori","Pocketwatch","Happy Flower","Self Forming Clay","Membership Card","Empty Cage","Toy Ornithopter","Sundial"],"acts_visited":["Exordium","TheCity"],"potions_floor_usage":[10,13,22,33],"damage_taken":[{"damage":4,"enemies":"2 Louse","floor":1,"turns":3},{"damage":4,"enemies":"Cultist","floor":2,"turns":4},{"damage":9,"enemies":"Jaw Worm","floor":5,"turns":3},{"damage":30,"enemies":"3 Sentries","floor":6,"turns":6},{"damage":30,"enemies":"Lagavulin","floor":8,"turns":5},{"damage":11,"enemies":"Looter","floor":11,"turns":3},{"damage":4,"enemies":"Exordium Wildlife","floor":13,"turns":2},{"damage":1,"enemies":"Blue Slaver","floor":14,"turns":3},{"damage":18,"enemies":"Slime Boss","floor":16,"turns":5},{"damage":7,"enemies":"Chosen","floor":18,"turns":4},{"damage":23,"enemies":"2 Thieves","floor":19,"turns":4},{"damage":32,"enemies":"Shelled Parasite and Fungi","floor":22,"turns":9},{"damage":54,"enemies":"Book of Stabbing","floor":24,"turns":6},{"damage":15,"enemies":"Snake Plant","floor":28,"turns":6},{"damage":50,"enemies":"Champ","floor":33,"turns":9}],"seed_played":"4045398697062917381","potions_obtained":[{"floor":5,"key":"FairyPotion"},{"floor":8,"key":"HeartOfIron"},{"floor":13,"key":"CultistPotion"},{"floor":28,"key":"SteroidPotion"}],"is_trial":false,"path_per_floor":["M","M","?","$","M","E","R","E","T","$","M","R","M","M","R","B",null,"M","M","$","?","M","R","E","R","T","?","M","$","?","?","R","B"],"character_chosen":"IRONCLAD","items_purchased":["Fire Breathing","Carnage","Omamori","Membership Card","Evolve","BloodPotion","Fire Potion","Impervious"],"campfire_rested":3,"item_purchase_floors":[4,4,4,10,10,10,10,29],"current_hp_per_floor":[68,68,68,68,65,41,41,17,17,30,25,25,27,32,32,20,56,55,38,38,38,12,32,10,30,30,30,21,21,21,21,41,0,0],"gold":46,"neow_bonus":"TWO_FIFTY_GOLD","is_daily":false,"chose_seed":false,"campfire_upgraded":3,"win_rate":0.0,"timestamp":1609066005,"path_taken":["M","M","?","$","M","E","R","E","T","$","M","R","M","M","R","BOSS","M","M","$","?","?","R","E","R","T","?","?","$","?","?","R","BOSS"],"items_purchased_type":["Card","Card","Relic","Relic","Card","Potion","Potion","Card"],"build_version":"2020-12-22","purchased_purges":3,"victory":false,"max_hp_per_floor":[68,68,68,68,68,68,68,68,68,68,68,68,68,68,68,68,68,68,68,68,68,68,68,68,68,68,68,68,68,68,68,68,68,68],"relic_stats":{"Happy Flower":[17],"counters":[15,72],"Self Forming Clay":[99],"Sundial":[6],"obtain_stats":[{"Happy Flower":8,"Self Forming Clay":9,"Sundial":26,"Omamori":4,"Membership Card":10,"Empty Cage":17,"Burning Blood":0,"Toy Ornithopter":24,"Pocketwatch":6},{"Happy Flower":5,"Self Forming Clay":5,"Sundial":13,"Omamori":2,"Membership Card":5,"Empty Cage":9,"Burning Blood":0,"Toy Ornithopter":13,"Pocketwatch":4},{"Happy Flower":21,"Self Forming Clay":21,"Sundial":57,"Omamori":7,"Membership Card":21,"Empty Cage":34,"Burning Blood":0,"Toy Ornithopter":57,"Pocketwatch":16}],"Burning Blood":80,"Toy Ornithopter":5,"Pocketwatch":[117]},"card_choices":[{"not_picked":["Havoc","True Grit","Clothesline"],"picked":"SKIP","floor":1},{"not_picked":["Havoc","True Grit"],"picked":"Clothesline","floor":1},{"not_picked":["Flex","Pummel"],"picked":"Cleave","floor":2},{"not_picked":["Thunderclap","Dark Embrace","True Grit"],"picked":"SKIP","floor":5},{"not_picked":["Thunderclap","Dark Embrace","True Grit"],"picked":"SKIP","floor":5},{"not_picked":["Heavy Blade","Armaments","Rage"],"picked":"SKIP","floor":6},{"not_picked":["Iron Wave","Reaper"],"picked":"Flame Barrier","floor":8},{"not_picked":["Combust","Rupture"],"picked":"Inflame","floor":11},{"not_picked":["Carnage","Armaments","Bloodletting"],"picked":"SKIP","floor":13},{"not_picked":["Cleave","Thunderclap"],"picked":"Shrug It Off","floor":14},{"not_picked":["Demon Form","Reaper"],"picked":"Offering","floor":16},{"not_picked":["Thunderclap","Flex"],"picked":"Wild Strike","floor":18},{"not_picked":["Dark Embrace","Flex","True Grit"],"picked":"SKIP","floor":19},{"not_picked":["Cleave","Iron Wave","Feel No Pain+1"],"picked":"SKIP","floor":22},{"not_picked":["Rampage","Inflame+1"],"picked":"Dark Embrace+1","floor":24},{"not_picked":["Havoc","Flex"],"picked":"Seeing Red","floor":28}],"player_experience":1710409,"relics_obtained":[{"floor":6,"key":"Pocketwatch"},{"floor":8,"key":"Happy Flower"},{"floor":9,"key":"Self Forming Clay"},{"floor":24,"key":"Toy Ornithopter"},{"floor":26,"key":"Sundial"}],"event_choices":[{"damage_healed":0,"gold_gain":150,"player_choice":"AGREE","damage_taken":0,"max_hp_gain":0,"max_hp_loss":0,"event_name":"Liars Game","floor":3,"gold_loss":0,"cards_obtained":["Doubt"]},{"cards_removed":["Clothesline"],"damage_healed":0,"gold_gain":0,"player_choice":"Single Remove","damage_taken":0,"max_hp_gain":0,"max_hp_loss":0,"event_name":"Designer","floor":21,"gold_loss":75},{"damage_healed":0,"gold_gain":0,"player_choice":"Copied","damage_taken":0,"max_hp_gain":0,"max_hp_loss":0,"event_name":"Duplicator","floor":27,"gold_loss":0,"cards_obtained":["Offering"]},{"damage_healed":0,"gold_gain":0,"cards_transformed":["Strike_R","Defend_R"],"player_choice":"Became Test Subject","damage_taken":0,"max_hp_gain":0,"max_hp_loss":0,"event_name":"Drug Dealer","floor":30,"gold_loss":0,"cards_obtained":["Uppercut","Feed"]},{"damage_healed":0,"gold_gain":0,"player_choice":"Ignored","damage_taken":0,"max_hp_gain":0,"max_hp_loss":0,"event_name":"Cursed Tome","floor":31,"gold_loss":0}],"is_beta":false,"boss_relics":[{"not_picked":["Ectoplasm","Runic Cube"],"picked":"Empty Cage"}],"items_purged_floors":[4,20,29],"is_endless":false,"potions_floor_spawned":[5,8,11,13,14,18,28],"killed_by":"Champ","ascension_level":20}}