{"host":"x6tlfgqpy55vgxdn","time":1609073226,"event":{"mods":["AchievementEnabler","BaseMod","DeckTracker","Minty Spire (QoL Compilation)","Permanent Neow","StSLib","SuperFastMode"],"gold_per_floor":[110,110,60,60,71,101,101,101,101,101,26,26,42,57,57,157,157,175,175,75,85,95,95,127,139,193,218,218,218,266,280,280,384,384,404,404,414,414,431,431,462,495,519,534,534,100,100],"floor_reached":46,"playtime":1401,"items_purged":["Strike_B","Strike_B","Defend_B"],"score":817,"play_id":"c3bf9c82-5645-4822-a94e-f6487afe0aa5","local_time":"20201227214706","is_ascension_mode":true,"campfire_choices":[{"floor":7.0,"key":"REST"},{"data":"Echo Form","floor":15.0,"key":"SMITH"},{"data":"Doom and Gloom","floor":23.0,"key":"SMITH"},{"data":"Defragment","floor":28.0,"key":"SMITH"},{"data":"Doom and Gloom","floor":32.0,"key":"SMITH"},{"data":"Multi-Cast","floor":40.0,"key":"SMITH"}],"circlet_count":0,"master_deck":["Defend_B","Defend_B","Zap","Dualcast","Ball Lightning","Echo Form+1","Skim","Core Surge","Doom and Gloom+1","Core Surge","Consume+1","Defragment+1","Multi-Cast+1","Recycle+1","Heatsinks+1","Darkness+1","Capacitor+1","Fusion+1"],"relics":["Snecko Eye","DataDisk","Coffee Dripper","Matryoshka","Art of War","Anchor","WingedGreaves","Question Card","Strawberry","Inserter","Blood Vial","HornCleat","War Paint","WingedGreaves","Mango"],"acts_visited":["Exordium","TheCity","TheBeyond"],"potions_floor_usage":[],"damage_taken":[{"damage":14.0,"enemies":"Jaw Worm","floor":1.0,"turns":5.0},{"damage":8.0,"enemies":"2 Louse","floor":5.0,"turns":2.0},{"damage":39.0,"enemies":"Gremlin Nob","floor":6.0,"turns":5.0},{"damage":1.0,"enemies":"Small Slimes","floor":13.0,"turns":4.0},{"damage":0.0,"enemies":"2 Fungi Beasts","floor":14.0,"turns":2.0},{"damage":5.0,"enemies":"The Guardian","floor":16.0,"turns":8.0},{"damage":1.0,"enemies":"Spheric Guardian","floor":18.0,"turns":3.0},{"damage":9.0,"enemies":"Shell Parasite","floor":21.0,"turns":4.0},{"damage":2.0,"enemies":"3 Cultists","floor":22.0,"turns":3.0},{"damage":29.0,"enemies":"Slavers","floor":24.0,"turns":2.0},{"damage":17.0,"enemies":"Centurion and Healer","floor":25.0,"turns":4.0},{"damage":3.0,"enemies":"Book of Stabbing","floor":27.0,"turns":5.0},{"damage":0.0,"enemies":"Chosen and Byrds","floor":31.0,"turns":3.0},{"damage":23.0,"enemies":"Automaton","floor":33.0,"turns":8.0},{"damage":15.0,"enemies":"Orb Walker","floor":35.0,"turns":3.0},{"damage":17.0,"enemies":"3 Darklings","floor":37.0,"turns":3.0},{"damage":17.0,"enemies":"Writhing Mass","floor":39.0,"turns":4.0},{"damage":4.0,"enemies":"Nemesis","floor":41.0,"turns":5.0},{"damage":0.0,"enemies":"Reptomancer","floor":42.0,"turns":1.0},{"damage":0.0,"enemies":"4 Shapes","floor":44.0,"turns":1.0}],"seed_played":"553278366732320591","potions_obtained":[{"floor":16.0,"key":"Energy Potion"},{"floor":19.0,"key":"LiquidMemories"},{"floor":19.0,"key":"AttackPotion"},{"floor":24.0,"key":"LiquidBronze"},{"floor":25.0,"key":"Weak Potion"},{"floor":27.0,"key":"Ancient Potion"},{"floor":35.0,"key":"Weak Potion"},{"floor":39.0,"key":"PowerPotion"},{"floor":41.0,"key":"ColorlessPotion"}],"is_trial":false,"path_per_floor":["M","?","?","$","M","E","R","?","T","?","$","?","M","M","R","B",null,"M","?","$","M","M","R","E","M","T","E","R","?","T","M","R","B",null,"M","?","M","?","M","R","E","E","T","M","?","$"],"character_chosen":"DEFECT","items_purchased":["Mango"],"campfire_rested":1,"item_purchase_floors":[46],"current_hp_per_floor":[54,54,54,54,46,7,29,29,29,22,22,27,26,26,26,21,65,64,64,64,55,53,53,24,7,7,4,4,4,11,11,11,4,66,51,51,34,34,17,17,13,15,15,17,17,31,31],"gold":100,"neow_bonus":"BOSS_RELIC","is_daily":false,"chose_seed":false,"campfire_upgraded":5,"win_rate":0.0,"timestamp":1609073226,"path_taken":["M","?","?","$","M","E","R","?","T","?","?","?","M","M","R","BOSS","M","?","$","?","M","R","E","M","T","E","R","?","?","M","R","BOSS","M","?","M","?","M","R","E","E","T","?","?","$"],"items_purchased_type":["Relic"],"build_version":"2020-12-22","purchased_purges":3,"victory":false,"max_hp_per_floor":[75,75,75,75,75,75,75,75,75,75,75,80,80,80,80,80,80,80,80,80,80,80,80,80,80,80,80,80,80,87,87,87,87,87,87,83,83,83,83,83,83,83,83,83,83,97,97],"card_choices":[{"not_picked":["Rebound","Redo"],"picked":"Ball Lightning","floor":1.0},{"not_picked":["Lockon","Gash","Tempest"],"picked":"SKIP","floor":5.0},{"not_picked":["Sweeping Beam","Go for the Eyes","Steam"],"picked":"SKIP","floor":6.0},{"not_picked":["Compile Driver","Static Discharge","Double Energy"],"picked":"SKIP","floor":13.0},{"not_picked":["Go for the Eyes","Stack"],"picked":"Skim","floor":14.0},{"not_picked":["Fission","Multi-Cast"],"picked":"Core Surge","floor":16.0},{"not_picked":["Steam Power","Compile Driver","Undo"],"picked":"SKIP","floor":18.0},{"not_picked":["Steam","Chill"],"picked":"Doom and Gloom","floor":21.0},{"not_picked":["Turbo","Stack"],"picked":"Core Surge","floor":22.0},{"not_picked":["Hyperbeam","Gash","Ball Lightning"],"picked":"SKIP","floor":24.0},{"not_picked":["Go for the Eyes","Cold Snap"],"picked":"Consume+1","floor":25.0},{"not_picked":["Leap","Chill"],"picked":"Defragment","floor":27.0},{"not_picked":["Chill","Turbo+1","Skim"],"picked":"Doom and Gloom","floor":31.0},{"not_picked":["Core Surge","Amplify","Machine Learning"],"picked":"Multi-Cast","floor":33.0},{"not_picked":["Defragment","Aggregate","Hologram"],"picked":"Recycle","floor":35.0},{"not_picked":["Coolheaded","Sweeping Beam","Ball Lightning+1"],"picked":"Heatsinks+1","floor":37.0},{"not_picked":["Cold Snap+1","Redo+1","Steam"],"picked":"Darkness","floor":39.0},{"not_picked":["Reinforced Body","Blizzard","Streamline"],"picked":"Capacitor+1","floor":41.0},{"not_picked":["Rebound","Beam Cell+1","All For One","Streamline"],"picked":"SKIP","floor":42.0},{"not_picked":["Scrape","Reprogram","Conserve Battery"],"picked":"Fusion+1","floor":44.0}],"player_experience":205890,"relics_obtained":[{"floor":9.0,"key":"DataDisk"},{"floor":24.0,"key":"Matryoshka"},{"floor":26.0,"key":"Art of War"},{"floor":26.0,"key":"Anchor"},{"floor":27.0,"key":"WingedGreaves"},{"floor":30.0,"key":"Strawberry"},{"floor":41.0,"key":"Blood Vial"},{"floor":42.0,"key":"HornCleat"},{"floor":43.0,"key":"War Paint"}],"event_choices":[{"damage_healed":0.0,"max_hp_gain":0.0,"max_hp_loss":0.0,"gold_gain":0.0,"event_name":"Liars Game","player_choice":"Ignored","floor":2.0,"gold_loss":0.0,"damage_taken":0.0},{"cards_removed":["Defend_B"],"damage_healed":0.0,"max_hp_gain":0.0,"max_hp_loss":0.0,"gold_gain":0.0,"event_name":"The Cleric","player_choice":"Card Removal","floor":3.0,"gold_loss":50.0,"damage_taken":0.0},{"damage_healed":0.0,"max_hp_gain":0.0,"max_hp_loss":0.0,"gold_gain":0.0,"cards_transformed":["Strike_B"],"event_name":"Living Wall","player_choice":"Change","floor":8.0,"gold_loss":0.0,"damage_taken":0.0,"cards_obtained":["Echo Form"]},{"cards_removed":["Strike_B"],"damage_healed":0.0,"max_hp_gain":0.0,"max_hp_loss":0.0,"gold_gain":0.0,"event_name":"Golden Wing","player_choice":"Card Removal","floor":10.0,"gold_loss":0.0,"damage_taken":7.0},{"damage_healed":0.0,"max_hp_gain":5.0,"max_hp_loss":0.0,"gold_gain":0.0,"event_name":"Big Fish","player_choice":"Donut","floor":12.0,"gold_loss":0.0,"damage_taken":0.0},{"damage_healed":0.0,"max_hp_gain":0.0,"max_hp_loss":0.0,"gold_gain":0.0,"event_name":"Lab","player_choice":"Got Potions","floor":19.0,"gold_loss":0.0,"damage_taken":0.0},{"damage_healed":0.0,"max_hp_gain":0.0,"max_hp_loss":0.0,"gold_gain":0.0,"event_name":"The Mausoleum","player_choice":"Opened","floor":29.0,"gold_loss":0.0,"damage_taken":0.0,"relics_obtained":["Question Card"]},{"damage_healed":0.0,"max_hp_gain":0.0,"max_hp_loss":4.0,"gold_gain":0.0,"event_name":"Winding Halls","player_choice":"Max HP","floor":36.0,"gold_loss":0.0,"damage_taken":0.0},{"damage_healed":0.0,"max_hp_gain":0.0,"max_hp_loss":0.0,"gold_gain":0.0,"event_name":"SecretPortal","player_choice":"Ignored","floor":38.0,"gold_loss":0.0,"damage_taken":0.0},{"cards_removed":["Doom and Gloom"],"damage_healed":0.0,"max_hp_gain":0.0,"max_hp_loss":0.0,"gold_gain":0.0,"event_name":"Falling","player_choice":"Removed Attack","floor":45.0,"gold_loss":0.0,"damage_taken":0.0}],"is_beta":false,"boss_relics":[{"not_picked":["Calling Bell","Sozu"],"picked":"Coffee Dripper"},{"not_picked":["Runic Pyramid","Black Star"],"picked":"Inserter"}],"items_purged_floors":[11,20,46],"is_endless":false,"potions_floor_spawned":[16,24,25,27,35,39,41],"ascension_level":8}}