{"host":"iyvjjqtjrywxqc57","time":1609078067,"event":{"mods":["AchievementEnabler","BaseMod","Bestiary","Better Altar","Better Match","Better Note","Better Sensory Stone","Better Skull","Better Third Choice","Colored Map","Colored Powertips","Displayed Cursed Tome","Downfall","Jorbs\u0027s Wanderer Trilogy","Minty Spire (QoL Compilation)","Quick Restart","Rare Cards Sparkle","Relic Stats","StSLib"],"gold_per_floor":[114,126,126,94,120,150,169,169,169,193,227,227,262,272,272,371,371,388,38,38,38,53,79,98,98,145,145,180,180,217,239,251,366,378,404,416,442,454,516,553,565,593,605,628,740,752,783,795,807,819,819],"floor_reached":50,"playtime":6148,"items_purged":["Strike_G"],"score":576,"play_id":"c7652595-8a01-4470-9e4f-774892058468","local_time":"20201227080747","is_ascension_mode":false,"campfire_choices":[{"data":"All Out Attack","floor":8,"key":"SMITH"},{"floor":12,"key":"REST"},{"floor":15,"key":"REST"},{"data":"Noxious Fumes","floor":27,"key":"SMITH"},{"floor":32,"key":"REST"},{"floor":41,"key":"REST"},{"floor":46,"key":"REST"},{"data":"Envenom","floor":49,"key":"SMITH"}],"circlet_count":0,"master_deck":["Strike_G","Strike_G","Strike_G","Strike_G","Defend_G","Defend_G","Defend_G+1","Defend_G+1","Survivor","Neutralize","Well Laid Plans","All Out Attack+1","Metamorphosis","Slice","PiercingWail","Noxious Fumes+1","Slice","Backflip","A Thousand Cuts","Deadly Poison","Leg Sweep","Envenom+1","Backstab","Adrenaline","Dash+1","Wraith Form v2","Slice+1","Bouncing Flask+1","Acrobatics+1","Dagger Spray+1","Deflect+1"],"relics":["Ring of the Snake","Tiny Chest","betterThird:SlimedRelic","Bag of Preparation","Vajra","Mummified Hand","War Paint","Mercury Hourglass","Sozu","Eternal Feather","Nloth\u0027s Gift","Potion Belt","Ancient Tea Set","HornCleat","MawBank","Juzu Bracelet","Nunchaku","WristBlade","Toy Ornithopter","Peace Pipe","Boot","Pantograph","Ninja Scroll"],"acts_visited":["Exordium","TheCity","TheBeyond"],"potions_floor_usage":[6,33],"damage_taken":[{"damage":0,"enemies":"2 Louse","floor":1,"turns":3},{"damage":0,"enemies":"Jaw Worm","floor":2,"turns":5},{"damage":25,"enemies":"Lagavulin","floor":6,"turns":6},{"damage":0,"enemies":"Cultist","floor":7,"turns":3},{"damage":16,"enemies":"Gremlin Nob","floor":11,"turns":4},{"damage":35,"enemies":"Lagavulin","floor":13,"turns":8},{"damage":0,"enemies":"2 Fungi Beasts","floor":14,"turns":2},{"damage":2,"enemies":"Slime Boss","floor":16,"turns":9},{"damage":13,"enemies":"3 Byrds","floor":18,"turns":4},{"damage":0,"enemies":"Chosen","floor":22,"turns":4},{"damage":5,"enemies":"3 Cultists","floor":24,"turns":4},{"damage":4,"enemies":"Slavers","floor":28,"turns":4},{"damage":14,"enemies":"Gremlin Leader","floor":30,"turns":5},{"damage":0,"enemies":"Snecko","floor":31,"turns":4},{"damage":24,"enemies":"Champ","floor":33,"turns":11},{"damage":0,"enemies":"Orb Walker","floor":35,"turns":3},{"damage":3,"enemies":"3 Shapes","floor":37,"turns":3},{"damage":4,"enemies":"Mind Bloom Boss Battle","floor":39,"turns":5},{"damage":70,"enemies":"Giant Head","floor":40,"turns":8},{"damage":20,"enemies":"Sphere and 2 Shapes","floor":42,"turns":4},{"damage":20,"enemies":"Jaw Worm Horde","floor":44,"turns":3},{"damage":2,"enemies":"Maw","floor":47,"turns":5},{"damage":75,"enemies":"Time Eater","floor":50,"turns":8}],"seed_played":"-3795390550221561408","potions_obtained":[{"floor":2,"key":"Fire Potion"},{"floor":7,"key":"FairyPotion"},{"floor":13,"key":"SteroidPotion"}],"is_trial":false,"path_per_floor":["M","M","?","?","T","E","M","R","T","T","E","R","E","M","R","B",null,"M","$","?","?","M","T","M","?","T","R","E","?","E","M","R","B",null,"M","T","M","?","?","E","R","M","T","M","?","R","M","T","R","B"],"character_chosen":"THE_SILENT","items_purchased":["Eternal Feather","Leg Sweep"],"campfire_rested":5,"item_purchase_floors":[19,19],"current_hp_per_floor":[70,70,70,59,59,34,34,34,34,34,18,39,4,4,25,23,70,57,57,57,57,57,57,52,52,52,64,60,31,17,17,53,29,70,70,70,67,67,63,21,57,37,37,17,17,56,54,54,70,0,0],"gold":819,"neow_bonus":"RANDOM_COMMON_RELIC","is_daily":false,"chose_seed":false,"campfire_upgraded":3,"win_rate":0.0,"timestamp":1609078067,"path_taken":["M","M","?","?","?","E","M","R","T","?","E","R","E","?","R","BOSS","M","$","?","?","M","?","?","?","T","R","E","?","E","M","R","BOSS","M","?","M","?","?","E","R","M","T","M","?","R","M","?","R","BOSS"],"items_purchased_type":["Relic","Card"],"build_version":"2020-12-22","purchased_purges":1,"victory":false,"max_hp_per_floor":[70,70,70,70,70,70,70,70,70,70,70,70,70,70,70,70,70,70,70,70,70,70,70,70,70,70,70,70,70,70,70,70,70,70,70,70,70,70,70,70,70,70,70,70,70,70,70,70,70,70,70],"relic_stats":{"counters":[23,115],"Eternal Feather":76,"Bag of Preparation":[40],"Juzu Bracelet":1,"War Paint":["Defend_G","Defend_G"],"MawBank":252,"Boot":[2],"Mercury Hourglass":[331],"Sozu":7,"Peace Pipe":0,"Nunchaku":[13],"Mummified Hand":[63],"Pantograph":0,"Tiny Chest":4,"Nloth\u0027s Gift":2,"obtain_stats":[{"Potion Belt":23,"Vajra":6,"Eternal Feather":19,"Bag of Preparation":5,"Juzu Bracelet":29,"War Paint":10,"Ancient Tea Set":26,"MawBank":29,"Boot":40,"Mercury Hourglass":13,"Sozu":17,"Peace Pipe":39,"Nunchaku":30,"HornCleat":28,"WristBlade":34,"Mummified Hand":9,"Ninja Scroll":48,"betterThird:SlimedRelic":4,"Pantograph":43,"Tiny Chest":0,"WingedGreaves":11,"Nloth\u0027s Gift":21,"Toy Ornithopter":36,"Ring of the Snake":0},{"Potion Belt":10,"Vajra":3,"Eternal Feather":9,"Bag of Preparation":2,"Juzu Bracelet":12,"War Paint":4,"Ancient Tea Set":11,"MawBank":12,"Boot":19,"Mercury Hourglass":6,"Sozu":8,"Peace Pipe":18,"Nunchaku":13,"HornCleat":12,"WristBlade":15,"Mummified Hand":4,"Ninja Scroll":22,"betterThird:SlimedRelic":2,"Pantograph":20,"Tiny Chest":0,"WingedGreaves":5,"Nloth\u0027s Gift":9,"Toy Ornithopter":16,"Ring of the Snake":0},{"Potion Belt":48,"Vajra":14,"Eternal Feather":44,"Bag of Preparation":8,"Juzu Bracelet":56,"War Paint":17,"Ancient Tea Set":52,"MawBank":56,"Boot":95,"Mercury Hourglass":29,"Sozu":40,"Peace Pipe":87,"Nunchaku":61,"HornCleat":56,"WristBlade":76,"Mummified Hand":17,"Ninja Scroll":107,"betterThird:SlimedRelic":8,"Pantograph":99,"Tiny Chest":0,"WingedGreaves":21,"Nloth\u0027s Gift":44,"Toy Ornithopter":79,"Ring of the Snake":0}],"Toy Ornithopter":0,"Ring of the Snake":[46]},"card_choices":[{"not_picked":["Backflip","Acrobatics"],"picked":"Well Laid Plans","floor":1},{"not_picked":["Bane","Flying Knee"],"picked":"All Out Attack","floor":2},{"not_picked":["Violence","Master of Strategy"],"picked":"Metamorphosis","floor":3},{"not_picked":["Outmaneuver","Doppelganger"],"picked":"Slice","floor":6},{"not_picked":["Prepared","Calculated Gamble"],"picked":"PiercingWail","floor":7},{"not_picked":["Deflect","Poisoned Stab"],"picked":"Noxious Fumes","floor":11},{"not_picked":["Finisher","Expertise"],"picked":"Slice","floor":13},{"not_picked":["Outmaneuver","Caltrops"],"picked":"Backflip","floor":14},{"not_picked":["Bullet Time","Envenom"],"picked":"A Thousand Cuts","floor":16},{"not_picked":["Bane","Dagger Throw"],"picked":"Deadly Poison","floor":18},{"not_picked":["Dodge and Roll","Slice"],"picked":"Envenom","floor":22},{"not_picked":["PiercingWail","Blade Dance"],"picked":"Backstab","floor":24},{"not_picked":["Doppelganger","Dodge and Roll"],"picked":"Adrenaline","floor":28},{"not_picked":["Outmaneuver","Dagger Spray"],"picked":"Dash+1","floor":30},{"not_picked":["Sucker Punch","Dagger Spray","Well Laid Plans"],"picked":"SKIP","floor":31},{"not_picked":["Doppelganger","Malaise"],"picked":"Wraith Form v2","floor":33},{"not_picked":["Dodge and Roll","Dagger Throw"],"picked":"Slice+1","floor":35},{"not_picked":["Predator+1","Underhanded Strike+1"],"picked":"Bouncing Flask+1","floor":37},{"not_picked":["Deflect","Flying Knee+1"],"picked":"Acrobatics+1","floor":40},{"not_picked":["Sucker Punch","Quick Slash"],"picked":"Dagger Spray+1","floor":42},{"not_picked":["Terror","Prepared+1"],"picked":"Deflect+1","floor":44},{"not_picked":["PiercingWail","Backflip+1","Bane"],"picked":"SKIP","floor":47}],"player_experience":64489,"relics_obtained":[{"floor":5,"key":"Bag of Preparation"},{"floor":6,"key":"Vajra"},{"floor":9,"key":"Mummified Hand"},{"floor":10,"key":"War Paint"},{"floor":11,"key":"WingedGreaves"},{"floor":13,"key":"Mercury Hourglass"},{"floor":23,"key":"Potion Belt"},{"floor":26,"key":"Ancient Tea Set"},{"floor":28,"key":"HornCleat"},{"floor":30,"key":"Nunchaku"},{"floor":36,"key":"Toy Ornithopter"},{"floor":39,"key":"Peace Pipe"},{"floor":40,"key":"Boot"},{"floor":43,"key":"Pantograph"},{"floor":48,"key":"Ninja Scroll"}],"event_choices":[{"damage_healed":0,"gold_gain":1,"player_choice":"1","damage_taken":0,"max_hp_gain":0,"max_hp_loss":0,"event_name":"betterStone:BetterStone","floor":3,"gold_loss":0},{"damage_healed":0,"gold_gain":0,"player_choice":"Slimed","damage_taken":11,"max_hp_gain":0,"max_hp_loss":0,"event_name":"betterThird:BetterGoop","floor":4,"gold_loss":32},{"cards_removed":["Strike_G"],"damage_healed":0,"gold_gain":0,"player_choice":"Give","damage_taken":0,"max_hp_gain":0,"max_hp_loss":0,"event_name":"betterNote:BetterNote","floor":20,"gold_loss":0,"cards_obtained":["Strike_G"]},{"damage_healed":0,"gold_gain":0,"player_choice":"Traded Relic","damage_taken":0,"relics_obtained":["Nloth\u0027s Gift"],"max_hp_gain":0,"max_hp_loss":0,"event_name":"N\u0027loth","floor":21,"relics_lost":["WingedGreaves"],"gold_loss":0},{"damage_healed":0,"gold_gain":0,"player_choice":"RE RE ","damage_taken":33,"relics_obtained":["MawBank","Juzu Bracelet"],"max_hp_gain":0,"max_hp_loss":0,"event_name":"betterSkull:BetterSkull","floor":29,"gold_loss":0,"cards_upgraded":[]},{"cards_removed":["Defend_G"],"damage_healed":0,"gold_gain":0,"player_choice":"Removed Skill","damage_taken":0,"max_hp_gain":0,"max_hp_loss":0,"event_name":"Falling","floor":38,"gold_loss":0},{"damage_healed":0,"gold_gain":0,"player_choice":"Fight","damage_taken":0,"max_hp_gain":0,"max_hp_loss":0,"event_name":"MindBloom","floor":39,"gold_loss":0},{"damage_healed":0,"gold_gain":100,"player_choice":"Pray","damage_taken":0,"max_hp_gain":0,"max_hp_loss":0,"event_name":"Golden Shrine","floor":45,"gold_loss":0}],"is_beta":false,"boss_relics":[{"not_picked":["Ectoplasm","Empty Cage"],"picked":"Sozu"},{"not_picked":["Cursed Key","HoveringKite"],"picked":"WristBlade"}],"items_purged_floors":[19],"is_endless":false,"potions_floor_spawned":[2,7,13,22,30,31,33,37,40,47],"killed_by":"Time Eater","ascension_level":0}}