{"host":"jak4ncvfzor9mys0","time":1609040055,"event":{"mods":["2.2 Compatiblity","AchievementEnabler","BaseMod","Better Altar","Better Match","Better Note","Better Sensory Stone","Better Skull","Better Third Choice","BetterRewards","Block Reminder","Colored Map","Colored Powertips","Energized Spire","Gold Saver","Hubris","Infinite Spire","Key Reminder","Minty Spire (QoL Compilation)","Rare Cards Sparkle","Red Circlet Mod","Relic Sorter","Relic Stats","Replay The Spire","Retaliation","StSLib","SuperFastMode","The Blue Laboratory"],"gold_per_floor":[256,272,272,292,64,123,123,223,302,322,322,335,335,355,355,457,457,470,470,395,410,310,310,310],"floor_reached":23,"playtime":1053,"items_purged":["Defend_G","Strike_G"],"score":181,"play_id":"3872d1a8-010a-4221-ba85-b2d7799f96cf","local_time":"20201226193415","is_ascension_mode":false,"campfire_choices":[{"floor":11,"key":"REST"},{"floor":15,"key":"REST"}],"circlet_count":0,"master_deck":["Strike_G","Strike_G","Strike_G+1","Defend_G","Defend_G","Defend_G","Defend_G","Survivor","Neutralize","Tools of the Trade","Cloak And Dagger+1","hubris:Sniper","Cloak And Dagger","ReplayTheSpireMod:Shiv Toss","Underhanded Strike","Cloak And Dagger","Dodge and Roll+1","Dramatic Entrance+1","hubris:SlightOfHand"],"relics":["Ring of the Snake","Omamori","Boot","Gremlin Food","hubris:AncientText","Replay:Ringing Soul","hubris:Icosahedron","Busted Crown"],"acts_visited":["Exordium","TheCity"],"potions_floor_usage":[23],"damage_taken":[{"damage":2,"enemies":"Jaw Worm","floor":1,"turns":5},{"damage":0,"enemies":"2 Louse","floor":2,"turns":3},{"damage":2,"enemies":"Small Slimes","floor":4,"turns":5},{"damage":11,"enemies":"Exordium Thugs","floor":10,"turns":6},{"damage":0,"enemies":"2 Fungi Beasts","floor":12,"turns":4},{"damage":0,"enemies":"3 Louse","floor":14,"turns":3},{"damage":65,"enemies":"Fading Forest","floor":16,"turns":11},{"damage":10,"enemies":"Spheric Guardian","floor":18,"turns":5},{"damage":8,"enemies":"3 Byrds","floor":21,"turns":5},{"damage":74,"enemies":"Gremlin Leader","floor":23,"turns":8}],"seed_played":"-4904325388775760545","potions_obtained":[{"floor":1,"key":"blueLaboratory:SuffocatingSmog"},{"floor":4,"key":"blueLaboratory:HummingbirdPotion"},{"floor":6,"key":"SteroidPotion"},{"floor":12,"key":"Adrenaline Potion"},{"floor":16,"key":"CunningPotion"}],"is_trial":false,"path_per_floor":["M","M","?","M","$","?","T","?","T","M","R","M","?","M","R","B",null,"M","?","?","M","$","E"],"character_chosen":"THE_SILENT","items_purchased":["Boot"],"campfire_rested":2,"item_purchase_floors":[5],"current_hp_per_floor":[68,68,61,59,59,42,42,42,42,34,55,55,55,58,76,11,76,66,66,69,64,64,0,0],"gold":310,"neow_bonus":"ONE_RANDOM_RARE_CARD","is_daily":false,"chose_seed":false,"campfire_upgraded":0,"win_rate":0.0,"timestamp":1609040055,"path_taken":["M","M","?","M","$","?","?","?","T","?","R","M","?","M","R","BOSS","M","?","?","M","$","E"],"items_purchased_type":["Relic"],"build_version":"2020-12-22","purchased_purges":2,"victory":false,"max_hp_per_floor":[70,70,70,70,70,70,70,70,70,73,73,73,73,76,76,76,76,76,76,79,82,82,82,82],"relic_stats":{"Busted Crown":10,"counters":[10,55],"Boot":[52],"obtain_stats":[{"Gremlin Food":6,"Replay:Ringing Soul":9,"hubris:Icosahedron":13,"Busted Crown":17,"Omamori":19,"Boot":5,"hubris:AncientText":7,"Ring of the Snake":0},{"Gremlin Food":3,"Replay:Ringing Soul":3,"hubris:Icosahedron":5,"Busted Crown":7,"Omamori":8,"Boot":3,"hubris:AncientText":3,"Ring of the Snake":0},{"Gremlin Food":13,"Replay:Ringing Soul":13,"hubris:Icosahedron":23,"Busted Crown":37,"Omamori":42,"Boot":13,"hubris:AncientText":13,"Ring of the Snake":0}],"Ring of the Snake":[20]},"card_choices":[{"not_picked":["Dagger Spray","Blade Dance"],"picked":"Cloak And Dagger","floor":1},{"not_picked":["Deadly Poison","Acrobatics"],"picked":"hubris:Sniper","floor":2},{"not_picked":["Catalyst","Crippling Poison"],"picked":"Cloak And Dagger","floor":4},{"not_picked":["Sucker Punch","Endless Agony"],"picked":"ReplayTheSpireMod:Shiv Toss","floor":6},{"not_picked":["Finisher","Bane"],"picked":"Underhanded Strike","floor":10},{"not_picked":["Endless Agony","Wraith Form v2","Draining Mist"],"picked":"SKIP","floor":12},{"not_picked":["Quick Slash","Slice"],"picked":"Cloak And Dagger","floor":14},{"not_picked":["Outmaneuver"],"picked":"SKIP","floor":18},{"not_picked":[],"picked":"Dodge and Roll+1","floor":20},{"not_picked":[],"picked":"Dramatic Entrance+1","floor":20},{"not_picked":[],"picked":"hubris:SlightOfHand","floor":21}],"player_experience":2673305,"relics_obtained":[{"floor":6,"key":"Gremlin Food"},{"floor":7,"key":"hubris:AncientText"},{"floor":9,"key":"Replay:Ringing Soul"}],"event_choices":[{"cards_removed":["Strike_G"],"damage_healed":0,"gold_gain":0,"player_choice":"Card Removal","damage_taken":7,"max_hp_gain":0,"max_hp_loss":0,"event_name":"Golden Wing","floor":3,"gold_loss":0},{"damage_healed":0,"gold_gain":100,"player_choice":"Pray","damage_taken":0,"max_hp_gain":0,"max_hp_loss":0,"event_name":"Golden Shrine","floor":8,"gold_loss":0},{"damage_healed":0,"gold_gain":0,"player_choice":"Gave Potion","damage_taken":0,"relics_obtained":["Omamori"],"max_hp_gain":0,"max_hp_loss":0,"event_name":"WeMeetAgain","floor":19,"gold_loss":0},{"damage_healed":0,"gold_gain":0,"player_choice":"2","damage_taken":0,"max_hp_gain":0,"max_hp_loss":0,"event_name":"betterMatch:BetterMatch","floor":20,"gold_loss":0,"cards_obtained":["betterMatch:CommonCard","betterMatch:ColorlessUncommonCard"]}],"is_beta":false,"boss_relics":[{"not_picked":["Ring of the Serpent","energizedSpire:DeadBattery"],"picked":"Busted Crown"}],"items_purged_floors":[5,22],"is_endless":false,"potions_floor_spawned":[1,4,12,16],"killed_by":"Gremlin Leader","ascension_level":0}}