{"host":"tvwbxqry54t86y0v","time":1609036934,"event":{"mods":["2.2 Compatiblity","A Magickal Journey","Astrologer","BaseMod","Beaked The Cultist","BetterRewards","Block Reminder","Clockwork Mod","Colored Powertips","DeckTracker","Downfall","GungeonMod","Hermit","Hubris","Infinite Spire","Ironclad Rager","Marked Mod","Mimic Mod","Minty Spire (QoL Compilation)","Potionbrewer","Replay The Spire","Shade Mod","Somnambulant","StSLib","The Bug Knight","The Cursed","The Druid","The Elementalist","The Exalted","The Forsaken","The Hierophant","The Jungle","The Marked","The Mystic","The Problem Sleuth","The Runesmith","The Senshi","The Spell Scribe","The Valiant","The Wild Card","TheFirefly","TheHeartMod","Unceasing Turn Reminder","thorton"],"gold_per_floor":[110,110,110,123,137,137,137,137,171,189,215,215,225,252,252,357,357,371,371,122,122,122,155,2,2,29,61,61,81,81,110,110,213,213,223,238,258,278,298,329,329,348,374,386,386,396,396,413,463,565,565,575,575,581,581,595,595,299,299,375,382,382,396,405,413,413,489,489,487,486,486,495,496,496,503,503,503,507,507,507,825,830,830,898,898,901,901,901,894,325,325,29,29,35,32,17,17,31,31,31,97,97,97,97],"floor_reached":103,"playtime":5832,"items_purged":[],"score":2335,"play_id":"371061bf-d0ce-410b-adab-bface8dc1ae0","local_time":"20201227134214","is_ascension_mode":true,"campfire_choices":[{"data":"theMarked:Seal","floor":6.0,"key":"SMITH"},{"data":"theMarked:WardOff","floor":12.0,"key":"SMITH"},{"floor":15.0,"key":"REST"},{"data":"theMarked:HeritageOfTheMarked","floor":25.0,"key":"SMITH"},{"data":"theMarked:MysticalArsenal","floor":25.0,"key":"SMITH"},{"data":"theMarked:ComboAttacks","floor":30.0,"key":"SMITH"},{"data":"theMarked:BanishingWave","floor":30.0,"key":"SMITH"},{"data":"theMarked:WardOff","floor":32.0,"key":"SMITH"},{"data":"theMarked:TakeOffHeels","floor":32.0,"key":"SMITH"},{"floor":41.0,"key":"REST"},{"data":"theMarked:Challenge","floor":47.0,"key":"SMITH"},{"data":"theMarked:BanishingStrike","floor":47.0,"key":"SMITH"},{"data":"theMarked:DeterminationOfTheMarked","floor":57,"key":"SMITH"},{"data":"theMarked:BindingBlade","floor":57,"key":"SMITH"},{"data":"theMarked:SoldierOfQuellstein","floor":59,"key":"SMITH"},{"data":"infinitespire:FutureSight","floor":59,"key":"SMITH"},{"floor":62,"key":"RECALL"},{"data":"theMarked:HeightenedSenses","floor":66,"key":"SMITH"},{"data":"theMarked:Strike","floor":66,"key":"SMITH"},{"data":"infinitespire:Fortify","floor":74,"key":"SMITH"},{"data":"theMarked:Strike","floor":74,"key":"SMITH"},{"data":"theMarked:Defend","floor":76,"key":"SMITH"},{"data":"theMarked:Defend","floor":76,"key":"SMITH"},{"data":"theMarked:DeterminationOfTheMarked","floor":93,"key":"SMITH"},{"data":"theMarked:Defend","floor":93,"key":"SMITH"},{"data":"theMarked:Defend","floor":100,"key":"SMITH"},{"data":"theMarked:Strike","floor":100,"key":"SMITH"}],"circlet_count":0,"master_deck":["theMarked:Strike+1","theMarked:Strike","theMarked:Strike+1","theMarked:Strike+1","theMarked:Defend+1","theMarked:Defend+1","theMarked:Defend+1","theMarked:Defend+1","theMarked:SoldierOfQuellstein+1","theMarked:Seal+1","theMarked:WardOff+1","theMarked:MysticalArsenal+1","theMarked:ComboAttacks+1","theMarked:BanishingWave+1","theMarked:WardOff+1","theMarked:TakeOffHeels+1","theMarked:HeritageOfTheMarked+1","theMarked:HeightenedSenses+1","infinitespire:FutureSight+1","theMarked:WardOff+1","hubris:Wrath","theMarked:EmpowerWeapon+1","theMarked:Challenge+1","theMarked:MysticalArsenal+1","theMarked:BanishingStrike+1","theMarked:BanishingStrike+1","theMarked:DeterminationOfTheMarked+1","theMarked:BindingBlade+1","infinitespire:Fortify+1","theMarked:Levitate+1","theMarked:MysticalArsenal+1","theMarked:DeterminationOfTheMarked+1","theMarked:SummonStrength+1","theMarked:DeterminationOfTheMarked+1","theForsaken:PlagueCurse","CurseOfTheBell"],"relics":["theMarked:ArtifactOfAir","hubris:FruitBowl","ReplayTheSpireMod:TigerMarble","DemoMod:ClearGuonStone","Pen Nib","Replay:Mystery Machine","Replay:Arrowhead","beaked:SacredDeck","Eternal Feather","DemoMod:WeirdEgg","hubris:Zylophone","hubris:SlimyHat","Blue Doll","Bird Faced Urn","Gambling Chip","DemoMod:RiddleOfLead","Art of War","Replay:Ancient Bell","Bromod:ArcaneNullifier","Letter Opener","DemoMod:PartiallyEatenCheese","Durian","Nunchaku","Bromod:ArcaneGrace","Strawberry","Akabeko","hubris:GlazedTorus","hubris:EvacipatedBox","Boot","Regal Pillow","infinitespire:FocusingShard","Bag of Preparation","BranchBurnRelic","hubris:Backtick","DemoMod:GreenGuonStone","Juzu Bracelet","Blood Vial","Happy Flower","Huge Egg","Old Coin","potionbrewer:BhaskarasWheel","DemoMod:ResourcefulSack","hubris:DeckOfHolding","theForsaken:PlagueMask","Potion Belt","Cauldron","Garlic","Oddly Smooth Stone","Lantern","Bromod:ArcaneAegis","theMarked:Eyepatch","Calling Bell","hubris:TenFootPole","theForsaken:HumbleEgg","Thread and Needle"],"acts_visited":["Exordium","TheCity","TheBeyond","TheCity","TheBeyond","Exordium"],"potions_floor_usage":[67,92,96],"damage_taken":[{"damage":7.0,"enemies":"2 Louse","floor":1.0,"turns":4.0},{"damage":5.0,"enemies":"Jaw Worm","floor":4.0,"turns":4.0},{"damage":3.0,"enemies":"infinitespire:Voidling","floor":5.0,"turns":4.0},{"damage":2.0,"enemies":"Large Slime","floor":9.0,"turns":3.0},{"damage":5.0,"enemies":"Large Slime","floor":10.0,"turns":5.0},{"damage":0.0,"enemies":"Lots of Slimes","floor":13.0,"turns":1.0},{"damage":6.0,"enemies":"Gremlin Nob","floor":14.0,"turns":3.0},{"damage":13.0,"enemies":"Hexaghost","floor":16.0,"turns":8.0},{"damage":20.0,"enemies":"2 Thieves","floor":18.0,"turns":4.0},{"damage":5.0,"enemies":"Nightmare","floor":23.0,"turns":7.0},{"damage":18.0,"enemies":"HollowMod:Nosk","floor":27.0,"turns":5.0},{"damage":0.0,"enemies":"Chosen","floor":29.0,"turns":4.0},{"damage":0.0,"enemies":"Gremlin Leader","floor":31.0,"turns":4.0},{"damage":46.0,"enemies":"hubris:MusketHawk","floor":33.0,"turns":7.0},{"damage":11.0,"enemies":"3 Shapes","floor":35.0,"turns":3.0},{"damage":5.0,"enemies":"Orb Walker","floor":36.0,"turns":4.0},{"damage":38.0,"enemies":"Maw","floor":37.0,"turns":6.0},{"damage":13.0,"enemies":"Spire Growth","floor":38.0,"turns":4.0},{"damage":18.0,"enemies":"Transient","floor":39.0,"turns":5.0},{"damage":24.0,"enemies":"R_Hoarder","floor":40.0,"turns":9.0},{"damage":20.0,"enemies":"3 Darklings","floor":42.0,"turns":5.0},{"damage":0.0,"enemies":"Spire Growth","floor":44.0,"turns":4.0},{"damage":6.0,"enemies":"Writhing Mass","floor":46.0,"turns":4.0},{"damage":31.0,"enemies":"Jaw Worm Horde","floor":48.0,"turns":7.0},{"damage":3.0,"enemies":"Mind Bloom Boss Battle","floor":49.0,"turns":6.0},{"damage":25.0,"enemies":"infinitespire:MassOfShapes","floor":50.0,"turns":7.0},{"damage":0,"enemies":"Small Slimes","floor":52,"turns":3},{"damage":0,"enemies":"Cultist","floor":54,"turns":3},{"damage":0,"enemies":"2 Louse","floor":56,"turns":1},{"damage":16,"enemies":"3 Sentries","floor":61,"turns":3},{"damage":0,"enemies":"Lots of Slimes","floor":63,"turns":1},{"damage":0,"enemies":"2 Fungi Beasts","floor":64,"turns":2},{"damage":0,"enemies":"Large Slime","floor":65,"turns":1},{"damage":0,"enemies":"Hexaghost","floor":67,"turns":4},{"damage":0,"enemies":"Shell Parasite","floor":69,"turns":2},{"damage":7,"enemies":"Snake Plant","floor":70,"turns":2},{"damage":17,"enemies":"Snecko","floor":72,"turns":3},{"damage":0,"enemies":"Cultist and Chosen","floor":73,"turns":3},{"damage":61,"enemies":"Gremlin Leader","floor":75,"turns":4},{"damage":16,"enemies":"Shelled Parasite and Fungi","floor":78,"turns":2},{"damage":40,"enemies":"Slavers","floor":79,"turns":4},{"damage":22,"enemies":"Book of Stabbing","floor":81,"turns":3},{"damage":0,"enemies":"3 Cultists","floor":82,"turns":1},{"damage":0,"enemies":"Collector","floor":84,"turns":3},{"damage":0,"enemies":"3 Shapes","floor":86,"turns":4},{"damage":8,"enemies":"3 Darklings","floor":89,"turns":2},{"damage":0,"enemies":"Spire Growth","floor":94,"turns":4},{"damage":45,"enemies":"R_Hoarder","floor":95,"turns":4},{"damage":15,"enemies":"Spire Growth","floor":96,"turns":4},{"damage":21,"enemies":"Giant Head","floor":98,"turns":4},{"damage":50,"enemies":"infinitespire:MassOfShapes","floor":101,"turns":4},{"damage":0,"enemies":"2 Louse","floor":103,"turns":1}],"seed_played":"6590817043793493678","potions_obtained":[{"floor":4.0,"key":"champ:CounterPotion"},{"floor":5.0,"key":"Weak Potion"},{"floor":13.0,"key":"PowerPotion"},{"floor":16.0,"key":"potionbrewer:MidasPotion"},{"floor":18.0,"key":"LifebloodPotion"},{"floor":31.0,"key":"DemoMod:LeadSkinPotion"},{"floor":38.0,"key":"sneckomod:MuddlingPotion"},{"floor":42.0,"key":"Flashbang"},{"floor":48.0,"key":"Milkshake"},{"floor":61,"key":"Elixir"},{"floor":67,"key":"sneckomod:MuddlingPotion"},{"floor":92,"key":"potionbrewer:BlacksmithPotion"},{"floor":92,"key":"potionbrewer:AcidPotion"},{"floor":92,"key":"potionbrewer:CleansingPotion"},{"floor":95,"key":"potionbrewer:NoxiousPotion"},{"floor":98,"key":"potionbrewer:BoundlessPotion"}],"is_trial":false,"path_per_floor":["M","?","?","M","M","R","$","?","MIM","M","T","R","M","E","R","B",null,"M","?","$","?","?","NM","$","R","T","E","AVR","M","R","E","R","B",null,"M","M","M","M","M","E","R","M","T","M","?","M","R","M","R","B",null,"M","?","M","$","M","R","$","R","T","E","R","M","M","M","R","B",null,"M","M","?","M","M","R","E","R","T","M","E","?","E","M","R","B",null,"M","?","?","M","$","?","$","R","MIM","E","M","$","E","AVR","R","B",null,"M"],"character_chosen":"THE_DEFAULT","items_purchased":["hubris:FruitBowl","ReplayTheSpireMod:TigerMarble","Eternal Feather","hubris:SlimyHat","Strawberry","Akabeko","hubris:GlazedTorus","hubris:EvacipatedBox","Boot","Regal Pillow","DemoMod:ResourcefulSack","hubris:DeckOfHolding","theMarked:DeterminationOfTheMarked","Potion Belt","Cauldron"],"campfire_rested":2,"item_purchase_floors":[7,7,20,24,55,55,55,55,58,58,90,90,90,92,92],"current_hp_per_floor":[63,63,63,58,55,55,26,26,24,27,27,27,27,21,42,29,70,50,50,50,50,50,45,45,57,57,39,85,85,85,85,85,43,85,76,79,47,42,30,23,65,51,51,59,59,59,77,54,79,66,92,92,92,92,43,43,61,61,79,79,78,96,98,102,102,102,102,102,102,97,97,84,90,102,70,88,88,94,71,71,63,73,102,102,102,102,98,98,94,94,94,94,98,98,60,65,65,63,63,84,65,98,98,98],"gold":97,"neow_bonus":"THREE_CARDS","is_daily":false,"chose_seed":false,"campfire_upgraded":24,"win_rate":0.0,"timestamp":1609036934,"path_taken":["M","?","?","M","M","R","?","?","MIM","M","?","R","?","E","R","BOSS","M","?","$","?","?","NM","$","R","T","E","AVR","M","R","E","R","BOSS","M","M","?","M","M","E","R","M","T","M","?","M","R","M","R","BOSS","M","?","M","?","?","R","$","R","T","E","R","M","M","M","R","BOSS","M","?","?","?","M","R","E","R","T","M","E","?","E","M","R","BOSS","M","?","?","M","$","?","?","R","MIM","E","M","$","E","AVR","R","BOSS","M"],"items_purchased_type":["Relic","Relic","Relic","Relic","Relic","Relic","Relic","Relic","Relic","Relic","Relic","Relic","Card","Relic","Relic"],"build_version":"2020-12-22","purchased_purges":0,"victory":false,"max_hp_per_floor":[70,70,70,70,70,70,70,70,70,70,70,70,70,70,70,70,70,70,70,70,70,70,70,70,70,70,70,85,85,85,85,85,85,85,85,85,85,85,85,92,92,92,92,92,92,92,92,92,92,92,92,92,92,92,102,102,102,102,102,102,102,102,102,102,102,102,102,102,102,102,102,102,102,102,102,102,102,102,102,102,102,102,102,102,102,102,98,98,98,98,98,98,98,98,98,98,98,98,98,98,98,98,98,98],"card_choices":[{"not_picked":["theMarked:Polarize","theMarked:Parkour"],"picked":"theMarked:Seal","floor":0.0},{"not_picked":["theMarked:HeightenedSenses","theMarked:ContemptForTheProud"],"picked":"theMarked:WardOff","floor":1.0},{"not_picked":["theMarked:PowerFlow","theMarked:Electrify"],"picked":"theMarked:MysticalArsenal","floor":4.0},{"not_picked":["theMarked:Panic","theMarked:Convert"],"picked":"theMarked:ComboAttacks","floor":5.0},{"not_picked":["theMarked:Static","theMarked:WastefulDefense","theMarked:ResourceFulStrike"],"picked":"SKIP","floor":10.0},{"not_picked":["theMarked:Improvise","theMarked:EnhanceMovement"],"picked":"theMarked:BanishingWave","floor":13.0},{"not_picked":["theMarked:FavorableWinds","theMarked:Aftermath"],"picked":"theMarked:WardOff","floor":14.0},{"not_picked":["theMarked:Defy","theMarked:Snap"],"picked":"theMarked:TakeOffHeels","floor":16.0},{"not_picked":["theMarked:Frustration","theMarked:Opportunist"],"picked":"theMarked:HeightenedSenses","floor":18.0},{"not_picked":["infinitespire:UltimateForm","Replay:Fractal Strike"],"picked":"infinitespire:FutureSight","floor":23.0},{"not_picked":["theMarked:ElectricStrings+1","theMarked:Defy","theMarked:ReduceFriction"],"picked":"SKIP","floor":23.0},{"not_picked":["theMarked:PowerFlow","theMarked:Opportunist+1"],"picked":"theMarked:WardOff+1","floor":27.0},{"not_picked":["theMarked:Convert","theMarked:ShockingTouch+1","theMarked:ElectricStrings"],"picked":"SKIP","floor":29.0},{"not_picked":["theMarked:Frustration+1","theMarked:Static","theMarked:WardOff"],"picked":"SKIP","floor":31.0},{"not_picked":["Slimebound:Icky","ReplayTheSpireMod:IOU"],"picked":"hubris:Wrath","floor":34.0},{"not_picked":["hubris:Sloth","Slimebound:Icky"],"picked":"Spreading Infection","floor":34.0},{"not_picked":["Doubt","Slimebound:Icky"],"picked":"theSleuth:FrighteningBeast","floor":34.0},{"not_picked":["theMarked:WastefulAttack","theMarked:ParalyzingBlade+1"],"picked":"theMarked:EmpowerWeapon+1","floor":35.0},{"not_picked":["theMarked:SwordAndMagic+1","theMarked:ElectricStrings+1","theMarked:WastefulAttack"],"picked":"SKIP","floor":36.0},{"not_picked":["theMarked:RepellingDischarge+1","theMarked:Parkour","theMarked:Panic"],"picked":"SKIP","floor":37.0},{"not_picked":["theMarked:TwofoldDefense","theMarked:PowerFlow+1"],"picked":"theMarked:Challenge","floor":38.0},{"not_picked":["theMarked:EnhancedHearing+1","theMarked:Static"],"picked":"theMarked:MysticalArsenal+1","floor":39.0},{"not_picked":["theMarked:RepellingDischarge","theMarked:ResourceFulStrike","theMarked:WastefulAttack"],"picked":"SKIP","floor":40.0},{"not_picked":["theMarked:ReduceFriction","theMarked:ChannelForce"],"picked":"theMarked:BanishingStrike","floor":42.0},{"not_picked":["theMarked:Static+1","theMarked:WastefulAttack","theMarked:Improvise"],"picked":"SKIP","floor":44.0},{"not_picked":["theMarked:TunnelVision","theMarked:WardOff+1"],"picked":"theMarked:BanishingStrike+1","floor":46.0},{"not_picked":["theMarked:Electrocute","theMarked:ElectricStrings+1","theMarked:KeepCalmAndFightOn+1"],"picked":"SKIP","floor":48.0},{"not_picked":["theMarked:MysticalArsenal","theMarked:StartUp"],"picked":"theMarked:DeterminationOfTheMarked","floor":52},{"not_picked":["theMarked:Static","theMarked:HeightenedSenses","theMarked:WardOff"],"picked":"SKIP","floor":54},{"not_picked":["theMarked:Improvise","theMarked:BanishingStrike"],"picked":"theMarked:BindingBlade","floor":56},{"not_picked":["theMarked:BanishingStrike","theMarked:RepellingDischarge","theMarked:ElectricStrings"],"picked":"SKIP","floor":61},{"not_picked":["theMarked:Frustration","theMarked:ChannelForce","theMarked:Electrify"],"picked":"SKIP","floor":63},{"not_picked":["theMarked:Electrocute","theMarked:Static","theMarked:MagicAdept"],"picked":"SKIP","floor":64},{"not_picked":["theMarked:Static","theMarked:Electrocute","theMarked:PowerFlow"],"picked":"SKIP","floor":65},{"not_picked":["infinitespire:Execution","infinitespire:SevenWalls"],"picked":"infinitespire:Fortify","floor":67},{"not_picked":["theMarked:UnarmedFury","theMarked:MuscleMemory"],"picked":"theMarked:Levitate","floor":67},{"not_picked":["theMarked:Convert+1","theMarked:EmpowerWeapon"],"picked":"theMarked:MysticalArsenal+1","floor":69},{"not_picked":["theMarked:WastefulAttack+1","theMarked:TwofoldDefense","theMarked:Opportunist"],"picked":"SKIP","floor":70},{"not_picked":["theMarked:EnhancedHearing","theMarked:LightningStrikesTwice","theMarked:HeightenedSenses+1"],"picked":"SKIP","floor":72},{"not_picked":["theMarked:BanishingStrike","theMarked:Parkour","theMarked:Aftermath"],"picked":"SKIP","floor":73},{"not_picked":["theMarked:Indomitable","theMarked:ChannelForce","theMarked:Improvise"],"picked":"SKIP","floor":75},{"not_picked":["theMarked:Improvise","theMarked:Frustration","theMarked:RepellingDischarge"],"picked":"SKIP","floor":78},{"not_picked":["theMarked:SwordAndMagic+1","theMarked:LightningStrikesTwice"],"picked":"theMarked:DeterminationOfTheMarked","floor":79},{"not_picked":["theMarked:Electrify","theMarked:FavorableWinds","theMarked:WastefulAttack"],"picked":"SKIP","floor":81},{"not_picked":["theMarked:TwofoldDefense","theMarked:TakeCover","theMarked:Convert"],"picked":"SKIP","floor":82},{"not_picked":["theMarked:SuspiciousRaven","theMarked:FavorableWinds"],"picked":"theMarked:SummonStrength","floor":84},{"not_picked":["theMarked:PowerFlow","theMarked:KeepCalmAndFightOn","theMarked:Frustration+1"],"picked":"SKIP","floor":86},{"not_picked":["theMarked:EmpowerWeapon","theMarked:RepellingDischarge","theMarked:ResourceFulStrike+1"],"picked":"SKIP","floor":89},{"not_picked":["theMarked:RepellingDischarge+1","theMarked:Aftermath+1","theMarked:ShockingTouch+1"],"picked":"SKIP","floor":95},{"not_picked":["theMarked:Static+1","theMarked:EmpowerWeapon+1","theMarked:RepellingDischarge"],"picked":"SKIP","floor":96},{"not_picked":["theMarked:HeightenedSenses","theMarked:RepellingDischarge+1","theMarked:BanishingWave+1"],"picked":"SKIP","floor":98}],"player_experience":1071176,"relics_obtained":[{"floor":9.0,"key":"Pen Nib"},{"floor":11.0,"key":"Replay:Mystery Machine"},{"floor":14.0,"key":"Replay:Arrowhead"},{"floor":23.0,"key":"hubris:Zylophone"},{"floor":26.0,"key":"Blue Doll"},{"floor":27.0,"key":"Bird Faced Urn"},{"floor":31.0,"key":"Art of War"},{"floor":40.0,"key":"Durian"},{"floor":43.0,"key":"Nunchaku"},{"floor":49.0,"key":"Dead Branch"},{"floor":60,"key":"infinitespire:FocusingShard"},{"floor":61,"key":"Bag of Preparation"},{"floor":75,"key":"Juzu Bracelet"},{"floor":77,"key":"Blood Vial"},{"floor":79,"key":"Happy Flower"},{"floor":80,"key":"Huge Egg"},{"floor":81,"key":"Old Coin"},{"floor":94,"key":"Garlic"},{"floor":95,"key":"Oddly Smooth Stone"},{"floor":98,"key":"Lantern"},{"floor":102,"key":"hubris:TenFootPole"},{"floor":102,"key":"theForsaken:HumbleEgg"},{"floor":102,"key":"Thread and Needle"}],"event_choices":[{"damage_healed":0.0,"max_hp_gain":0.0,"max_hp_loss":0.0,"gold_gain":0.0,"event_name":"Golden Wing","player_choice":"Ignored","floor":3.0,"gold_loss":0.0,"damage_taken":0.0},{"damage_healed":0.0,"max_hp_gain":0.0,"max_hp_loss":0.0,"gold_gain":0.0,"event_name":"WeMeetAgain","player_choice":"Gave Potion","floor":8.0,"gold_loss":0.0,"damage_taken":0.0,"relics_obtained":["DemoMod:ClearGuonStone"]},{"damage_healed":0.0,"max_hp_gain":0.0,"max_hp_loss":0.0,"gold_gain":0.0,"event_name":"Vampires","player_choice":"Ignored","floor":19.0,"gold_loss":0.0,"damage_taken":0.0},{"damage_healed":0.0,"max_hp_gain":0.0,"max_hp_loss":0.0,"gold_gain":0.0,"event_name":"Beggar","player_choice":"Ignored","floor":21.0,"gold_loss":0.0,"damage_taken":0.0},{"damage_healed":0.0,"max_hp_gain":0.0,"max_hp_loss":0.0,"gold_gain":0.0,"event_name":"The Mausoleum","player_choice":"Opened","floor":22.0,"gold_loss":0.0,"damage_taken":0.0,"relics_obtained":["DemoMod:WeirdEgg"]},{"damage_healed":0.0,"max_hp_gain":0.0,"max_hp_loss":0.0,"gold_gain":0.0,"event_name":"Tomb of Lord Red Mask","player_choice":"Ignored","floor":45.0,"gold_loss":0.0,"damage_taken":0.0},{"damage_healed":0.0,"max_hp_gain":0.0,"max_hp_loss":0.0,"gold_gain":0.0,"event_name":"MindBloom","player_choice":"Fight","floor":49.0,"gold_loss":0.0,"damage_taken":0.0},{"cards_removed":["Spreading Infection"],"damage_healed":0,"gold_gain":0,"player_choice":"Purged","damage_taken":0,"max_hp_gain":0,"max_hp_loss":0,"event_name":"Purifier","floor":53,"gold_loss":0},{"damage_healed":0,"gold_gain":0,"player_choice":"Forge","damage_taken":0,"max_hp_gain":0,"max_hp_loss":0,"event_name":"Accursed Blacksmith","floor":71,"gold_loss":0,"cards_upgraded":["theMarked:Levitate"]},{"damage_healed":0,"gold_gain":0,"player_choice":"Relic","damage_taken":0,"max_hp_gain":0,"max_hp_loss":0,"event_name":"Wheel of Change","floor":80,"gold_loss":0},{"cards_removed":["Parasite","theSleuth:FrighteningBeast"],"damage_healed":0,"gold_gain":0,"player_choice":"Removed Curses","damage_taken":0,"max_hp_gain":0,"max_hp_loss":0,"event_name":"Fountain of Cleansing","floor":87,"gold_loss":0},{"cards_removed":["theMarked:Strike"],"damage_healed":0,"gold_gain":0,"player_choice":"Removed Attack","damage_taken":0,"max_hp_gain":0,"max_hp_loss":0,"event_name":"Falling","floor":88,"gold_loss":0},{"damage_healed":0,"gold_gain":0,"player_choice":"Obtain Plague Curse","damage_taken":0,"max_hp_gain":0,"max_hp_loss":0,"event_name":"Plague Doctor","floor":91,"gold_loss":0,"cards_obtained":["theForsaken:PlagueCurse"]}],"is_beta":false,"boss_relics":[{"not_picked":["Astrolabe","hubris:Stopwatch"],"picked":"beaked:SacredDeck"},{"not_picked":["Replay:Wanted Poster","Runic Dome"],"picked":"Replay:Ancient Bell"},{"not_picked":["Toy Ornithopter","DemoMod:Metronome"],"picked":"Bromod:ArcaneNullifier"},{"not_picked":["Garlic","Iron Hammer"],"picked":"Letter Opener"},{"not_picked":["HollowMod:QueensCombRelic","hubris:AstralHammer"],"picked":"DemoMod:PartiallyEatenCheese"},{"not_picked":["Replay:Fungal Core","infinitespire:Cupcake"],"picked":"Bromod:ArcaneGrace"},{"not_picked":["hubris:TerracottaHorce","Replay:Drink Me","Snecko Eye"],"picked":"hubris:Backtick"},{"not_picked":["hubris:HollowSoul","theForsaken:PaleLantern","theMarked:BronzeBlade"],"picked":"potionbrewer:BhaskarasWheel"},{"not_picked":["hubris:Stopwatch","Kintsugi","hubris:BlackHole"],"picked":"Calling Bell"}],"items_purged_floors":[],"is_endless":true,"potions_floor_spawned":[4,5,13,16,18,29,31,35,38,42,48,49,61,64,65,67,70,73,78,84,95,98],"killed_by":"2 Louse","ascension_level":1}}