{"host":"6z6y4ky8uzsz1dpj","time":1609093318,"event":{"mods":["AchievementEnabler","BaseMod","BetterRewards","Challenge The Spire","Colored Map","Custom Start","Hubris","Minty Spire (QoL Compilation)","Quick Restart","Replay The Spire","StSLib"],"gold_per_floor":[117,135,135,150,59,89,89,101,127,169,184,367,367,411,411,498,507,520,540,540,540,560,586,586,626,626,652,702,726,753,270,270,352,352,372,396,418,427,427,454,454,497,497,521,521,578,619,641,641,641,641],"floor_reached":52,"playtime":2018,"items_purged":[],"score":3115,"play_id":"2f5fcaa5-0121-446a-b605-db2357efdb40","local_time":"20201227132158","is_ascension_mode":true,"campfire_choices":[{"data":"Specialist","floor":7,"key":"SMITH"},{"data":"ReplayTheSpireMod:Scrap Shanks","floor":13,"key":"SMITH"},{"data":"A Thousand Cuts","floor":15,"key":"SMITH"},{"data":"Envenom","floor":24,"key":"SMITH"},{"floor":32,"key":"DIG"},{"data":"A Thousand Cuts","floor":41,"key":"SMITH"},{"data":"Burst","floor":45,"key":"SMITH"},{"data":"ReplayTheSpireMod:Scrap Shanks","floor":49,"key":"SMITH"}],"circlet_count":0,"master_deck":["Prepared","Prepared","Prepared","Prepared","Cloak And Dagger","Cloak And Dagger","Cloak And Dagger","Cloak And Dagger","ReplayTheSpireMod:Shiv Toss","ReplayTheSpireMod:Shiv Toss","ReplayTheSpireMod:Shiv Toss","Burst","Burst+1","Storm of Steel","Storm of Steel","ReplayTheSpireMod:Scrap Shanks+1","ReplayTheSpireMod:Scrap Shanks+1","Accuracy","Accuracy","Infinite Blades","Infinite Blades","After Image","Envenom","A Thousand Cuts+1","After Image","Envenom+1","A Thousand Cuts+1","Cloak And Dagger+1","Specialist+1","ReplayTheSpireMod:Shiv Toss+1","Hidden Blade+1","Cloak And Dagger+1","Tools of the Trade","AbeCurse","Blade Dance+1","Hidden Blade+1","Hidden Blade+1","Accuracy","Prepared+1","ReplayTheSpireMod:Scrap Shanks","Thinking Ahead+1","Impatience+1","Tools of the Trade","Prepared+1","Prepared+1","Cloak And Dagger+1","Hidden Blade+1","Blade Dance+1","hubris:Sniper+1","Terror+1","Cloak And Dagger+1"],"relics":["Ring of the Snake","WristBlade","Toxic Egg 2","Unceasing Top","Shuriken","Snake Skull","Tough Bandages","Tingsha","Mummified Hand","ReplayTheSpireMod:Ninjato","Ninja Scroll","SlaversCollar","The Specimen","Mirror","CeramicFish","Replay:Rubber Ducky","InkBottle","Abe\u0027s Treasure","hubris:BottledHeart","Replay:WaspNest","Juzu Bracelet","Toy Ornithopter","Meat on the Bone","Sundial","Anchor","Replay:Towering Pillar of Hats","Runic Dome","Ring of Hypnosis","Ring of Fangs","Centennial Puzzle","hubris:ToyBattleship","ReplayTheSpireMod:Shallot","Dead Branch","Blue Candle"],"acts_visited":["Exordium","TheCity","TheBeyond"],"potions_floor_usage":[29],"damage_taken":[{"damage":0,"enemies":"Jaw Worm","floor":1,"turns":1},{"damage":0,"enemies":"2 Louse","floor":2,"turns":1},{"damage":0,"enemies":"Cultist","floor":4,"turns":1},{"damage":0,"enemies":"Lagavulin","floor":6,"turns":1},{"damage":0,"enemies":"Exordium Wildlife","floor":8,"turns":1},{"damage":0,"enemies":"Gremlin Nob","floor":10,"turns":1},{"damage":0,"enemies":"Large Slime","floor":11,"turns":1},{"damage":0,"enemies":"Lagavulin","floor":14,"turns":1},{"damage":0,"enemies":"Hexaghost","floor":16,"turns":2},{"damage":0,"enemies":"2 Thieves","floor":18,"turns":1},{"damage":0,"enemies":"Chosen","floor":19,"turns":1},{"damage":0,"enemies":"Centurion and Healer","floor":22,"turns":2},{"damage":0,"enemies":"Gremlin Leader","floor":23,"turns":1},{"damage":0,"enemies":"Book of Stabbing","floor":25,"turns":2},{"damage":0,"enemies":"Snake Plant","floor":27,"turns":2},{"damage":0,"enemies":"Shelled Parasite and Fungi","floor":29,"turns":1},{"damage":0,"enemies":"Replay:Snechameleon","floor":30,"turns":1},{"damage":0,"enemies":"Collector","floor":33,"turns":1},{"damage":0,"enemies":"Orb Walker","floor":35,"turns":1},{"damage":0,"enemies":"3 Darklings","floor":36,"turns":1},{"damage":0,"enemies":"Transient","floor":37,"turns":1},{"damage":0,"enemies":"Giant Head","floor":40,"turns":2},{"damage":0,"enemies":"Nemesis","floor":42,"turns":2},{"damage":0,"enemies":"4 Shapes","floor":44,"turns":1},{"damage":0,"enemies":"2 Orb Walkers","floor":46,"turns":1},{"damage":0,"enemies":"Reptomancer","floor":47,"turns":1},{"damage":0,"enemies":"Jaw Worm Horde","floor":48,"turns":1},{"damage":0,"enemies":"Time Eater","floor":50,"turns":3},{"damage":0,"enemies":"Donu and Deca","floor":51,"turns":2}],"seed_played":"1308209224989903137","potions_obtained":[{"floor":2,"key":"Dexterity Potion"},{"floor":10,"key":"Strength Potion"},{"floor":16,"key":"PowerPotion"},{"floor":23,"key":"Swift Potion"},{"floor":29,"key":"DuplicationPotion"}],"is_trial":true,"path_per_floor":["M","M","?","M","$","E","R","M","T","E","M","?","R","E","R","B",null,"M","M","?","T","M","E","R","E","T","M","?","M","E","$","R_BF","B",null,"M","M","M","?","?","E","R","E","T","M","R","?","E","M","R","B","B",null],"character_chosen":"THE_SILENT","items_purchased":["Specialist","Anchor","ReplayTheSpireMod:Scrap Shanks","Thinking Ahead+1","Impatience+1"],"campfire_rested":0,"item_purchase_floors":[5,31,31,31,31],"current_hp_per_floor":[59,59,64,64,64,64,64,64,64,64,64,36,36,36,36,36,62,62,62,1,1,1,1,1,1,1,1,1,1,1,1,1,1,1,1,1,1,1,1,1,1,1,1,1,1,1,1,1,1,1,1],"gold":641,"neow_bonus":"","is_daily":false,"chose_seed":false,"campfire_upgraded":7,"win_rate":0.0,"timestamp":1609093318,"path_taken":["M","M","?","M","$","E","R","M","T","E","M","?","R","E","R","BOSS","M","M","?","?","M","E","R","E","T","M","?","M","E","$","R_BF","BOSS","M","M","M","?","?","E","R","E","T","M","R","?","E","M","R","BOSS","BOSS"],"items_purchased_type":["Card","Relic","Card","Card","Card"],"build_version":"2020-12-22","purchased_purges":0,"victory":true,"max_hp_per_floor":[66,66,71,71,71,71,71,71,71,71,71,71,71,71,71,71,71,71,71,1,1,1,1,1,1,1,1,1,1,1,1,1,1,1,1,1,1,1,1,1,1,1,1,1,1,1,1,1,1,1,1],"card_choices":[{"not_picked":["Backflip+1","Dagger Spray","hubris:Counter"],"picked":"SKIP","floor":1},{"not_picked":["Dagger Throw","Slice","Bane"],"picked":"SKIP","floor":2},{"not_picked":["ReplayTheSpireMod:From All Sides","Poisoned Stab"],"picked":"Cloak And Dagger+1","floor":4},{"not_picked":["Underhanded Strike","Noxious Fumes","ReplayTheSpireMod:The Works+1"],"picked":"SKIP","floor":6},{"not_picked":["hubris:SlightOfHand+1","Blade Dance+1"],"picked":"ReplayTheSpireMod:Shiv Toss+1","floor":8},{"not_picked":["Escape Plan+1","Glass Knife"],"picked":"Hidden Blade+1","floor":10},{"not_picked":["ReplayTheSpireMod:The Works+1","Flying Knee","Footwork"],"picked":"SKIP","floor":11},{"not_picked":["Infinite Blades","Dodge and Roll+1"],"picked":"Cloak And Dagger+1","floor":14},{"not_picked":["Die Die Die","ReplayTheSpireMod:From All Sides"],"picked":"Tools of the Trade","floor":16},{"not_picked":["Caltrops","Poisoned Stab","Flechettes+1"],"picked":"SKIP","floor":18},{"not_picked":["Quick Slash+1","hubris:SlightOfHand+1"],"picked":"Blade Dance+1","floor":19},{"not_picked":["ReplayTheSpireMod:From All Sides","Bouncing Flask+1"],"picked":"Hidden Blade+1","floor":22},{"not_picked":["Replay:Poison Smokescreen+1","Deflect+1","Acrobatics+1"],"picked":"SKIP","floor":23},{"not_picked":["Dagger Throw","Poisoned Stab"],"picked":"Hidden Blade+1","floor":25},{"not_picked":["Poisoned Stab","Backflip+1"],"picked":"Accuracy","floor":27},{"not_picked":["Deadly Poison+1","Fluid Movement"],"picked":"Prepared+1","floor":29},{"not_picked":["Blur+1","Flying Knee","Atom Bomb"],"picked":"SKIP","floor":30},{"not_picked":["Venomology+1","ReplayTheSpireMod:From All Sides"],"picked":"Tools of the Trade","floor":33},{"not_picked":["ReplayTheSpireMod:Speed Training+1","ReplayTheSpireMod:The Works+1"],"picked":"Prepared+1","floor":35},{"not_picked":["Underhanded Strike","Flying Knee"],"picked":"Prepared+1","floor":36},{"not_picked":["Prepared+1","ReplayTheSpireMod:Exploit Weakness+1"],"picked":"Cloak And Dagger+1","floor":37},{"not_picked":["Outmaneuver+1","Deadly Poison+1","Crippling Poison+1"],"picked":"SKIP","floor":40},{"not_picked":["Flechettes","Blade Dance+1"],"picked":"Hidden Blade+1","floor":42},{"not_picked":["Doppelganger+1","Leg Sweep+1"],"picked":"Blade Dance+1","floor":44},{"not_picked":["Predator","Backflip+1"],"picked":"hubris:Sniper+1","floor":46},{"not_picked":["Dagger Throw","Underhanded Strike"],"picked":"Terror+1","floor":47},{"not_picked":["Footwork","Acrobatics+1"],"picked":"Cloak And Dagger+1","floor":48}],"player_experience":203298,"relics_obtained":[{"floor":6,"key":"Mirror"},{"floor":9,"key":"CeramicFish"},{"floor":10,"key":"Replay:Rubber Ducky"},{"floor":14,"key":"InkBottle"},{"floor":21,"key":"Replay:WaspNest"},{"floor":23,"key":"Juzu Bracelet"},{"floor":25,"key":"Toy Ornithopter"},{"floor":26,"key":"Meat on the Bone"},{"floor":30,"key":"Sundial"},{"floor":32,"key":"Replay:Towering Pillar of Hats"},{"floor":38,"key":"Ring of Hypnosis"},{"floor":38,"key":"Ring of Fangs"},{"floor":40,"key":"Centennial Puzzle"},{"floor":42,"key":"hubris:ToyBattleship"},{"floor":43,"key":"ReplayTheSpireMod:Shallot"},{"floor":46,"key":"Dead Branch"},{"floor":47,"key":"Blue Candle"}],"event_choices":[{"damage_healed":0,"gold_gain":0,"player_choice":"Donut","damage_taken":0,"max_hp_gain":5,"max_hp_loss":0,"event_name":"Big Fish","floor":3,"gold_loss":0},{"damage_healed":0,"gold_gain":50,"player_choice":"Stole From Cult","damage_taken":0,"max_hp_gain":0,"max_hp_loss":0,"event_name":"Nest","floor":28,"gold_loss":0},{"cards_removed":["Clumsy"],"damage_healed":0,"gold_gain":0,"player_choice":"Purged","damage_taken":0,"max_hp_gain":0,"max_hp_loss":0,"event_name":"Purifier","floor":39,"gold_loss":0},{"damage_healed":0,"gold_gain":0,"player_choice":"Fight","damage_taken":0,"max_hp_gain":0,"max_hp_loss":0,"event_name":"Mysterious Sphere","floor":46,"gold_loss":0}],"is_beta":false,"boss_relics":[{"not_picked":["Cursed Key","Replay:Drink Me"],"picked":"Abe\u0027s Treasure"},{"not_picked":["hubris:CrackedHourglass","Painkiller Herb"],"picked":"Runic Dome"}],"items_purged_floors":[],"is_endless":false,"potions_floor_spawned":[2,10,16,23,25,29,30,35,36,37,47],"ascension_level":20}}