{"host":"1eo5f82aifdzd7pr","time":1609097853,"event":{"mods":["AchievementEnabler","BaseMod","Colored Map","Colored Powertips","DeckTracker","Minty Spire (QoL Compilation)","Remilia??????","SuperFastMode","The Servant 0.9.4"],"gold_per_floor":[111,211,223,223,223,223,242,242,242,131,131,144,160,181,181,326,326,341,376,291,312,331,331,364,24,24,24,49,63,63,79,79,210,210,231,231,250,271,295,295,330,355,355,355,379,404,417,417,417,417],"floor_reached":51,"playtime":4121,"items_purged":["Strike_S","Strike_S"],"score":720,"play_id":"9fcd955e-fde0-4acc-84a3-515a3170a36b","local_time":"20201227213733","is_ascension_mode":false,"campfire_choices":[{"data":"ShatteredReality","floor":6.0,"key":"SMITH"},{"data":"FlawlessForm","floor":8.0,"key":"SMITH"},{"floor":15.0,"key":"REST"},{"floor":23,"key":"REST"},{"data":"BottledTime","floor":30,"key":"SMITH"},{"data":"GearUp","floor":32,"key":"SMITH"},{"data":"Initiator","floor":40,"key":"SMITH"},{"data":"KidneyShot","floor":44,"key":"SMITH"},{"data":"SurpressingFire","floor":49,"key":"SMITH"}],"circlet_count":0,"master_deck":["Strike_S","Defend_S","Defend_S","Defend_S","KidneyShot+1","Exchange","Starlight","ShatteredReality+1","Rearm","FlawlessForm+1","SilverBlades","Contraction","Ricochet","Starlight","BottledTime","Snipe","InstantArmor","Potential","BottledTime+1","Misdirection","Barrier+1","SurpressingFire+1","DualDimension","Rearm+1","BottledTime+1","MoonPhase","GearUp+1","TheWorld","ShiftingGears+1","Initiator+1"],"relics":["Uniform","Golden Idol","Prayer Wheel","Happy Flower","Empty Cage","Red Mask","AntiCross","Sundial","Ornamental Fan","Pear","Gremlin Horn","Sozu","PocketWatch","Singing Bowl"],"acts_visited":["Exordium","TheCity","TheBeyond"],"potions_floor_usage":[19,33,33,41],"damage_taken":[{"damage":0.0,"enemies":"Cultist","floor":1.0,"turns":3.0},{"damage":0.0,"enemies":"Jaw Worm","floor":3.0,"turns":4.0},{"damage":0.0,"enemies":"Small Slimes","floor":7.0,"turns":3.0},{"damage":2.0,"enemies":"Blue Slaver","floor":12.0,"turns":5.0},{"damage":0.0,"enemies":"2 Fungi Beasts","floor":13.0,"turns":3.0},{"damage":8.0,"enemies":"Red Slaver","floor":14.0,"turns":2.0},{"damage":4.0,"enemies":"Slime Boss","floor":16.0,"turns":9.0},{"damage":20.0,"enemies":"2 Thieves","floor":18.0,"turns":3.0},{"damage":27,"enemies":"Masked Bandits","floor":19,"turns":4},{"damage":2,"enemies":"Shell Parasite","floor":21,"turns":3},{"damage":0,"enemies":"Cultist and Chosen","floor":22,"turns":4},{"damage":2,"enemies":"Book of Stabbing","floor":24,"turns":5},{"damage":0,"enemies":"Snake Plant","floor":28,"turns":4},{"damage":0,"enemies":"Snecko","floor":29,"turns":3},{"damage":0,"enemies":"Cultist and Chosen","floor":31,"turns":3},{"damage":3,"enemies":"Collector","floor":33,"turns":7},{"damage":36,"enemies":"3 Darklings","floor":35,"turns":4},{"damage":19,"enemies":"3 Shapes","floor":37,"turns":4},{"damage":0,"enemies":"Maw","floor":38,"turns":5},{"damage":0,"enemies":"Sphere and 2 Shapes","floor":39,"turns":3},{"damage":0,"enemies":"Reptomancer","floor":41,"turns":4},{"damage":0,"enemies":"Spire Growth","floor":42,"turns":3},{"damage":0,"enemies":"4 Shapes","floor":45,"turns":2},{"damage":0,"enemies":"Jaw Worm Horde","floor":46,"turns":3},{"damage":0,"enemies":"Transient","floor":47,"turns":5},{"damage":34,"enemies":"Donu and Deca","floor":50,"turns":8}],"seed_played":"7262483815696137323","potions_obtained":[{"floor":1.0,"key":"ColorlessPotion"},{"floor":3.0,"key":"Ancient Potion"},{"floor":13.0,"key":"SpeedPotion"},{"floor":18.0,"key":"EssenceOfSteel"},{"floor":21,"key":"SteroidPotion"},{"floor":33,"key":"Swift Potion"}],"is_trial":false,"path_per_floor":["M","?","M","?","?","R","M","R","T","$","?","M","M","M","R","B",null,"M","?","?","M","M","R","E","$","T","T","M","M","R","M","R","B",null,"M","?","M","M","M","R","E","M","T","R","M","M","M","?","R","B",null],"character_chosen":"THE_SERVANT","items_purchased":["SilverBlades","Ornamental Fan"],"campfire_rested":2,"item_purchase_floors":[10,25],"current_hp_per_floor":[71,71,71,54,42,42,42,42,42,42,42,40,40,32,53,49,71,51,24,24,22,22,43,41,41,51,51,51,51,51,51,51,48,81,45,91,72,72,72,72,72,72,72,72,76,80,84,84,84,50],"gold":417,"neow_bonus":"TEN_PERCENT_HP_BONUS","is_daily":false,"chose_seed":false,"campfire_upgraded":7,"win_rate":0.0,"timestamp":1609097853,"path_taken":["M","?","?","?","?","R","M","R","T","?","?","M","M","M","R","BOSS","M","?","?","M","M","R","E","$","T","?","M","M","R","M","R","BOSS","M","?","M","M","M","R","E","M","T","R","?","M","M","?","R","BOSS"],"items_purchased_type":["Card","Relic"],"build_version":"2020-12-22","purchased_purges":2,"victory":true,"max_hp_per_floor":[71,71,71,71,71,71,71,71,71,71,71,71,71,71,71,71,71,71,71,71,71,71,71,71,71,81,81,81,81,81,81,81,81,81,81,91,91,91,91,91,91,91,91,91,95,99,103,98,98,98],"card_choices":[{"not_picked":["StarChef","Misdirection"],"picked":"Starlight","floor":1.0},{"not_picked":["Rewind","Spin"],"picked":"ShatteredReality","floor":3.0},{"not_picked":["Sabotage","Alleviate"],"picked":"Rearm","floor":7.0},{"not_picked":["Spin","Alleviate"],"picked":"FlawlessForm","floor":7.0},{"not_picked":["Replace","Desolation"],"picked":"Contraction","floor":12.0},{"not_picked":["SpecialFormula","Spin"],"picked":"Ricochet","floor":12.0},{"not_picked":["Rearm","FlawlessForm"],"picked":"Starlight","floor":13.0},{"not_picked":["Revamp","FastForward"],"picked":"BottledTime","floor":13.0},{"not_picked":["FanOfKnives","Rewind"],"picked":"Snipe","floor":14.0},{"not_picked":["Alleviate","Ricochet","Starlight"],"picked":"SKIP","floor":14.0},{"not_picked":["PendulumOfEternity","Initiator"],"picked":"MurderousAura","floor":16.0},{"not_picked":["Reset+1","TimeWarp+1"],"picked":"InstantArmor","floor":18.0},{"not_picked":["SilverBlades+1","Ricochet+1"],"picked":"Potential","floor":18.0},{"not_picked":["Starlight+1","RealityMarble"],"picked":"BottledTime","floor":19},{"not_picked":["Spin","Sabotage+1"],"picked":"Misdirection","floor":21},{"not_picked":["Spin","DoubleEdge+1"],"picked":"Barrier+1","floor":21},{"not_picked":["Contraction","Replace"],"picked":"SurpressingFire","floor":22},{"not_picked":["Sabotage","RealityMarble","DoubleEdge"],"picked":"SKIP","floor":22},{"not_picked":["MurderousAura","Moonlight"],"picked":"DualDimension","floor":24},{"not_picked":["Unruled","Revamp"],"picked":"Rearm+1","floor":28},{"not_picked":["Sabotage+1","SilverBlades+1","Rearm"],"picked":"SKIP","floor":28},{"not_picked":["Rearm+1","Unruled"],"picked":"BottledTime+1","floor":29},{"not_picked":["BottledTime+1","Starlight+1"],"picked":"MoonPhase","floor":29},{"not_picked":["Potential+1","DoubleEdge+1"],"picked":"GearUp","floor":31},{"not_picked":["PendulumOfEternity","ShatteredReality","FastForward"],"picked":"SKIP","floor":31},{"not_picked":["Deny","MurderousAura"],"picked":"TheWorld","floor":33},{"not_picked":["BottledTime","Starlight+1"],"picked":"ShiftingGears+1","floor":35},{"not_picked":["Shuttle+1","FastForward+1","Collapse+1"],"picked":"SKIP","floor":35},{"not_picked":["Ricochet+1","Sabotage+1","RealityMarble"],"picked":"SKIP","floor":37},{"not_picked":["SurpressingFire","Unruled","Revamp"],"picked":"SKIP","floor":37},{"not_picked":["DoubleEdge+1","Rewind+1"],"picked":"Initiator","floor":38},{"not_picked":["Rewind","FanOfKnives+1","Unruled"],"picked":"SKIP","floor":38},{"not_picked":["TimeWarp+1","Dilation","Gouge"],"picked":"SKIP","floor":39},{"not_picked":["InstantArmor","Alleviate","Shuttle"],"picked":"SKIP","floor":39},{"not_picked":["RealityMarble","Rewind+1","Contraction"],"picked":"SKIP","floor":41},{"not_picked":["DoubleEdge+1","Starlight+1","Rearm"],"picked":"SKIP","floor":42},{"not_picked":["BottledTime","Foresight+1","ShatteredReality"],"picked":"SKIP","floor":42},{"not_picked":["Sabotage+1","Rearm","Defy"],"picked":"Singing Bowl","floor":45},{"not_picked":["WasteNot+1","Spin+1","Foresight"],"picked":"Singing Bowl","floor":45},{"not_picked":["Rearm+1","Replace","Revamp"],"picked":"Singing Bowl","floor":46},{"not_picked":["Barrier+1","Rearm+1","Starlight+1"],"picked":"Singing Bowl","floor":46},{"not_picked":["Revamp+1","Deny","Rewind"],"picked":"Singing Bowl","floor":47},{"not_picked":["Starlight","Alleviate+1","Revamp+1"],"picked":"Singing Bowl","floor":47}],"player_experience":709077,"relics_obtained":[{"floor":9.0,"key":"Happy Flower"},{"floor":19,"key":"Red Mask"},{"floor":24,"key":"Sundial"},{"floor":26,"key":"Pear"},{"floor":27,"key":"Gremlin Horn"},{"floor":41,"key":"PocketWatch"},{"floor":43,"key":"Singing Bowl"}],"event_choices":[{"damage_healed":0.0,"max_hp_gain":0.0,"max_hp_loss":0.0,"gold_gain":100.0,"event_name":"Golden Shrine","player_choice":"Pray","floor":2.0,"gold_loss":0.0,"damage_taken":0.0},{"damage_healed":0.0,"max_hp_gain":0.0,"max_hp_loss":0.0,"gold_gain":0.0,"event_name":"Golden Idol","player_choice":"Take Damage","floor":4.0,"gold_loss":0.0,"damage_taken":17.0,"relics_obtained":["Golden Idol"]},{"damage_healed":0.0,"max_hp_gain":0.0,"max_hp_loss":0.0,"gold_gain":0.0,"event_name":"Scrap Ooze","player_choice":"Success","floor":5.0,"gold_loss":0.0,"damage_taken":12.0,"relics_obtained":["Prayer Wheel"]},{"damage_healed":0.0,"max_hp_gain":0.0,"max_hp_loss":0.0,"gold_gain":0.0,"event_name":"Liars Game","player_choice":"Ignored","floor":11.0,"gold_loss":0.0,"damage_taken":0.0},{"damage_healed":0,"gold_gain":0,"player_choice":"Fought Bandits","damage_taken":0,"max_hp_gain":0,"max_hp_loss":0,"event_name":"Masked Bandits","floor":19,"gold_loss":0},{"damage_healed":0,"gold_gain":0,"player_choice":"Obtained Relic","damage_taken":0,"relics_obtained":["AntiCross"],"max_hp_gain":0,"max_hp_loss":0,"event_name":"Addict","floor":20,"gold_loss":85},{"cards_removed":["MurderousAura"],"damage_healed":36,"gold_gain":0,"player_choice":"Offered Rare","damage_taken":0,"max_hp_gain":10,"max_hp_loss":0,"event_name":"Bonfire Elementals","floor":36,"gold_loss":0},{"damage_healed":0,"gold_gain":0,"player_choice":"Max HP","damage_taken":0,"max_hp_gain":0,"max_hp_loss":5,"event_name":"Winding Halls","floor":48,"gold_loss":0}],"is_beta":false,"boss_relics":[{"not_picked":["Calling Bell","Velvet Choker"],"picked":"Empty Cage"},{"not_picked":["Black Star","Fusion Hammer"],"picked":"Sozu"}],"items_purged_floors":[10,25],"is_endless":false,"potions_floor_spawned":[1,3,13,18,21,22,28,33,37,39,42,45],"ascension_level":0}}