{"host":"3jjxuhjpio8e4zkv","time":1609106609,"event":{"mods":["BaseMod","Colored Map","Highlight Path","Minty Spire (QoL Compilation)","Permanent Neow","Relic Stats","StSLib"],"gold_per_floor":[110,160,175,192,212,212,230,230,257,284,284,44,72,72,72,143,443,460,57,67,67,86,86,114,127,209,134,134,134],"floor_reached":28,"playtime":1001,"items_purged":["Strike_P","Strike_P"],"score":646,"play_id":"0e98f4b0-3582-4e25-a29e-d8ae8ede3a90","local_time":"20201227170329","is_ascension_mode":true,"campfire_choices":[{"data":"BattleHymn","floor":6,"key":"SMITH"},{"data":"Conclude","floor":11,"key":"SMITH"},{"data":"Tantrum","floor":15,"key":"SMITH"},{"data":"Wallop","floor":23,"key":"SMITH"}],"circlet_count":0,"master_deck":["AscendersBane","Strike_P","Defend_P","Defend_P","Defend_P","Eruption","Vigilance","FlyingSleeves","WheelKick","BattleHymn+1","Tantrum+1","Conclude+1","Wallop+1","WaveOfTheHand+1","Protect","SpiritShield+1","Fasting2","BowlingBash+1","ThirdEye","Consecrate+1","FlurryOfBlows+1"],"relics":["PureWater","CloakClasp","Damaru","Omamori","Membership Card","Vajra","Calling Bell","Centennial Puzzle","Molten Egg 2","Old Coin","OrangePellets","Orichalcum","War Paint","FossilizedHelix","Sundial"],"acts_visited":["Exordium","TheCity"],"potions_floor_usage":[10,19,22,24,28,28],"damage_taken":[{"damage":2,"enemies":"Jaw Worm","floor":1,"turns":6},{"damage":0,"enemies":"Cultist","floor":3,"turns":3},{"damage":5,"enemies":"Small Slimes","floor":4,"turns":2},{"damage":0,"enemies":"Blue Slaver","floor":5,"turns":5},{"damage":3,"enemies":"3 Louse","floor":7,"turns":3},{"damage":0,"enemies":"Gremlin Nob","floor":10,"turns":3},{"damage":17,"enemies":"3 Sentries","floor":13,"turns":2},{"damage":0,"enemies":"Slime Boss","floor":16,"turns":4},{"damage":0,"enemies":"Chosen","floor":18,"turns":3},{"damage":5,"enemies":"3 Byrds","floor":20,"turns":5},{"damage":0,"enemies":"Cultist and Chosen","floor":22,"turns":3},{"damage":45,"enemies":"Book of Stabbing","floor":24,"turns":5},{"damage":0,"enemies":"Snecko","floor":25,"turns":4},{"damage":13,"enemies":"Gremlin Leader","floor":28,"turns":4}],"seed_played":"-1574399890836291343","potions_obtained":[{"floor":4,"key":"Strength Potion"},{"floor":5,"key":"Block Potion"},{"floor":8,"key":"Fruit Juice"},{"floor":16,"key":"LiquidMemories"},{"floor":22,"key":"PowerPotion"},{"floor":24,"key":"Explosive Potion"}],"is_trial":false,"path_per_floor":["M","?","M","M","M","R","M","?","T","E","R","$","E","?","R","B",null,"M","$","M","?","M","R","E","M","T","?","E"],"character_chosen":"WATCHER","items_purchased":["Membership Card","WaveOfTheHand","OrangePellets","Fasting2","Orichalcum","War Paint","BowlingBash+1","LiquidBronze"],"campfire_rested":0,"item_purchase_floors":[12,12,19,19,19,19,19,19],"current_hp_per_floor":[59,53,53,48,48,48,45,45,45,45,45,45,28,21,21,21,52,52,57,52,52,52,52,7,7,7,7,0,0],"gold":134,"neow_bonus":"ONE_RARE_RELIC","is_daily":false,"chose_seed":false,"campfire_upgraded":4,"win_rate":0.0,"timestamp":1609106609,"path_taken":["M","?","M","M","?","R","M","?","T","E","R","?","E","?","R","BOSS","M","$","M","?","M","R","E","M","T","?","E"],"items_purchased_type":["Relic","Card","Relic","Card","Relic","Relic","Card","Potion"],"build_version":"2020-12-22","purchased_purges":2,"victory":false,"max_hp_per_floor":[62,62,62,62,62,62,62,62,62,62,62,62,62,62,62,62,62,62,67,67,67,67,67,67,67,67,67,67,67],"relic_stats":{"OrangePellets":[3],"Centennial Puzzle":[9],"counters":[14,52],"Sundial":[0],"CloakClasp":[167],"Orichalcum":[36],"War Paint":["WaveOfTheHand","SpiritShield"],"obtain_stats":[{"Damaru":9,"Vajra":13,"CloakClasp":0,"Omamori":10,"Orichalcum":19,"War Paint":19,"Old Coin":17,"Calling Bell":17,"OrangePellets":19,"Centennial Puzzle":17,"Sundial":26,"Molten Egg 2":17,"Membership Card":12,"PureWater":0,"FossilizedHelix":24},{"Damaru":5,"Vajra":7,"CloakClasp":0,"Omamori":6,"Orichalcum":9,"War Paint":9,"Old Coin":8,"Calling Bell":8,"OrangePellets":9,"Centennial Puzzle":8,"Sundial":13,"Molten Egg 2":8,"Membership Card":6,"PureWater":0,"FossilizedHelix":12},{"Damaru":19,"Vajra":24,"CloakClasp":0,"Omamori":22,"Orichalcum":31,"War Paint":31,"Old Coin":28,"Calling Bell":28,"OrangePellets":31,"Centennial Puzzle":28,"Sundial":48,"Molten Egg 2":28,"Membership Card":22,"PureWater":0,"FossilizedHelix":44}]},"card_choices":[{"not_picked":["Pray","BowlingBash"],"picked":"FlyingSleeves","floor":1},{"not_picked":["SashWhip","CrushJoints"],"picked":"WheelKick","floor":3},{"not_picked":["JustLucky","Halt"],"picked":"BattleHymn","floor":4},{"not_picked":["EmptyFist","Prostrate"],"picked":"Tantrum","floor":5},{"not_picked":["EmptyBody","Nirvana"],"picked":"Conclude","floor":7},{"not_picked":["Evaluate","BattleHymn"],"picked":"Wallop","floor":10},{"not_picked":["Wireheading","FollowUp"],"picked":"Protect","floor":13},{"not_picked":["Omniscience","Devotion"],"picked":"SpiritShield","floor":16},{"not_picked":["ThirdEye","Crescendo","Judgement"],"picked":"SKIP","floor":18},{"not_picked":["EmptyMind","Collect"],"picked":"ThirdEye","floor":20},{"not_picked":["Study","Weave+1","Crescendo"],"picked":"SKIP","floor":22},{"not_picked":["EmptyFist+1","EmptyBody"],"picked":"Consecrate+1","floor":24},{"not_picked":["Perseverance","InnerPeace"],"picked":"FlurryOfBlows+1","floor":25}],"player_experience":1120917,"relics_obtained":[{"floor":9,"key":"Damaru"},{"floor":10,"key":"Omamori"},{"floor":13,"key":"Vajra"},{"floor":17,"key":"Centennial Puzzle"},{"floor":17,"key":"Molten Egg 2"},{"floor":17,"key":"Old Coin"},{"floor":24,"key":"FossilizedHelix"},{"floor":26,"key":"Sundial"}],"event_choices":[{"damage_healed":0,"gold_gain":50,"player_choice":"Touch","damage_taken":6,"max_hp_gain":0,"max_hp_loss":0,"event_name":"FaceTrader","floor":2,"gold_loss":0},{"damage_healed":0,"gold_gain":0,"player_choice":"Got Potions","damage_taken":0,"max_hp_gain":0,"max_hp_loss":0,"event_name":"Lab","floor":8,"gold_loss":0},{"cards_removed":["Strike_P"],"damage_healed":0,"gold_gain":0,"player_choice":"Card Removal","damage_taken":7,"max_hp_gain":0,"max_hp_loss":0,"event_name":"Golden Wing","floor":14,"gold_loss":0},{"damage_healed":0,"gold_gain":0,"player_choice":"Ignored","damage_taken":0,"max_hp_gain":0,"max_hp_loss":0,"event_name":"The Mausoleum","floor":21,"gold_loss":0},{"cards_removed":["Defend_P"],"damage_healed":0,"gold_gain":0,"player_choice":"Gave Gold","damage_taken":0,"max_hp_gain":0,"max_hp_loss":0,"event_name":"Beggar","floor":27,"gold_loss":75}],"is_beta":false,"boss_relics":[{"not_picked":["Velvet Choker","Tiny House"],"picked":"Calling Bell"}],"items_purged_floors":[12,19],"is_endless":false,"potions_floor_spawned":[4,5,7,16,22,24],"killed_by":"Gremlin Leader","ascension_level":20}}