{"host":"vumwfieg2b2mnrfl","time":1609039359,"event":{"mods":["AchievementEnabler","BaseMod","Minty Spire (QoL Compilation)","Rare Cards Sparkle","Relic Stats"],"gold_per_floor":[117,129,129,140,151,180,154,187,266,266,277,277,302,55,55,55,55],"floor_reached":16,"playtime":543,"items_purged":[],"score":210,"play_id":"dfe516c2-a2ce-4b9a-9da0-f005ca42cb03","local_time":"20201226212239","is_ascension_mode":true,"campfire_choices":[{"data":"Armaments","floor":10,"key":"SMITH"},{"data":"Bash","floor":12,"key":"SMITH"},{"data":"Disarm","floor":15,"key":"SMITH"}],"circlet_count":0,"master_deck":["AscendersBane","Strike_R","Strike_R","Strike_R","Strike_R","Defend_R","Defend_R","Defend_R","Defend_R","Bash+1","Metamorphosis","Metallicize","Armaments+1","Feel No Pain","Headbutt","Shrug It Off","Metallicize","Disarm+1"],"relics":["Burning Blood","TungstenRod","Unceasing Top","Mummified Hand","Nunchaku","Kunai"],"acts_visited":["Exordium"],"potions_floor_usage":[2],"damage_taken":[{"damage":4,"enemies":"Jaw Worm","floor":1,"turns":3},{"damage":0,"enemies":"Cultist","floor":2,"turns":2},{"damage":7,"enemies":"Small Slimes","floor":4,"turns":4},{"damage":19,"enemies":"3 Louse","floor":5,"turns":3},{"damage":11,"enemies":"Lagavulin","floor":6,"turns":8},{"damage":22,"enemies":"3 Sentries","floor":8,"turns":11},{"damage":8,"enemies":"Red Slaver","floor":11,"turns":4},{"damage":13,"enemies":"Lagavulin","floor":13,"turns":8},{"damage":26,"enemies":"The Guardian","floor":16,"turns":2}],"seed_played":"4125013887668335288","potions_obtained":[{"floor":2,"key":"Fruit Juice"},{"floor":11,"key":"Dexterity Potion"},{"floor":13,"key":"GamblersBrew"}],"is_trial":false,"path_per_floor":["M","M","?","M","M","E","$","E","T","R","M","R","E","$","R","B"],"character_chosen":"IRONCLAD","items_purchased":["Shrug It Off","Kunai"],"campfire_rested":0,"item_purchase_floors":[7,14],"current_hp_per_floor":[52,63,63,62,49,44,44,28,28,28,26,26,19,19,19,0,0],"gold":55,"neow_bonus":"RANDOM_COLORLESS_2","is_daily":false,"chose_seed":false,"campfire_upgraded":3,"win_rate":0.0,"timestamp":1609039359,"path_taken":["M","M","?","?","M","E","$","E","T","R","M","R","E","$","R","BOSS"],"items_purchased_type":["Card","Relic"],"build_version":"2020-12-22","purchased_purges":0,"victory":false,"max_hp_per_floor":[75,80,80,80,80,80,80,80,80,80,80,80,80,80,80,80,80],"relic_stats":{"Nunchaku":[0],"counters":[9,45],"Mummified Hand":[7],"Kunai":[0],"obtain_stats":[{"Nunchaku":13,"Mummified Hand":9,"Kunai":14,"Burning Blood":0,"TungstenRod":6,"Unceasing Top":8},{"Nunchaku":8,"Mummified Hand":6,"Kunai":8,"Burning Blood":0,"TungstenRod":5,"Unceasing Top":6},{"Nunchaku":43,"Mummified Hand":31,"Kunai":43,"Burning Blood":0,"TungstenRod":20,"Unceasing Top":31}],"Burning Blood":48,"TungstenRod":10,"Unceasing Top":[1]},"card_choices":[{"not_picked":["Secret Technique","Master of Strategy"],"picked":"Metamorphosis","floor":0},{"not_picked":["Body Slam","Power Through"],"picked":"Metallicize","floor":1},{"not_picked":["Body Slam","Heavy Blade"],"picked":"Armaments","floor":2},{"not_picked":["Havoc","Flex","Wild Strike"],"picked":"SKIP","floor":4},{"not_picked":["Iron Wave","Thunderclap"],"picked":"Feel No Pain","floor":5},{"not_picked":["Berserk","Clash"],"picked":"Headbutt","floor":6},{"not_picked":["Anger","Warcry","Havoc"],"picked":"SKIP","floor":8},{"not_picked":["Havoc","Dual Wield"],"picked":"Metallicize","floor":11},{"not_picked":["Offering","Metallicize"],"picked":"Disarm","floor":13}],"player_experience":316588,"relics_obtained":[{"floor":6,"key":"TungstenRod"},{"floor":8,"key":"Unceasing Top"},{"floor":9,"key":"Mummified Hand"},{"floor":13,"key":"Nunchaku"}],"event_choices":[{"cards_removed":["Strike_R"],"damage_healed":0,"gold_gain":0,"player_choice":"Purged","damage_taken":0,"max_hp_gain":0,"max_hp_loss":0,"event_name":"Purifier","floor":3,"gold_loss":0}],"is_beta":false,"boss_relics":[],"items_purged_floors":[],"is_endless":false,"potions_floor_spawned":[2,11,13],"killed_by":"The Guardian","ascension_level":15}}