{"host":"dcj2yvrgcvh5dl2s","time":1609051388,"event":{"mods":["BaseMod","Better Note","Block Reminder","Colored Powertips","DeckTracker","Minty Spire (QoL Compilation)","Quick Restart","Rare Cards Sparkle","Relic Stats","StSLib"],"gold_per_floor":[117,267,287,303,15,15,15,49,73,73,108,8,8,27,27,101,101,119,136,153,13,13,13,46,46,46,61,87,31,31,31,31,108,108,126,126,139,139,0,26,41,41,41,71,71,71],"floor_reached":45,"playtime":1167,"items_purged":["Doubt","Bash"],"score":1021,"play_id":"8fdf32ef-4ea2-44e1-af20-682e2c87c289","local_time":"20201227164308","is_ascension_mode":true,"campfire_choices":[{"data":"Uppercut","floor":6.0,"key":"SMITH"},{"floor":13.0,"key":"REST"},{"floor":15.0,"key":"REST"},{"data":"Body Slam","floor":23.0,"key":"SMITH"},{"floor":30.0,"key":"REST"},{"data":"Body Slam","floor":32.0,"key":"SMITH"},{"data":"Berserk","floor":42,"key":"SMITH"}],"circlet_count":0,"master_deck":["AscendersBane","Strike_R+1","Strike_R+1","Strike_R+1","Strike_R+1","Defend_R+1","Defend_R+1","Defend_R+1","Defend_R+1","Uppercut+1","Shrug It Off","Heavy Blade+1","Dropkick","Barricade","Dropkick","Body Slam+1","Metallicize","Body Slam","Body Slam+1","Berserk+1","Flame Barrier","Armaments+1","Shrug It Off+1","Pain","Flame Barrier"],"relics":["Burning Blood","NeowsBlessing","Sling","Toy Ornithopter","Red Skull","Gremlin Horn","Sozu","Nunchaku","Bag of Preparation","Mercury Hourglass","Vajra","Cursed Key","Red Mask","Peace Pipe","HornCleat","Smiling Mask"],"acts_visited":["Exordium","TheCity","TheBeyond"],"potions_floor_usage":[],"damage_taken":[{"damage":0.0,"enemies":"Jaw Worm","floor":1.0,"turns":1.0},{"damage":0.0,"enemies":"2 Louse","floor":3.0,"turns":1.0},{"damage":0.0,"enemies":"Small Slimes","floor":4.0,"turns":1.0},{"damage":25.0,"enemies":"Lagavulin","floor":8.0,"turns":5.0},{"damage":29.0,"enemies":"3 Sentries","floor":11.0,"turns":7.0},{"damage":16.0,"enemies":"Gremlin Gang","floor":14.0,"turns":4.0},{"damage":67.0,"enemies":"The Guardian","floor":16.0,"turns":10.0},{"damage":15.0,"enemies":"2 Thieves","floor":18.0,"turns":4.0},{"damage":18.0,"enemies":"3 Byrds","floor":19.0,"turns":6.0},{"damage":13.0,"enemies":"Snecko","floor":20.0,"turns":4.0},{"damage":32.0,"enemies":"Slavers","floor":24.0,"turns":4.0},{"damage":4.0,"enemies":"Chosen and Byrds","floor":27.0,"turns":4.0},{"damage":0.0,"enemies":"Gremlin Leader","floor":28.0,"turns":4.0},{"damage":30,"enemies":"Automaton","floor":33,"turns":9},{"damage":47,"enemies":"3 Darklings","floor":35,"turns":4},{"damage":0,"enemies":"Orb Walker","floor":37,"turns":2},{"damage":13,"enemies":"Giant Head","floor":40,"turns":7},{"damage":0,"enemies":"Spire Growth","floor":41,"turns":5},{"damage":8,"enemies":"Reptomancer","floor":44,"turns":4},{"damage":68,"enemies":"Transient","floor":45,"turns":5}],"seed_played":"8657509838547125025","potions_obtained":[{"floor":1.0,"key":"SpeedPotion"},{"floor":4.0,"key":"Fire Potion"},{"floor":8.0,"key":"AttackPotion"},{"floor":11.0,"key":"SteroidPotion"}],"is_trial":false,"path_per_floor":["M","?","M","M","$","R","?","E","T","?","E","$","R","M","R","B",null,"M","M","M","$","?","R","E","T","T","M","E","$","R","$","R","B",null,"M","?","M","?","?","E","M","R","T","E","M"],"character_chosen":"IRONCLAD","items_purchased":["Sling","Heavy Blade","Body Slam","Metallicize","Body Slam"],"campfire_rested":3,"item_purchase_floors":[5,5,21,21,29],"current_hp_per_floor":[74,74,75,75,75,75,75,56,56,52,34,34,56,46,68,12,59,55,43,36,36,36,36,10,10,10,12,18,18,40,40,40,16,60,19,19,25,61,61,54,60,60,60,58,0,0],"gold":71,"neow_bonus":"THREE_ENEMY_KILL","is_daily":false,"chose_seed":false,"campfire_upgraded":4,"win_rate":0.0,"timestamp":1609051388,"path_taken":["M","?","M","M","$","R","?","E","T","?","E","$","R","M","R","BOSS","M","?","M","$","?","R","E","?","T","M","E","$","R","?","R","BOSS","M","?","M","?","?","E","M","R","T","E","?"],"items_purchased_type":["Relic","Card","Card","Card","Card"],"build_version":"2020-12-22","purchased_purges":2,"victory":false,"max_hp_per_floor":[75,75,75,75,75,75,75,75,75,75,75,75,75,75,75,75,75,75,75,75,75,75,75,75,75,75,75,75,75,75,75,75,75,75,75,75,75,61,61,61,61,61,61,61,61,61],"relic_stats":{"Sozu":2,"Peace Pipe":0,"Nunchaku":[11],"Gremlin Horn":[22,22],"counters":[20,91],"Bag of Preparation":[18],"Cursed Key":1,"Smiling Mask":0,"obtain_stats":[{"NeowsBlessing":0,"Gremlin Horn":11,"Vajra":28,"Bag of Preparation":25,"Sling":5,"Cursed Key":34,"Smiling Mask":44,"Burning Blood":0,"Mercury Hourglass":26,"Sozu":17,"Peace Pipe":40,"Nunchaku":24,"HornCleat":43,"Red Mask":39,"Toy Ornithopter":8,"Red Skull":9},{"NeowsBlessing":0,"Gremlin Horn":5,"Vajra":13,"Bag of Preparation":11,"Sling":3,"Cursed Key":14,"Smiling Mask":19,"Burning Blood":0,"Mercury Hourglass":11,"Sozu":7,"Peace Pipe":17,"Nunchaku":11,"HornCleat":18,"Red Mask":16,"Toy Ornithopter":4,"Red Skull":4},{"NeowsBlessing":0,"Gremlin Horn":15,"Vajra":55,"Bag of Preparation":47,"Sling":3,"Cursed Key":64,"Smiling Mask":86,"Burning Blood":0,"Mercury Hourglass":47,"Sozu":29,"Peace Pipe":77,"Nunchaku":47,"HornCleat":82,"Red Mask":70,"Toy Ornithopter":8,"Red Skull":8}],"Burning Blood":103,"Toy Ornithopter":15,"Mercury Hourglass":[189]},"card_choices":[{"not_picked":["Warcry","Reckless Charge"],"picked":"Uppercut","floor":1.0},{"not_picked":["Body Slam","Bloodletting"],"picked":"Shrug It Off","floor":3.0},{"not_picked":["Power Through","Hemokinesis","Rampage"],"picked":"SKIP","floor":4.0},{"not_picked":["Headbutt","Warcry","Sever Soul"],"picked":"SKIP","floor":8.0},{"not_picked":["Demon Form","Warcry"],"picked":"Dropkick","floor":11.0},{"not_picked":["Uppercut","Headbutt","Rage"],"picked":"SKIP","floor":14.0},{"not_picked":["Impervious","Demon Form"],"picked":"Barricade","floor":16.0},{"not_picked":["Wild Strike","Dark Embrace+1"],"picked":"Dropkick","floor":18.0},{"not_picked":["Wild Strike","Armaments","Iron Wave+1"],"picked":"SKIP","floor":19.0},{"not_picked":["Armaments","Heavy Blade","Havoc"],"picked":"SKIP","floor":20.0},{"not_picked":["Feel No Pain","Headbutt","Juggernaut"],"picked":"SKIP","floor":24.0},{"not_picked":["True Grit","Evolve","Havoc"],"picked":"SKIP","floor":27.0},{"not_picked":["Infernal Blade","Sever Soul"],"picked":"Body Slam","floor":28.0},{"not_picked":["Barricade","Immolate"],"picked":"Berserk","floor":33},{"not_picked":["Wild Strike+1","Dark Embrace"],"picked":"Flame Barrier","floor":35},{"not_picked":["Wild Strike","Anger","Spot Weakness"],"picked":"SKIP","floor":37},{"not_picked":["Carnage","Clothesline"],"picked":"Armaments+1","floor":40},{"not_picked":["Flex","Perfected Strike"],"picked":"Shrug It Off+1","floor":41},{"not_picked":["Sword Boomerang","Power Through+1"],"picked":"Flame Barrier","floor":44}],"player_experience":2059033,"relics_obtained":[{"floor":8.0,"key":"Toy Ornithopter"},{"floor":9.0,"key":"Red Skull"},{"floor":11.0,"key":"Gremlin Horn"},{"floor":24.0,"key":"Nunchaku"},{"floor":25.0,"key":"Bag of Preparation"},{"floor":26.0,"key":"Mercury Hourglass"},{"floor":28.0,"key":"Vajra"},{"floor":40,"key":"Peace Pipe"},{"floor":43,"key":"HornCleat"},{"floor":44,"key":"Smiling Mask"}],"event_choices":[{"damage_healed":0.0,"max_hp_gain":0.0,"max_hp_loss":0.0,"gold_gain":150.0,"event_name":"Liars Game","player_choice":"AGREE","floor":2.0,"gold_loss":0.0,"damage_taken":0.0,"cards_obtained":["Doubt"]},{"damage_healed":0.0,"max_hp_gain":0.0,"max_hp_loss":0.0,"gold_gain":0.0,"event_name":"Living Wall","player_choice":"Grow","floor":7.0,"gold_loss":0.0,"damage_taken":0.0,"cards_upgraded":["Heavy Blade"]},{"damage_healed":0.0,"max_hp_gain":0.0,"max_hp_loss":0.0,"gold_gain":0.0,"event_name":"The Woman in Blue","player_choice":"Bought 0 Potions","floor":10.0,"gold_loss":0.0,"damage_taken":0.0},{"damage_healed":0.0,"max_hp_gain":0.0,"max_hp_loss":0.0,"gold_gain":0.0,"event_name":"Back to Basics","player_choice":"Simplicity","floor":22.0,"gold_loss":0.0,"damage_taken":0.0,"cards_upgraded":["Strike_R","Strike_R","Strike_R","Strike_R","Strike_R","Defend_R","Defend_R","Defend_R","Defend_R"]},{"cards_removed":["Strike_R"],"damage_healed":0,"gold_gain":0,"player_choice":"Removed Attack","damage_taken":0,"max_hp_gain":0,"max_hp_loss":0,"event_name":"Falling","floor":36,"gold_loss":0},{"damage_healed":61,"gold_gain":0,"player_choice":"Heal","damage_taken":0,"max_hp_gain":0,"max_hp_loss":14,"event_name":"The Moai Head","floor":38,"gold_loss":0},{"damage_healed":0,"gold_gain":0,"player_choice":"Paid","damage_taken":0,"relics_obtained":["Red Mask"],"max_hp_gain":0,"max_hp_loss":0,"event_name":"Tomb of Lord Red Mask","floor":39,"gold_loss":139}],"is_beta":false,"boss_relics":[{"not_picked":["Runic Pyramid","Fusion Hammer"],"picked":"Sozu"},{"not_picked":["Runic Dome","Runic Cube"],"picked":"Cursed Key"}],"items_purged_floors":[5,12],"is_endless":false,"potions_floor_spawned":[1,4,8,11,24,28],"killed_by":"Transient","ascension_level":16}}