{"host":"dcj2yvrgcvh5dl2s","time":1609062358,"event":{"mods":["BaseMod","Better Note","Block Reminder","Colored Powertips","DeckTracker","Minty Spire (QoL Compilation)","Quick Restart","Rare Cards Sparkle","Relic Stats","StSLib"],"gold_per_floor":[112,129,279,204,204,204,538,538,609,626,655,655,655,670,670,742,742,762,762,774,774,125,125,150,150,150,185,203,214,241,241,241,320,320,335,351,89,114,125,157,170,170,196,231,243,277,277,288,288,288],"floor_reached":51,"playtime":1614,"items_purged":["Doubt","Parasite"],"score":1520,"play_id":"124899b0-9c72-4fad-bb2e-a32131eb56e8","local_time":"20201227194558","is_ascension_mode":true,"campfire_choices":[{"data":"Thunderclap","floor":6,"key":"SMITH"},{"data":"Whirlwind","floor":8,"key":"SMITH"},{"floor":13,"key":"REST"},{"data":"Flex","floor":15,"key":"SMITH"},{"floor":23,"key":"REST"},{"data":"1","floor":25,"key":"LIFT"},{"floor":32,"key":"REST"},{"data":"2","floor":42,"key":"LIFT"},{"data":"3","floor":49,"key":"LIFT"}],"circlet_count":0,"master_deck":["AscendersBane","Strike_R","Strike_R","Strike_R","Strike_R","Defend_R","Defend_R","Defend_R","Defend_R","Bash","Thunderclap+1","Flex+1","Whirlwind+1","Flex+1","Inflame","Offering","CurseOfTheBell","Heavy Blade","Shrug It Off","Offering","Infernal Blade","Reaper","Panacea","Flex","Shrug It Off","Battle Trance"],"relics":["Burning Blood","Charon\u0027s Ashes","Old Coin","Kunai","PreservedInsect","Calling Bell","Centennial Puzzle","Pantograph","Girya","Sling","Orichalcum","Happy Flower","TungstenRod","Eternal Feather","StrikeDummy","Oddly Smooth Stone","Busted Crown","Akabeko","Champion Belt","Thread and Needle","Ancient Tea Set","Nunchaku","Boot"],"acts_visited":["Exordium","TheCity","TheBeyond"],"potions_floor_usage":[11,11,16,16,28,28,33,50,50],"damage_taken":[{"damage":1,"enemies":"2 Louse","floor":1,"turns":3},{"damage":6,"enemies":"Cultist","floor":2,"turns":3},{"damage":30,"enemies":"3 Sentries","floor":7,"turns":6},{"damage":8,"enemies":"Small Slimes","floor":10,"turns":2},{"damage":30,"enemies":"Lagavulin","floor":11,"turns":6},{"damage":0,"enemies":"Gremlin Gang","floor":14,"turns":1},{"damage":41,"enemies":"The Guardian","floor":16,"turns":9},{"damage":6,"enemies":"3 Byrds","floor":18,"turns":2},{"damage":17,"enemies":"Spheric Guardian","floor":20,"turns":3},{"damage":24,"enemies":"Gremlin Leader","floor":24,"turns":2},{"damage":21,"enemies":"Slavers","floor":27,"turns":2},{"damage":11,"enemies":"Snecko","floor":28,"turns":3},{"damage":13,"enemies":"Shelled Parasite and Fungi","floor":29,"turns":2},{"damage":0,"enemies":"Gremlin Leader","floor":30,"turns":3},{"damage":41,"enemies":"Collector","floor":33,"turns":5},{"damage":10,"enemies":"3 Shapes","floor":35,"turns":1},{"damage":10,"enemies":"Orb Walker","floor":36,"turns":1},{"damage":25,"enemies":"Mind Bloom Boss Battle","floor":38,"turns":4},{"damage":18,"enemies":"Transient","floor":39,"turns":5},{"damage":22,"enemies":"Nemesis","floor":40,"turns":3},{"damage":0,"enemies":"Jaw Worm Horde","floor":41,"turns":1},{"damage":5,"enemies":"Reptomancer","floor":44,"turns":3},{"damage":26,"enemies":"Sphere and 2 Shapes","floor":45,"turns":1},{"damage":33,"enemies":"Nemesis","floor":46,"turns":5},{"damage":9,"enemies":"4 Shapes","floor":48,"turns":1},{"damage":42,"enemies":"Donu and Deca","floor":50,"turns":4}],"seed_played":"4799870536249496242","potions_obtained":[{"floor":1,"key":"Weak Potion"},{"floor":7,"key":"SkillPotion"},{"floor":11,"key":"BlessingOfTheForge"},{"floor":14,"key":"SpeedPotion"},{"floor":27,"key":"Energy Potion"},{"floor":28,"key":"BloodPotion"},{"floor":29,"key":"Block Potion"},{"floor":38,"key":"Weak Potion"},{"floor":39,"key":"ElixirPotion"},{"floor":40,"key":"FearPotion"}],"is_trial":false,"path_per_floor":["M","M","?","$","?","R","E","R","T","M","E","?","R","M","R","B",null,"M","?","M","?","$","R","E","R","T","E","M","M","E","?","R","B",null,"M","M","$","?","M","E","M","R","T","E","M","E","?","M","R","B",null],"character_chosen":"IRONCLAD","items_purchased":["Sling","Orichalcum","Shrug It Off","Happy Flower","Akabeko","Panacea"],"campfire_rested":3,"item_purchase_floors":[22,22,22,22,37,37],"current_hp_per_floor":[73,73,73,73,73,73,49,49,49,47,23,23,45,51,51,16,60,60,60,49,28,28,51,33,33,33,18,28,21,27,27,62,42,68,76,72,72,71,74,58,64,77,77,77,68,50,50,47,62,58],"gold":288,"neow_bonus":"ONE_RARE_RELIC","is_daily":false,"chose_seed":false,"campfire_upgraded":3,"win_rate":0.0,"timestamp":1609062358,"path_taken":["M","M","?","$","?","R","E","R","T","?","E","?","R","?","R","BOSS","M","?","M","?","$","R","E","R","T","E","M","M","E","?","R","BOSS","M","M","$","?","M","E","M","R","T","E","M","E","?","M","R","BOSS"],"items_purchased_type":["Relic","Relic","Card","Relic","Relic","Card"],"build_version":"2020-12-22","purchased_purges":2,"victory":true,"max_hp_per_floor":[75,75,75,75,75,75,75,75,75,75,75,75,75,75,75,75,75,75,75,75,80,77,77,77,77,77,77,77,77,77,77,77,77,77,77,77,77,77,77,77,77,77,77,77,77,77,77,77,77,77],"relic_stats":{"Happy Flower":[15],"counters":[26,81],"Eternal Feather":40,"Charon\u0027s Ashes":[234],"PreservedInsect":299,"Orichalcum":[114],"Boot":[0],"Burning Blood":155,"Centennial Puzzle":[51],"Nunchaku":[2],"Busted Crown":20,"Pantograph":35,"Kunai":[18],"Champion Belt":[12],"obtain_stats":[{"Girya":17,"Happy Flower":22,"Oddly Smooth Stone":30,"Eternal Feather":26,"Thread and Needle":40,"Charon\u0027s Ashes":0,"PreservedInsect":11,"Orichalcum":22,"Sling":22,"Ancient Tea Set":43,"Boot":46,"Burning Blood":0,"Akabeko":37,"Old Coin":7,"Calling Bell":17,"Centennial Puzzle":17,"Nunchaku":44,"Busted Crown":34,"Pantograph":17,"Kunai":9,"Champion Belt":38,"StrikeDummy":27,"TungstenRod":24},{"Girya":7,"Happy Flower":9,"Oddly Smooth Stone":14,"Eternal Feather":10,"Thread and Needle":20,"Charon\u0027s Ashes":0,"PreservedInsect":5,"Orichalcum":9,"Sling":9,"Ancient Tea Set":21,"Boot":24,"Burning Blood":0,"Akabeko":17,"Old Coin":3,"Calling Bell":7,"Centennial Puzzle":7,"Nunchaku":22,"Busted Crown":15,"Pantograph":7,"Kunai":3,"Champion Belt":18,"StrikeDummy":11,"TungstenRod":10},{"Girya":30,"Happy Flower":35,"Oddly Smooth Stone":47,"Eternal Feather":37,"Thread and Needle":66,"Charon\u0027s Ashes":0,"PreservedInsect":20,"Orichalcum":35,"Sling":35,"Ancient Tea Set":67,"Boot":76,"Burning Blood":0,"Akabeko":54,"Old Coin":12,"Calling Bell":30,"Centennial Puzzle":30,"Nunchaku":70,"Busted Crown":52,"Pantograph":30,"Kunai":12,"Champion Belt":58,"StrikeDummy":39,"TungstenRod":37}],"TungstenRod":50},"card_choices":[{"not_picked":["Warcry","True Grit"],"picked":"Thunderclap","floor":1},{"not_picked":["Combust","Evolve"],"picked":"Flex","floor":2},{"not_picked":["Wild Strike","Perfected Strike"],"picked":"Whirlwind","floor":7},{"not_picked":["Sever Soul","Dropkick"],"picked":"Flex","floor":10},{"not_picked":["Uppercut","Metallicize"],"picked":"Inflame","floor":11},{"not_picked":["Spot Weakness","Iron Wave","Headbutt"],"picked":"SKIP","floor":14},{"not_picked":["Berserk","Fiend Fire"],"picked":"Offering","floor":16},{"not_picked":["Rage","Body Slam","Rampage"],"picked":"SKIP","floor":18},{"not_picked":["Headbutt","Sword Boomerang"],"picked":"Heavy Blade","floor":20},{"not_picked":["Headbutt","Searing Blow"],"picked":"Offering","floor":24},{"not_picked":["Sever Soul","Feel No Pain","Reckless Charge"],"picked":"SKIP","floor":27},{"not_picked":["Anger","Havoc+1"],"picked":"Infernal Blade","floor":28},{"not_picked":["Spot Weakness","Blood for Blood","Pommel Strike"],"picked":"SKIP","floor":29},{"not_picked":["Thunderclap","Warcry","Burning Pact"],"picked":"SKIP","floor":30},{"not_picked":["Berserk","Juggernaut"],"picked":"Reaper","floor":33},{"not_picked":["Thunderclap"],"picked":"SKIP","floor":35},{"not_picked":["Clothesline"],"picked":"SKIP","floor":36},{"not_picked":["Blood for Blood"],"picked":"SKIP","floor":39},{"not_picked":["Blood for Blood+1"],"picked":"SKIP","floor":40},{"not_picked":[],"picked":"Flex","floor":41},{"not_picked":[],"picked":"Shrug It Off","floor":44},{"not_picked":["Second Wind"],"picked":"SKIP","floor":45},{"not_picked":[],"picked":"Battle Trance","floor":46},{"not_picked":["Clash+1"],"picked":"SKIP","floor":48}],"player_experience":2059033,"relics_obtained":[{"floor":7,"key":"Old Coin"},{"floor":9,"key":"Kunai"},{"floor":11,"key":"PreservedInsect"},{"floor":17,"key":"Centennial Puzzle"},{"floor":17,"key":"Pantograph"},{"floor":17,"key":"Girya"},{"floor":24,"key":"TungstenRod"},{"floor":26,"key":"Eternal Feather"},{"floor":27,"key":"StrikeDummy"},{"floor":30,"key":"Oddly Smooth Stone"},{"floor":38,"key":"Champion Belt"},{"floor":40,"key":"Thread and Needle"},{"floor":43,"key":"Ancient Tea Set"},{"floor":44,"key":"Nunchaku"},{"floor":46,"key":"Boot"}],"event_choices":[{"damage_healed":0,"gold_gain":150,"player_choice":"AGREE","damage_taken":0,"max_hp_gain":0,"max_hp_loss":0,"event_name":"Liars Game","floor":3,"gold_loss":0,"cards_obtained":["Doubt"]},{"damage_healed":0,"gold_gain":0,"player_choice":"Forge","damage_taken":0,"max_hp_gain":0,"max_hp_loss":0,"event_name":"Accursed Blacksmith","floor":5,"gold_loss":0,"cards_upgraded":["Flex"]},{"damage_healed":0,"gold_gain":0,"cards_transformed":["Strike_R"],"player_choice":"Transformed","damage_taken":0,"max_hp_gain":0,"max_hp_loss":0,"event_name":"Transmorgrifier","floor":12,"gold_loss":0,"cards_obtained":["Wild Strike"]},{"damage_healed":0,"gold_gain":0,"player_choice":"Ignored","damage_taken":0,"max_hp_gain":0,"max_hp_loss":0,"event_name":"Ghosts","floor":19,"gold_loss":0},{"damage_healed":0,"gold_gain":0,"player_choice":"Shed Blood","damage_taken":26,"max_hp_gain":5,"max_hp_loss":0,"event_name":"Forgotten Altar","floor":21,"gold_loss":0},{"damage_healed":0,"gold_gain":0,"player_choice":"Ignored","damage_taken":0,"max_hp_gain":0,"max_hp_loss":0,"event_name":"Vampires","floor":31,"gold_loss":0},{"damage_healed":0,"gold_gain":0,"player_choice":"Fight","damage_taken":0,"max_hp_gain":0,"max_hp_loss":0,"event_name":"MindBloom","floor":38,"gold_loss":0},{"cards_removed":["Wild Strike"],"damage_healed":0,"gold_gain":0,"player_choice":"Purged","damage_taken":0,"max_hp_gain":0,"max_hp_loss":0,"event_name":"Purifier","floor":47,"gold_loss":0}],"is_beta":false,"boss_relics":[{"not_picked":["Fusion Hammer","Mark of Pain"],"picked":"Calling Bell"},{"not_picked":["Black Star","Runic Cube"],"picked":"Busted Crown"}],"items_purged_floors":[4,22],"is_endless":false,"potions_floor_spawned":[1,7,11,14,27,28,29,38,39,40,41,48],"ascension_level":16}}