{"host":"ij91kspbsf1i6fsu","time":1609031556,"event":{"mods":["AchievementEnabler","BaseMod","Colored Map","Koishi","Minty Spire (QoL Compilation)","Rare Cards Sparkle","StSLib","everything is the same but u backflip on backflip"],"gold_per_floor":[117,81,81,96,96,96,96,96],"floor_reached":7,"playtime":630,"items_purged":[],"score":39,"play_id":"7e17429e-822c-4b54-b762-895e89310302","local_time":"20201226181236","is_ascension_mode":false,"campfire_choices":[{"data":"Koishi:PredatoryInstincts","floor":6,"key":"SMITH"}],"circlet_count":0,"master_deck":["Koishi:BasicStrike","Koishi:BasicStrike","Koishi:BasicStrike","Koishi:BasicStrike","Koishi:BasicDefend","Koishi:BasicDefend","Koishi:BasicDefend","Koishi:BasicDefend","Koishi:Provoke","Koishi:HauntingSlash","Koishi:GhostParty","Koishi:FourthEye+1","Koishi:PredatoryInstincts+1"],"relics":["Koishi:ImaginaryFriend","StoneCalendar","Frozen Eye"],"acts_visited":["Exordium"],"potions_floor_usage":[],"damage_taken":[{"damage":1,"enemies":"2 Louse","floor":1,"turns":4},{"damage":2,"enemies":"Small Slimes","floor":4,"turns":7},{"damage":83,"enemies":"Gremlin Nob","floor":7,"turns":8}],"seed_played":"-3224130508448571892","potions_obtained":[{"floor":1,"key":"FearPotion"},{"floor":4,"key":"FearPotion"}],"is_trial":false,"path_per_floor":["M","$","?","M","?","R","E"],"character_chosen":"KOISHI","items_purchased":["Koishi:FourthEye"],"campfire_rested":0,"item_purchase_floors":[2],"current_hp_per_floor":[65,65,65,65,53,53,0,0],"gold":96,"neow_bonus":"TEN_PERCENT_HP_BONUS","is_daily":false,"chose_seed":false,"campfire_upgraded":1,"win_rate":0.0,"timestamp":1609031556,"path_taken":["M","$","?","M","?","R","E"],"items_purchased_type":["Card"],"build_version":"2020-12-22","purchased_purges":0,"victory":false,"max_hp_per_floor":[66,66,66,66,66,66,66,66],"card_choices":[{"not_picked":["Koishi:SubconsciousSweep","Koishi:ReflexRadar"],"picked":"Koishi:GhostParty","floor":1},{"not_picked":["Koishi:Bloodlust","Koishi:BloodcurdlingScream"],"picked":"Koishi:PredatoryInstincts","floor":4}],"player_experience":11438,"relics_obtained":[],"event_choices":[{"damage_healed":0,"gold_gain":0,"player_choice":"Grow","damage_taken":0,"max_hp_gain":0,"max_hp_loss":0,"event_name":"Living Wall","floor":3,"gold_loss":0,"cards_upgraded":["Koishi:FourthEye"]},{"damage_healed":0,"gold_gain":0,"player_choice":"Success","damage_taken":12,"relics_obtained":["StoneCalendar"],"max_hp_gain":0,"max_hp_loss":0,"event_name":"Scrap Ooze","floor":5,"gold_loss":0}],"is_beta":false,"boss_relics":[],"items_purged_floors":[],"is_endless":false,"potions_floor_spawned":[1,4],"killed_by":"Gremlin Nob","ascension_level":0}}