{"host":"oy4pyvr762z5n0bb","time":1609047097,"event":{"mods":["AchievementEnabler","BaseMod","Colored Map","Colored Powertips","Googly Eyes","Key Reminder","Minty Spire (QoL Compilation)","Quick Restart","Relic Sorter","StSLib","SuperFastMode","Unceasing Turn Reminder","slay the spire mod where everything is the same but ironclad has a cowboy hat"],"gold_per_floor":[112,128,128,2,75,75,104,104,130,150,165,192,267,267,267,368,368,378,293,315,327,438,484,496,280,305,125,125,160,178,108,108,207,207,224,224,239,250,260,260,260],"floor_reached":40,"playtime":795,"items_purged":["Strike_R","Strike_R"],"score":540,"play_id":"6f8e69e5-84e5-42c7-afb9-bac56f4cd732","local_time":"20201226213137","is_ascension_mode":true,"campfire_choices":[{"data":"Wild Strike","floor":6,"key":"SMITH"},{"floor":8,"key":"REST"},{"data":"Bash","floor":15,"key":"SMITH"},{"data":"Double Tap","floor":24,"key":"SMITH"},{"data":"Disarm","floor":32,"key":"SMITH"}],"circlet_count":0,"master_deck":["Strike_R+1","Strike_R+1","Strike_R","Defend_R","Defend_R","Defend_R","Defend_R","Bash+1","Twin Strike","Thunderclap","Wild Strike+1","Disarm","Twin Strike","Shrug It Off","Carnage","Double Tap+1","Armaments+1","Twin Strike+1","Offering","Spot Weakness","Fire Breathing","Sword Boomerang","Disarm+1","Immolate","Fire Breathing+1","True Grit"],"relics":["Burning Blood","Toy Ornithopter","Self Forming Clay","Bag of Preparation","Whetstone","Turnip","Shuriken","Sozu","MawBank","InkBottle","Akabeko","Anchor","Torii","Pear","Mark of Pain","Kunai"],"acts_visited":["Exordium","TheCity","TheBeyond"],"potions_floor_usage":[33,33,40],"damage_taken":[{"damage":10,"enemies":"Cultist","floor":1,"turns":5},{"damage":3,"enemies":"2 Louse","floor":2,"turns":2},{"damage":42,"enemies":"Lagavulin","floor":7,"turns":8},{"damage":2,"enemies":"Small Slimes","floor":10,"turns":3},{"damage":4,"enemies":"Looter","floor":11,"turns":2},{"damage":6,"enemies":"Gremlin Nob","floor":12,"turns":3},{"damage":21,"enemies":"The Guardian","floor":16,"turns":11},{"damage":0,"enemies":"3 Byrds","floor":18,"turns":4},{"damage":7,"enemies":"Shell Parasite","floor":20,"turns":3},{"damage":24,"enemies":"Slavers","floor":23,"turns":5},{"damage":13,"enemies":"Gremlin Leader","floor":29,"turns":3},{"damage":6,"enemies":"Cultist and Chosen","floor":30,"turns":3},{"damage":51,"enemies":"Collector","floor":33,"turns":8},{"damage":6,"enemies":"3 Shapes","floor":35,"turns":4},{"damage":16,"enemies":"3 Darklings","floor":37,"turns":3},{"damage":18,"enemies":"Writhing Mass","floor":38,"turns":6},{"damage":29,"enemies":"Spire Growth","floor":39,"turns":3},{"damage":34,"enemies":"Reptomancer","floor":40,"turns":3}],"seed_played":"2683761312616656683","potions_obtained":[{"floor":1,"key":"GamblersBrew"},{"floor":2,"key":"LiquidBronze"},{"floor":16,"key":"SkillPotion"}],"is_trial":false,"path_per_floor":["M","M","?","$","?","R","E","R","T","M","M","E","?","T","R","B",null,"M","?","M","?","?","E","R","$","T","$","T","E","M","$","R","B",null,"M","T","M","M","M","E"],"character_chosen":"IRONCLAD","items_purchased":["Wild Strike","Disarm","Akabeko","Spot Weakness","Disarm"],"campfire_rested":1,"item_purchase_floors":[4,4,25,27,31],"current_hp_per_floor":[76,79,72,72,72,72,36,60,60,64,66,66,55,55,55,40,70,76,76,75,75,75,57,57,57,57,57,57,60,60,60,60,25,74,74,74,64,52,29,0,0],"gold":260,"neow_bonus":"RANDOM_COMMON_RELIC","is_daily":false,"chose_seed":false,"campfire_upgraded":4,"win_rate":0.0,"timestamp":1609047097,"path_taken":["M","M","?","$","?","R","E","R","T","M","M","E","?","?","R","BOSS","M","?","M","?","?","E","R","$","T","$","?","E","M","$","R","BOSS","M","?","M","?","M","E"],"items_purchased_type":["Card","Card","Relic","Card","Card"],"build_version":"2020-12-22","purchased_purges":2,"victory":false,"max_hp_per_floor":[80,80,80,80,80,80,80,80,80,80,80,80,80,80,80,80,80,80,80,80,80,80,80,80,80,80,80,80,90,90,90,90,90,90,90,90,90,90,90,90,90],"card_choices":[{"not_picked":["Seeing Red","Burning Pact"],"picked":"Twin Strike","floor":1},{"not_picked":["Havoc","Armaments"],"picked":"Thunderclap","floor":2},{"not_picked":["Feed","Clash"],"picked":"Twin Strike","floor":7},{"not_picked":["Carnage","Flame Barrier"],"picked":"Shrug It Off","floor":10},{"not_picked":["Clash","Clothesline","Heavy Blade"],"picked":"SKIP","floor":11},{"not_picked":["Cleave","Seeing Red"],"picked":"Carnage","floor":12},{"not_picked":["Exhume","Reaper"],"picked":"Double Tap","floor":16},{"not_picked":["Flex","Headbutt"],"picked":"Armaments+1","floor":18},{"not_picked":["Entrench","Infernal Blade"],"picked":"Twin Strike+1","floor":20},{"not_picked":["Pummel","Havoc"],"picked":"Offering","floor":23},{"not_picked":["Whirlwind","Power Through"],"picked":"Fire Breathing","floor":29},{"not_picked":["Twin Strike+1","Flame Barrier"],"picked":"Sword Boomerang","floor":30},{"not_picked":["Limit Break","Demon Form"],"picked":"Immolate","floor":33},{"not_picked":["Anger+1","Thunderclap","Disarm"],"picked":"SKIP","floor":35},{"not_picked":["Uppercut+1","Anger+1"],"picked":"Fire Breathing+1","floor":37},{"not_picked":["Entrench","Power Through"],"picked":"True Grit","floor":38},{"not_picked":["Body Slam","Anger+1","Thunderclap+1"],"picked":"SKIP","floor":39}],"player_experience":588130,"relics_obtained":[{"floor":7,"key":"Bag of Preparation"},{"floor":9,"key":"Whetstone"},{"floor":12,"key":"Turnip"},{"floor":14,"key":"Shuriken"},{"floor":23,"key":"InkBottle"},{"floor":26,"key":"Anchor"},{"floor":28,"key":"Torii"},{"floor":29,"key":"Pear"},{"floor":36,"key":"Kunai"}],"event_choices":[{"damage_healed":0,"gold_gain":0,"player_choice":"Success","damage_taken":7,"relics_obtained":["Self Forming Clay"],"max_hp_gain":0,"max_hp_loss":0,"event_name":"Scrap Ooze","floor":3,"gold_loss":0},{"damage_healed":0,"gold_gain":73,"player_choice":"Gained Gold","damage_taken":0,"max_hp_gain":0,"max_hp_loss":0,"event_name":"Golden Wing","floor":5,"gold_loss":0},{"damage_healed":0,"gold_gain":75,"player_choice":"Gather Gold","damage_taken":11,"max_hp_gain":0,"max_hp_loss":0,"event_name":"World of Goop","floor":13,"gold_loss":0},{"damage_healed":0,"gold_gain":0,"player_choice":"Obtained Relic","damage_taken":0,"relics_obtained":["MawBank"],"max_hp_gain":0,"max_hp_loss":0,"event_name":"Addict","floor":19,"gold_loss":85},{"damage_healed":0,"gold_gain":0,"player_choice":"Ignored","damage_taken":0,"max_hp_gain":0,"max_hp_loss":0,"event_name":"Ghosts","floor":21,"gold_loss":0},{"damage_healed":0,"gold_gain":99,"player_choice":"Stole From Cult","damage_taken":0,"max_hp_gain":0,"max_hp_loss":0,"event_name":"Nest","floor":22,"gold_loss":0}],"is_beta":false,"boss_relics":[{"not_picked":["Ectoplasm","Black Blood"],"picked":"Sozu"},{"not_picked":["Coffee Dripper","Velvet Choker"],"picked":"Mark of Pain"}],"items_purged_floors":[25,27],"is_endless":false,"potions_floor_spawned":[1,2,16,23,30,33,35],"killed_by":"Reptomancer","ascension_level":5}}