{"host":"vdf1n25tgqc7msgq","time":1609027406,"event":{"mods":["ATMod(阿瑾Mod)","AchievementEnabler","BaseMod","BetterRewards","Colored Powertips","KinomotoSakuraMod(木之本樱)","Marisa（F雨　魔理沙）","Minty Spire (QoL Compilation)","Quick Restart","Remilia（蕾米莉亚）","Replay The Spire","StSLib","The Servant 0.9.4","UnlockEverythingMod","Yakumo Yukari mod","Youmu（魂魄妖梦）","Yuyuko","[功能]商店购物价格优惠80%","simple"],"gold_per_floor":[2585,2585,1344,1644,1989,1989,2244,2244,2359,2644,2644,2644,2944,3619,3964,269,269,889,889,1089,1089,1339,1579,334,334,904,904,904,1309,1794,1969,2279,2729,2729,3209,3209,3634,3679,1976,2476,1132,1132,2012,2202,2202,2892,3127,3127,1051,1051,1051,2301,3551,3551,3551,3251,4636,5261],"floor_reached":59,"playtime":2420,"items_purged":["Defend_R","Strike_R","Strike_R","Strike_R","Strike_R","Strike_R","Defend_R","Defend_R","Bash"],"score":3430,"play_id":"6a428f65-9fc9-45ba-9f81-034331244032","local_time":"20201226190326","is_ascension_mode":true,"campfire_choices":[{"data":"Defend_R","floor":6,"key":"SMITH"},{"data":"Metallicize","floor":6,"key":"SMITH"},{"data":"Sword Boomerang","floor":6,"key":"SMITH"},{"data":"Cleave","floor":6,"key":"SMITH"},{"data":"AT_ShrugMaster","floor":6,"key":"SMITH"},{"data":"Entrench","floor":6,"key":"SMITH"},{"floor":6,"key":"RECALL"},{"data":"Double Tap","floor":17,"key":"SMITH"},{"floor":17,"key":"REST"},{"floor":25,"key":"REST"},{"data":"Body Slam","floor":27,"key":"SMITH"},{"floor":27,"key":"REST"},{"data":"Body Slam","floor":34,"key":"SMITH"},{"floor":34,"key":"REST"},{"data":"Master of Strategy","floor":51,"key":"SMITH"},{"floor":51,"key":"DIG"}],"circlet_count":0,"master_deck":["AscendersBane","Defend_R+2","Metallicize+1","Sword Boomerang+1","Cleave+1","AT_ShrugMaster+1","Entrench+1","Double Tap+1","ReplayTheSpireMod:Trickstab+1","Whirlwind+1","Body Slam+1","Body Slam+1","Master of Strategy+1"],"relics":["Burning Blood","Peace Pipe","Ginger","Turnip","Unceasing Top","Omamori","Ice Cream","The Courier","AT_ATBox","ClockworkSouvenir","AT_Kusabimaru","Akabeko","Gremlin Horn","Replay:Baseball","AT_MibuBalloonWealth","Bird Faced Urn","Quantum Egg","Nunchaku","Blue Doll","AT_Manta","AT_BladeRuinedKing","Bottled Tornado","Medical Kit","Potion Belt","Bottled Flame","Tiny Chest","Replay:Mystery Machine","King of Hearts","Self Forming Clay","Bronze Scales","PreservedInsect","AT_ChloranthyRing","Question Card","Strawberry","AT_RabadonDeathcap","Iron Hammer","Pear","Replay:Wax Seal","AT_BellowingDragoncrestRing","ReplayTheSpireMod:Ninjato","AT_GoldPhoenixTree","MealTicket","Pen Nib","CeramicFish","Oddly Smooth Stone","Replay:Ringing Soul","AT_SunfireAegis","SacredBark","AT_SpeedBoots","Sundial","Champion Belt","OrangePellets","AT_ArchangelStaff","Whetstone","Matryoshka","Red Skull","AT_EbonyIvory","Toy Ornithopter","Anchor","AT_RedTearstoneRing","Letter Opener","HornCleat","Juzu Bracelet","Mirror","Black Star","AT_DeathDance","TheAbacus","Lantern","Blood Vial","Vajra","ReplayTheSpireMod:Spearhead","Bag of Preparation","Onion Ring","Art of War","Boot","Mercury Hourglass","ReplayFunnel","Du-Vu Doll","Mummified Hand","Replay:Arrowhead","PrismaticShard","Replay:Rubber Ducky","Happy Flower","Dream Catcher","Orichalcum","Pocketwatch","Pantograph","Blue Candle","Shuriken","StrikeDummy","ReplayTheSpireMod:Lightbulb","CatCart","Replay:Towering Pillar of Hats","AT_TheCollector","Chameleon Ring","Gremlin Food","White Beast Statue","Replay:Multitool","StoneCalendar","Golden Egg","AT_ForceNature","ScarletDevilRocket","Counterbalance","AT_TimeSand","AT_LudenTempest","Replay:WaspNest","Centennial Puzzle","Sling","Simple Rune","Mango","Kunai","AT_GuinsooRageblade"],"acts_visited":["Exordium","TheCity","TheBeyond","TheEnding"],"potions_floor_usage":[18,18,58,58,58,58],"damage_taken":[{"damage":0,"enemies":"Jaw Worm","floor":1,"turns":3},{"damage":0,"enemies":"Small Slimes","floor":4,"turns":2},{"damage":0,"enemies":"2 Louse","floor":5,"turns":1},{"damage":0,"enemies":"Lagavulin","floor":7,"turns":3},{"damage":0,"enemies":"Gremlin Nob","floor":10,"turns":3},{"damage":7,"enemies":"Looter","floor":13,"turns":2},{"damage":0,"enemies":"Lots of Slimes","floor":14,"turns":1},{"damage":0,"enemies":"2 Fungi Beasts","floor":15,"turns":1},{"damage":0,"enemies":"Fading Forest","floor":18,"turns":2},{"damage":0,"enemies":"Spheric Guardian","floor":20,"turns":1},{"damage":0,"enemies":"Chosen","floor":23,"turns":1},{"damage":0,"enemies":"Slavers","floor":26,"turns":2},{"damage":0,"enemies":"3 Cultists","floor":30,"turns":1},{"damage":0,"enemies":"Snecko","floor":31,"turns":2},{"damage":0,"enemies":"Centurion and Healer","floor":32,"turns":1},{"damage":0,"enemies":"3 Cultists","floor":33,"turns":1},{"damage":0,"enemies":"Collector","floor":35,"turns":1},{"damage":12,"enemies":"3 Shapes","floor":37,"turns":1},{"damage":0,"enemies":"2 Orb Walkers","floor":40,"turns":1},{"damage":0,"enemies":"Orin","floor":43,"turns":2},{"damage":0,"enemies":"Orb Walker","floor":44,"turns":1},{"damage":0,"enemies":"3 Darklings","floor":46,"turns":1},{"damage":0,"enemies":"Donu and Deca","floor":52,"turns":1},{"damage":0,"enemies":"Donu and Deca","floor":53,"turns":1},{"damage":0,"enemies":"Shield and Spear","floor":57,"turns":1},{"damage":0,"enemies":"The Heart","floor":58,"turns":5}],"seed_played":"9091488938412822484","potions_obtained":[{"floor":4,"key":"Languid Potion"},{"floor":5,"key":"Swift Potion"},{"floor":7,"key":"Reflective Coating"},{"floor":18,"key":"FearPotion"},{"floor":18,"key":"Weak Potion"},{"floor":20,"key":"FearPotion"},{"floor":30,"key":"BloodPotion"},{"floor":55,"key":"DuplicationPotion"}],"is_trial":false,"path_per_floor":["M","?","$","M","M","R","E","?","T","E","PTL","PTL","M","M","M","$","R","B",null,"M","?","?","M","$","R","E","R","T","T","M","M","M","M","R","B",null,"M","?","$","?","$","T","?","M","T","M","T","?","$","T","R","B","B",null,"R","$","E","B",null],"character_chosen":"IRONCLAD","items_purchased":["ClockworkSouvenir","AT_Kusabimaru","Akabeko","Gremlin Horn","Replay:Baseball","AT_MibuBalloonWealth","Bird Faced Urn","Quantum Egg","Nunchaku","Sword Boomerang","Cleave","AT_ShrugMaster","AT_BladeRuinedKing","Bottled Tornado","Medical Kit","Potion Belt","Bottled Flame","Tiny Chest","Replay:Mystery Machine","King of Hearts","Self Forming Clay","Bronze Scales","PreservedInsect","AT_ChloranthyRing","Question Card","Strawberry","AT_RabadonDeathcap","Iron Hammer","Pear","Replay:Wax Seal","AT_BellowingDragoncrestRing","ReplayTheSpireMod:Ninjato","AT_GoldPhoenixTree","MealTicket","Pen Nib","CeramicFish","Oddly Smooth Stone","Replay:Ringing Soul","AT_SunfireAegis","ReplayTheSpireMod:Trickstab+1","AT_SpeedBoots","Sundial","Champion Belt","OrangePellets","AT_ArchangelStaff","Whetstone","Matryoshka","Red Skull","AT_EbonyIvory","Toy Ornithopter","Anchor","AT_DeathDance","TheAbacus","Lantern","Blood Vial","Vajra","ReplayTheSpireMod:Spearhead","Bag of Preparation","Onion Ring","Art of War","Boot","Mercury Hourglass","ReplayFunnel","Du-Vu Doll","Mummified Hand","PrismaticShard","Replay:Rubber Ducky","Happy Flower","Dream Catcher","Orichalcum","Pocketwatch","Pantograph","Blue Candle","Shuriken","StrikeDummy","AT_TheCollector","Chameleon Ring","Gremlin Food","White Beast Statue","Replay:Multitool","StoneCalendar","Golden Egg","AT_ForceNature","ScarletDevilRocket","Counterbalance","AT_TimeSand","AT_LudenTempest","Sling","Simple Rune","Mango","Kunai"],"campfire_rested":4,"item_purchase_floors":[3,3,3,3,3,3,3,3,3,3,3,3,16,16,16,16,16,16,16,16,16,16,16,16,16,16,16,16,16,16,16,16,16,16,16,16,16,16,16,16,24,24,24,24,24,24,24,24,24,24,24,39,39,39,39,39,39,39,39,39,39,39,39,39,39,41,41,41,41,41,41,41,41,41,41,49,49,49,49,49,49,49,49,49,49,49,49,56,56,56,56],"current_hp_per_floor":[74,79,79,80,80,80,80,80,80,80,80,80,79,80,80,100,100,100,100,100,100,100,103,103,103,106,106,106,106,109,109,109,109,109,109,109,103,106,112,112,112,112,112,112,112,112,112,106,106,106,106,106,106,106,106,120,120,120],"gold":5261,"neow_bonus":"HUNDRED_GOLD","is_daily":false,"chose_seed":false,"campfire_upgraded":10,"win_rate":0.0,"timestamp":1609027406,"path_taken":["M","?","$","M","M","R","E","?","T","E","PTL","PTL","M","M","?","$","R","BOSS","M","?","?","?","$","R","E","R","T","?","M","M","M","M","R","BOSS","M","?","$","?","?","?","?","M","T","M","?","?","$","?","R","BOSS","BOSS","R","$","E","BOSS"],"items_purchased_type":["Relic","Relic","Relic","Relic","Relic","Relic","Relic","Relic","Relic","Card","Card","Card","Relic","Relic","Relic","Relic","Relic","Relic","Relic","Relic","Relic","Relic","Relic","Relic","Relic","Relic","Relic","Relic","Relic","Relic","Relic","Relic","Relic","Relic","Relic","Relic","Relic","Relic","Relic","Card","Relic","Relic","Relic","Relic","Relic","Relic","Relic","Relic","Relic","Relic","Relic","Relic","Relic","Relic","Relic","Relic","Relic","Relic","Relic","Relic","Relic","Relic","Relic","Relic","Relic","Relic","Relic","Relic","Relic","Relic","Relic","Relic","Relic","Relic","Relic","Relic","Relic","Relic","Relic","Relic","Relic","Relic","Relic","Relic","Relic","Relic","Relic","Relic","Relic","Relic","Relic"],"build_version":"2020-12-22","purchased_purges":9,"victory":true,"max_hp_per_floor":[75,80,80,80,80,80,80,80,80,80,80,80,80,80,80,100,100,100,100,100,100,100,103,103,103,106,106,106,106,109,109,109,109,109,109,109,109,112,112,112,112,112,112,112,112,112,112,106,106,106,106,106,106,106,106,120,120,120],"card_choices":[{"not_picked":["Armaments","AT_ShrugMaster"],"picked":"Metallicize","floor":1},{"not_picked":["Perfected Strike","Clothesline"],"picked":"Entrench","floor":4},{"not_picked":["Bloodletting","Ghostly Armor","AT_ManFootWork"],"picked":"SKIP","floor":5},{"not_picked":["Combust","Second Wind","Rage"],"picked":"SKIP","floor":7},{"not_picked":["Sentinel","Ghostly Armor","Rupture"],"picked":"SKIP","floor":10},{"not_picked":["Abandon","Clash","Wild Strike"],"picked":"SKIP","floor":13},{"not_picked":["Iron Wave","Pummel","Armaments"],"picked":"SKIP","floor":14},{"not_picked":["Pommel Strike","Entrench"],"picked":"Double Tap","floor":15},{"not_picked":["Headbutt","Run Through","Evolve","Havoc"],"picked":"SKIP","floor":20},{"not_picked":["Cleave","Life Link","Hemogenesis"],"picked":"Whirlwind+1","floor":23},{"not_picked":["Spot Weakness","Iron Wave","Sword Boomerang"],"picked":"Body Slam","floor":26},{"not_picked":["True Grit","Bloodletting","Havoc"],"picked":"Body Slam","floor":30},{"not_picked":["Heavy Blade","Wild Strike","Clothesline","Havoc"],"picked":"SKIP","floor":31},{"not_picked":["Body Slam","Perfected Strike","Limit Break","Havoc"],"picked":"SKIP","floor":32},{"not_picked":["Iron Wave","Searing Blow","Havoc","Defy Death"],"picked":"SKIP","floor":33},{"not_picked":["Dark Embrace","Wild Strike","AT_ShrugMaster","Combust"],"picked":"SKIP","floor":37},{"not_picked":["Enlightenment","Replay:Parry","Metamorphosis"],"picked":"Master of Strategy","floor":38},{"not_picked":["BombardNight","BloodHunter+1","ReplayTheSpireMod:Omega Cannon","Unborn Light"],"picked":"SKIP","floor":44},{"not_picked":["EndlessAdversity","ReplayTheSpireMod:LeadingStrike","ReplayTheSpireMod:Limb From Limb","Replay:Vibes"],"picked":"SKIP","floor":46},{"not_picked":["Home of Suicide","Sucker Punch+1","Dancing Soul","Final of Final"],"picked":"SKIP","floor":57}],"player_experience":10176,"relics_obtained":[{"floor":7,"key":"Blue Doll"},{"floor":10,"key":"AT_Manta"},{"floor":26,"key":"AT_RedTearstoneRing"},{"floor":28,"key":"Letter Opener"},{"floor":28,"key":"HornCleat"},{"floor":29,"key":"Juzu Bracelet"},{"floor":29,"key":"Mirror"},{"floor":40,"key":"Replay:Arrowhead"},{"floor":42,"key":"ReplayTheSpireMod:Lightbulb"},{"floor":43,"key":"CatCart"},{"floor":45,"key":"Replay:Towering Pillar of Hats"},{"floor":50,"key":"Replay:WaspNest"},{"floor":51,"key":"Centennial Puzzle"},{"floor":57,"key":"AT_GuinsooRageblade"}],"event_choices":[{"damage_healed":0,"gold_gain":0,"player_choice":"Donut","damage_taken":0,"max_hp_gain":5,"max_hp_loss":0,"event_name":"Big Fish","floor":2,"gold_loss":0},{"damage_healed":0,"gold_gain":0,"player_choice":"Ignored","damage_taken":0,"max_hp_gain":0,"max_hp_loss":0,"event_name":"Liars Game","floor":8,"gold_loss":0},{"damage_healed":0,"gold_gain":0,"player_choice":"Ignored","damage_taken":0,"max_hp_gain":0,"max_hp_loss":0,"event_name":"The Mausoleum","floor":21,"gold_loss":0},{"damage_healed":0,"gold_gain":50,"player_choice":"Pray","damage_taken":0,"max_hp_gain":0,"max_hp_loss":0,"event_name":"Golden Shrine","floor":22,"gold_loss":0},{"damage_healed":0,"gold_gain":0,"player_choice":"Memory 1","damage_taken":0,"max_hp_gain":0,"max_hp_loss":0,"event_name":"SensoryStone","floor":38,"gold_loss":0},{"damage_healed":0,"gold_gain":0,"player_choice":"Fight","damage_taken":0,"max_hp_gain":0,"max_hp_loss":0,"event_name":"Mysterious Sphere","floor":40,"gold_loss":0},{"damage_healed":0,"gold_gain":0,"player_choice":"Fight","damage_taken":0,"max_hp_gain":0,"max_hp_loss":0,"event_name":"OrinTheCat","floor":43,"gold_loss":0},{"damage_healed":0,"gold_gain":0,"player_choice":"Max HP","damage_taken":0,"max_hp_gain":0,"max_hp_loss":6,"event_name":"Winding Halls","floor":48,"gold_loss":0}],"is_beta":false,"boss_relics":[{"not_picked":["Electric Blood","ReplayTheSpireMod:DimensionalGlitch"],"picked":"SacredBark"},{"not_picked":["Replay:Ancient Bell","Pandora\u0027s Box"],"picked":"Black Star"}],"items_purged_floors":[3,3,3,3,3,3,3,3,3],"is_endless":false,"potions_floor_spawned":[4,5,5,7,10,13,14,18,18,20,23,30,32,33,33,33,35,37,44,44,46,57,57],"ascension_level":20}}