{"host":"ssbj2e5691x5ub3h","time":1609075473,"event":{"mods":["BaseMod","Duelist Mod","Minty Spire (QoL Compilation)","StSLib"],"gold_per_floor":[138,157,168,183,201,201,228,243,243,243,243,263,263,277,277,379,379,399,410,410,260,106,122,155,170,170,170,186,205,205,220,220,325,325,339,11,311,324,342,342,374,374,374,384,401,401,412,431,431,431],"floor_reached":51,"playtime":3249,"items_purged":["theDuelist:Sparks"],"score":1126,"play_id":"6bdbc9fc-9726-4266-8229-475af2feeede","local_time":"20201227112433","is_ascension_mode":true,"campfire_choices":[{"data":"theDuelist:ConvulsionNature","floor":6,"key":"SMITH"},{"data":"theDuelist:VenomShot+1","floor":10,"key":"SMITH"},{"floor":15,"key":"REST"},{"floor":30,"key":"REST"},{"floor":32,"key":"REST"},{"data":"theDuelist:NaturiaStinkbug","floor":40,"key":"SMITH"},{"floor":49,"key":"REST"}],"circlet_count":0,"master_deck":["theDuelist:NaturiaTulip+1","theDuelist:NaturiaCliff+1","theDuelist:ClosedForest","theDuelist:ConvulsionNature+1","theDuelist:SurvivalInstinct","theDuelist:NaturiaSacredTree+1","theDuelist:NaturiaWhiteOak+1","theDuelist:CastleWalls","theDuelist:SurvivalInstinct","theDuelist:NaturiaDragonfly+1","theDuelist:NaturiaBeast+1","theDuelist:CastleWalls","theDuelist:NaturiaSacredTree","theDuelist:NaturiaHorneedle+1","theDuelist:VenomShot+2","theDuelist:Sparks","AscendersBane","theDuelist:NaturiaRock+1","theDuelist:NaturiaEggplant+1","theDuelist:NaturiaBarkion+1","theDuelist:Nameless:Magic:PotGenerosity","Violence","theDuelist:NaturiaStinkbug+1","theDuelist:Wiretap+1","theDuelist:NaturiaSacredTree","theDuelist:Wildfire+2"],"relics":["theDuelist:MillenniumPuzzle","theDuelist:CardPoolRelic","theDuelist:CardPoolBasicRelic","theDuelist:BoosterPackPoolRelic","theDuelist:CardPoolAddRelic","theDuelist:CardPoolMinusRelic","theDuelist:CardPoolSaveRelic","theDuelist:CardPoolOptionsRelic","theDuelist:TributeEggRelic","Tingsha","theDuelist:GamblerChip","Enchiridion","theDuelist:MillenniumPrayerbook","theDuelist:MillenniumSymbol","theDuelist:MarkOfNature","Omamori","theDuelist:NamelessPowerRelicB","Busted Crown","Shuriken","Bottled Flame","Mercury Hourglass"],"acts_visited":["Exordium","TheCity","TheBeyond"],"potions_floor_usage":[7,19,28,39,50],"damage_taken":[{"damage":8,"enemies":"Cultist","floor":1,"turns":4},{"damage":6,"enemies":"Small Slimes","floor":2,"turns":4},{"damage":0,"enemies":"Jaw Worm","floor":3,"turns":5},{"damage":12,"enemies":"3 Louse","floor":4,"turns":4},{"damage":9,"enemies":"Red Slaver","floor":5,"turns":4},{"damage":2,"enemies":"3 Sentries","floor":7,"turns":5},{"damage":0,"enemies":"Blue Slaver","floor":8,"turns":4},{"damage":13,"enemies":"2 Fungi Beasts","floor":12,"turns":3},{"damage":14,"enemies":"Large Slime","floor":14,"turns":6},{"damage":18,"enemies":"The Guardian","floor":16,"turns":8},{"damage":3,"enemies":"Chosen","floor":18,"turns":4},{"damage":0,"enemies":"3 Byrds","floor":19,"turns":3},{"damage":0,"enemies":"Centurion and Healer","floor":23,"turns":5},{"damage":6,"enemies":"theDuelist:KaibaA2","floor":24,"turns":5},{"damage":10,"enemies":"Chosen and Byrds","floor":25,"turns":4},{"damage":0,"enemies":"Snake Plant","floor":28,"turns":4},{"damage":3,"enemies":"Cultist and Chosen","floor":29,"turns":4},{"damage":0,"enemies":"Snecko","floor":31,"turns":2},{"damage":0,"enemies":"Collector","floor":33,"turns":3},{"damage":10,"enemies":"3 Darklings","floor":35,"turns":3},{"damage":1,"enemies":"3 Shapes","floor":38,"turns":3},{"damage":3,"enemies":"3 Darklings","floor":39,"turns":2},{"damage":43,"enemies":"Reptomancer","floor":41,"turns":4},{"damage":0,"enemies":"Spire Growth","floor":44,"turns":4},{"damage":0,"enemies":"Maw","floor":45,"turns":5},{"damage":7,"enemies":"Writhing Mass","floor":47,"turns":3},{"damage":0,"enemies":"4 Shapes","floor":48,"turns":4},{"damage":22,"enemies":"Awakened One","floor":50,"turns":6}],"seed_played":"5795645947858836910","potions_obtained":[{"floor":1,"key":"LiquidBronze"},{"floor":4,"key":"BlessingOfTheForge"},{"floor":5,"key":"theDuelist:TokenPotionB"},{"floor":12,"key":"theDuelist:DebuffFuryPotion"},{"floor":16,"key":"theDuelist:SealedPackC"},{"floor":19,"key":"AttackPotion"},{"floor":23,"key":"theDuelist:StunPotion"},{"floor":29,"key":"theDuelist:SolderPotionB"},{"floor":44,"key":"Explosive Potion"}],"is_trial":false,"path_per_floor":["M","M","M","M","M","R","E","M","T","R","?","M","?","M","R","B",null,"M","M","?","?","$","M","E","M","T","?","M","M","R","M","R","B",null,"M","$","?","M","M","R","E","?","T","M","M","?","M","M","R","B",null],"character_chosen":"THE_DUELIST","items_purchased":["theDuelist:MillenniumSymbol","Shuriken"],"campfire_rested":4,"item_purchase_floors":[22,36],"current_hp_per_floor":[72,66,66,54,45,45,43,43,43,43,43,30,30,16,42,24,72,69,69,53,47,47,47,41,31,31,31,31,28,53,53,78,78,83,73,73,73,72,69,69,26,26,26,26,26,26,19,19,44,22],"gold":431,"neow_bonus":"TEN_PERCENT_HP_BONUS","is_daily":false,"chose_seed":false,"campfire_upgraded":3,"win_rate":0.0,"timestamp":1609075473,"path_taken":["M","M","M","M","M","R","E","M","T","R","?","M","?","M","R","BOSS","M","?","?","?","$","?","E","M","T","?","M","M","R","M","R","BOSS","M","$","?","M","?","R","E","?","T","M","M","?","M","M","R","BOSS"],"items_purchased_type":["Relic","Relic"],"build_version":"2020-12-22","purchased_purges":1,"victory":true,"max_hp_per_floor":[88,88,88,88,88,88,88,88,88,88,88,88,88,88,88,88,88,88,88,88,88,88,88,88,88,88,84,84,84,84,84,84,84,84,84,84,84,84,84,84,84,84,84,84,84,84,84,84,84,84],"card_choices":[{"not_picked":["theDuelist:NaturiaDragonfly","theDuelist:NaturiaBrambi","theDuelist:BrainCrusher","theDuelist:AcidTrapHole"],"picked":"theDuelist:NaturiaEggplant","floor":1},{"not_picked":["theDuelist:SeismicShockwave","theDuelist:NaturiaVein","theDuelist:MultiplicationOfAnts","theDuelist:Wildfire"],"picked":"theDuelist:ClosedForest","floor":2},{"not_picked":["theDuelist:ExterioFang","theDuelist:NaturiaLeodrake","theDuelist:NaturiaGuardian","theDuelist:SeismicShockwave"],"picked":"theDuelist:SurvivalInstinct","floor":3},{"not_picked":["theDuelist:NaturiaBarkion","theDuelist:Wiretap","theDuelist:Anteater","theDuelist:SeismicShockwave"],"picked":"theDuelist:ConvulsionNature","floor":4},{"not_picked":["theDuelist:NaturiaHydrangea","theDuelist:NaturiaStinkbug","theDuelist:NaturiaRock","theDuelist:FossilDig"],"picked":"theDuelist:SurvivalInstinct","floor":5},{"not_picked":["theDuelist:NatureReflection","theDuelist:LeodrakeMane","theDuelist:LairWire","theDuelist:Canyon"],"picked":"theDuelist:NaturiaSacredTree","floor":7},{"not_picked":["theDuelist:FuryFire+1","theDuelist:LuminousMoss+1","theDuelist:Wildfire+1","theDuelist:Wiretap"],"picked":"theDuelist:VenomShot+1","floor":8},{"not_picked":["Finesse","HandOfGreed","Mayhem","Secret Weapon"],"picked":"SKIP","floor":12},{"not_picked":["theDuelist:NaturiaHydrangea","theDuelist:NaturiaEggplant","theDuelist:NaturiaCliff","theDuelist:SangaEarth"],"picked":"theDuelist:NaturiaDragonfly","floor":14},{"not_picked":["theDuelist:DemiseLand","theDuelist:ClosedForest","theDuelist:Wildfire","theDuelist:HeartUnderdog"],"picked":"theDuelist:NaturiaBarkion","floor":16},{"not_picked":["theDuelist:ClosedForest","theDuelist:SurvivalInstinct+1","theDuelist:ConvulsionNature","theDuelist:VenomShot+1"],"picked":"theDuelist:NaturiaSacredTree+1","floor":18},{"not_picked":["theDuelist:NaturiaParadizo","theDuelist:SangaEarth","theDuelist:DigitalBug","theDuelist:NaturiaHorneedle+1"],"picked":"theDuelist:NaturiaWhiteOak+1","floor":19},{"not_picked":["theDuelist:NaturiaWhiteOak","theDuelist:DigitalBug","theDuelist:SeismicShockwave+1","theDuelist:NaturiaVein"],"picked":"theDuelist:NaturiaPumpkin","floor":23},{"not_picked":["theDuelist:WormBait","theDuelist:DigitalBug","theDuelist:AfterGenocide","theDuelist:NaturiaMantis","theDuelist:FossilExcavation"],"picked":"SKIP","floor":24},{"not_picked":["theDuelist:NaturiaForest","theDuelist:DemiseLand","theDuelist:SeismicShockwave+1","theDuelist:NaturiaVein+1","theDuelist:ClosedForest"],"picked":"SKIP","floor":25},{"not_picked":["theDuelist:NaturiaHydrangea","theDuelist:NaturiaEggplant","theDuelist:NaturiaDragonfly","theDuelist:NaturiaCliff","theDuelist:WildNatureRelease"],"picked":"SKIP","floor":28},{"not_picked":["theDuelist:ConvulsionNature","theDuelist:NaturiaLeodrake+1","theDuelist:LeodrakeMane","theDuelist:LairWire+1","theDuelist:NaturalDisaster+1"],"picked":"SKIP","floor":29},{"not_picked":["theDuelist:ConvulsionNature","theDuelist:LeodrakeMane","theDuelist:LairWire","theDuelist:Anteater"],"picked":"SKIP","floor":31},{"not_picked":["theDuelist:NaturiaForest","theDuelist:NaturiaVein","theDuelist:ClosedForest+1","theDuelist:HeartUnderdog+1"],"picked":"theDuelist:NaturiaHorneedle+1","floor":33},{"not_picked":["theDuelist:VenomShot","theDuelist:AfterGenocide","theDuelist:HeartUnderdog"],"picked":"SKIP","floor":35},{"not_picked":["Trip"],"picked":"Violence","floor":38},{"not_picked":["theDuelist:NaturiaHydrangea","theDuelist:NaturiaTulip+1"],"picked":"theDuelist:NaturiaStinkbug","floor":39},{"not_picked":["theDuelist:ExterioFang","theDuelist:NaturiaLadybug","theDuelist:GracefulCharity+1"],"picked":"SKIP","floor":41},{"not_picked":["theDuelist:NaturiaDragonfly","theDuelist:NaturiaStinkbug+1","theDuelist:NaturiaCliff+1"],"picked":"SKIP","floor":44},{"not_picked":["theDuelist:NaturiaEggplant+1","theDuelist:NaturiaCliff+1"],"picked":"theDuelist:Wiretap+1","floor":45},{"not_picked":["theDuelist:ConvulsionNature","theDuelist:NatureReflection","theDuelist:Anteater+1"],"picked":"theDuelist:NaturiaSacredTree","floor":47},{"not_picked":["theDuelist:Wiretap+1","theDuelist:FuryFire+1"],"picked":"theDuelist:Wildfire+2","floor":48}],"player_experience":251086,"relics_obtained":[{"floor":7,"key":"theDuelist:TributeEggRelic"},{"floor":9,"key":"Tingsha"},{"floor":20,"key":"Enchiridion"},{"floor":24,"key":"theDuelist:MarkOfNature"},{"floor":26,"key":"Omamori"},{"floor":41,"key":"Bottled Flame"},{"floor":43,"key":"Mercury Hourglass"}],"event_choices":[{"damage_healed":0,"gold_gain":0,"player_choice":"Leave","duelist":true,"damage_taken":0,"max_hp_gain":0,"max_hp_loss":0,"event_name":"Card Trader","floor":11,"gold_loss":0},{"cards_removed":["theDuelist:Sparks"],"damage_healed":0,"gold_gain":0,"player_choice":"Purged","damage_taken":0,"max_hp_gain":0,"max_hp_loss":0,"event_name":"Purifier","floor":13,"gold_loss":0},{"damage_healed":0,"gold_gain":0,"player_choice":"Obtained Book","damage_taken":16,"max_hp_gain":0,"max_hp_loss":0,"event_name":"Cursed Tome","floor":20,"gold_loss":0},{"damage_healed":0,"gold_gain":0,"player_choice":"Dig - random Duelist relic","duelist":true,"damage_taken":0,"max_hp_gain":0,"max_hp_loss":0,"event_name":"Aknamkanon\u0027s Tomb","floor":21,"gold_loss":0},{"power_reward":3,"total_magic_score":72,"gold_gain":0,"duelist":true,"damage_taken":0,"relics_obtained":["theDuelist:NamelessPowerRelicB"],"points":7,"max_hp_gain":0,"max_hp_loss":4,"spent_points":{"magic":3,"greed":0,"war":0,"power":3,"hunger":1},"event_name":"Nameless Tomb","floor":27,"gold_loss":0,"magic_reward":3,"cards_obtained":["theDuelist:Nameless:Magic:PotGenerosity","theDuelist:CurseAging"]},{"damage_healed":0,"gold_gain":300,"player_choice":"Gold","damage_taken":0,"max_hp_gain":0,"max_hp_loss":0,"event_name":"Wheel of Change","floor":37,"gold_loss":0},{"cards_removed":["theDuelist:CastleWalls"],"damage_healed":0,"gold_gain":0,"player_choice":"Removed Skill","damage_taken":0,"max_hp_gain":0,"max_hp_loss":0,"event_name":"Falling","floor":42,"gold_loss":0},{"damage_healed":0,"gold_gain":0,"player_choice":"Ignored","damage_taken":0,"max_hp_gain":0,"max_hp_loss":0,"event_name":"Tomb of Lord Red Mask","floor":46,"gold_loss":0}],"is_beta":false,"boss_relics":[{"not_picked":["Cursed Key","theDuelist:HauntedRelic"],"picked":"theDuelist:GamblerChip"},{"not_picked":["theDuelist:ElectricKey","Snecko Eye"],"picked":"Busted Crown"}],"items_purged_floors":[36],"is_endless":false,"potions_floor_spawned":[1,4,5,12,16,19,23,24,29,33,38,44,48],"ascension_level":10}}