{"host":"jak4ncvfzor9mys0","time":1609062607,"event":{"mods":["2.2 Compatiblity","AchievementEnabler","BaseMod","Better Altar","Better Match","Better Note","Better Sensory Stone","Better Skull","Better Third Choice","BetterRewards","Block Reminder","Colored Map","Colored Powertips","Energized Spire","Gold Saver","Hubris","Infinite Spire","Key Reminder","Minty Spire (QoL Compilation)","Rare Cards Sparkle","Red Circlet Mod","Relic Sorter","Relic Stats","Replay The Spire","Retaliation","StSLib","SuperFastMode","The Blue Laboratory"],"gold_per_floor":[436,436,436,436,309,342,342,342,342,354,354,354,372,401,401,530,530,543,543,337,361,447,447,471,471,497,497,563,579,516,516,516],"floor_reached":31,"playtime":916,"items_purged":["Doubt","Injury","Strike_G"],"score":256,"play_id":"1751d565-1dd7-4c25-aa2d-794c0eb4b39b","local_time":"20201227015007","is_ascension_mode":false,"campfire_choices":[{"floor":7,"key":"REST"},{"data":"Poisoned Stab","floor":11,"key":"SMITH"},{"floor":15,"key":"REST"},{"floor":23,"key":"REST"},{"floor":25,"key":"REST"},{"data":"Replay:Poison Smokescreen","floor":27,"key":"SMITH"}],"circlet_count":0,"master_deck":["Strike_G","Strike_G","Strike_G","Strike_G","Defend_G","Defend_G","Defend_G","Defend_G","Defend_G","Survivor","Neutralize+1","Poisoned Stab+1","Replay:Poison Smokescreen+1","CurseOfTheBell","Deadly Poison","Poisoned Stab","Poisoned Stab","Poisoned Stab+1"],"relics":["Ring of the Snake","Snack Pack","hubris:MobiusCoin","Replay:Bottled Flurry","Golden Idol","Odd Mushroom","Calling Bell","infinitespire:PuzzleCube","Torii","Membership Card","The Courier"],"acts_visited":["Exordium","TheCity"],"potions_floor_usage":[],"damage_taken":[{"damage":0,"enemies":"2 Louse","floor":1,"turns":4},{"damage":26,"enemies":"3 Sentries","floor":6,"turns":13},{"damage":7,"enemies":"Small Slimes","floor":10,"turns":4},{"damage":0,"enemies":"Jaw Worm","floor":13,"turns":3},{"damage":31,"enemies":"The Mushroom Lair","floor":14,"turns":6},{"damage":37,"enemies":"Hexaghost","floor":16,"turns":12},{"damage":28,"enemies":"Spheric Guardian","floor":18,"turns":6},{"damage":2,"enemies":"Shell Parasite","floor":21,"turns":8},{"damage":8,"enemies":"Snecko","floor":24,"turns":5},{"damage":33,"enemies":"Shelled Parasite and Fungi","floor":28,"turns":10},{"damage":5,"enemies":"Snake Plant","floor":29,"turns":5},{"damage":14,"enemies":"Snecko","floor":31,"turns":4}],"seed_played":"4572452489579932786","potions_obtained":[{"floor":6,"key":"blueLaboratory:SuffocatingSmog"},{"floor":13,"key":"blueLaboratory:SavagePotion"},{"floor":22,"key":"CultistPotion"}],"is_trial":false,"path_per_floor":["M","?","?","?","$","E","R","$","T","M","R","?","M","?","R","B",null,"M","?","$","M","?","R","M","R","T","R","M","M","$","M"],"character_chosen":"THE_SILENT","items_purchased":["Poisoned Stab","Membership Card"],"campfire_rested":4,"item_purchase_floors":[5,20],"current_hp_per_floor":[70,70,70,70,70,44,65,65,65,58,58,58,58,27,48,11,70,42,42,42,40,12,33,29,50,50,50,17,14,14,0,0],"gold":516,"neow_bonus":"UPGRADE_CARD","is_daily":false,"chose_seed":false,"campfire_upgraded":2,"win_rate":0.0,"timestamp":1609062607,"path_taken":["M","?","?","?","$","E","R","?","T","M","R","?","M","?","R","BOSS","M","?","?","M","?","R","M","R","T","R","?","M","$","M"],"items_purchased_type":["Card","Relic"],"build_version":"2020-12-22","purchased_purges":3,"victory":false,"max_hp_per_floor":[70,70,70,70,70,70,70,70,70,70,70,70,70,70,70,70,70,70,70,70,70,70,70,70,70,70,70,70,70,70,70,70],"relic_stats":{"Torii":44,"counters":[12,80],"Golden Idol":72,"obtain_stats":[{"Calling Bell":17,"hubris:MobiusCoin":6,"Torii":17,"Golden Idol":12,"The Courier":22,"Replay:Bottled Flurry":9,"Snack Pack":17,"Membership Card":20,"Odd Mushroom":14,"infinitespire:PuzzleCube":17,"Ring of the Snake":0},{"Calling Bell":6,"hubris:MobiusCoin":2,"Torii":6,"Golden Idol":3,"The Courier":8,"Replay:Bottled Flurry":2,"Snack Pack":6,"Membership Card":7,"Odd Mushroom":5,"infinitespire:PuzzleCube":6,"Ring of the Snake":0},{"Calling Bell":42,"hubris:MobiusCoin":17,"Torii":42,"Golden Idol":21,"The Courier":56,"Replay:Bottled Flurry":17,"Snack Pack":42,"Membership Card":48,"Odd Mushroom":30,"infinitespire:PuzzleCube":42,"Ring of the Snake":0}],"Ring of the Snake":[24]},"card_choices":[{"not_picked":["Underhanded Strike","Deflect","Acrobatics"],"picked":"SKIP","floor":1},{"not_picked":["Well Laid Plans","PiercingWail","Slice"],"picked":"SKIP","floor":6},{"not_picked":["Grand Finale","Blade Dance","Fluid Movement"],"picked":"SKIP","floor":10},{"not_picked":["Caltrops","ReplayTheSpireMod:Exploit Weakness","Tactician"],"picked":"SKIP","floor":13},{"not_picked":["Blade Dance","Distraction"],"picked":"Replay:Poison Smokescreen","floor":14},{"not_picked":["Acrobatics+1","Bane"],"picked":"Deadly Poison","floor":18},{"not_picked":["Slice","hubris:Sniper"],"picked":"Poisoned Stab","floor":21},{"not_picked":["Cloak And Dagger","Well Laid Plans"],"picked":"Poisoned Stab","floor":22},{"not_picked":["Underhanded Strike","Outmaneuver+1","Setup"],"picked":"SKIP","floor":24},{"not_picked":["Dodge and Roll+1","Hidden Blade+1","A Thousand Cuts"],"picked":"SKIP","floor":28},{"not_picked":["Reflex","Deflect"],"picked":"Poisoned Stab+1","floor":29}],"player_experience":2680360,"relics_obtained":[{"floor":6,"key":"hubris:MobiusCoin"},{"floor":9,"key":"Replay:Bottled Flurry"},{"floor":14,"key":"Odd Mushroom"},{"floor":17,"key":"infinitespire:PuzzleCube"},{"floor":17,"key":"Snack Pack"},{"floor":17,"key":"Torii"},{"floor":22,"key":"The Courier"}],"event_choices":[{"damage_healed":0,"gold_gain":0,"player_choice":"Leave","damage_taken":0,"max_hp_gain":0,"max_hp_loss":0,"event_name":"The Cleric","floor":2,"gold_loss":0},{"damage_healed":70,"gold_gain":0,"player_choice":"Leave","damage_taken":0,"max_hp_gain":0,"max_hp_loss":70,"event_name":"betterThird:BetterShining","floor":4,"gold_loss":0},{"damage_healed":0,"gold_gain":0,"player_choice":"Take Wound","damage_taken":0,"relics_obtained":["Golden Idol"],"max_hp_gain":0,"max_hp_loss":0,"event_name":"Golden Idol","floor":12,"gold_loss":0,"cards_obtained":["Injury"]},{"damage_healed":0,"gold_gain":0,"player_choice":"Fought Mushrooms","damage_taken":0,"max_hp_gain":0,"max_hp_loss":0,"event_name":"Mushrooms","floor":14,"gold_loss":0},{"cards_removed":["Strike_G"],"damage_healed":0,"gold_gain":0,"player_choice":"Give","damage_taken":0,"max_hp_gain":0,"max_hp_loss":0,"event_name":"betterNote:BetterNote","floor":19,"gold_loss":0,"cards_obtained":["Strike_G"]}],"is_beta":false,"boss_relics":[{"not_picked":["hubris:GrandSneckoEye","energizedSpire:MagnifyingGlass"],"picked":"Calling Bell"}],"items_purged_floors":[5,20,30],"is_endless":false,"potions_floor_spawned":[6,13],"killed_by":"Snecko","ascension_level":0}}