{"host":"dcj2yvrgcvh5dl2s","time":1609056450,"event":{"mods":["BaseMod","Better Note","Block Reminder","Colored Powertips","DeckTracker","Minty Spire (QoL Compilation)","Quick Restart","Rare Cards Sparkle","Relic Stats","StSLib"],"gold_per_floor":[16,16,26,26,45,78,78,110,110,130,130,149,149,176,176,176,176],"floor_reached":16,"playtime":546,"items_purged":[],"score":216,"play_id":"0b522f5e-e7f7-4608-bc47-a6809466f3e8","local_time":"20201227180730","is_ascension_mode":true,"campfire_choices":[{"floor":7,"key":"REST"},{"floor":11,"key":"REST"},{"floor":15,"key":"REST"}],"circlet_count":0,"master_deck":["AscendersBane","Strike_R","Strike_R","Strike_R","Strike_R","Strike_R","Defend_R","Defend_R","Defend_R","Defend_R","Bash","Metallicize","Pommel Strike","Pummel","Heavy Blade","Shrug It Off","Whirlwind","Body Slam","Shrug It Off"],"relics":["Burning Blood","Prayer Wheel","Girya","InkBottle","Question Card","Torii","White Beast Statue"],"acts_visited":["Exordium"],"potions_floor_usage":[8,10,16],"damage_taken":[{"damage":14,"enemies":"Jaw Worm","floor":1,"turns":3},{"damage":1,"enemies":"Cultist","floor":3,"turns":3},{"damage":6,"enemies":"Small Slimes","floor":5,"turns":4},{"damage":37,"enemies":"3 Sentries","floor":6,"turns":10},{"damage":26,"enemies":"Gremlin Nob","floor":8,"turns":4},{"damage":26,"enemies":"Gremlin Gang","floor":10,"turns":5},{"damage":0,"enemies":"Large Slime","floor":12,"turns":5},{"damage":19,"enemies":"3 Sentries","floor":14,"turns":10},{"damage":53,"enemies":"The Guardian","floor":16,"turns":8}],"seed_played":"5100668570068220555","potions_obtained":[{"floor":1,"key":"Strength Potion"},{"floor":2,"key":"BlessingOfTheForge"},{"floor":8,"key":"EssenceOfSteel"},{"floor":10,"key":"SkillPotion"}],"is_trial":false,"path_per_floor":["M","?","M","$","M","E","R","E","T","M","R","M","?","E","R","B"],"character_chosen":"IRONCLAD","items_purchased":[],"campfire_rested":3,"item_purchase_floors":[],"current_hp_per_floor":[60,60,65,65,65,34,56,36,36,16,38,44,44,31,53,0,0],"gold":176,"neow_bonus":"ONE_RARE_RELIC","is_daily":false,"chose_seed":false,"campfire_upgraded":0,"win_rate":0.0,"timestamp":1609056450,"path_taken":["M","?","?","$","?","E","R","E","T","M","R","M","?","E","R","BOSS"],"items_purchased_type":[],"build_version":"2020-12-22","purchased_purges":0,"victory":false,"max_hp_per_floor":[75,75,75,75,75,75,75,75,75,75,75,75,75,75,75,75,75],"relic_stats":{"Torii":3,"counters":[9,52],"Prayer Wheel":5,"Question Card":5,"obtain_stats":[{"Girya":6,"Torii":13,"Prayer Wheel":0,"Question Card":9,"Burning Blood":0,"InkBottle":8,"White Beast Statue":14},{"Girya":4,"Torii":7,"Prayer Wheel":0,"Question Card":5,"Burning Blood":0,"InkBottle":5,"White Beast Statue":8},{"Girya":20,"Torii":34,"Prayer Wheel":0,"Question Card":24,"Burning Blood":0,"InkBottle":24,"White Beast Statue":44}],"Burning Blood":48,"InkBottle":[4]},"card_choices":[{"not_picked":["Blood for Blood","Thunderclap"],"picked":"Metallicize","floor":1},{"not_picked":["Wild Strike","Twin Strike"],"picked":"Pommel Strike","floor":1},{"not_picked":["True Grit","Havoc","Burning Pact"],"picked":"SKIP","floor":3},{"not_picked":["Fire Breathing","Twin Strike","Rupture"],"picked":"SKIP","floor":3},{"not_picked":["Shockwave","Cleave"],"picked":"Pummel","floor":5},{"not_picked":["Armaments","Headbutt","Sever Soul"],"picked":"SKIP","floor":5},{"not_picked":["Fiend Fire","Combust","Brutality"],"picked":"SKIP","floor":6},{"not_picked":["Body Slam","True Grit"],"picked":"Heavy Blade","floor":8},{"not_picked":["Pommel Strike","Flame Barrier","Headbutt"],"picked":"Shrug It Off","floor":10},{"not_picked":["Flex","Carnage","Pommel Strike"],"picked":"Whirlwind","floor":10},{"not_picked":["Burning Pact","Fiend Fire","Havoc"],"picked":"Body Slam","floor":12},{"not_picked":["Bloodletting","Twin Strike","Clash","Dropkick"],"picked":"SKIP","floor":12},{"not_picked":["Clothesline","Inflame","Combust"],"picked":"Shrug It Off","floor":14}],"player_experience":2059033,"relics_obtained":[{"floor":6,"key":"Girya"},{"floor":8,"key":"InkBottle"},{"floor":9,"key":"Question Card"},{"floor":14,"key":"White Beast Statue"}],"event_choices":[{"damage_healed":0,"gold_gain":0,"player_choice":"Got Potions","damage_taken":0,"max_hp_gain":0,"max_hp_loss":0,"event_name":"Lab","floor":2,"gold_loss":0},{"damage_healed":0,"gold_gain":0,"player_choice":"Gave Potion","damage_taken":0,"relics_obtained":["Torii"],"max_hp_gain":0,"max_hp_loss":0,"event_name":"WeMeetAgain","floor":13,"gold_loss":0}],"is_beta":false,"boss_relics":[],"items_purged_floors":[],"is_endless":false,"potions_floor_spawned":[1,8,10],"killed_by":"The Guardian","ascension_level":16}}