{"host":"nvwxkcurnqq848ao","time":1609106154,"event":{"mods":["BaseMod","Block Reminder","Downfall","Infinite Spire","Minty Spire (QoL Compilation)","Relic Sorter","Replay The Spire","StSLib"],"gold_per_floor":[99,116,129,144,161,161,184,196,24,199,226,226,65,80,96,197,197,197,215,227,246,246,265,265,282,293,318,335,335,335,354,367,471,471,471,484,498,513,531,531,531,551,570,583,612,612,624,642,655,655,655,655],"floor_reached":50,"playtime":4318,"items_purged":["Doubt"],"score":527,"play_id":"17656017-eccc-4b15-bc6d-2cb7f086c171","local_time":"20201227155554","is_ascension_mode":false,"campfire_choices":[{"data":"Slimebound:LeechLife","floor":12.0,"key":"SMITH"},{"data":"Slimebound:OozeBath","floor":18.0,"key":"SMITH"},{"data":"Slimebound:RejuvenatingLick","floor":29,"key":"SMITH"},{"data":"Slimebound:WasteNot","floor":35,"key":"SMITH"},{"data":"Slimebound:Strike_Slimebound","floor":46,"key":"PURGE"}],"circlet_count":0,"master_deck":["Slimebound:Strike_Slimebound","Slimebound:Tackle","Slimebound:Defend_Slimebound","Slimebound:Defend_Slimebound","Slimebound:Defend_Slimebound","Slimebound:Defend_Slimebound","Slimebound:Split","Slimebound:CorrosiveSpit","Dramatic Entrance+1","Slimebound:Schlurp","Slimebound:Equalize+1","Slimebound:GoopSpray","Slimebound:Dissolve","Slimebound:HauntingLick","Slimebound:RejuvenatingLick+1","Slimebound:FinishingTackle","Slimebound:LeechLife+1","Slimebound:LeechEnergy","Slimebound:TongueLash","Slimebound:FinishingTackle","Slimebound:OozeBath+1","Slimebound:SplitMire","Slimebound:FirmFortitude","Slimebound:AcidTongue","Slimebound:Nibble","Slimebound:FirmFortitude","infinitespire:FutureSight","Slimebound:LivingWall","Slimebound:Schlurp+1","Slimebound:WasteNot+1","Slimebound:SlimeSpikes+1","Slimebound:SplitMire+1","Slimebound:FirmFortitude","Slimebound:LivingWall+1","Slimebound:LeechEnergy","Slimebound:SlimeSpikes+1","Slimebound:Schlurp+1"],"relics":["Slimebound:AbsorbEndCombat","Replay:Baseball","Boot","Guide Book","Odd Mushroom","Painkiller Herb","Sundial","Meat on the Bone","infinitespire:PuzzleCube","Sozu","Peace Pipe","Regal Pillow"],"acts_visited":["Exordium","TheCity","TheBeyond"],"potions_floor_usage":[32,33,33,36],"damage_taken":[{"damage":0.0,"enemies":"2 Louse","floor":2.0,"turns":1.0},{"damage":1.0,"enemies":"Cultist","floor":3.0,"turns":3.0},{"damage":9.0,"enemies":"infinitespire:Voidling","floor":4.0,"turns":3.0},{"damage":15.0,"enemies":"Large Slime","floor":5.0,"turns":5.0},{"damage":10.0,"enemies":"3 Louse","floor":8.0,"turns":3.0},{"damage":4.0,"enemies":"downfall:FleeingMerchant","floor":9.0,"turns":4.0},{"damage":0.0,"enemies":"The Mushroom Lair","floor":11.0,"turns":1.0},{"damage":20.0,"enemies":"downfall:FleeingMerchant","floor":13.0,"turns":4.0},{"damage":7.0,"enemies":"2 Fungi Beasts","floor":14.0,"turns":2.0},{"damage":7.0,"enemies":"Large Slime","floor":15.0,"turns":4.0},{"damage":72.0,"enemies":"downfall:Silent","floor":16.0,"turns":9.0},{"damage":32.0,"enemies":"3 Byrds","floor":19.0,"turns":4.0},{"damage":23.0,"enemies":"Snecko","floor":20.0,"turns":5.0},{"damage":24.0,"enemies":"Cultist and Chosen","floor":21.0,"turns":4.0},{"damage":27.0,"enemies":"Snake Plant","floor":23.0,"turns":3.0},{"damage":24,"enemies":"Shelled Parasite and Fungi","floor":25,"turns":4},{"damage":36,"enemies":"Centurion and Healer","floor":26,"turns":7},{"damage":63,"enemies":"Nightmare","floor":27,"turns":8},{"damage":7,"enemies":"Snecko","floor":28,"turns":4},{"damage":29,"enemies":"Sentry and Sphere","floor":31,"turns":5},{"damage":15,"enemies":"Snake Plant","floor":32,"turns":4},{"damage":87,"enemies":"downfall:Watcher","floor":33,"turns":9},{"damage":38,"enemies":"3 Darklings","floor":36,"turns":3},{"damage":11,"enemies":"3 Shapes","floor":37,"turns":3},{"damage":33,"enemies":"Sphere and 2 Shapes","floor":38,"turns":5},{"damage":36,"enemies":"4 Shapes","floor":39,"turns":2},{"damage":44,"enemies":"Maw","floor":42,"turns":6},{"damage":46,"enemies":"Transient","floor":43,"turns":5},{"damage":44,"enemies":"Jaw Worm Horde","floor":44,"turns":4},{"damage":52,"enemies":"Reptomancer","floor":45,"turns":5},{"damage":47,"enemies":"Maw","floor":47,"turns":6},{"damage":18,"enemies":"Transient","floor":48,"turns":5},{"damage":33,"enemies":"3 Darklings","floor":49,"turns":7},{"damage":86,"enemies":"downfall:Defect","floor":50,"turns":7}],"seed_played":"-5368844830179637790","potions_obtained":[{"floor":2.0,"key":"champ:CounterPotion"},{"floor":3.0,"key":"Fire Potion"},{"floor":8.0,"key":"Block Potion"},{"floor":11.0,"key":"SpeedPotion"},{"floor":16.0,"key":"Doom Potion"},{"floor":20.0,"key":"Explosive Potion"},{"floor":26,"key":"Venom Potion"},{"floor":31,"key":"Weak Potion"},{"floor":32,"key":"Elixir"},{"floor":33,"key":"PowerPotion"}],"is_trial":false,"path_per_floor":["R","M","M","M","M","?","T","M","$","?","?","R","$","M","M","B",null,"T","?","?","?","?","?","T","?","?","NM","?","T","AVR","?","?","B",null,"T","?","?","?","?","?","T","?","?","?","E","T","?","?","?","B"],"character_chosen":"SLIMEBOUND","items_purchased":["Guide Book","Slimebound:TongueLash"],"campfire_rested":0,"item_purchase_floors":[9,13],"current_hp_per_floor":[60,60,60,60,60,57,57,54,60,60,60,60,54,60,60,46,60,60,60,55,60,60,43,43,45,60,48,60,60,60,53,60,33,60,60,40,57,60,40,40,40,60,46,57,56,56,60,60,60,0,0,0],"gold":655,"neow_bonus":"RANDOM_COLORLESS","is_daily":false,"chose_seed":false,"campfire_upgraded":4,"win_rate":0.0,"timestamp":1609106154,"path_taken":["R","M","M","M","M","?","T","M","$","?","?","R","$","M","M","BOSS","T","?","?","?","?","?","T","?","?","NM","?","T","AVR","?","?","BOSS","T","?","?","?","?","?","T","?","?","?","E","T","?","?","?","BOSS"],"items_purchased_type":["Relic","Card"],"build_version":"2020-12-22","purchased_purges":1,"victory":false,"max_hp_per_floor":[60,60,60,60,60,60,60,60,60,60,60,60,60,60,60,60,60,60,60,60,60,60,60,60,60,60,60,60,60,60,60,60,60,60,60,60,60,60,60,60,60,60,60,60,60,60,60,60,60,60,60,60],"card_choices":[{"not_picked":["Replay:SS_fish_2","Panacea"],"picked":"Dramatic Entrance","floor":0.0},{"not_picked":["Slimebound:Chomp","Slimebound:GoopSpray"],"picked":"Slimebound:Equalize","floor":2.0},{"not_picked":["Slimebound:SplitBruiser","Slimebound:SplitAcid"],"picked":"Slimebound:GoopSpray","floor":3.0},{"not_picked":["Slimebound:DivideAndConquer","Slimebound:SplitAcid"],"picked":"Slimebound:Dissolve","floor":4.0},{"not_picked":["Slimebound:LeechEnergy","Slimebound:SlimeBrawl"],"picked":"Slimebound:HauntingLick","floor":5.0},{"not_picked":["Slimebound:Prepare","Slimebound:GoopSpray"],"picked":"Slimebound:RejuvenatingLick","floor":8.0},{"not_picked":["Slimebound:SplitAcid","Slimebound:BestDefense"],"picked":"Slimebound:FinishingTackle","floor":9.0},{"not_picked":["Slimebound:RollThrough","Slimebound:SlimeSpikes"],"picked":"Slimebound:LeechLife","floor":11.0},{"not_picked":["Slimebound:SplitBruiser","Slimebound:MassRepurpose"],"picked":"Slimebound:LeechEnergy","floor":13.0},{"not_picked":["Slimebound:SplitAcid","Slimebound:RollThrough","Slimebound:ViciousTackle"],"picked":"SKIP","floor":14.0},{"not_picked":["Slimebound:SlimeBarrage","Slimebound:SplitBruiser"],"picked":"Slimebound:FinishingTackle","floor":15.0},{"not_picked":["Slimebound:Overexert","Slimebound:SlimeSlap"],"picked":"Slimebound:OozeBath","floor":16.0},{"not_picked":["Slimebound:ViciousTackle","Slimebound:ComboTackle","Slimebound:ProtectTheBoss"],"picked":"SKIP","floor":19.0},{"not_picked":["Slimebound:Grow+1","Slimebound:Dissolve"],"picked":"Slimebound:SplitMire","floor":20.0},{"not_picked":["Slimebound:GoopSpray","Slimebound:ForwardTackle"],"picked":"Slimebound:FirmFortitude","floor":21.0},{"not_picked":["Slimebound:SplitSpecialist","Slimebound:SlimeSpikes","Slimebound:PressTheAttack"],"picked":"SKIP","floor":23.0},{"not_picked":["Slimebound:SelfFormingGoo","Slimebound:SlimeTap+1","Slimebound:ForwardTackle"],"picked":"SKIP","floor":25},{"not_picked":["Slimebound:SlimeSpikes","Slimebound:LevelUp"],"picked":"Slimebound:AcidTongue","floor":26},{"not_picked":["Slimebound:SplitBruiser","Slimebound:LeechEnergy"],"picked":"Slimebound:Nibble","floor":27},{"not_picked":["Slimebound:RollThrough","Slimebound:SplitLeeching+1"],"picked":"Slimebound:FirmFortitude","floor":28},{"not_picked":["Slimebound:SamplingLick","Slimebound:DisruptingSlam+1"],"picked":"Slimebound:LivingWall","floor":31},{"not_picked":["Slimebound:SlimeTap+1","Slimebound:ComboTackle"],"picked":"Slimebound:Schlurp+1","floor":32},{"not_picked":["Slimebound:CheckThePlaybook","Slimebound:Teamwork"],"picked":"Slimebound:WasteNot","floor":33},{"not_picked":["Slimebound:FinishingTackle","Slimebound:DisruptingSlam"],"picked":"Slimebound:SlimeSpikes+1","floor":36},{"not_picked":["Slimebound:SplitSpecialist+1","Slimebound:LeechingTouch+1"],"picked":"Slimebound:SplitMire+1","floor":37},{"not_picked":["Slimebound:SlimeSpikes","Slimebound:Replication+1","Slimebound:Schlurp"],"picked":"SKIP","floor":38},{"not_picked":["Slimebound:SplitMire","Slimebound:LeechEnergy"],"picked":"Slimebound:FirmFortitude","floor":39},{"not_picked":["Slimebound:PressTheAttack+1","Slimebound:SplitSpecialist","Slimebound:GrowthPunch"],"picked":"SKIP","floor":42},{"not_picked":["Slimebound:LeechingTouch","Slimebound:PressTheAttack","Slimebound:SplitAcid+1"],"picked":"SKIP","floor":43},{"not_picked":["Slimebound:PrepareCrush","Slimebound:SplitSpecialist+1","Slimebound:RollThrough+1"],"picked":"SKIP","floor":44},{"not_picked":["Slimebound:DivideAndConquer","Slimebound:RollThrough+1"],"picked":"Slimebound:LivingWall+1","floor":45},{"not_picked":["Slimebound:SlimeBarrage","Slimebound:LeechingTouch"],"picked":"Slimebound:LeechEnergy","floor":47},{"not_picked":["Slimebound:BestDefense+1","Slimebound:FinishingTackle"],"picked":"Slimebound:SlimeSpikes+1","floor":48},{"not_picked":["Slimebound:SplitBruiser","Slimebound:GoopSpray+1"],"picked":"Slimebound:Schlurp+1","floor":49}],"player_experience":556400,"relics_obtained":[{"floor":7.0,"key":"Boot"},{"floor":11.0,"key":"Odd Mushroom"},{"floor":22.0,"key":"Sundial"},{"floor":24.0,"key":"Meat on the Bone"},{"floor":27,"key":"infinitespire:PuzzleCube"},{"floor":41,"key":"Peace Pipe"},{"floor":45,"key":"Regal Pillow"}],"event_choices":[{"damage_healed":0.0,"max_hp_gain":0.0,"max_hp_loss":0.0,"gold_gain":0.0,"event_name":"Scrap Ooze","player_choice":"Success","floor":6.0,"gold_loss":0.0,"damage_taken":3.0,"relics_obtained":["Replay:Baseball"]},{"damage_healed":0.0,"max_hp_gain":0.0,"max_hp_loss":0.0,"gold_gain":0.0,"event_name":"Mushrooms","player_choice":"Fought Mushrooms","floor":11.0,"gold_loss":0.0,"damage_taken":0.0},{"damage_healed":0.0,"max_hp_gain":0.0,"max_hp_loss":0.0,"gold_gain":0.0,"event_name":"Wheel of Change","player_choice":"Relic","floor":22.0,"gold_loss":0.0,"damage_taken":0.0}],"is_beta":false,"boss_relics":[{"not_picked":["Tiny House","ReplayTheSpireMod:SealedPack"],"picked":"Painkiller Herb"},{"not_picked":["Abe\u0027s Treasure","Honey Jar"],"picked":"Sozu"}],"items_purged_floors":[13],"is_endless":true,"potions_floor_spawned":[2,3,8,11,16,20,26,31,32,33,36,37,42,45,47,49],"killed_by":"downfall:Defect","ascension_level":0}}