{"host":"98ajcw3do3zsggh8","time":1609081481,"event":{"mods":["BaseMod","Minty Spire (QoL Compilation)","Replay The Spire","StSLib"],"gold_per_floor":[113,25,25,25,44,44,56,70,148,6,17,45,107,107,107,209,209,224,249,249,262,262,262,162,162,162,181,201,218,229,229,229],"floor_reached":31,"playtime":101189,"items_purged":["Defend_P","Strike_P"],"score":312,"play_id":"83d36bfa-da81-46a2-a0ee-36ce2a968f09","local_time":"20201227160441","is_ascension_mode":false,"campfire_choices":[{"data":"Dramatic Entrance","floor":6.0,"key":"SMITH"},{"data":"Ragnarok","floor":15.0,"key":"SMITH"},{"floor":23.0,"key":"REST"}],"circlet_count":0,"master_deck":["Strike_P+1","Strike_P","Defend_P","Defend_P","Defend_P+1","Eruption","Vigilance","FollowUp+1","Dramatic Entrance+1","Ragnarok+1","Indignation+1","LessonLearned","Shame"],"relics":["PureWater","NeowsBlessing","Replay:Accelerometer","Juzu Bracelet","Replay:Bottled Flurry","SlaversCollar","Red Mask","ReplayTheSpireMod:Shallot","Quantum Egg"],"acts_visited":["Exordium","TheCity"],"potions_floor_usage":[],"damage_taken":[{"damage":0.0,"enemies":"2 Louse","floor":1.0,"turns":1.0},{"damage":0.0,"enemies":"Cultist","floor":5.0,"turns":1.0},{"damage":0.0,"enemies":"Jaw Worm","floor":7.0,"turns":1.0},{"damage":0.0,"enemies":"3 Louse","floor":8.0,"turns":2.0},{"damage":0.0,"enemies":"Blue Slaver","floor":11.0,"turns":2.0},{"damage":0.0,"enemies":"3 Sentries","floor":12.0,"turns":2.0},{"damage":46.0,"enemies":"Lagavulin Event","floor":13.0,"turns":4.0},{"damage":0.0,"enemies":"Slime Boss","floor":16.0,"turns":3.0},{"damage":3.0,"enemies":"3 Byrds","floor":18.0,"turns":3.0},{"damage":15.0,"enemies":"Masked Bandits","floor":19.0,"turns":4.0},{"damage":0.0,"enemies":"Spheric Guardian","floor":21.0,"turns":2.0},{"damage":35.0,"enemies":"Snake Plant","floor":27.0,"turns":3.0},{"damage":0.0,"enemies":"Centurion and Healer","floor":28.0,"turns":4.0},{"damage":0.0,"enemies":"Chosen and Byrds","floor":29.0,"turns":4.0},{"damage":0.0,"enemies":"Snake Plant","floor":30.0,"turns":2.0},{"damage":6,"enemies":"3 Cultists","floor":31,"turns":3}],"seed_played":"2757586056022773286","potions_obtained":[{"floor":1.0,"key":"GamblersBrew"},{"floor":5.0,"key":"Adrenaline Potion"},{"floor":12.0,"key":"Block Potion"},{"floor":18.0,"key":"Strength Potion"},{"floor":27.0,"key":"EntropicBrew"},{"floor":28.0,"key":"BottledMiracle"},{"floor":29.0,"key":"Energy Potion"}],"is_trial":false,"path_per_floor":["M","$","?","$","M","R","M","M","T","$","M","E","?","?","R","B",null,"M","?","?","M","?","R","$","?","T","M","M","M","M","M"],"character_chosen":"WATCHER","items_purchased":["Dramatic Entrance","Indignation"],"campfire_rested":1,"item_purchase_floors":[2,10],"current_hp_per_floor":[72,72,72,72,72,72,72,72,72,72,72,72,26,26,26,26,72,69,54,38,38,25,48,48,48,48,13,13,13,13,7,7],"gold":229,"neow_bonus":"THREE_ENEMY_KILL","is_daily":false,"chose_seed":false,"campfire_upgraded":2,"win_rate":0.0,"timestamp":1609081481,"path_taken":["M","$","?","?","M","R","M","M","T","$","?","E","?","?","R","BOSS","M","?","?","M","?","R","$","?","T","M","M","M","M","M"],"items_purchased_type":["Card","Card"],"build_version":"2020-12-22","purchased_purges":2,"victory":false,"max_hp_per_floor":[72,72,72,72,72,72,72,72,72,72,72,72,72,72,72,72,72,72,72,72,72,77,77,77,77,77,77,77,77,77,77,77],"card_choices":[{"not_picked":["Nirvana","SashWhip"],"picked":"FollowUp","floor":1.0},{"not_picked":["Protect","FearNoEvil","Replay:ManipulateFuture"],"picked":"SKIP","floor":5.0},{"not_picked":["Protect","Crescendo","SashWhip"],"picked":"SKIP","floor":7.0},{"not_picked":["JustLucky","Consecrate"],"picked":"Ragnarok","floor":8.0},{"not_picked":["EmptyFist","FlyingSleeves","Fasting2"],"picked":"SKIP","floor":11.0},{"not_picked":["Swivel","FlyingSleeves","Halt"],"picked":"SKIP","floor":12.0},{"not_picked":["DevaForm","Replay:AllIn"],"picked":"LessonLearned","floor":16.0},{"not_picked":["CrushJoints+1","WreathOfFlame+1","Meditate"],"picked":"SKIP","floor":18.0},{"not_picked":["PathToVictory+1","FollowUp","Evaluate"],"picked":"SKIP","floor":21.0},{"not_picked":["BowlingBash","Replay:ManipulateFuture+1","DevaForm"],"picked":"SKIP","floor":27.0},{"not_picked":["FlurryOfBlows","CutThroughFate+1","FlyingSleeves"],"picked":"SKIP","floor":28.0},{"not_picked":["FlurryOfBlows+1","BowlingBash","Adaptation"],"picked":"SKIP","floor":29.0},{"not_picked":["Evaluate","ConjureBlade","SashWhip"],"picked":"SKIP","floor":30.0}],"player_experience":177300,"relics_obtained":[{"floor":9.0,"key":"Replay:Accelerometer"},{"floor":12.0,"key":"Juzu Bracelet"},{"floor":13.0,"key":"Replay:Bottled Flurry"},{"floor":19.0,"key":"Red Mask"},{"floor":26.0,"key":"Quantum Egg"}],"event_choices":[{"cards_removed":["Strike_P"],"damage_healed":0.0,"max_hp_gain":0.0,"max_hp_loss":0.0,"gold_gain":0.0,"event_name":"Purifier","player_choice":"Purged","floor":3.0,"gold_loss":0.0,"damage_taken":0.0},{"damage_healed":0.0,"max_hp_gain":0.0,"max_hp_loss":0.0,"gold_gain":30.0,"event_name":"Dead Adventurer","player_choice":"Searched \u00272\u0027 times","floor":13.0,"gold_loss":0.0,"damage_taken":0.0},{"damage_healed":0.0,"max_hp_gain":0.0,"max_hp_loss":0.0,"gold_gain":0.0,"event_name":"Masked Bandits","player_choice":"Fought Bandits","floor":19.0,"gold_loss":0.0,"damage_taken":0.0},{"damage_healed":0.0,"max_hp_gain":0.0,"max_hp_loss":0.0,"gold_gain":0.0,"event_name":"Cursed Tome","player_choice":"Obtained Book","floor":20.0,"gold_loss":0.0,"damage_taken":16.0},{"damage_healed":0.0,"max_hp_gain":5.0,"max_hp_loss":0.0,"gold_gain":0.0,"event_name":"Forgotten Altar","player_choice":"Shed Blood","floor":22.0,"gold_loss":0.0,"damage_taken":18.0},{"damage_healed":0.0,"max_hp_gain":0.0,"max_hp_loss":0.0,"gold_gain":0.0,"event_name":"Addict","player_choice":"Stole Relic","floor":25.0,"gold_loss":0.0,"damage_taken":0.0,"relics_obtained":["ReplayTheSpireMod:Shallot"],"cards_obtained":["Shame"]}],"is_beta":false,"boss_relics":[{"not_picked":["ReplayTheSpireMod:DimensionalGlitch","Ectoplasm"],"picked":"SlaversCollar"}],"items_purged_floors":[10,24],"is_endless":false,"potions_floor_spawned":[1,5,12,16,18,27,28,29,30],"killed_by":"3 Cultists","ascension_level":0}}