{"host":"26mrfot5w7uj2ebc","time":1609073237,"event":{"mods":["AchievementEnabler","BaseMod","Colored Map","Minty Spire (QoL Compilation)"],"gold_per_floor":[112,72,72,72,88,88,105,105,132,132,157,157,176,176,176,302,302,320,336,27,27,45,45,89,105,105,55,55,74,95,95,95,95,95],"floor_reached":33,"playtime":1003,"items_purged":["Injury"],"score":295,"play_id":"b892610e-e55f-43e6-9fa5-8a22b7041d03","local_time":"20201227214717","is_ascension_mode":true,"campfire_choices":[{"data":"Bash","floor":6.0,"key":"SMITH"},{"data":"Clothesline","floor":15.0,"key":"SMITH"},{"floor":23.0,"key":"REST"},{"data":"Brutality","floor":28.0,"key":"SMITH"},{"floor":32.0,"key":"REST"}],"circlet_count":0,"master_deck":["Defend_R","Defend_R","Bash+1","Headbutt","Infernal Blade","Heavy Blade","Disarm","Parasite","Clothesline+1","Offering","CurseOfTheBell","Warcry","Armaments+1","Armaments","Brutality+1","Iron Wave","Battle Trance","Thunderclap","Rampage","Bite","Bite","Bite","Bite","Bite"],"relics":["Burning Blood","NeowsBlessing","Golden Idol","Art of War","Smiling Mask","Calling Bell","Omamori","The Courier","TungstenRod","MealTicket","Oddly Smooth Stone","StrikeDummy","White Beast Statue"],"acts_visited":["Exordium","TheCity"],"potions_floor_usage":[33,33],"damage_taken":[{"damage":0.0,"enemies":"Jaw Worm","floor":1.0,"turns":1.0},{"damage":0.0,"enemies":"Small Slimes","floor":5.0,"turns":1.0},{"damage":0.0,"enemies":"Cultist","floor":7.0,"turns":1.0},{"damage":8.0,"enemies":"2 Fungi Beasts","floor":11.0,"turns":3.0},{"damage":11.0,"enemies":"Looter","floor":13.0,"turns":3.0},{"damage":66.0,"enemies":"Hexaghost","floor":16.0,"turns":10.0},{"damage":9.0,"enemies":"Chosen","floor":18.0,"turns":4.0},{"damage":33.0,"enemies":"Spheric Guardian","floor":19.0,"turns":5.0},{"damage":6.0,"enemies":"Snecko","floor":22.0,"turns":6.0},{"damage":26.0,"enemies":"Gremlin Leader","floor":24.0,"turns":7.0},{"damage":15.0,"enemies":"Snake Plant","floor":25.0,"turns":6.0},{"damage":34.0,"enemies":"Centurion and Healer","floor":29.0,"turns":10.0},{"damage":20.0,"enemies":"Cultist and Chosen","floor":30.0,"turns":5.0},{"damage":76,"enemies":"Automaton","floor":33,"turns":6}],"seed_played":"-7550226544592875756","potions_obtained":[{"floor":11.0,"key":"Strength Potion"},{"floor":16.0,"key":"Explosive Potion"},{"floor":18.0,"key":"Dexterity Potion"},{"floor":24.0,"key":"Explosive Potion"},{"floor":25.0,"key":"Swift Potion"},{"floor":29.0,"key":"Fire Potion"},{"floor":30.0,"key":"LiquidBronze"}],"is_trial":false,"path_per_floor":["M","$","?","?","M","R","M","?","T","?","M","?","M","?","R","B",null,"M","M","$","?","M","R","E","M","T","$","R","M","M","?","R","B"],"character_chosen":"IRONCLAD","items_purchased":["Infernal Blade","MealTicket","Oddly Smooth Stone","CultistPotion"],"campfire_rested":2,"item_purchase_floors":[2,20,20,20],"current_hp_per_floor":[80,80,73,73,79,79,80,80,80,80,78,78,73,73,73,13,80,77,50,50,50,50,74,54,45,45,60,60,32,18,18,34,0,0],"gold":95,"neow_bonus":"THREE_ENEMY_KILL","is_daily":false,"chose_seed":false,"campfire_upgraded":3,"win_rate":0.0,"timestamp":1609073237,"path_taken":["M","$","?","?","M","R","?","?","T","?","M","?","M","?","R","BOSS","M","M","$","?","M","R","E","M","T","$","R","M","M","?","R","BOSS"],"items_purchased_type":["Card","Relic","Relic","Potion"],"build_version":"2020-12-22","purchased_purges":1,"victory":false,"max_hp_per_floor":[80,80,80,80,80,80,80,80,80,80,80,80,80,80,80,80,80,80,80,80,80,80,80,80,80,80,80,80,80,80,56,56,56,56],"card_choices":[{"not_picked":["Anger","Burning Pact"],"picked":"Headbutt","floor":1.0},{"not_picked":["Sentinel","Anger"],"picked":"Heavy Blade","floor":5.0},{"not_picked":["Whirlwind","Shrug It Off"],"picked":"Disarm","floor":7.0},{"not_picked":["Dual Wield","Whirlwind"],"picked":"Clothesline","floor":11.0},{"not_picked":["Carnage","Anger","Headbutt"],"picked":"SKIP","floor":13.0},{"not_picked":["Limit Break","Juggernaut"],"picked":"Offering","floor":16.0},{"not_picked":["Flex","Combust"],"picked":"Warcry","floor":18.0},{"not_picked":["Feed","Infernal Blade"],"picked":"Armaments+1","floor":19.0},{"not_picked":["Perfected Strike+1","Rupture"],"picked":"Iron Wave","floor":22.0},{"not_picked":["Armaments+1","Clothesline"],"picked":"Battle Trance","floor":24.0},{"not_picked":["Blood for Blood","Warcry"],"picked":"Thunderclap","floor":25.0},{"not_picked":["Pommel Strike","Wild Strike","Havoc"],"picked":"SKIP","floor":29.0},{"not_picked":["Sentinel","Searing Blow+1"],"picked":"Rampage","floor":30.0}],"player_experience":217201,"relics_obtained":[{"floor":9.0,"key":"Art of War"},{"floor":17.0,"key":"Omamori"},{"floor":17.0,"key":"The Courier"},{"floor":17.0,"key":"TungstenRod"},{"floor":24.0,"key":"StrikeDummy"},{"floor":26.0,"key":"White Beast Statue"}],"event_choices":[{"cards_removed":["Defend_R"],"damage_healed":0.0,"max_hp_gain":0.0,"max_hp_loss":0.0,"gold_gain":0.0,"event_name":"Golden Wing","player_choice":"Card Removal","floor":3.0,"gold_loss":0.0,"damage_taken":7.0},{"cards_removed":["Defend_R"],"damage_healed":0.0,"max_hp_gain":0.0,"max_hp_loss":0.0,"gold_gain":0.0,"event_name":"Bonfire Elementals","player_choice":"Offered Basic","floor":4.0,"gold_loss":0.0,"damage_taken":0.0},{"damage_healed":0.0,"max_hp_gain":0.0,"max_hp_loss":0.0,"gold_gain":0.0,"event_name":"Golden Idol","player_choice":"Take Wound","floor":8.0,"gold_loss":0.0,"damage_taken":0.0,"relics_obtained":["Golden Idol"],"cards_obtained":["Injury"]},{"damage_healed":20.0,"max_hp_gain":0.0,"max_hp_loss":0.0,"gold_gain":0.0,"event_name":"Mushrooms","player_choice":"Healed and dodged fight","floor":10.0,"gold_loss":0.0,"damage_taken":0.0,"cards_obtained":["Parasite"]},{"damage_healed":0.0,"max_hp_gain":0.0,"max_hp_loss":0.0,"gold_gain":0.0,"event_name":"Big Fish","player_choice":"Box","floor":12.0,"gold_loss":0.0,"damage_taken":0.0,"relics_obtained":["Smiling Mask"],"cards_obtained":["Regret"]},{"cards_removed":["Regret"],"damage_healed":0.0,"max_hp_gain":0.0,"max_hp_loss":0.0,"gold_gain":0.0,"event_name":"Living Wall","player_choice":"Forget","floor":14.0,"gold_loss":0.0,"damage_taken":0.0},{"damage_healed":0.0,"max_hp_gain":0.0,"max_hp_loss":0.0,"gold_gain":0.0,"cards_transformed":["Strike_R","Strike_R"],"event_name":"Drug Dealer","player_choice":"Became Test Subject","floor":21.0,"gold_loss":0.0,"damage_taken":0.0,"cards_obtained":["Armaments","Brutality"]},{"damage_healed":0.0,"max_hp_gain":0.0,"max_hp_loss":24.0,"gold_gain":0.0,"event_name":"Vampires","player_choice":"Became a vampire","floor":31.0,"gold_loss":0.0,"damage_taken":0.0,"cards_obtained":["Bite","Bite","Bite","Bite","Bite"]}],"is_beta":false,"boss_relics":[{"not_picked":["Mark of Pain","Pandora\u0027s Box"],"picked":"Calling Bell"}],"items_purged_floors":[27],"is_endless":false,"potions_floor_spawned":[11,16,18,22,24,25,29,30],"killed_by":"Automaton","ascension_level":1}}