{"host":"30jsp143e4v19aze","time":1609111300,"event":{"mods":["BaseMod","Colored Map","Colored Powertips","Curses Come First","DeckTracker","Highlight Path","Minty Spire (QoL Compilation)","Quick Restart","Relic Stats","StSLib","everything is the same but u backflip on backflip","slay the spire mod where everything is the same but ironclad has a cowboy hat"],"gold_per_floor":[114,129,129,139,149,149,178,23,23,51,51,51,51,70,70,145,145,163,179,179,94,193,193,207,207,233,265,277,289,301,345,357,369,369],"floor_reached":33,"playtime":997,"items_purged":[],"score":480,"play_id":"826fb5f8-102d-4341-8274-7282c53d2609","local_time":"20201228002140","is_ascension_mode":true,"campfire_choices":[{"floor":6,"key":"REST"},{"data":"Beam Cell","floor":11,"key":"SMITH"},{"floor":13,"key":"REST"},{"data":"Capacitor","floor":15,"key":"SMITH"},{"floor":23,"key":"REST"},{"floor":25,"key":"REST"},{"floor":28,"key":"REST"},{"floor":32,"key":"REST"}],"circlet_count":0,"master_deck":["AscendersBane","Strike_B","Strike_B","Strike_B+1","Strike_B","Defend_B","Defend_B","Defend_B","Defend_B","Zap+1","Dualcast","Gash","Reinforced Body","Ball Lightning","Capacitor+1","Echo Form","Beam Cell+1","Cold Snap","Hyperbeam","Gash","Go for the Eyes","Auto Shields","Gash","Writhe","Reprogram"],"relics":["FrozenCore","Lizard Tail","Juzu Bracelet","Shuriken","Dead Branch","Ornamental Fan","Centennial Puzzle","MawBank","Art of War","StrikeDummy"],"acts_visited":["Exordium","TheCity"],"potions_floor_usage":[19,24,27],"damage_taken":[{"damage":3,"enemies":"Jaw Worm","floor":1,"turns":4},{"damage":0,"enemies":"2 Louse","floor":2,"turns":3},{"damage":0,"enemies":"Small Slimes","floor":4,"turns":3},{"damage":26,"enemies":"Exordium Thugs","floor":5,"turns":5},{"damage":20,"enemies":"Gremlin Nob","floor":7,"turns":4},{"damage":20,"enemies":"Lagavulin","floor":10,"turns":5},{"damage":14,"enemies":"Large Slime","floor":14,"turns":6},{"damage":2,"enemies":"Hexaghost","floor":16,"turns":8},{"damage":10,"enemies":"Chosen","floor":18,"turns":3},{"damage":17,"enemies":"3 Byrds","floor":19,"turns":5},{"damage":16,"enemies":"3 Cultists","floor":24,"turns":5},{"damage":49,"enemies":"Book of Stabbing","floor":27,"turns":6},{"damage":49,"enemies":"Gremlin Leader","floor":31,"turns":7},{"damage":34,"enemies":"Champ","floor":33,"turns":3}],"seed_played":"3583702516565626884","potions_obtained":[{"floor":5,"key":"GamblersBrew"},{"floor":10,"key":"DistilledChaos"},{"floor":14,"key":"SteroidPotion"},{"floor":24,"key":"SpeedPotion"},{"floor":31,"key":"SteroidPotion"}],"is_trial":false,"path_per_floor":["M","M","?","M","M","R","E","$","T","E","R","?","R","M","R","B",null,"M","M","?","?","?","R","M","R","T","E","R","?","$","E","R","B"],"character_chosen":"DEFECT","items_purchased":["Echo Form"],"campfire_rested":6,"item_purchase_floors":[8],"current_hp_per_floor":[65,65,51,51,25,45,25,25,25,5,5,5,25,11,11,9,53,43,26,14,14,14,35,19,40,40,29,50,50,50,1,22,0,0],"gold":369,"neow_bonus":"ONE_RARE_RELIC","is_daily":false,"chose_seed":false,"campfire_upgraded":2,"win_rate":0.0,"timestamp":1609111300,"path_taken":["M","M","?","M","M","R","E","$","T","E","R","?","R","M","R","BOSS","M","M","?","?","?","R","M","R","T","E","R","?","$","E","R","BOSS"],"items_purchased_type":["Card"],"build_version":"2020-12-22","purchased_purges":0,"victory":false,"max_hp_per_floor":[68,68,68,68,68,68,68,68,68,68,68,68,68,68,68,68,68,68,68,73,73,73,73,73,73,73,73,73,73,73,73,73,73,73],"relic_stats":{"Lizard Tail":36,"Centennial Puzzle":[9],"counters":[14,67],"Shuriken":[22],"Ornamental Fan":[56],"Dead Branch":[15],"Juzu Bracelet":1,"Art of War":[1],"MawBank":72,"obtain_stats":[{"Lizard Tail":0,"Centennial Puzzle":26,"Shuriken":9,"Ornamental Fan":21,"Dead Branch":10,"Juzu Bracelet":7,"Art of War":29,"Cracked Core":0,"MawBank":27,"StrikeDummy":31,"FrozenCore":17},{"Lizard Tail":0,"Centennial Puzzle":11,"Shuriken":5,"Ornamental Fan":10,"Dead Branch":6,"Juzu Bracelet":5,"Art of War":12,"Cracked Core":0,"MawBank":12,"StrikeDummy":13,"FrozenCore":8},{"Lizard Tail":0,"Centennial Puzzle":51,"Shuriken":19,"Ornamental Fan":46,"Dead Branch":24,"Juzu Bracelet":19,"Art of War":57,"Cracked Core":0,"MawBank":57,"StrikeDummy":64,"FrozenCore":38}],"FrozenCore":[11]},"card_choices":[{"not_picked":["Conserve Battery","Turbo"],"picked":"Gash","floor":1},{"not_picked":["Consume","Leap"],"picked":"Reinforced Body","floor":2},{"not_picked":["Turbo","Recycle"],"picked":"Ball Lightning","floor":4},{"not_picked":["Chaos","Rebound","Reinforced Body"],"picked":"SKIP","floor":5},{"not_picked":["Darkness","Recycle"],"picked":"Capacitor","floor":7},{"not_picked":["Steam Power","Auto Shields"],"picked":"Beam Cell","floor":10},{"not_picked":["Genetic Algorithm","Turbo"],"picked":"Cold Snap","floor":14},{"not_picked":["Amplify","Multi-Cast"],"picked":"Hyperbeam","floor":16},{"not_picked":["Defragment","Cold Snap"],"picked":"Gash","floor":18},{"not_picked":["Hologram","Beam Cell+1"],"picked":"Go for the Eyes","floor":19},{"not_picked":["Static Discharge","Compile Driver"],"picked":"Auto Shields","floor":24},{"not_picked":["Leap","Barrage"],"picked":"Gash","floor":27},{"not_picked":["Recycle","Cold Snap"],"picked":"Reprogram","floor":31}],"player_experience":3280053,"relics_obtained":[{"floor":7,"key":"Juzu Bracelet"},{"floor":9,"key":"Shuriken"},{"floor":10,"key":"Dead Branch"},{"floor":26,"key":"Centennial Puzzle"},{"floor":27,"key":"MawBank"},{"floor":31,"key":"StrikeDummy"}],"event_choices":[{"damage_healed":0,"gold_gain":0,"player_choice":"Entered Light","damage_taken":14,"max_hp_gain":0,"max_hp_loss":0,"event_name":"Shining Light","floor":3,"gold_loss":0,"cards_upgraded":["Strike_B","Zap"]},{"damage_healed":0,"gold_gain":0,"player_choice":"Ignored","damage_taken":0,"max_hp_gain":0,"max_hp_loss":0,"event_name":"Golden Wing","floor":12,"gold_loss":0},{"damage_healed":0,"gold_gain":0,"player_choice":"Shed Blood","damage_taken":17,"max_hp_gain":5,"max_hp_loss":0,"event_name":"Forgotten Altar","floor":20,"gold_loss":0},{"damage_healed":0,"gold_gain":0,"player_choice":"Obtained Relic","damage_taken":0,"relics_obtained":["Ornamental Fan"],"max_hp_gain":0,"max_hp_loss":0,"event_name":"Addict","floor":21,"gold_loss":85},{"damage_healed":0,"gold_gain":99,"player_choice":"Stole From Cult","damage_taken":0,"max_hp_gain":0,"max_hp_loss":0,"event_name":"Nest","floor":22,"gold_loss":0},{"damage_healed":0,"gold_gain":0,"player_choice":"Opened","damage_taken":0,"relics_obtained":["Art of War"],"max_hp_gain":0,"max_hp_loss":0,"event_name":"The Mausoleum","floor":29,"gold_loss":0,"cards_obtained":["Writhe"]}],"is_beta":false,"boss_relics":[{"not_picked":["SacredBark","Velvet Choker"],"picked":"FrozenCore"}],"items_purged_floors":[],"is_endless":false,"potions_floor_spawned":[5,10,14,18,24,31],"killed_by":"Champ","ascension_level":13}}