{"host":"uikxj58mzlixykyi","time":1609072664,"event":{"mods":["AchievementEnabler","BaseMod","BetterRewards","Colored Map","Colored Powertips","Downfall","Friendly Minions","Highlight Path","Minty Spire (QoL Compilation)","Replay The Spire","Shop Mod","StSLib","The Construct"],"gold_per_floor":[113,79,79,56,56,86,86,105,105,117,136,155,170,189,189,291,291,274,207,223,223,233,233,250,250,250,250,263,270,470,490,490,490,490],"floor_reached":33,"playtime":1498,"items_purged":["Decay"],"score":276,"play_id":"9030aa84-144a-4658-a62a-367724bbb5fc","local_time":"20201227143744","is_ascension_mode":false,"campfire_choices":[{"data":"construct:Synchronize","floor":7,"key":"SMITH"},{"floor":15,"key":"REST"},{"floor":23,"key":"REST"},{"floor":27,"key":"REST"},{"floor":32,"key":"REST"}],"circlet_count":0,"master_deck":["construct:Strike_Gold","construct:Strike_Gold","construct:Strike_Gold","construct:Strike_Gold","construct:Strike_Gold","construct:Defend_Gold","construct:Defend_Gold","construct:Defend_Gold","construct:Defend_Gold","construct:AttackMode","construct:DefenseMode","construct:SaveState+1","construct:Autoturret","construct:Synchronize+1","construct:Tumble","construct:ForceCore","construct:PanicFire","construct:ModeShift+1","construct:PowerUp","construct:Missile+1","construct:SaveState+1","construct:ScrapCannon+1","construct:FlameCore","Normality","construct:ForceCore","construct:QuickAttack"],"relics":["construct:Cogwheel","NeowsBlessing","Snack Pack","ReplayTheSpireMod:TigerMarble","Honey Jar","ReplayTheSpireMod:CursedCoin"],"acts_visited":["Exordium","TheCity"],"potions_floor_usage":[16,28,31,31,33],"damage_taken":[{"damage":0,"enemies":"Small Slimes","floor":1,"turns":2},{"damage":0,"enemies":"Lagavulin","floor":6,"turns":1},{"damage":0,"enemies":"Cultist","floor":8,"turns":1},{"damage":16,"enemies":"Jaw Worm","floor":10,"turns":4},{"damage":4,"enemies":"Large Slime","floor":11,"turns":5},{"damage":16,"enemies":"3 Louse","floor":12,"turns":2},{"damage":5,"enemies":"Gremlin Gang","floor":13,"turns":5},{"damage":0,"enemies":"Large Slime","floor":14,"turns":4},{"damage":43,"enemies":"Hexaghost","floor":16,"turns":7},{"damage":20,"enemies":"2 Thieves","floor":18,"turns":4},{"damage":10,"enemies":"Spheric Guardian","floor":20,"turns":3},{"damage":55,"enemies":"Centurion and Healer","floor":22,"turns":7},{"damage":33,"enemies":"Cultist and Chosen","floor":24,"turns":6},{"damage":18,"enemies":"3 Cultists","floor":28,"turns":5},{"damage":3,"enemies":"Snake Plant","floor":31,"turns":3},{"damage":36,"enemies":"Pondfish","floor":33,"turns":3}],"seed_played":"-3604107038734050830","potions_obtained":[{"floor":8,"key":"Guardian:BlockOnCardUsePotion"},{"floor":12,"key":"Languid Potion"},{"floor":13,"key":"SkillPotion"},{"floor":16,"key":"Languid Potion"},{"floor":22,"key":"Strength Potion"},{"floor":28,"key":"FearPotion"}],"is_trial":false,"path_per_floor":["M","$","?","$","?","E","R","M","T","M","M","M","M","M","R","B",null,"M","$","M","?","M","R","M","?","T","R","M","$","?","M","R","B"],"character_chosen":"THE_CONSTRUCT_MOD","items_purchased":["construct:SaveState+1","construct:Autoturret","construct:PowerUp","ReplayTheSpireMod:CursedCoin","construct:ForceCore"],"campfire_rested":4,"item_purchase_floors":[2,4,19,29,29],"current_hp_per_floor":[85,85,78,78,78,78,78,78,78,64,62,46,43,45,70,31,85,69,69,61,61,8,33,2,2,2,27,11,11,11,8,33,0,0],"gold":490,"neow_bonus":"THREE_ENEMY_KILL","is_daily":false,"chose_seed":false,"campfire_upgraded":1,"win_rate":0.0,"timestamp":1609072664,"path_taken":["M","$","?","$","?","E","R","?","T","M","M","M","M","M","R","BOSS","M","?","M","?","M","R","M","?","T","R","M","$","?","?","R","BOSS"],"items_purchased_type":["Card","Card","Card","Relic","Card"],"build_version":"2020-12-22","purchased_purges":1,"victory":false,"max_hp_per_floor":[85,85,85,85,85,85,85,85,85,85,85,85,85,85,85,85,85,85,85,85,85,85,85,85,85,85,85,85,85,85,85,85,85,85],"card_choices":[{"not_picked":["construct:SweepLaser","construct:Accumulate","construct:Backfire"],"picked":"SKIP","floor":1},{"not_picked":["construct:Analyze","construct:SweepLaser"],"picked":"construct:Synchronize","floor":6},{"not_picked":["construct:ModeShift","construct:SweepLaser","construct:Anticipate"],"picked":"SKIP","floor":8},{"not_picked":["construct:PointDefense","construct:Anticipate"],"picked":"construct:Tumble","floor":10},{"not_picked":["construct:FlameCore","construct:Backfire"],"picked":"construct:ForceCore","floor":11},{"not_picked":["construct:Analyze","construct:Backup","construct:Backfire"],"picked":"SKIP","floor":12},{"not_picked":["construct:Accumulate","construct:Boost","construct:SyphonStrike"],"picked":"SKIP","floor":13},{"not_picked":["construct:SyphonStrike","construct:HeavyBolt","construct:ClusterMines"],"picked":"SKIP","floor":14},{"not_picked":["construct:ShiftingStance","construct:MassProduction"],"picked":"construct:PanicFire","floor":16},{"not_picked":["construct:Reinforce","construct:ClusterMines","construct:FierceBash+1"],"picked":"construct:ModeShift+1","floor":18},{"not_picked":["construct:MassProduction","construct:Dampening+1","construct:Backfire"],"picked":"construct:Missile+1","floor":20},{"not_picked":["construct:Stasis","construct:Boost","construct:Autoturret+1"],"picked":"construct:SaveState+1","floor":22},{"not_picked":["construct:Anticipate","construct:SweepLaser","construct:HeavyBolt"],"picked":"construct:ScrapCannon+1","floor":24},{"not_picked":["construct:Reinforce","construct:Analyze+1","construct:Construct_Overclock"],"picked":"construct:FlameCore","floor":28},{"not_picked":["construct:ShiftStrike+1","construct:Analyze","construct:SaveState"],"picked":"construct:QuickAttack","floor":31}],"player_experience":36420,"relics_obtained":[{"floor":6,"key":"Snack Pack"},{"floor":9,"key":"ReplayTheSpireMod:TigerMarble"}],"event_choices":[{"cards_removed":["construct:Defend_Gold"],"damage_healed":0,"gold_gain":0,"player_choice":"Card Removal","damage_taken":7,"max_hp_gain":0,"max_hp_loss":0,"event_name":"Golden Wing","floor":3,"gold_loss":0},{"cards_removed":["Iron Wave"],"damage_healed":0,"gold_gain":0,"player_choice":"Took Card","damage_taken":0,"max_hp_gain":0,"max_hp_loss":0,"event_name":"NoteForYourself","floor":5,"gold_loss":0,"cards_obtained":["Iron Wave"]},{"damage_healed":0,"gold_gain":0,"player_choice":"Smashed Altar","damage_taken":0,"max_hp_gain":0,"max_hp_loss":0,"event_name":"Forgotten Altar","floor":21,"gold_loss":0,"cards_obtained":["Decay"]},{"damage_healed":0,"gold_gain":0,"player_choice":"Ignored","damage_taken":0,"max_hp_gain":0,"max_hp_loss":0,"event_name":"Cursed Tome","floor":25,"gold_loss":0},{"damage_healed":0,"gold_gain":250,"player_choice":"Bet on Owner","damage_taken":0,"max_hp_gain":0,"max_hp_loss":0,"event_name":"The Joust","floor":30,"gold_loss":50}],"is_beta":false,"boss_relics":[{"not_picked":["Ectoplasm","Replay:Drink Me"],"picked":"Honey Jar"}],"items_purged_floors":[29],"is_endless":false,"potions_floor_spawned":[8,12,13,16,22,28],"killed_by":"Pondfish","ascension_level":0}}