{"host":"tch6k55kfxnw5l94","time":1609083705,"event":{"mods":["BaseMod","Downfall","Minty Spire (QoL Compilation)","Replay The Spire","StSLib"],"gold_per_floor":[349,410,424,424,9008,9028,9028,9054,9083,9093,9093,9127,9147,9178,9193,9298,9298,9223,9241,9260,9260,9360,9360,9360,9375,9408,8019,8047,7897,6350,6362,6379,6482,6482,6482,6501,6520,5530,5578,5639,5639,5691,5691,5718,5718,5752,5752,3912,3948,3970,3970,4060,2394,2394,2426],"floor_reached":56,"playtime":3104,"items_purged":["Voices","hexamod:ShieldOfDarkness","hexamod:Defend"],"score":1567,"play_id":"63be87ee-6b08-420f-b6c6-a91fcb68c6ce","local_time":"20201227104145","is_ascension_mode":false,"campfire_choices":[{"data":"hexamod:Float","floor":11,"key":"SMITH"},{"floor":18,"key":"RECALL"},{"data":"hexamod:RainOfEmbers","floor":29,"key":"SMITH"},{"data":"hexamod:RainOfEmbers","floor":35,"key":"SMITH"},{"data":"hexamod:GiftsFromTheDead","floor":47,"key":"SMITH"},{"data":"hexamod:RainOfEmbers","floor":47,"key":"SMITH"},{"data":"hexamod:PowerFromBeyond","floor":54,"key":"SMITH"},{"data":"hexamod:TimeOfNeed","floor":54,"key":"SMITH"}],"circlet_count":0,"master_deck":["hexamod:Strike","hexamod:Strike","hexamod:Defend","hexamod:Defend","hexamod:Sear","hexamod:Float+1","hexamod:RainOfEmbers+1","hexamod:RainOfEmbers+1","hexamod:GhostShield","ReplayTheSpireMod:Brewmster","expansioncontent:DarkVoid","hexamod:GhostShield","hexamod:ShieldOfDarkness","hexamod:SwordOfDarkness","hexamod:RecurringNightmare+1","hexamod:ShieldOfDarkness","hexamod:GhostLash","J.A.X.","hexamod:AdvancingGuard","hexamod:DynamicBlow","hexamod:SoulSteal","hexamod:RainOfEmbers+1","hexamod:SpectersWail+1","hexamod:TimeOfNeed+1","hexamod:GhostflameBarrier","Discovery","expansioncontent:Corrupt","hexamod:GhostShield+1","hexamod:PhantomCloak","hexamod:RadiantFlame+1","hexamod:HauntingEcho+1","hexamod:BacktrackSmack","hexamod:GiftsFromTheDead+1","Jack Of All Trades","hexamod:RainOfEmbers","hexamod:GhostShield","hexamod:HauntingEcho+1","hexamod:PowerFromBeyond+1","expansioncontent:DefensiveMode"],"relics":["hexamod:SpiritBrand","Omamori","Unceasing Top","ReplayTheSpireMod:Ring of Exchange","Ring of Searing","Iron Hammer","hexamod:SoulOfChaos","Chemical X","Matryoshka","Odd Mushroom","CaptainsWheel","Guardian:PocketSentry","Darkstone Periapt","Busted Crown","downfall:HeartBlessingGreen","MutagenicStrength","NlothsMask","Toy Ornithopter","ReplayTheSpireMod:TigerMarble","Ring of Chaos","ReplayTheSpireMod:Shallot","sneckomod:BlankCard","downfall:HeartBlessingRed","downfall:HeartBlessingBlue","Pen Nib","WingedGreaves","Painkiller Herb","sneckomod:SneckoTalon","Prayer Wheel","Replay:Bandana","Replay:Arrowhead","Simple Rune","Letter Opener","Replay:Ringing Soul","Runic Dome","Replay:Multitool","Replay:Baseball","Pet Ghost","InkBottle","Boot","Runic Pyramid"],"acts_visited":["Exordium","TheCity","TheBeyond","TheEnding"],"potions_floor_usage":[9,12,12,14,15,16,28,33,42,48,50,52,55],"damage_taken":[{"damage":56,"enemies":"3 Sentries","floor":2,"turns":14},{"damage":2,"enemies":"Small Slimes","floor":3,"turns":3},{"damage":15,"enemies":"downfall:FleeingMerchant","floor":5,"turns":4},{"damage":5,"enemies":"Jaw Worm","floor":6,"turns":2},{"damage":31,"enemies":"The Mushroom Lair","floor":8,"turns":3},{"damage":36,"enemies":"3 Sentries","floor":9,"turns":5},{"damage":10,"enemies":"2 Louse","floor":10,"turns":2},{"damage":5,"enemies":"Gremlin Nob","floor":12,"turns":2},{"damage":5,"enemies":"Red Slaver","floor":13,"turns":2},{"damage":22,"enemies":"Lagavulin","floor":14,"turns":3},{"damage":21,"enemies":"Large Slime","floor":15,"turns":5},{"damage":48,"enemies":"downfall:Defect","floor":16,"turns":6},{"damage":15,"enemies":"Spheric Guardian","floor":19,"turns":4},{"damage":10,"enemies":"Snecko","floor":20,"turns":3},{"damage":20,"enemies":"downfall:Augmenter","floor":22,"turns":3},{"damage":8,"enemies":"Snake Plant","floor":25,"turns":2},{"damage":20,"enemies":"Book of Stabbing","floor":26,"turns":4},{"damage":22,"enemies":"downfall:FleeingMerchant","floor":27,"turns":4},{"damage":10,"enemies":"Gremlin Leader","floor":28,"turns":3},{"damage":3,"enemies":"Centurion and Healer","floor":31,"turns":1},{"damage":8,"enemies":"Shelled Parasite and Fungi","floor":32,"turns":2},{"damage":20,"enemies":"downfall:Silent","floor":33,"turns":3},{"damage":5,"enemies":"3 Shapes","floor":36,"turns":2},{"damage":0,"enemies":"Orb Walker","floor":37,"turns":1},{"damage":18,"enemies":"Transient","floor":39,"turns":5},{"damage":10,"enemies":"R_Hoarder","floor":40,"turns":3},{"damage":40,"enemies":"Giant Head","floor":42,"turns":6},{"damage":15,"enemies":"Sphere and 2 Shapes","floor":44,"turns":3},{"damage":7,"enemies":"Spire Growth","floor":46,"turns":3},{"damage":0,"enemies":"3 Darklings","floor":49,"turns":1},{"damage":31,"enemies":"downfall:Ironclad","floor":50,"turns":5},{"damage":10,"enemies":"downfall:CharBossMerchant","floor":52,"turns":3},{"damage":67,"enemies":"downfall:NeowBoss","floor":55,"turns":14}],"seed_played":"2022941877546131585","potions_obtained":[{"floor":9,"key":"SteroidPotion"},{"floor":12,"key":"SpeedPotion"},{"floor":19,"key":"Weak Potion"},{"floor":28,"key":"SteroidPotion"},{"floor":33,"key":"BlessingOfTheForge"},{"floor":39,"key":"Slimebound:ThreeZeroPotion"},{"floor":52,"key":"hexamod:DoubleChargePotion"}],"is_trial":false,"path_per_floor":["R","?","M","?","$","M","T","?","E","M","R","E","M","E","M","B",null,"R","M","M","?","?","?","T","M","E","$","E","R","$","?","?","B",null,"T","?","?","T","?","E","T","E","?","?","?","?","T","T","?","B",null,"E","T","T","B",null],"character_chosen":"THE_SPIRIT","items_purchased":["Dexterity Potion","Iron Hammer","hexamod:SoulOfChaos","Chemical X","LiquidBronze","Cursed Concoction","hexamod:ExtraCrispy","ReplayTheSpireMod:Brewmster","expansioncontent:DarkVoid","ReplayTheSpireMod:TigerMarble","Ring of Chaos","ReplayTheSpireMod:Shallot","hexamod:AdvancingGuard","PowerPotion","SpeedPotion","hexamod:DynamicBlow","Pen Nib","WingedGreaves","hexamod:RainOfEmbers","ColorlessPotion","Painkiller Herb","Prayer Wheel","Replay:Bandana","hexamod:TimeOfNeed","hexamod:GhostflameBarrier","Discovery","expansioncontent:Corrupt","Runic Dome","Replay:Multitool","Replay:Baseball","Fruit Juice","Slimebound:ThreeZeroPotion","Jack Of All Trades","hexamod:RainOfEmbers","hexamod:PowerFromBeyond","InkBottle","Boot","Runic Pyramid","expansioncontent:DefensiveMode"],"campfire_rested":0,"item_purchase_floors":[5,5,5,5,5,5,5,5,5,27,27,27,27,27,27,27,30,30,30,30,30,38,38,38,38,38,38,48,48,48,48,48,48,48,53,53,53,53,53],"current_hp_per_floor":[58,70,68,68,53,70,70,70,70,70,70,70,70,70,49,70,70,70,70,70,70,70,70,70,70,70,70,70,80,80,77,80,77,80,80,75,75,75,80,80,80,83,83,86,89,92,92,100,103,77,103,101,104,104,70],"gold":2426,"neow_bonus":"TWO_FIFTY_GOLD","is_daily":false,"chose_seed":false,"campfire_upgraded":7,"win_rate":0.0,"timestamp":1609083705,"path_taken":["R","?","M","?","$","M","T","?","E","M","R","E","M","E","M","BOSS","R","M","M","?","?","?","T","M","E","$","E","R","$","?","?","BOSS","T","?","?","T","?","E","T","E","?","?","?","?","T","?","?","BOSS","E","T","T","BOSS"],"items_purchased_type":["Potion","Relic","Relic","Relic","Potion","Potion","Card","Card","Card","Relic","Relic","Relic","Card","Potion","Potion","Card","Relic","Relic","Card","Potion","Relic","Relic","Relic","Card","Card","Card","Card","Relic","Relic","Relic","Potion","Potion","Card","Card","Card","Relic","Relic","Relic","Card"],"build_version":"2020-12-22","purchased_purges":3,"victory":true,"max_hp_per_floor":[70,70,70,70,70,70,70,70,70,70,70,70,70,70,70,70,70,70,70,70,70,70,70,70,70,70,70,70,80,80,80,80,80,80,80,80,80,80,80,80,80,83,83,86,89,92,92,100,103,103,103,106,109,109,109],"card_choices":[{"not_picked":["hexamod:InspiringFlames","hexamod:Incineration"],"picked":"hexamod:RainOfEmbers","floor":2},{"not_picked":["hexamod:SpectralAdrenaline","hexamod:Haunt"],"picked":"hexamod:RainOfEmbers","floor":3},{"not_picked":["hexamod:Firestarter","hexamod:InspiringFlames"],"picked":"hexamod:GhostShield","floor":5},{"not_picked":["hexamod:Rewind","hexamod:ThermalTransfer","hexamod:InspiringFlames"],"picked":"SKIP","floor":6},{"not_picked":["hexamod:NightmareStrike","hexamod:ExtraCrispy","hexamod:SpectralSpark"],"picked":"SKIP","floor":9},{"not_picked":["hexamod:Incineration","hexamod:StepThrough","hexamod:InspiringFlames"],"picked":"SKIP","floor":10},{"not_picked":["hexamod:NightmareStrike","hexamod:BurningTouch"],"picked":"hexamod:GhostShield","floor":12},{"not_picked":["hexamod:FourthSeal","hexamod:NecessarySacrifice","hexamod:Toasty"],"picked":"SKIP","floor":13},{"not_picked":["hexamod:BurningTouch","hexamod:EmpoweringStance"],"picked":"hexamod:ShieldOfDarkness","floor":14},{"not_picked":["hexamod:FourthSeal","hexamod:DynamicBlow"],"picked":"hexamod:SwordOfDarkness","floor":15},{"not_picked":[],"picked":"hexamod:RecurringNightmare+1","floor":19},{"not_picked":["hexamod:CatchUp"],"picked":"SKIP","floor":20},{"not_picked":[],"picked":"J.A.X.","floor":22},{"not_picked":["hexamod:GhostOfSpirePast+1"],"picked":"SKIP","floor":25},{"not_picked":[],"picked":"hexamod:ShieldOfDarkness","floor":26},{"not_picked":["hexamod:GhostShield"],"picked":"SKIP","floor":27},{"not_picked":[],"picked":"hexamod:SoulSteal","floor":28},{"not_picked":["hexamod:InspiringFlames"],"picked":"SKIP","floor":31},{"not_picked":["hexamod:Haunt"],"picked":"SKIP","floor":32},{"not_picked":["hexamod:EmpoweredFlame"],"picked":"SKIP","floor":36},{"not_picked":[],"picked":"hexamod:SpectersWail+1","floor":37},{"not_picked":[],"picked":"hexamod:GhostShield+1","floor":39},{"not_picked":["hexamod:InspiringFlames+1"],"picked":"SKIP","floor":39},{"not_picked":[],"picked":"hexamod:PhantomCloak","floor":40},{"not_picked":[],"picked":"hexamod:RadiantFlame+1","floor":42},{"not_picked":[],"picked":"hexamod:HauntingEcho+1","floor":44},{"not_picked":["hexamod:ChargedBarrage+1"],"picked":"SKIP","floor":44},{"not_picked":[],"picked":"hexamod:GiftsFromTheDead","floor":46},{"not_picked":["hexamod:FourthSeal"],"picked":"SKIP","floor":46},{"not_picked":[],"picked":"hexamod:GhostShield","floor":49},{"not_picked":["hexamod:HauntingEcho"],"picked":"SKIP","floor":49},{"not_picked":[],"picked":"hexamod:HauntingEcho+1","floor":52}],"player_experience":245385,"relics_obtained":[{"floor":4,"key":"ReplayTheSpireMod:Ring of Exchange"},{"floor":4,"key":"Ring of Searing"},{"floor":7,"key":"Matryoshka"},{"floor":8,"key":"Odd Mushroom"},{"floor":9,"key":"CaptainsWheel"},{"floor":12,"key":"Guardian:PocketSentry"},{"floor":14,"key":"Darkstone Periapt"},{"floor":22,"key":"MutagenicStrength"},{"floor":26,"key":"Toy Ornithopter"},{"floor":28,"key":"sneckomod:BlankCard"},{"floor":40,"key":"Replay:Arrowhead"},{"floor":41,"key":"Simple Rune"},{"floor":41,"key":"Letter Opener"},{"floor":42,"key":"Replay:Ringing Soul"},{"floor":52,"key":"Pet Ghost"}],"event_choices":[{"damage_healed":0,"gold_gain":0,"player_choice":"Success","damage_taken":12,"relics_obtained":["Omamori"],"max_hp_gain":0,"max_hp_loss":0,"event_name":"Scrap Ooze","floor":1,"gold_loss":0},{"damage_healed":0,"gold_gain":0,"player_choice":"Fought Mushrooms","damage_taken":0,"max_hp_gain":0,"max_hp_loss":0,"event_name":"Mushrooms","floor":8,"gold_loss":0},{"damage_healed":0,"gold_gain":0,"player_choice":"Trade","damage_taken":0,"relics_obtained":["NlothsMask"],"max_hp_gain":0,"max_hp_loss":0,"event_name":"FaceTrader","floor":23,"gold_loss":0},{"damage_healed":0,"gold_gain":0,"cards_transformed":["hexamod:Strike"],"player_choice":"Transformed","damage_taken":0,"max_hp_gain":0,"max_hp_loss":0,"event_name":"Transmorgrifier","floor":45,"gold_loss":0,"cards_obtained":["hexamod:BacktrackSmack"]}],"is_beta":false,"boss_relics":[{"not_picked":["ReplayTheSpireMod:DimensionalGlitch","Black Star"],"picked":"Busted Crown"},{"not_picked":["Astrolabe","Cauldron"],"picked":"sneckomod:SneckoTalon"}],"items_purged_floors":[5,27,53],"is_endless":false,"potions_floor_spawned":[6,9,10,12,15,19,25,28,31,32,33,37,39,44,52],"ascension_level":0}}