{"host":"kh6fvhxn285ncg0o","time":1609047873,"event":{"mods":["Act Like it!","BaseMod","Colored Map","Friendly Minions","Keyboard Shortcuts","Minty Spire (QoL Compilation)","Quick Restart","Relic Stats","StSLib","SuperFastMode"],"gold_per_floor":[112,124,124,49,49,74,74,74,74],"floor_reached":8,"playtime":146,"items_purged":[],"score":108,"play_id":"5ebe4f49-4329-4377-855c-214b42420563","local_time":"20201227144433","is_ascension_mode":true,"campfire_choices":[{"data":"Combust","floor":7,"key":"SMITH"}],"circlet_count":0,"master_deck":["AscendersBane","Strike_R","Strike_R","Defend_R","Defend_R","Defend_R","Bash","Sword Boomerang","Armaments","Combust+1"],"relics":["Burning Blood","Singing Bowl"],"acts_visited":["Exordium"],"potions_floor_usage":[6],"damage_taken":[{"damage":7,"enemies":"Small Slimes","floor":1,"turns":4},{"damage":2,"enemies":"Jaw Worm","floor":2,"turns":5},{"damage":39,"enemies":"Lagavulin","floor":6,"turns":7},{"damage":35,"enemies":"Gremlin Nob","floor":8,"turns":3}],"seed_played":"-1461629565276471568","potions_obtained":[{"floor":2,"key":"Weak Potion"}],"is_trial":false,"path_per_floor":["M","M","?","?","$","E","R","E"],"character_chosen":"IRONCLAD","items_purchased":[],"campfire_rested":0,"item_purchase_floors":[],"current_hp_per_floor":[67,68,68,68,68,35,35,0,0],"gold":74,"neow_bonus":"TRANSFORM_TWO_CARDS","is_daily":false,"chose_seed":false,"campfire_upgraded":1,"win_rate":0.0,"timestamp":1609047873,"path_taken":["M","M","?","?","$","E","R","E"],"items_purchased_type":[],"build_version":"2020-12-22","purchased_purges":0,"victory":false,"max_hp_per_floor":[68,68,68,68,68,68,68,68,68],"relic_stats":{"Singing Bowl":0,"counters":[4,19],"obtain_stats":[{"Singing Bowl":6,"Burning Blood":0},{"Singing Bowl":3,"Burning Blood":0},{"Singing Bowl":16,"Burning Blood":0}],"Burning Blood":15},"card_choices":[{"not_picked":["Blood for Blood","Anger"],"picked":"Combust","floor":6}],"player_experience":3273403,"relics_obtained":[{"floor":6,"key":"Singing Bowl"}],"event_choices":[{"cards_removed":["Strike_R"],"damage_healed":0,"gold_gain":0,"player_choice":"Forget","damage_taken":0,"max_hp_gain":0,"max_hp_loss":0,"event_name":"Living Wall","floor":3,"gold_loss":0},{"cards_removed":["Defend_R"],"damage_healed":0,"gold_gain":0,"player_choice":"Card Removal","damage_taken":0,"max_hp_gain":0,"max_hp_loss":0,"event_name":"The Cleric","floor":4,"gold_loss":75}],"is_beta":false,"boss_relics":[],"items_purged_floors":[],"is_endless":false,"potions_floor_spawned":[2],"killed_by":"Gremlin Nob","ascension_level":20}}