{"host":"30jsp143e4v19aze","time":1609088856,"event":{"mods":["BaseMod","Colored Map","Colored Powertips","Curses Come First","DeckTracker","Highlight Path","Minty Spire (QoL Compilation)","Quick Restart","Relic Stats","StSLib","everything is the same but u backflip on backflip","slay the spire mod where everything is the same but ironclad has a cowboy hat"],"gold_per_floor":[109,109,109,109,127,127,152,152,198,209,236,253,253,253],"floor_reached":13,"playtime":379,"items_purged":[],"score":236,"play_id":"5297f9a3-39a4-4164-8758-2bf2c274d7ff","local_time":"20201227180736","is_ascension_mode":true,"campfire_choices":[{"data":"Neutralize","floor":6,"key":"SMITH"},{"data":"Caltrops","floor":8,"key":"SMITH"}],"circlet_count":0,"master_deck":["AscendersBane","Strike_G","Strike_G","Strike_G","Strike_G","Defend_G","Defend_G","Defend_G","Defend_G","Survivor","Neutralize+1","Caltrops+1","PiercingWail","Caltrops+1","Leg Sweep","Deadly Poison","Bouncing Flask"],"relics":["Ring of the Snake","NeowsBlessing","Frozen Egg 2","MealTicket","Art of War","Oddly Smooth Stone"],"acts_visited":["Exordium"],"potions_floor_usage":[12,13,13],"damage_taken":[{"damage":0,"enemies":"Small Slimes","floor":1,"turns":1},{"damage":0,"enemies":"Cultist","floor":5,"turns":1},{"damage":0,"enemies":"3 Sentries","floor":7,"turns":1},{"damage":1,"enemies":"Jaw Worm","floor":10,"turns":5},{"damage":45,"enemies":"Lagavulin","floor":11,"turns":13},{"damage":0,"enemies":"Red Slaver","floor":12,"turns":5},{"damage":2,"enemies":"3 Sentries","floor":13,"turns":4}],"seed_played":"636185767116849402","potions_obtained":[{"floor":7,"key":"GamblersBrew"},{"floor":10,"key":"BlessingOfTheForge"},{"floor":12,"key":"PowerPotion"}],"is_trial":false,"path_per_floor":["M","?","?","?","M","R","E","R","T","M","E","M","E"],"character_chosen":"THE_SILENT","items_purchased":[],"campfire_rested":0,"item_purchase_floors":[],"current_hp_per_floor":[59,52,47,47,47,47,47,47,47,46,1,1,0,0],"gold":253,"neow_bonus":"THREE_ENEMY_KILL","is_daily":false,"chose_seed":false,"campfire_upgraded":2,"win_rate":0.0,"timestamp":1609088856,"path_taken":["M","?","?","?","M","R","E","R","T","M","E","?","E"],"items_purchased_type":[],"build_version":"2020-12-22","purchased_purges":0,"victory":false,"max_hp_per_floor":[66,66,66,66,66,66,66,66,66,66,66,66,66,66],"relic_stats":{"counters":[7,30],"MealTicket":0,"Art of War":[7],"obtain_stats":[{"NeowsBlessing":0,"Oddly Smooth Stone":11,"MealTicket":7,"Art of War":9,"Frozen Egg 2":3,"Ring of the Snake":0},{"NeowsBlessing":0,"Oddly Smooth Stone":5,"MealTicket":3,"Art of War":3,"Frozen Egg 2":1,"Ring of the Snake":0},{"NeowsBlessing":0,"Oddly Smooth Stone":21,"MealTicket":3,"Art of War":3,"Frozen Egg 2":1,"Ring of the Snake":0}],"Ring of the Snake":[14]},"card_choices":[{"not_picked":["Dagger Throw","Dash"],"picked":"Caltrops","floor":1},{"not_picked":["Finisher","Dodge and Roll"],"picked":"PiercingWail","floor":5},{"not_picked":["Slice","Flying Knee"],"picked":"Caltrops+1","floor":7},{"not_picked":["Dodge and Roll","Flying Knee"],"picked":"Leg Sweep","floor":10},{"not_picked":["Heel Hook","Catalyst"],"picked":"Deadly Poison","floor":11},{"not_picked":["Blur","Quick Slash"],"picked":"Bouncing Flask","floor":12}],"player_experience":3269246,"relics_obtained":[{"floor":7,"key":"MealTicket"},{"floor":9,"key":"Art of War"},{"floor":11,"key":"Oddly Smooth Stone"}],"event_choices":[{"cards_removed":["Strike_G"],"damage_healed":0,"gold_gain":0,"player_choice":"Card Removal","damage_taken":7,"max_hp_gain":0,"max_hp_loss":0,"event_name":"Golden Wing","floor":2,"gold_loss":0},{"damage_healed":0,"gold_gain":0,"player_choice":"Success","damage_taken":5,"relics_obtained":["Frozen Egg 2"],"max_hp_gain":0,"max_hp_loss":0,"event_name":"Scrap Ooze","floor":3,"gold_loss":0},{"cards_removed":["Defend_G"],"damage_healed":0,"gold_gain":0,"player_choice":"Purged","damage_taken":0,"max_hp_gain":0,"max_hp_loss":0,"event_name":"Purifier","floor":4,"gold_loss":0}],"is_beta":false,"boss_relics":[],"items_purged_floors":[],"is_endless":false,"potions_floor_spawned":[7,10,12],"killed_by":"3 Sentries","ascension_level":20}}