{"host":"acpsw8r33r8788yr","time":1609031890,"event":{"mods":["BaseMod","Better Altar","Better Skull","Better Third Choice","BetterRewards","Colored Map","Downfall","Hermit","Highlight Path","Hubris","Minty Spire (QoL Compilation)","Quick Restart","Replay The Spire","Robot Space Explorer","Shop Mod","StSLib","The Animator","The Bug Knight","The Construct","The Cursed","The Disciple","The Jungle","The Runesmith","The Senshi"],"gold_per_floor":[109,189,39,50,50,50,50,50,104,121,121,137,148,174,174,272,272,272,272],"floor_reached":18,"playtime":824,"items_purged":[],"score":160,"play_id":"227160cf-5db6-4753-9f64-18caf89ddb60","local_time":"20201226171810","is_ascension_mode":false,"campfire_choices":[{"data":"HollowMod:Grubsong","floor":6,"key":"SMITH"},{"data":"HollowMod:MantisMark","floor":8,"key":"SMITH"},{"data":"HollowMod:DesolateDive","floor":15,"key":"SMITH"}],"circlet_count":0,"master_deck":["HollowMod:NailStrikeStart","HollowMod:NailStrikeStart","HollowMod:NailStrikeStart","HollowMod:NailStrikeStart","HollowMod:QuickDashStart","HollowMod:QuickDashStart+1","HollowMod:QuickDashStart","HollowMod:QuickDashStart","HollowMod:FocusHealStart+1","HollowMod:PogoStrike","HollowMod:DashSlash","ReplayTheSpireMod:Splinters","HollowMod:MantisMark+1","HollowMod:Grubsong+1","HollowMod:DoubleDash","HollowMod:DesolateDive+1","HollowMod:NewLittleFool","HollowMod:HuntersJournal","HollowMod:SoulStrike"],"relics":["HollowMod:VesselMask","NeowsBlessing","Art of War","HollowMod:StagPassRelic","hubris:Towel","War Paint","Replay:Bottled Flurry","Replay:Grab Bag","Replay:Fungal Core","hubris:RunicObelisk","Snecko Eye","Black Star"],"acts_visited":["Exordium","theJungle:Jungle"],"potions_floor_usage":[13,14,16],"damage_taken":[{"damage":0,"enemies":"Jaw Worm","floor":1,"turns":1},{"damage":0,"enemies":"Small Slimes","floor":4,"turns":1},{"damage":0,"enemies":"2 Louse","floor":10,"turns":1},{"damage":0,"enemies":"2 Fungi Beasts","floor":12,"turns":3},{"damage":25,"enemies":"Gremlin Gang","floor":13,"turns":4},{"damage":4,"enemies":"HollowMod:MossKnight","floor":14,"turns":4},{"damage":14,"enemies":"Fading Forest","floor":16,"turns":11},{"damage":0,"enemies":"theJungle:5_Spyders","floor":18,"turns":1}],"seed_played":"-4226938800625594711","potions_obtained":[{"floor":1,"key":"Reflective Coating"},{"floor":2,"key":"Weak Potion"},{"floor":10,"key":"SpeedPotion"},{"floor":13,"key":"FearPotion"},{"floor":14,"key":"Block Potion"}],"is_trial":false,"path_per_floor":["M","?","?","M","?","R","$","R","T","M","?","M","M","E","R","B",null,"M"],"character_chosen":"THE_BUGKNIGHT","items_purchased":[],"campfire_rested":0,"item_purchase_floors":[],"current_hp_per_floor":[75,75,75,75,75,75,75,75,75,75,75,75,60,62,62,58,75,75,75],"gold":272,"neow_bonus":"THREE_ENEMY_KILL","is_daily":false,"chose_seed":false,"campfire_upgraded":3,"win_rate":0.0,"timestamp":1609031890,"path_taken":["M","?","?","M","?","R","$","R","T","M","?","?","M","E","R","BOSS","M"],"items_purchased_type":[],"build_version":"2020-12-22","purchased_purges":0,"victory":false,"max_hp_per_floor":[75,75,75,75,75,75,75,75,75,75,75,75,75,75,75,75,75,75,75],"card_choices":[{"not_picked":["HollowMod:DescendingDark","HollowMod:HuntersJournal"],"picked":"HollowMod:DashSlash","floor":1},{"not_picked":["HollowMod:InfectedCysts","HollowMod:InfectedAttack"],"picked":"HollowMod:MantisMark","floor":2},{"not_picked":["HollowMod:TaintedHusks","HollowMod:SharpenedNail"],"picked":"HollowMod:Grubsong","floor":2},{"not_picked":["HollowMod:SharpenedShadows","HollowMod:MidwifesHunger"],"picked":"HollowMod:DoubleDash","floor":4},{"not_picked":["HollowMod:InfectionAssault","HollowMod:DoubleDash"],"picked":"HollowMod:DesolateDive","floor":10},{"not_picked":["HollowMod:DescendingDark","HollowMod:CycloneSlash"],"picked":"HollowMod:NewLittleFool","floor":12},{"not_picked":["HollowMod:InfectedAttack","HollowMod:ChannelNail"],"picked":"HollowMod:HuntersJournal","floor":13},{"not_picked":["HollowMod:SiblingsSouls","HollowMod:FastStrike"],"picked":"HollowMod:SoulStrike","floor":14}],"player_experience":406898,"relics_obtained":[{"floor":2,"key":"Art of War"},{"floor":9,"key":"War Paint"},{"floor":14,"key":"Replay:Bottled Flurry"}],"event_choices":[{"damage_healed":0,"gold_gain":0,"player_choice":"Bought 0 Potions","damage_taken":0,"max_hp_gain":0,"max_hp_loss":0,"event_name":"The Woman in Blue","floor":11,"gold_loss":0}],"is_beta":false,"boss_relics":[{"not_picked":["Runic Dome","hubris:ScarierMask"],"picked":"Replay:Grab Bag"},{"not_picked":["Sozu","Cursed Key"],"picked":"Replay:Fungal Core"},{"not_picked":["Replay:Wanted Poster","Ectoplasm"],"picked":"hubris:RunicObelisk"},{"not_picked":["Astrolabe","hubris:HollowSoul"],"picked":"Snecko Eye"},{"not_picked":["Kintsugi","Runic Pyramid"],"picked":"Black Star"}],"items_purged_floors":[],"is_endless":false,"potions_floor_spawned":[1,10,13,14],"killed_by":"theJungle:5_Spyders","ascension_level":0}}