{"host":"gttgmv2wah99hzdm","time":1609098341,"event":{"mods":["AchievementEnabler","BaseMod","Bestiary","Block Reminder","Filter the Spire","Highlight Path","Minty Spire (QoL Compilation)","Permanent Neow","Random Character Button","Relic Stats","StSLib","ojb\u0027s Info Mod"],"gold_per_floor":[112,129,140,140,159,159,159,159,186,221,241,268,278,297,297,371,371,387,402,129,129,129,169,169,196,219,228,259,278,278,316,316,316,316],"floor_reached":33,"playtime":1659,"items_purged":["Strike_P"],"score":776,"play_id":"5c86a150-76eb-488d-b114-05cdde36b6ce","local_time":"20201227134541","is_ascension_mode":true,"campfire_choices":[{"data":"EmptyFist","floor":6.0,"key":"SMITH"},{"floor":8.0,"key":"REST"},{"data":"BattleHymn","floor":15.0,"key":"SMITH"},{"data":"WaveOfTheHand","floor":24,"key":"SMITH"},{"data":"WheelKick","floor":30,"key":"SMITH"},{"floor":32,"key":"REST"}],"circlet_count":0,"master_deck":["AscendersBane","Defend_P","Defend_P","Defend_P","Defend_P","Eruption","Vigilance","WaveOfTheHand+1","FollowUp+1","EmptyFist+1","WheelKick+1","BattleHymn+1","FearNoEvil","Indignation","FlurryOfBlows","MasterReality","Adaptation","Tantrum","Bite","Bite","Bite","Bite","Bite","TalkToTheHand+1","Pain","ClearTheMind"],"relics":["Busted Crown","Lantern","Vajra","Oddly Smooth Stone","Sozu","Orichalcum","CeramicFish","Juzu Bracelet","Strawberry","WarpedTongs","MealTicket","Blood Vial"],"acts_visited":["Exordium","TheCity"],"potions_floor_usage":[28],"damage_taken":[{"damage":0.0,"enemies":"Cultist","floor":1.0,"turns":3.0},{"damage":4.0,"enemies":"2 Louse","floor":2.0,"turns":4.0},{"damage":2.0,"enemies":"Jaw Worm","floor":3.0,"turns":4.0},{"damage":0.0,"enemies":"Exordium Wildlife","floor":5.0,"turns":4.0},{"damage":8.0,"enemies":"Gremlin Nob","floor":10.0,"turns":3.0},{"damage":5.0,"enemies":"Blue Slaver","floor":11.0,"turns":2.0},{"damage":5.0,"enemies":"3 Sentries","floor":12.0,"turns":4.0},{"damage":7.0,"enemies":"3 Louse","floor":13.0,"turns":3.0},{"damage":0.0,"enemies":"Gremlin Gang","floor":14.0,"turns":5.0},{"damage":0.0,"enemies":"Slime Boss","floor":16.0,"turns":3.0},{"damage":10.0,"enemies":"2 Thieves","floor":18.0,"turns":2.0},{"damage":9.0,"enemies":"Shell Parasite","floor":19.0,"turns":2.0},{"damage":14,"enemies":"Book of Stabbing","floor":23,"turns":3},{"damage":19,"enemies":"Gremlin Leader","floor":25,"turns":5},{"damage":16,"enemies":"Slavers","floor":28,"turns":5},{"damage":3,"enemies":"Centurion and Healer","floor":29,"turns":8},{"damage":47,"enemies":"Book of Stabbing","floor":31,"turns":5},{"damage":34,"enemies":"Automaton","floor":33,"turns":4}],"seed_played":"-3027514197762342543","potions_obtained":[{"floor":1.0,"key":"SteroidPotion"},{"floor":2.0,"key":"LiquidBronze"},{"floor":3.0,"key":"BottledMiracle"},{"floor":12.0,"key":"Energy Potion"},{"floor":16.0,"key":"DistilledChaos"}],"is_trial":false,"path_per_floor":["M","M","M","?","M","R","?","R","T","E","M","E","M","M","R","B",null,"M","M","$","?","?","E","R","E","T","?","E","M","R","E","R","B"],"character_chosen":"WATCHER","items_purchased":["Orichalcum","Adaptation"],"campfire_rested":2,"item_purchase_floors":[20,20],"current_hp_per_floor":[61,57,55,37,37,37,37,57,57,49,44,39,32,32,32,32,59,49,40,40,40,40,34,34,25,32,32,28,42,42,6,22,0,0],"gold":316,"neow_bonus":"BOSS_RELIC","is_daily":false,"chose_seed":false,"campfire_upgraded":4,"win_rate":0.0,"timestamp":1609098341,"path_taken":["M","?","M","?","M","R","?","R","T","E","M","E","M","?","R","BOSS","M","M","$","?","?","E","R","E","T","?","E","M","R","E","R","BOSS"],"items_purchased_type":["Relic","Card"],"build_version":"2020-12-22","purchased_purges":1,"victory":false,"max_hp_per_floor":[68,68,68,68,68,68,68,68,68,68,68,68,68,68,68,68,68,68,68,68,68,47,47,47,47,54,54,54,54,54,54,54,54,54],"relic_stats":{"Sozu":3,"Blood Vial":2,"Busted Crown":34,"counters":[18,69],"CeramicFish":27,"MealTicket":0,"Juzu Bracelet":0,"Orichalcum":[66],"obtain_stats":[{"Lantern":4,"CeramicFish":23,"Vajra":9,"Oddly Smooth Stone":12,"Juzu Bracelet":25,"Orichalcum":20,"WarpedTongs":27,"Sozu":17,"Blood Vial":31,"Busted Crown":0,"Strawberry":26,"MealTicket":28,"PureWater":0},{"Lantern":3,"CeramicFish":13,"Vajra":4,"Oddly Smooth Stone":7,"Juzu Bracelet":14,"Orichalcum":12,"WarpedTongs":14,"Sozu":10,"Blood Vial":17,"Busted Crown":0,"Strawberry":14,"MealTicket":15,"PureWater":0},{"Lantern":11,"CeramicFish":42,"Vajra":15,"Oddly Smooth Stone":24,"Juzu Bracelet":47,"Orichalcum":39,"WarpedTongs":47,"Sozu":35,"Blood Vial":65,"Busted Crown":0,"Strawberry":47,"MealTicket":52,"PureWater":0}],"WarpedTongs":[22]},"card_choices":[{"not_picked":[],"picked":"WaveOfTheHand","floor":1.0},{"not_picked":[],"picked":"FollowUp","floor":2.0},{"not_picked":[],"picked":"EmptyFist","floor":3.0},{"not_picked":[],"picked":"WheelKick","floor":5.0},{"not_picked":[],"picked":"BattleHymn","floor":10.0},{"not_picked":[],"picked":"FearNoEvil","floor":11.0},{"not_picked":[],"picked":"Indignation","floor":12.0},{"not_picked":["JustLucky"],"picked":"SKIP","floor":13.0},{"not_picked":[],"picked":"FlurryOfBlows","floor":14.0},{"not_picked":[],"picked":"MasterReality","floor":16.0},{"not_picked":["FlyingSleeves"],"picked":"SKIP","floor":18.0},{"not_picked":["CrushJoints"],"picked":"SKIP","floor":19.0},{"not_picked":[],"picked":"TalkToTheHand+1","floor":23},{"not_picked":["JustLucky"],"picked":"SKIP","floor":25},{"not_picked":["SashWhip"],"picked":"SKIP","floor":28},{"not_picked":["Fasting2+1"],"picked":"SKIP","floor":29},{"not_picked":[],"picked":"ClearTheMind","floor":31}],"player_experience":995749,"relics_obtained":[{"floor":9.0,"key":"Vajra"},{"floor":12.0,"key":"Oddly Smooth Stone"},{"floor":23,"key":"CeramicFish"},{"floor":25,"key":"Juzu Bracelet"},{"floor":26,"key":"Strawberry"},{"floor":28,"key":"MealTicket"},{"floor":31,"key":"Blood Vial"}],"event_choices":[{"damage_healed":0.0,"max_hp_gain":0.0,"max_hp_loss":0.0,"gold_gain":0.0,"event_name":"Scrap Ooze","player_choice":"Success","floor":4.0,"gold_loss":0.0,"damage_taken":18.0,"relics_obtained":["Lantern"]},{"damage_healed":0.0,"max_hp_gain":0.0,"max_hp_loss":0.0,"gold_gain":0.0,"event_name":"Living Wall","player_choice":"Grow","floor":7.0,"gold_loss":0.0,"damage_taken":0.0,"cards_upgraded":["FollowUp"]},{"damage_healed":0.0,"max_hp_gain":0.0,"max_hp_loss":0.0,"gold_gain":0.0,"event_name":"The Library","player_choice":"Read","floor":21.0,"gold_loss":0.0,"damage_taken":0.0,"cards_obtained":["Tantrum"]},{"damage_healed":0.0,"max_hp_gain":0.0,"max_hp_loss":21.0,"gold_gain":0.0,"event_name":"Vampires","player_choice":"Became a vampire","floor":22.0,"gold_loss":0.0,"damage_taken":0.0,"cards_obtained":["Bite","Bite","Bite","Bite","Bite"]},{"damage_healed":0,"gold_gain":0,"player_choice":"Rummage","damage_taken":0,"relics_obtained":["WarpedTongs"],"max_hp_gain":0,"max_hp_loss":0,"event_name":"Accursed Blacksmith","floor":27,"gold_loss":0,"cards_obtained":["Pain"]}],"is_beta":false,"boss_relics":[{"not_picked":["Runic Dome","Fusion Hammer"],"picked":"Sozu"}],"items_purged_floors":[20],"is_endless":false,"potions_floor_spawned":[1,2,3,12,13,16,18,28,29],"killed_by":"Automaton","ascension_level":19}}