{"host":"1eo5f82aifdzd7pr","time":1609077154,"event":{"mods":["AchievementEnabler","BaseMod","Colored Map","Colored Powertips","DeckTracker","Minty Spire (QoL Compilation)","SuperFastMode"],"gold_per_floor":[111,124,124,124,124,124,139,139,162,162,181,200,223,148,148,243,243,266,282,302,302,322,322,222,222,222,222,242,262,115,129,129,224,224,247,272,297,361,376,376,389,428,455,486,486,501,501,142,142,142],"floor_reached":51,"playtime":6735,"items_purged":["Strike_P","Defend_P","Strike_P"],"score":1028,"play_id":"1c127fe6-d0ed-45f9-a94d-5a5263572728","local_time":"20201227155234","is_ascension_mode":true,"campfire_choices":[{"data":"Eruption","floor":6,"key":"SMITH"},{"data":"Meditate","floor":8,"key":"SMITH"},{"data":"ThirdEye","floor":10,"key":"SMITH"},{"data":"EmptyFist","floor":15,"key":"SMITH"},{"data":"Establishment","floor":23,"key":"SMITH"},{"data":"DeceiveReality","floor":25,"key":"SMITH"},{"data":"FlurryOfBlows","floor":27,"key":"SMITH"},{"floor":32,"key":"REST"},{"data":"Vault","floor":40,"key":"SMITH"},{"data":"WheelKick","floor":45,"key":"SMITH"},{"floor":49,"key":"REST"}],"circlet_count":0,"master_deck":["AscendersBane","Strike_P","Eruption+1","Vigilance","Meditate+1","ThirdEye+1","EmptyBody","Protect","EmptyFist+1","Establishment+1","DeceiveReality+1","FlurryOfBlows+1","SashWhip+1","Vengeance+1","Vault+1","WheelKick+1","SashWhip","Sadistic Nature"],"relics":["PureWater","Golden Idol","Orichalcum","Philosopher\u0027s Stone","Enchiridion","Letter Opener","Oddly Smooth Stone","Empty Cage","Bird Faced Urn","CloakClasp","Centennial Puzzle","Prayer Wheel"],"acts_visited":["Exordium","TheCity","TheBeyond"],"potions_floor_usage":[11,19,22,38,42,50],"damage_taken":[{"damage":1,"enemies":"Cultist","floor":1,"turns":3},{"damage":0,"enemies":"Small Slimes","floor":2,"turns":2},{"damage":2,"enemies":"2 Louse","floor":7,"turns":2},{"damage":0,"enemies":"2 Fungi Beasts","floor":11,"turns":2},{"damage":3,"enemies":"Exordium Wildlife","floor":12,"turns":4},{"damage":0,"enemies":"Red Slaver","floor":13,"turns":3},{"damage":8,"enemies":"The Guardian","floor":16,"turns":9},{"damage":0,"enemies":"Chosen","floor":18,"turns":3},{"damage":0,"enemies":"Shell Parasite","floor":19,"turns":5},{"damage":3,"enemies":"Centurion and Healer","floor":20,"turns":6},{"damage":0,"enemies":"Snecko","floor":22,"turns":4},{"damage":1,"enemies":"3 Cultists","floor":28,"turns":4},{"damage":2,"enemies":"Cultist and Chosen","floor":29,"turns":6},{"damage":1,"enemies":"Snecko","floor":31,"turns":4},{"damage":27,"enemies":"Champ","floor":33,"turns":11},{"damage":9,"enemies":"Orb Walker","floor":35,"turns":5},{"damage":0,"enemies":"3 Shapes","floor":36,"turns":4},{"damage":7,"enemies":"Transient","floor":37,"turns":6},{"damage":6,"enemies":"2 Orb Walkers","floor":38,"turns":6},{"damage":0,"enemies":"Maw","floor":39,"turns":7},{"damage":0,"enemies":"4 Shapes","floor":41,"turns":4},{"damage":33,"enemies":"Reptomancer","floor":42,"turns":9},{"damage":0,"enemies":"Mind Bloom Boss Battle","floor":44,"turns":6},{"damage":3,"enemies":"Transient","floor":46,"turns":6},{"damage":28,"enemies":"Time Eater","floor":50,"turns":12}],"seed_played":"-123383432808228194","potions_obtained":[{"floor":1,"key":"SteroidPotion"},{"floor":12,"key":"SmokeBomb"},{"floor":16,"key":"Weak Potion"},{"floor":18,"key":"DistilledChaos"},{"floor":22,"key":"Explosive Potion"},{"floor":33,"key":"Weak Potion"},{"floor":38,"key":"StancePotion"},{"floor":39,"key":"LiquidMemories"},{"floor":44,"key":"BlessingOfTheForge"}],"is_trial":false,"path_per_floor":["M","M","?","?","?","R","M","R","T","R","M","M","M","$","R","B",null,"M","M","M","?","M","R","$","R","T","R","M","M","$","M","R","B",null,"M","M","M","?","M","R","M","E","T","?","R","M","?","$","R","B",null],"character_chosen":"WATCHER","items_purchased":["Oddly Smooth Stone","SkillPotion","Sadistic Nature"],"campfire_rested":2,"item_purchase_floors":[30,48,48],"current_hp_per_floor":[71,71,71,64,64,64,62,62,62,62,62,59,59,59,59,51,68,68,68,65,49,49,49,49,49,49,49,48,46,46,45,66,39,65,56,56,49,43,47,47,51,22,22,26,26,27,27,27,48,26],"gold":142,"neow_bonus":"TEN_PERCENT_HP_BONUS","is_daily":false,"chose_seed":false,"campfire_upgraded":9,"win_rate":0.0,"timestamp":1609077154,"path_taken":["M","?","?","?","?","R","?","R","T","R","M","M","M","?","R","BOSS","M","M","M","?","M","R","$","R","T","R","M","M","$","M","R","BOSS","M","M","M","?","M","R","M","E","T","?","R","M","?","$","R","BOSS"],"items_purchased_type":["Relic","Potion","Card"],"build_version":"2020-12-22","purchased_purges":3,"victory":true,"max_hp_per_floor":[79,79,73,73,73,73,73,73,73,73,73,73,73,73,73,73,73,73,73,73,73,73,73,73,73,73,73,73,73,73,73,73,73,73,73,73,73,73,73,73,73,73,73,73,73,73,73,73,73,73],"card_choices":[{"not_picked":["LikeWater","Weave"],"picked":"Meditate","floor":1},{"not_picked":["BowlingBash","CrushJoints"],"picked":"ThirdEye","floor":2},{"not_picked":["LikeWater","Prostrate"],"picked":"EmptyBody","floor":7},{"not_picked":["BowlingBash","PathToVictory"],"picked":"Protect","floor":11},{"not_picked":["Worship","SignatureMove","Collect"],"picked":"SKIP","floor":12},{"not_picked":["Halt","Prostrate"],"picked":"EmptyFist","floor":13},{"not_picked":["Alpha","Devotion"],"picked":"Establishment","floor":16},{"not_picked":["Evaluate","FlurryOfBlows"],"picked":"DeceiveReality","floor":18},{"not_picked":["EmptyBody","Weave+1","CrushJoints"],"picked":"SKIP","floor":19},{"not_picked":["BowlingBash","PathToVictory+1"],"picked":"FlurryOfBlows","floor":20},{"not_picked":["SignatureMove","PathToVictory","Crescendo"],"picked":"SKIP","floor":22},{"not_picked":["ThirdEye","Consecrate","Protect"],"picked":"SKIP","floor":28},{"not_picked":["Crescendo","MasterReality"],"picked":"SashWhip","floor":29},{"not_picked":["Protect","PathToVictory"],"picked":"Vengeance+1","floor":31},{"not_picked":["Blasphemy","Ragnarok"],"picked":"Vault","floor":33},{"not_picked":["Conclude+1","SignatureMove"],"picked":"WheelKick","floor":35},{"not_picked":["Halt","TalkToTheHand","ClearTheMind+1"],"picked":"SKIP","floor":36},{"not_picked":["EmptyBody+1","InnerPeace"],"picked":"SashWhip","floor":37},{"not_picked":["Nirvana+1","FlurryOfBlows","Worship"],"picked":"SKIP","floor":39},{"not_picked":["CrushJoints","FlyingSleeves","ClearTheMind"],"picked":"SKIP","floor":41},{"not_picked":["PathToVictory","LikeWater+1","Prostrate"],"picked":"SKIP","floor":42},{"not_picked":["Halt","Ragnarok","Crescendo"],"picked":"SKIP","floor":46},{"not_picked":["Collect","DeceiveReality+1","Wireheading+1"],"picked":"SKIP","floor":46}],"player_experience":691284,"relics_obtained":[{"floor":9,"key":"Orichalcum"},{"floor":21,"key":"Enchiridion"},{"floor":26,"key":"Letter Opener"},{"floor":38,"key":"Bird Faced Urn"},{"floor":42,"key":"CloakClasp"},{"floor":43,"key":"Centennial Puzzle"},{"floor":44,"key":"Prayer Wheel"}],"event_choices":[{"damage_healed":0,"gold_gain":0,"player_choice":"Lose Max HP","damage_taken":0,"relics_obtained":["Golden Idol"],"max_hp_gain":0,"max_hp_loss":6,"event_name":"Golden Idol","floor":3,"gold_loss":0},{"cards_removed":["Defend_P"],"damage_healed":0,"gold_gain":0,"player_choice":"Card Removal","damage_taken":7,"max_hp_gain":0,"max_hp_loss":0,"event_name":"Golden Wing","floor":4,"gold_loss":0},{"cards_removed":["Defend_P"],"damage_healed":0,"gold_gain":0,"player_choice":"Forget","damage_taken":0,"max_hp_gain":0,"max_hp_loss":0,"event_name":"Living Wall","floor":5,"gold_loss":0},{"damage_healed":0,"gold_gain":0,"player_choice":"Obtained Book","damage_taken":16,"max_hp_gain":0,"max_hp_loss":0,"event_name":"Cursed Tome","floor":21,"gold_loss":0},{"damage_healed":0,"gold_gain":0,"player_choice":"Fight","damage_taken":0,"max_hp_gain":0,"max_hp_loss":0,"event_name":"Mysterious Sphere","floor":38,"gold_loss":0},{"damage_healed":0,"gold_gain":0,"player_choice":"Fight","damage_taken":0,"max_hp_gain":0,"max_hp_loss":0,"event_name":"MindBloom","floor":44,"gold_loss":0},{"damage_healed":0,"gold_gain":0,"player_choice":"Upgraded","damage_taken":0,"max_hp_gain":0,"max_hp_loss":0,"event_name":"Upgrade Shrine","floor":47,"gold_loss":0,"cards_upgraded":["SashWhip"]}],"is_beta":false,"boss_relics":[{"not_picked":["Velvet Choker","Runic Pyramid"],"picked":"Philosopher\u0027s Stone"},{"not_picked":["Busted Crown","VioletLotus"],"picked":"Empty Cage"}],"items_purged_floors":[14,24,48],"is_endless":false,"potions_floor_spawned":[1,12,16,18,22,33,38,39,44,46],"ascension_level":13}}