{"host":"fne7yx97fnz7kq05","time":1609054906,"event":{"mods":["BaseMod","Colored Map","Colored Powertips","Highlight Path","Minty Spire (QoL Compilation)","Relic Stats"],"gold_per_floor":[111,111,111,127,144,144,160,193,193,193,218,235,249,143,143,217,217,232,248,259,259,259],"floor_reached":21,"playtime":1314,"items_purged":[],"score":376,"play_id":"0331b07f-3f78-4f4f-bd2a-27377f96c95f","local_time":"20201227014146","is_ascension_mode":true,"campfire_choices":[{"data":"Terror","floor":6,"key":"SMITH"},{"floor":10,"key":"REST"},{"data":"Neutralize","floor":15,"key":"SMITH"}],"circlet_count":0,"master_deck":["AscendersBane","Strike_G","Strike_G","Strike_G","Strike_G","Defend_G","Defend_G","Defend_G","Defend_G","Defend_G","Survivor","Neutralize+1","Sucker Punch+1","Terror+1","Dagger Spray","Quick Slash","Venomology","Acrobatics+1","Backflip","Noxious Fumes"],"relics":["Ring of the Snake","Regal Pillow","Tiny Chest","Toy Ornithopter","Paper Crane","Cursed Key"],"acts_visited":["Exordium","TheCity"],"potions_floor_usage":[8,11,13,16,18,19,21],"damage_taken":[{"damage":13,"enemies":"Small Slimes","floor":1,"turns":6},{"damage":2,"enemies":"2 Louse","floor":4,"turns":3},{"damage":0,"enemies":"Cultist","floor":5,"turns":3},{"damage":5,"enemies":"Exordium Thugs","floor":7,"turns":5},{"damage":23,"enemies":"Lagavulin","floor":8,"turns":8},{"damage":27,"enemies":"Gremlin Nob","floor":11,"turns":4},{"damage":0,"enemies":"Looter","floor":12,"turns":3},{"damage":0,"enemies":"3 Louse","floor":13,"turns":1},{"damage":5,"enemies":"Hexaghost","floor":16,"turns":9},{"damage":11,"enemies":"Shell Parasite","floor":18,"turns":7},{"damage":1,"enemies":"3 Byrds","floor":19,"turns":6},{"damage":40,"enemies":"Snecko","floor":20,"turns":10},{"damage":32,"enemies":"3 Cultists","floor":21,"turns":4}],"seed_played":"6007533232388742921","potions_obtained":[{"floor":4,"key":"Explosive Potion"},{"floor":7,"key":"Poison Potion"},{"floor":11,"key":"Explosive Potion"},{"floor":13,"key":"SneckoOil"},{"floor":16,"key":"Dexterity Potion"},{"floor":20,"key":"Block Potion"}],"is_trial":false,"path_per_floor":["M","?","?","M","M","R","M","E","T","R","E","M","M","$","R","B",null,"M","M","M","M"],"character_chosen":"THE_SILENT","items_purchased":["CultistPotion"],"campfire_rested":1,"item_purchase_floors":[14],"current_hp_per_floor":[46,46,46,44,44,44,39,16,16,50,28,28,33,33,33,33,58,52,56,16,0,0],"gold":259,"neow_bonus":"RANDOM_COMMON_RELIC","is_daily":false,"chose_seed":false,"campfire_upgraded":2,"win_rate":0.0,"timestamp":1609054906,"path_taken":["M","?","?","M","M","R","M","E","T","R","E","M","M","$","R","BOSS","M","?","M","M"],"items_purchased_type":["Potion"],"build_version":"2020-12-22","purchased_purges":0,"victory":false,"max_hp_per_floor":[66,66,66,66,66,66,66,66,66,66,66,66,66,66,66,66,66,66,66,66,66,66],"relic_stats":{"Regal Pillow":15,"counters":[13,69],"Tiny Chest":0,"Cursed Key":0,"obtain_stats":[{"Regal Pillow":0,"Tiny Chest":8,"Paper Crane":11,"Cursed Key":17,"Toy Ornithopter":9,"Ring of the Snake":0},{"Regal Pillow":0,"Tiny Chest":5,"Paper Crane":6,"Cursed Key":9,"Toy Ornithopter":5,"Ring of the Snake":0},{"Regal Pillow":0,"Tiny Chest":25,"Paper Crane":29,"Cursed Key":42,"Toy Ornithopter":25,"Ring of the Snake":0}],"Toy Ornithopter":30,"Ring of the Snake":[26]},"card_choices":[{"not_picked":["Underhanded Strike","Backflip"],"picked":"Sucker Punch","floor":1},{"not_picked":["Backstab","Setup"],"picked":"Terror","floor":4},{"not_picked":["Burst","Finisher","Well Laid Plans"],"picked":"SKIP","floor":5},{"not_picked":["Expertise","Eviscerate","Terror"],"picked":"SKIP","floor":7},{"not_picked":["Skewer","Dodge and Roll"],"picked":"Dagger Spray","floor":8},{"not_picked":["Tactician","Sucker Punch","Masterful Stab"],"picked":"SKIP","floor":11},{"not_picked":["Dagger Spray","Outmaneuver"],"picked":"Quick Slash","floor":12},{"not_picked":["Sucker Punch","Outmaneuver","Choke"],"picked":"SKIP","floor":13},{"not_picked":["Sucker Punch","Outmaneuver","Choke"],"picked":"SKIP","floor":13},{"not_picked":["A Thousand Cuts","Grand Finale"],"picked":"Venomology","floor":16},{"not_picked":["Setup+1","Quick Slash"],"picked":"Acrobatics+1","floor":18},{"not_picked":["Underhanded Strike","Bane"],"picked":"Backflip","floor":19},{"not_picked":["Quick Slash+1","Crippling Poison"],"picked":"Noxious Fumes","floor":20}],"player_experience":250537,"relics_obtained":[{"floor":8,"key":"Tiny Chest"},{"floor":9,"key":"Toy Ornithopter"},{"floor":11,"key":"Paper Crane"}],"event_choices":[{"damage_healed":0,"gold_gain":0,"player_choice":"Grow","damage_taken":0,"max_hp_gain":0,"max_hp_loss":0,"event_name":"Living Wall","floor":2,"gold_loss":0,"cards_upgraded":["Sucker Punch"]},{"cards_removed":["Strike_G"],"damage_healed":0,"gold_gain":0,"player_choice":"Purged","damage_taken":0,"max_hp_gain":0,"max_hp_loss":0,"event_name":"Purifier","floor":3,"gold_loss":0}],"is_beta":false,"boss_relics":[{"not_picked":["Tiny House","Philosopher\u0027s Stone"],"picked":"Cursed Key"}],"items_purged_floors":[],"is_endless":false,"potions_floor_spawned":[4,7,11,13,16,20],"killed_by":"3 Cultists","ascension_level":19}}