{"host":"reretk0dz0kj8f1n","time":1609071954,"event":{"mods":["Arknights The Spire","BaseMod","Colored Map","Minty Spire (QoL Compilation)","StSLib"],"gold_per_floor":[117,117,130,144,157,157,82,82,82,82,82,82,93,268,268,366,366,386,386,386,405,452,452,452],"floor_reached":23,"playtime":814,"items_purged":["ats:Armor Crushing Shot"],"score":188,"play_id":"369109c7-5dc4-4629-a885-31a914d8c8a7","local_time":"20201227212554","is_ascension_mode":true,"campfire_choices":[{"data":"ats:Emotion Absorption","floor":6,"key":"SMITH"},{"data":"ats:Hammer On","floor":8,"key":"SMITH"},{"floor":10,"key":"REST"},{"data":"ats:Shell Defense","floor":15,"key":"SMITH"}],"circlet_count":0,"master_deck":["ats:Strike C","ats:Strike G","ats:Strike S","ats:Defend","ats:Defend","ats:Defend","ats:Defend","ats:Emotion Absorption+1","ats:Hammer On+1","ats:Shell Defense+1","ats:Shadow Assault","ats:Composite Medical Shells"],"relics":["ats:Sanity","NeowsBlessing","FaceOfCleric","White Beast Statue","Gremlin Horn","Empty Cage","Dream Catcher","ats:MaxSp2"],"acts_visited":["Exordium","TheCity"],"potions_floor_usage":[16,16,23,23,23],"damage_taken":[{"damage":0,"enemies":"Small Slimes","floor":1,"turns":1},{"damage":0,"enemies":"Cultist","floor":3,"turns":1},{"damage":0,"enemies":"Jaw Worm","floor":4,"turns":1},{"damage":29,"enemies":"Exordium Thugs","floor":5,"turns":6},{"damage":5,"enemies":"Blue Slaver","floor":13,"turns":3},{"damage":282,"enemies":"Slime Boss","floor":16,"turns":35},{"damage":23,"enemies":"3 Byrds","floor":18,"turns":5},{"damage":36,"enemies":"Chosen","floor":21,"turns":8},{"damage":45,"enemies":"Slavers","floor":23,"turns":3}],"seed_played":"-8748293606362767167","potions_obtained":[{"floor":3,"key":"LiquidMemories"},{"floor":5,"key":"Swift Potion"},{"floor":13,"key":"SkillPotion"},{"floor":16,"key":"CultistPotion"},{"floor":18,"key":"Block Potion"}],"is_trial":false,"path_per_floor":["M","?","M","M","M","R","$","R","T","R","?","$","M","?","R","B",null,"M","?","?","M","T","E"],"character_chosen":"DOCTOR_CLASS","items_purchased":[],"campfire_rested":1,"item_purchase_floors":[],"current_hp_per_floor":[72,72,73,74,46,46,46,46,46,68,50,50,48,48,48,70,77,58,58,58,32,32,0,0],"gold":452,"neow_bonus":"THREE_ENEMY_KILL","is_daily":false,"chose_seed":false,"campfire_upgraded":3,"win_rate":0.0,"timestamp":1609071954,"path_taken":["M","?","M","?","M","R","$","R","T","R","?","?","M","?","R","BOSS","M","?","?","M","?","E"],"items_purchased_type":[],"build_version":"2020-12-22","purchased_purges":1,"victory":false,"max_hp_per_floor":[72,72,73,74,75,75,75,75,75,75,75,75,76,76,76,77,77,78,78,78,79,79,79,79],"card_choices":[{"not_picked":["ats:Childhood Dance","ats:Poison Spread"],"picked":"ats:Hammer On","floor":1},{"not_picked":["ats:Consecutive Shot Auto","ats:Healing Drone","ats:Explosion Area Strengthen"],"picked":"SKIP","floor":3},{"not_picked":["ats:Demon Strength","ats:Collapsing Strike","ats:Powerful Strike"],"picked":"SKIP","floor":4},{"not_picked":["ats:Flexible Camouflage","ats:Rapid Magazine"],"picked":"ats:Shell Defense","floor":5},{"not_picked":["ats:Rat Pack","ats:Powerful Strike","ats:Leaping Hammer"],"picked":"SKIP","floor":13},{"not_picked":["ats:Rat Pack","ats:True Silver Slash"],"picked":"ats:Shadow Assault","floor":16},{"not_picked":["ats:Leaping Hammer","ats:Curse Doll","ats:Closed Bolt Burst Fire"],"picked":"SKIP","floor":18},{"not_picked":["ats:Overload","ats:Beaten Up","ats:Demon Strength+1"],"picked":"SKIP","floor":21}],"player_experience":250209,"relics_obtained":[{"floor":9,"key":"White Beast Statue"},{"floor":22,"key":"ats:MaxSp2"}],"event_choices":[{"damage_healed":0,"gold_gain":0,"player_choice":"Trade","damage_taken":0,"relics_obtained":["FaceOfCleric"],"max_hp_gain":0,"max_hp_loss":0,"event_name":"FaceTrader","floor":2,"gold_loss":0},{"damage_healed":0,"gold_gain":0,"player_choice":"Success","damage_taken":18,"relics_obtained":["Gremlin Horn"],"max_hp_gain":0,"max_hp_loss":0,"event_name":"Scrap Ooze","floor":11,"gold_loss":0},{"damage_healed":0,"gold_gain":175,"player_choice":"AGREE","damage_taken":0,"max_hp_gain":0,"max_hp_loss":0,"event_name":"Liars Game","floor":14,"gold_loss":0,"cards_obtained":["Doubt"]},{"damage_healed":0,"gold_gain":0,"player_choice":"Opened","damage_taken":0,"relics_obtained":["Dream Catcher"],"max_hp_gain":0,"max_hp_loss":0,"event_name":"The Mausoleum","floor":19,"gold_loss":0},{"damage_healed":0,"gold_gain":0,"player_choice":"Read","damage_taken":0,"max_hp_gain":0,"max_hp_loss":0,"event_name":"The Library","floor":20,"gold_loss":0,"cards_obtained":["ats:Composite Medical Shells"]}],"is_beta":false,"boss_relics":[{"not_picked":["SlaversCollar","Ectoplasm"],"picked":"Empty Cage"}],"items_purged_floors":[7],"is_endless":false,"potions_floor_spawned":[3,5,13,16,18,21],"killed_by":"Slavers","ascension_level":1}}