{"host":"5fasz840ryq7obdf","time":1609113567,"event":{"mods":["AchievementEnabler","BaseMod","Bestiary","Better Altar","Better Skull","Better Third Choice","BetterRewards","Block Reminder","Colored Powertips","Curses Come First","Highlight Path","Minty Spire (QoL Compilation)","Quick Restart","Rare Cards Sparkle","Relic Stats","Replay The Spire","Shop Mod","Spicy Shops","StSLib","SuperFastMode"],"gold_per_floor":[116,116,133,174,12,46,46,73,73,100,24,34,67,80,80,155,155,174,174,174,99,99,128,148,182,262,262,299,299,334,357,357,439,439,457,457,40,40,60,60,96,158,185,220,220,238,264,311,311,317,325,325,325,37,92,104],"floor_reached":57,"playtime":3244,"items_purged":["ReplayTheSpireMod:Doomed"],"score":3705,"play_id":"fb88b282-8642-4177-9c69-3cb23a796899","local_time":"20201227235927","is_ascension_mode":true,"campfire_choices":[{"data":"Sadistic Nature","floor":7.0,"key":"SMITH"},{"data":"Adrenaline","floor":15.0,"key":"SMITH"},{"data":"ReplayTheSpireMod:Necrosis","floor":29,"key":"SMITH"},{"floor":32,"key":"DIG"},{"data":"Sadistic Nature","floor":40,"key":"SMITH"},{"data":"Burst","floor":45,"key":"SMITH"},{"floor":49,"key":"RECALL"},{"data":"Calculated Gamble","floor":53,"key":"SMITH"}],"circlet_count":0,"master_deck":["AscendersBane","Strike_G","Strike_G","Strike_G","Defend_G","Defend_G","Defend_G","Defend_G","Defend_G","Survivor","Neutralize","ReplayTheSpireMod:Speed Training","Adrenaline+1","Deadly Poison+1","Sadistic Nature+1","Noxious Fumes","Replay:Poison Smokescreen","Crippling Poison","Toxin Wave","Calculated Gamble+1","Backflip","Sucker Punch","Adrenaline","Deadly Poison","Prepared","Blur","Deflect","Tactician","Tools of the Trade","Poisoned Stab","ReplayTheSpireMod:Speed Training","Noxious Fumes","ReplayTheSpireMod:Necrosis+1","Crippling Poison","Dash","Toxin Wave+1","Backflip","Replay:Poison Smokescreen","Burst+1","Sadistic Nature+1","Noxious Fumes","Noxious Fumes","Poisoned Stab+1","Prepared+1","Tactician","Fluid Movement","Doppelganger","Doppelganger","Dash+1","Hidden Blade"],"relics":["Ring of the Snake","Mummified Hand","Nunchaku","TwistedFunnel","Oddly Smooth Stone","Orrery","Paper Crane","ReplayTheSpireMod:Shallot","Lantern","Ninja Scroll","Pear","Replay:Bottled Snecko","Blue Doll","SlaversCollar","Bloody Idol","Anchor","Ring of Peace","Ring of Fury","Bottled Flame","Snake Skull","Eternal Feather","CeramicFish","Unceasing Top","Toy Ornithopter","Runic Pyramid","Replay:Wax Seal","Tingsha","MealTicket","Mirror","Replay:Bandana","Basket Of Snakes","War Paint","Replay:Mystery Machine"],"acts_visited":["Exordium","TheCity","TheBeyond","TheEnding"],"potions_floor_usage":[23,25,33,56,56],"damage_taken":[{"damage":0.0,"enemies":"Jaw Worm","floor":1.0,"turns":2.0},{"damage":0.0,"enemies":"2 Louse","floor":3.0,"turns":1.0},{"damage":0.0,"enemies":"Gremlin Nob","floor":6.0,"turns":1.0},{"damage":0.0,"enemies":"Lagavulin","floor":8.0,"turns":3.0},{"damage":0.0,"enemies":"Gremlin Nob","floor":10.0,"turns":2.0},{"damage":0.0,"enemies":"Small Slimes","floor":12.0,"turns":2.0},{"damage":0.0,"enemies":"3 Sentries","floor":13.0,"turns":3.0},{"damage":0.0,"enemies":"3 Louse","floor":14.0,"turns":1.0},{"damage":0.0,"enemies":"Hexaghost","floor":16.0,"turns":7.0},{"damage":0.0,"enemies":"3 Byrds","floor":18.0,"turns":2.0},{"damage":9,"enemies":"Gremlin Leader","floor":23,"turns":5},{"damage":0,"enemies":"2 Thieves","floor":24,"turns":2},{"damage":0,"enemies":"Slavers","floor":25,"turns":4},{"damage":0,"enemies":"Book of Stabbing","floor":28,"turns":3},{"damage":0,"enemies":"Slavers","floor":30,"turns":3},{"damage":9,"enemies":"Snecko","floor":31,"turns":4},{"damage":43,"enemies":"Champ","floor":33,"turns":9},{"damage":0,"enemies":"3 Darklings","floor":35,"turns":3},{"damage":0,"enemies":"Orb Walker","floor":39,"turns":2},{"damage":0,"enemies":"Giant Head","floor":41,"turns":5},{"damage":0,"enemies":"2 Orb Walkers","floor":42,"turns":2},{"damage":0,"enemies":"R_Hoarder","floor":44,"turns":5},{"damage":22,"enemies":"Spire Growth","floor":46,"turns":4},{"damage":0,"enemies":"Giant Head","floor":48,"turns":6},{"damage":0,"enemies":"Donu and Deca","floor":50,"turns":6},{"damage":36,"enemies":"Time Eater","floor":51,"turns":10},{"damage":6,"enemies":"Shield and Spear","floor":55,"turns":3},{"damage":57,"enemies":"The Heart","floor":56,"turns":8}],"seed_played":"4362414809891826954","potions_obtained":[{"floor":3.0,"key":"Death Potion"},{"floor":4.0,"key":"AttackPotion"},{"floor":4.0,"key":"Explosive Potion"},{"floor":6.0,"key":"SteroidPotion"},{"floor":16.0,"key":"LifebloodPotion"},{"floor":24,"key":"Adrenaline Potion"},{"floor":25,"key":"SpeedPotion"},{"floor":28,"key":"Languid Potion"},{"floor":30,"key":"Poison Potion"},{"floor":35,"key":"ColorlessPotion"},{"floor":42,"key":"SmokeBomb"},{"floor":55,"key":"Strength Potion"}],"is_trial":false,"path_per_floor":["M","?","M","?","$","E","R","E","T","E","$","M","E","M","R","B",null,"M","?","?","?","?","E","M","E","T","?","E","R","E","M","R","B",null,"M","?","$","?","M","R","E","?","T","E","R","M","T","E","R","B","B",null,"R","$","E","B",null],"character_chosen":"THE_SILENT","items_purchased":["Mummified Hand","Nunchaku","ReplayTheSpireMod:Speed Training","TwistedFunnel","Adrenaline","Deadly Poison","Oddly Smooth Stone","Sadistic Nature","Noxious Fumes","Orrery","Paper Crane","ReplayTheSpireMod:Shallot","Lantern","Blur","Sadistic Nature","Noxious Fumes","Doppelganger","War Paint","Dash+1"],"campfire_rested":0,"item_purchase_floors":[0,0,0,0,0,0,0,0,0,0,0,0,5,11,37,37,54,54,54],"current_hp_per_floor":[17,39,39,18,18,18,18,28,28,28,28,28,28,28,28,28,64,64,22,22,22,22,18,28,33,38,38,48,69,76,76,76,43,68,73,73,76,76,76,76,76,76,76,76,76,59,64,74,76,76,40,67,76,76,76,19],"gold":104,"neow_bonus":"","is_daily":false,"chose_seed":false,"campfire_upgraded":6,"win_rate":0.0,"timestamp":1609113567,"path_taken":["M","?","M","?","$","E","R","E","T","E","?","M","E","M","R","BOSS","M","?","?","?","?","E","M","E","T","?","E","R","E","M","R","BOSS","M","?","$","?","?","R","E","?","T","E","R","M","?","E","R","BOSS","BOSS","R","$","E","BOSS"],"items_purchased_type":["Relic","Relic","Card","Relic","Card","Card","Relic","Card","Card","Relic","Relic","Relic","Relic","Card","Card","Card","Card","Relic","Card"],"build_version":"2020-12-22","purchased_purges":1,"victory":true,"max_hp_per_floor":[66,66,66,66,66,66,66,76,76,76,76,76,76,76,76,76,76,76,76,76,76,76,76,76,76,76,76,76,76,76,76,76,76,76,76,76,76,76,76,76,76,76,76,76,76,76,76,76,76,76,76,76,76,76,76,76],"relic_stats":{"counters":[266,1059],"CeramicFish":135,"Eternal Feather":32,"Tingsha":[185],"Snake Skull":[447],"War Paint":["Toxin Wave","Deadly Poison"],"Nunchaku":[17],"Mummified Hand":[120],"Bloody Idol":241,"MealTicket":0,"obtain_stats":[{"TwistedFunnel":19,"Golden Egg":40,"Vampiric Spirits":4,"Spirit Poop":5,"Whetstone":40,"Ginger":0,"Bottled Tornado":0,"Sling":0,"Boot":3,"Blood Vial":48,"Replay:Wanted Poster":36,"Replay:Ringing Soul":40,"Sundial":11,"MealTicket":0,"HandDrill":2,"Kunai":26,"Replay:Wax Seal":0,"Replay:Bottled Steam":12,"Pear":27,"Blue Candle":41,"Counterbalance":39,"Tingsha":0,"Eternal Feather":26,"Pen Nib":36,"Paper Crane":36,"Akabeko":2,"SlaversCollar":17,"Bird Faced Urn":6,"ReplayTheSpireMod:Ring of Collecting":47,"Kintsugi":34,"Unceasing Top":0,"Ring of the Serpent":17,"Lantern":23,"Regal Pillow":28,"Singing Bowl":36,"Torii":25,"Blue Doll":0,"Bag of Preparation":6,"Smiling Mask":20,"Cursed Key":34,"Pet Ghost":23,"Replay:Rubber Ducky":21,"Matryoshka":8,"Ring of Fangs":25,"Ninja Scroll":10,"Ring of Peace":22,"Replay:Bottled Eggs":12,"InkBottle":21,"Ring of the Snake":0,"Potion Belt":9,"Lee\u0027s Waffle":0,"The Specimen":17,"Golden Idol":2,"Basket Of Snakes":5,"PreservedInsect":9,"The Courier":28,"Omamori":0,"Ring of Greed":47,"Frozen Egg 2":17,"MawBank":14,"Replay:Arrowhead":0,"Busted Crown":17,"Ornamental Fan":54,"Bloody Idol":19,"Orrery":0,"Art of War":40,"Durian":42,"Garlic":23,"Bottled Lightning":26,"Toy Ornithopter":9,"Ice Cream":0,"Tiny House":17,"Calipers":43,"Gremlin Horn":0,"CeramicFish":44,"Vajra":0,"HoveringKite":34,"Centennial Puzzle":22,"Lizard Tail":38,"DollysMirror":25,"Strawberry":46,"Prayer Wheel":17,"Philosopher\u0027s Stone":34,"Toxic Egg 2":7,"Byrd Skull":13,"Happy Flower":0,"ReplayTheSpireMod:CursedCoin":48,"Astrolabe":17,"Oddly Smooth Stone":11,"Letter Opener":40,"Replay:Kaleidoscope":28,"War Paint":0,"Question Card":17,"Du-Vu Doll":13,"Bottled Flame":32,"ReplayTheSpireMod:Shallot":9,"Shuriken":25,"Bronze Scales":26,"Onion Ring":0,"Molten Egg 2":9,"ReplayTheSpireMod:TigerMarble":44,"Grinning Jar":15,"Mirror":40,"Pocketwatch":14,"Meat on the Bone":0,"Darkstone Periapt":9,"ReplayFunnel":15,"ReplayTheSpireMod:Ring of Exchange":25,"Snake Skull":0,"Juzu Bracelet":30,"Incense Burner":0,"Replay:Mystery Machine":55,"Empty Cage":34,"Frozen Eye":10,"Nunchaku":43,"Dream Catcher":26,"Replay:Bandana":14,"Mummified Hand":31,"Pantograph":55,"Tiny Chest":6,"Red Mask":36,"Replay:Bottled Snecko":10,"Runic Pyramid":17,"Gremlin Food":26,"BargainBundle":0,"ReplayTheSpireMod:Ninjato":0,"Replay:Towering Pillar of Hats":0,"Guide Book":0,"Orichalcum":55,"White Beast Statue":19,"Mercury Hourglass":8,"Calling Bell":17,"Strange Spoon":0,"Anchor":55,"Pondfish Scales":42,"Ring of Fury":22,"Bag of Marbles":49,"Snack Pack":0,"Coffee Dripper":17,"Membership Card":8},{"TwistedFunnel":77,"Golden Egg":144,"Vampiric Spirits":153,"Spirit Poop":68,"Whetstone":88,"Ginger":127,"Bottled Tornado":42,"Sling":29,"Boot":43,"Blood Vial":27,"Replay:Wanted Poster":141,"Replay:Ringing Soul":201,"Sundial":37,"MealTicket":32,"HandDrill":97,"Kunai":16,"Replay:Wax Seal":150,"Replay:Bottled Steam":217,"Pear":83,"Blue Candle":88,"Counterbalance":172,"Tingsha":29,"Eternal Feather":251,"Pen Nib":21,"Paper Crane":21,"Akabeko":33,"SlaversCollar":247,"Bird Faced Urn":184,"ReplayTheSpireMod:Ring of Collecting":205,"Kintsugi":169,"Unceasing Top":29,"Ring of the Serpent":40,"Lantern":14,"Regal Pillow":17,"Singing Bowl":86,"Torii":110,"Blue Doll":127,"Bag of Preparation":4,"Smiling Mask":51,"Cursed Key":85,"Pet Ghost":138,"Replay:Rubber Ducky":136,"Matryoshka":46,"Ring of Fangs":224,"Ninja Scroll":131,"Ring of Peace":248,"Replay:Bottled Eggs":132,"InkBottle":51,"Ring of the Snake":0,"Potion Belt":46,"Lee\u0027s Waffle":96,"The Specimen":105,"Golden Idol":1,"Basket Of Snakes":153,"PreservedInsect":70,"The Courier":83,"Omamori":96,"Ring of Greed":205,"Frozen Egg 2":105,"MawBank":39,"Replay:Arrowhead":150,"Busted Crown":187,"Ornamental Fan":125,"Bloody Idol":248,"Orrery":29,"Art of War":61,"Durian":174,"Garlic":224,"Bottled Lightning":82,"Toy Ornithopter":5,"Ice Cream":96,"Tiny House":9,"Calipers":89,"Gremlin Horn":0,"CeramicFish":25,"Vajra":0,"HoveringKite":20,"Centennial Puzzle":79,"Lizard Tail":117,"DollysMirror":110,"Strawberry":146,"Prayer Wheel":76,"Philosopher\u0027s Stone":115,"Toxic Egg 2":36,"Byrd Skull":158,"Happy Flower":96,"ReplayTheSpireMod:CursedCoin":175,"Astrolabe":134,"Oddly Smooth Stone":7,"Letter Opener":24,"Replay:Kaleidoscope":225,"War Paint":32,"Question Card":76,"Du-Vu Doll":74,"Bottled Flame":140,"ReplayTheSpireMod:Shallot":214,"Shuriken":16,"Bronze Scales":110,"Onion Ring":127,"Molten Egg 2":155,"ReplayTheSpireMod:TigerMarble":145,"Grinning Jar":159,"Mirror":231,"Pocketwatch":8,"Meat on the Bone":66,"Darkstone Periapt":46,"ReplayFunnel":159,"ReplayTheSpireMod:Ring of Exchange":224,"Snake Skull":32,"Juzu Bracelet":18,"Incense Burner":96,"Replay:Mystery Machine":265,"Empty Cage":58,"Frozen Eye":131,"Nunchaku":24,"Dream Catcher":55,"Replay:Bandana":219,"Mummified Hand":114,"Pantograph":126,"Tiny Chest":45,"Red Mask":59,"Replay:Bottled Snecko":243,"Runic Pyramid":50,"Gremlin Food":139,"BargainBundle":127,"ReplayTheSpireMod:Ninjato":127,"Replay:Towering Pillar of Hats":150,"Guide Book":179,"Orichalcum":95,"White Beast Statue":77,"Mercury Hourglass":5,"Calling Bell":76,"Strange Spoon":210,"Anchor":178,"Pondfish Scales":232,"Ring of Fury":248,"Bag of Marbles":147,"Snack Pack":179,"Coffee Dripper":220,"Membership Card":36},{"TwistedFunnel":427,"Golden Egg":660,"Vampiric Spirits":686,"Spirit Poop":395,"Whetstone":467,"Ginger":613,"Bottled Tornado":241,"Sling":179,"Boot":244,"Blood Vial":148,"Replay:Wanted Poster":648,"Replay:Ringing Soul":817,"Sundial":209,"MealTicket":186,"HandDrill":504,"Kunai":93,"Replay:Wax Seal":681,"Replay:Bottled Steam":877,"Pear":450,"Blue Candle":467,"Counterbalance":729,"Tingsha":179,"Eternal Feather":986,"Pen Nib":120,"Paper Crane":120,"Akabeko":190,"SlaversCollar":973,"Bird Faced Urn":760,"ReplayTheSpireMod:Ring of Collecting":833,"Kintsugi":726,"Unceasing Top":179,"Ring of the Serpent":230,"Lantern":82,"Regal Pillow":97,"Singing Bowl":460,"Torii":544,"Blue Doll":613,"Bag of Preparation":20,"Smiling Mask":286,"Cursed Key":456,"Pet Ghost":640,"Replay:Rubber Ducky":637,"Matryoshka":260,"Ring of Fangs":898,"Ninja Scroll":622,"Ring of Peace":975,"Replay:Bottled Eggs":625,"InkBottle":286,"Ring of the Snake":0,"Potion Belt":260,"Lee\u0027s Waffle":501,"The Specimen":525,"Golden Idol":2,"Basket Of Snakes":686,"PreservedInsect":401,"The Courier":450,"Omamori":501,"Ring of Greed":833,"Frozen Egg 2":525,"MawBank":219,"Replay:Arrowhead":681,"Busted Crown":775,"Ornamental Fan":602,"Bloody Idol":975,"Orrery":179,"Art of War":353,"Durian":733,"Garlic":898,"Bottled Lightning":446,"Toy Ornithopter":24,"Ice Cream":501,"Tiny House":46,"Calipers":472,"Gremlin Horn":0,"CeramicFish":136,"Vajra":0,"HoveringKite":115,"Centennial Puzzle":435,"Lizard Tail":569,"DollysMirror":544,"Strawberry":664,"Prayer Wheel":425,"Philosopher\u0027s Stone":563,"Toxic Egg 2":204,"Byrd Skull":700,"Happy Flower":501,"ReplayTheSpireMod:CursedCoin":734,"Astrolabe":632,"Oddly Smooth Stone":32,"Letter Opener":132,"Replay:Kaleidoscope":902,"War Paint":186,"Question Card":425,"Du-Vu Doll":415,"Bottled Flame":645,"ReplayTheSpireMod:Shallot":869,"Shuriken":93,"Bronze Scales":544,"Onion Ring":613,"Molten Egg 2":694,"ReplayTheSpireMod:TigerMarble":663,"Grinning Jar":701,"Mirror":922,"Pocketwatch":39,"Meat on the Bone":392,"Darkstone Periapt":260,"ReplayFunnel":701,"ReplayTheSpireMod:Ring of Exchange":898,"Snake Skull":186,"Juzu Bracelet":102,"Incense Burner":501,"Replay:Mystery Machine":1051,"Empty Cage":333,"Frozen Eye":622,"Nunchaku":132,"Dream Catcher":308,"Replay:Bandana":881,"Mummified Hand":557,"Pantograph":606,"Tiny Chest":254,"Red Mask":338,"Replay:Bottled Snecko":960,"Runic Pyramid":281,"Gremlin Food":642,"BargainBundle":613,"ReplayTheSpireMod:Ninjato":613,"Replay:Towering Pillar of Hats":681,"Guide Book":749,"Orichalcum":496,"White Beast Statue":427,"Mercury Hourglass":24,"Calling Bell":425,"Strange Spoon":858,"Anchor":744,"Pondfish Scales":926,"Ring of Fury":975,"Bag of Marbles":668,"Snack Pack":749,"Coffee Dripper":886,"Membership Card":204}],"Unceasing Top":[22],"Toy Ornithopter":0,"Ring of the Snake":[448]},"card_choices":[{"not_picked":["Calculated Gamble","Masterful Stab"],"picked":"Replay:Poison Smokescreen","floor":0.0},{"not_picked":["Quick Slash","Poisoned Stab"],"picked":"Crippling Poison","floor":0.0},{"not_picked":["Acrobatics","Crippling Poison"],"picked":"Toxin Wave","floor":0.0},{"not_picked":["Underhanded Strike","Choke"],"picked":"Calculated Gamble","floor":1.0},{"not_picked":["Slice","Hidden Blade"],"picked":"Backflip","floor":3.0},{"not_picked":["Eviscerate","Outmaneuver"],"picked":"Sucker Punch","floor":4.0},{"not_picked":["Poisoned Stab","Acrobatics"],"picked":"Adrenaline","floor":6.0},{"not_picked":["Dodge and Roll","Calculated Gamble"],"picked":"Deadly Poison","floor":8.0},{"not_picked":["Caltrops","Flechettes"],"picked":"Prepared","floor":10.0},{"not_picked":["Finisher","Endless Agony","Dagger Throw"],"picked":"SKIP","floor":12.0},{"not_picked":["Reflex","Calculated Gamble"],"picked":"Deflect","floor":13.0},{"not_picked":["Blade Dance","All Out Attack"],"picked":"Tactician","floor":14.0},{"not_picked":["Phantasmal Killer","Storm of Steel"],"picked":"Tools of the Trade","floor":16.0},{"not_picked":["Cloak And Dagger","Dagger Spray"],"picked":"Poisoned Stab","floor":18.0},{"not_picked":["PiercingWail","Setup"],"picked":"ReplayTheSpireMod:Speed Training","floor":23},{"not_picked":["A Thousand Cuts","Heel Hook"],"picked":"Noxious Fumes","floor":24},{"not_picked":["Deflect","Flying Knee"],"picked":"ReplayTheSpireMod:Necrosis","floor":25},{"not_picked":["Underhanded Strike","Dagger Throw+1"],"picked":"Toxin Wave","floor":28},{"not_picked":["Blade Dance","Hidden Blade"],"picked":"Backflip","floor":30},{"not_picked":["Bane","Accuracy"],"picked":"Replay:Poison Smokescreen","floor":31},{"not_picked":["A Thousand Cuts","Envenom"],"picked":"Burst","floor":33},{"not_picked":["Eviscerate+1","Dagger Throw","Cloak And Dagger"],"picked":"SKIP","floor":35},{"not_picked":["Sucker Punch","Endless Agony","Outmaneuver"],"picked":"SKIP","floor":39},{"not_picked":["Dodge and Roll","Cloak And Dagger"],"picked":"Poisoned Stab+1","floor":41},{"not_picked":["Terror+1","Underhanded Strike+1"],"picked":"Prepared+1","floor":42},{"not_picked":["Accuracy+1","Fluid Movement"],"picked":"Tactician","floor":44},{"not_picked":["Infinite Blades","Underhanded Strike","Slice"],"picked":"SKIP","floor":46},{"not_picked":["Heel Hook","Deadly Poison"],"picked":"Fluid Movement","floor":48},{"not_picked":["Underhanded Strike","Corpse Explosion"],"picked":"Hidden Blade","floor":55}],"player_experience":1190818,"relics_obtained":[{"floor":6.0,"key":"Ninja Scroll"},{"floor":8.0,"key":"Pear"},{"floor":10.0,"key":"Replay:Bottled Snecko"},{"floor":13.0,"key":"Blue Doll"},{"floor":22.0,"key":"Ring of Peace"},{"floor":22.0,"key":"Ring of Fury"},{"floor":23,"key":"Bottled Flame"},{"floor":25,"key":"Snake Skull"},{"floor":26,"key":"Eternal Feather"},{"floor":28,"key":"CeramicFish"},{"floor":30,"key":"Unceasing Top"},{"floor":32,"key":"Toy Ornithopter"},{"floor":41,"key":"Replay:Wax Seal"},{"floor":42,"key":"Tingsha"},{"floor":43,"key":"MealTicket"},{"floor":44,"key":"Mirror"},{"floor":47,"key":"Replay:Bandana"},{"floor":48,"key":"Basket Of Snakes"},{"floor":55,"key":"Replay:Mystery Machine"}],"event_choices":[{"damage_healed":22.0,"max_hp_gain":0.0,"max_hp_loss":0.0,"gold_gain":0.0,"event_name":"Big Fish","player_choice":"Banana","floor":2.0,"gold_loss":0.0,"damage_taken":0.0},{"damage_healed":0.0,"max_hp_gain":64.0,"max_hp_loss":22.0,"gold_gain":0.0,"event_name":"betterAltar:BetterAltar","player_choice":" Idol ","floor":19.0,"potions_obtained":[],"relics_lost":[],"gold_loss":0.0,"damage_taken":42.0,"relics_obtained":["Bloody Idol"]},{"damage_healed":0.0,"max_hp_gain":0.0,"max_hp_loss":0.0,"gold_gain":0.0,"event_name":"The Mausoleum","player_choice":"Opened","floor":20.0,"gold_loss":0.0,"damage_taken":0.0,"relics_obtained":["Anchor"],"cards_obtained":["Writhe"]},{"cards_removed":["Writhe"],"damage_healed":0.0,"max_hp_gain":0.0,"max_hp_loss":0.0,"gold_gain":0.0,"event_name":"Beggar","player_choice":"Gave Gold","floor":21.0,"gold_loss":75.0,"damage_taken":0.0},{"damage_healed":0,"gold_gain":0,"cards_transformed":["Strike_G","Strike_G"],"player_choice":"Became Test Subject","damage_taken":0,"max_hp_gain":0,"max_hp_loss":0,"event_name":"Drug Dealer","floor":27,"gold_loss":0,"cards_obtained":["Crippling Poison","Dash"]},{"damage_healed":0,"gold_gain":0,"player_choice":"Ignored","damage_taken":0,"max_hp_gain":0,"max_hp_loss":0,"event_name":"Tomb of Lord Red Mask","floor":36,"gold_loss":0},{"damage_healed":0,"gold_gain":0,"player_choice":"Ignored","damage_taken":0,"max_hp_gain":0,"max_hp_loss":0,"event_name":"betterThird:BetterPortal","floor":38,"gold_loss":0},{"damage_healed":0,"gold_gain":0,"player_choice":"Fight","damage_taken":0,"max_hp_gain":0,"max_hp_loss":0,"event_name":"Mysterious Sphere","floor":42,"gold_loss":0}],"is_beta":false,"boss_relics":[{"not_picked":["Velvet Choker","Painkiller Herb"],"picked":"SlaversCollar"},{"not_picked":["Replay:Grab Bag","Snecko Eye"],"picked":"Runic Pyramid"}],"items_purged_floors":[37],"is_endless":false,"potions_floor_spawned":[3,6,16,24,25,28,30,35,39,42,44,55],"ascension_level":20}}