{"host":"4504xw3i8yl0xy72","time":1609071968,"event":{"mods":["Aspiration","BaseMod","Conspire","Curses Come First","Energized Spire","Halation","Infinite Spire","Minty Spire (QoL Compilation)","StSLib","vexMod"],"gold_per_floor":[113,125,125,135,135,166,127,127,127,127,127,161,176,33,33,128,128,138,138,34,51,66,97,97,108,135,135,135,163,163,198,198,296,296,314,314,326,326,18,18,38,49,98,115,115,90,90,120,120,120,120],"floor_reached":50,"playtime":2919,"items_purged":["Defend_G","Strike_G"],"score":669,"play_id":"29062970-a3a6-4719-938c-8f2f3261716e","local_time":"20201227232608","is_ascension_mode":true,"campfire_choices":[{"data":"Blade Dance","floor":8,"key":"SMITH"},{"data":"Accuracy","floor":10,"key":"SMITH"},{"floor":15,"key":"REST"},{"floor":24,"key":"REST"},{"floor":27,"key":"REST"},{"data":"Infinite Blades","floor":32,"key":"SMITH"},{"floor":40,"key":"REST"},{"data":"Cloak And Dagger","floor":47,"key":"SMITH"},{"floor":49,"key":"REST"}],"circlet_count":0,"master_deck":["Strike_G","Strike_G","Strike_G","Strike_G","Defend_G","Defend_G","Defend_G","Defend_G","Survivor","Neutralize","Blade Dance+1","Choke","Cloak And Dagger+1","Accuracy+1","A Thousand Cuts","Infinite Blades+1","Envenom","Flying Knee","Storm of Steel","Strike_G","Strike_G","Strike_G","Strike_G","Defend_G","Defend_G","Defend_G","Defend_G","Survivor","Neutralize","Blade Dance+1","Choke","Cloak And Dagger","Accuracy+1","A Thousand Cuts","Infinite Blades+1","Envenom","Flying Knee","Storm of Steel","Parasite","Accuracy+1","Backstab+1","Blade Dance+1"],"relics":["Ring of the Snake","NeowsBlessing","infinitespire:WardingShard","infinitespire:EmpoweringShard","aspiration:HummingbirdHeart","halation:BottledLove","halation:LoveArrow","conspire:Boomerang","halation:LettersToHer","aspiration:TomeofQuesting","Strawberry","Paper Crane","Singing Bowl","Anchor","infinitespire:Cupcake","DollysMirror","Nunchaku","Bag of Preparation","Pear"],"acts_visited":["Exordium","TheCity","TheBeyond"],"potions_floor_usage":[6,16,18,23,38,44,48,50],"damage_taken":[{"damage":0,"enemies":"Jaw Worm","floor":1,"turns":1},{"damage":0,"enemies":"infinitespire:Voidling","floor":2,"turns":1},{"damage":3,"enemies":"conspire:RoseBush","floor":4,"turns":1},{"damage":24,"enemies":"Gremlin Nob","floor":6,"turns":4},{"damage":0,"enemies":"3 Sentries","floor":12,"turns":4},{"damage":0,"enemies":"2 Fungi Beasts","floor":13,"turns":3},{"damage":35,"enemies":"Slime Boss","floor":16,"turns":6},{"damage":0,"enemies":"Spheric Guardian","floor":18,"turns":3},{"damage":0,"enemies":"Chosen","floor":21,"turns":3},{"damage":8,"enemies":"Snake Plant","floor":22,"turns":4},{"damage":31,"enemies":"Slavers","floor":23,"turns":5},{"damage":16,"enemies":"Cultist and Chosen","floor":25,"turns":5},{"damage":9,"enemies":"Book of Stabbing","floor":29,"turns":5},{"damage":5,"enemies":"conspire:Head Lice","floor":31,"turns":3},{"damage":51,"enemies":"Automaton","floor":33,"turns":5},{"damage":41,"enemies":"3 Shapes","floor":35,"turns":3},{"damage":0,"enemies":"Orb Walker","floor":37,"turns":3},{"damage":2,"enemies":"Writhing Mass","floor":38,"turns":5},{"damage":0,"enemies":"Jaw Worm Horde","floor":41,"turns":3},{"damage":5,"enemies":"Maw","floor":42,"turns":5},{"damage":0,"enemies":"3 Darklings","floor":44,"turns":3},{"damage":52,"enemies":"Nightmare","floor":48,"turns":6},{"damage":60,"enemies":"Awakened One","floor":50,"turns":4}],"seed_played":"-1227718770692763847","potions_obtained":[{"floor":4,"key":"Fire Potion"},{"floor":12,"key":"Explosive Potion"},{"floor":13,"key":"EssenceOfSteel"},{"floor":21,"key":"ColorlessPotion"},{"floor":22,"key":"SmokeBomb"},{"floor":29,"key":"Ancient Potion"},{"floor":33,"key":"Explosive Potion"},{"floor":42,"key":"Swift Potion"}],"is_trial":false,"path_per_floor":["M","M","?","M","?","E","$","R","T","R","?","E","M","$","R","B",null,"M","AVR","?","M","M","E","R","M","T","R","?","E","?","E","R","B",null,"M","?","M","M","$","R","M","M","T","M","$","?","R","NM","R","B"],"character_chosen":"THE_SILENT","items_purchased":["Accuracy","Infinite Blades","DollysMirror","Nunchaku"],"campfire_rested":5,"item_purchase_floors":[7,14,39,39],"current_hp_per_floor":[70,70,70,67,67,43,43,43,43,43,43,43,43,43,64,29,70,70,70,70,70,62,31,52,36,43,66,66,57,57,54,54,5,81,42,42,44,42,42,67,67,64,64,64,64,64,64,24,53,0,0],"gold":120,"neow_bonus":"THREE_ENEMY_KILL","is_daily":false,"chose_seed":false,"campfire_upgraded":4,"win_rate":0.0,"timestamp":1609071968,"path_taken":["M","M","?","?","?","E","$","R","T","R","?","E","M","?","R","BOSS","M","AVR","?","M","M","E","R","?","T","R","?","E","?","E","R","BOSS","M","?","M","M","$","R","?","M","T","M","?","?","R","NM","R","BOSS"],"items_purchased_type":["Card","Card","Relic","Relic"],"build_version":"2020-12-22","purchased_purges":2,"victory":false,"max_hp_per_floor":[70,70,70,70,70,70,70,70,70,70,70,70,70,70,70,70,70,70,70,70,70,70,70,70,70,77,77,77,77,77,79,79,81,81,83,83,85,85,85,85,85,87,87,87,87,87,87,99,99,99,99],"card_choices":[{"not_picked":["Dagger Throw","Backstab"],"picked":"Blade Dance","floor":1},{"not_picked":["PiercingWail","Bane"],"picked":"Choke","floor":2},{"not_picked":["Quick Slash","Endless Agony","PiercingWail"],"picked":"SKIP","floor":4},{"not_picked":["Slice","Leg Sweep"],"picked":"Cloak And Dagger","floor":6},{"not_picked":["All Out Attack","Bane","Caltrops"],"picked":"SKIP","floor":12},{"not_picked":["Backflip","Slice"],"picked":"A Thousand Cuts","floor":13},{"not_picked":["Venomology","Phantasmal Killer"],"picked":"Envenom","floor":16},{"not_picked":["Deflect","Dodge and Roll","Predator"],"picked":"SKIP","floor":18},{"not_picked":["Poisoned Stab+1","Sucker Punch","Crippling Poison"],"picked":"SKIP","floor":21},{"not_picked":["Deadly Poison+1","Setup+1"],"picked":"Flying Knee","floor":22},{"not_picked":["Distraction","Heel Hook","Flechettes"],"picked":"SKIP","floor":23},{"not_picked":["Underhanded Strike","Slice+1","Escape Plan"],"picked":"SKIP","floor":25},{"not_picked":["Dagger Spray+1","Endless Agony"],"picked":"Storm of Steel","floor":29},{"not_picked":["Underhanded Strike","Deadly Poison+1","Cloak And Dagger"],"picked":"Singing Bowl","floor":31},{"not_picked":["infinitespire:Neurotoxin","Doppelganger","Envenom"],"picked":"Singing Bowl","floor":33},{"not_picked":["PiercingWail","Quick Slash+1","Deflect"],"picked":"Singing Bowl","floor":35},{"not_picked":["Endless Agony","Dagger Throw+1","Expertise"],"picked":"Singing Bowl","floor":37},{"not_picked":["Quick Slash+1","Acrobatics+1"],"picked":"Backstab+1","floor":41},{"not_picked":["Masterful Stab","Backflip","Flying Knee"],"picked":"Singing Bowl","floor":42},{"not_picked":["Footwork","Accuracy"],"picked":"Blade Dance+1","floor":44},{"not_picked":["Outmaneuver","Deflect","Escape Plan"],"picked":"Singing Bowl","floor":48}],"player_experience":217612,"relics_obtained":[{"floor":6,"key":"infinitespire:WardingShard"},{"floor":9,"key":"infinitespire:EmpoweringShard"},{"floor":11,"key":"aspiration:HummingbirdHeart"},{"floor":12,"key":"halation:BottledLove"},{"floor":23,"key":"aspiration:TomeofQuesting"},{"floor":26,"key":"halation:LettersToHer"},{"floor":26,"key":"Strawberry"},{"floor":29,"key":"Singing Bowl"},{"floor":31,"key":"Anchor"},{"floor":43,"key":"halation:LettersToHer"},{"floor":43,"key":"Bag of Preparation"},{"floor":48,"key":"Pear"}],"event_choices":[{"damage_healed":0,"gold_gain":0,"player_choice":"Full Heal","damage_taken":0,"max_hp_gain":0,"max_hp_loss":0,"event_name":"Wheel of Change","floor":3,"gold_loss":0},{"damage_healed":0,"gold_gain":0,"player_choice":"Paid Gold","damage_taken":0,"relics_obtained":["halation:LettersToHer"],"max_hp_gain":0,"max_hp_loss":0,"event_name":"WeMeetAgain","floor":20,"gold_loss":104},{"damage_healed":0,"gold_gain":0,"player_choice":"Opened","damage_taken":0,"relics_obtained":["Paper Crane"],"max_hp_gain":0,"max_hp_loss":0,"event_name":"The Mausoleum","floor":28,"gold_loss":0},{"damage_healed":0,"gold_gain":0,"player_choice":"Ignored","damage_taken":0,"max_hp_gain":0,"max_hp_loss":0,"event_name":"Vampires","floor":30,"gold_loss":0}],"is_beta":false,"boss_relics":[{"not_picked":["halation:PinkAlligatorPlush","halation:MonkeysPaw"],"picked":"halation:LoveArrow"},{"not_picked":["HoveringKite","energizedSpire:OgreHead"],"picked":"infinitespire:Cupcake"}],"items_purged_floors":[14,19],"is_endless":true,"potions_floor_spawned":[4,12,13,21,22,29,33,38,42],"killed_by":"Awakened One","ascension_level":2}}