{"host":"7s1wik188rwhc0qq","time":1609036462,"event":{"mods":["AchievementEnabler","BaseMod","Better Third Choice","Colored Map","Colored Powertips","DeckTracker","Downfall","Minty Spire (QoL Compilation)","Permanent Neow","Quick Restart","Remove Card Discount Mod","StSLib"],"gold_per_floor":[113,127,123,123,123,123,141,141,141,87,52,70,102,55,55,151,201,212,230,230,248,248,248,279,279,279,301,323,335,362,402,414,521,533,561,590,602,626,334,363,105,123,123,152,29,29,40,68,68,68,68],"floor_reached":50,"playtime":5483,"items_purged":["hexamod:Haunted","Strike_P","Defend_P","Defend_P+1"],"score":670,"play_id":"96902356-2bbd-43a3-9baf-a6701f9f31d5","local_time":"20201226193421","is_ascension_mode":false,"campfire_choices":[{"data":"Eruption","floor":6.0,"key":"SMITH"},{"data":"FlurryOfBlows","floor":8.0,"key":"SMITH"},{"data":"DevaForm","floor":15.0,"key":"SMITH"},{"data":"Ghostly","floor":23.0,"key":"SMITH"},{"data":"LessonLearned","floor":25.0,"key":"SMITH"},{"floor":29.0,"key":"REST"},{"floor":32.0,"key":"REST"},{"data":"TalkToTheHand","floor":46,"key":"SMITH"},{"data":"ClearTheMind","floor":49,"key":"SMITH"}],"circlet_count":0,"master_deck":["Defend_P+1","Eruption+1","Vigilance","DevaForm+1","Perseverance","Consecrate","Undo+1","FlurryOfBlows+1","FollowUp+1","CutThroughFate","SandsOfTime","Tantrum","Evaluate","MasterReality+1","FlurryOfBlows+1","Adaptation+1","CutThroughFate+1","Conclude+1","Ghostly+1","Ghostly+1","Ghostly+1","Ghostly","Ghostly+1","LessonLearned+1","Sanctity","FlurryOfBlows","DeceiveReality+1","Sanctity","Scrawl+1","Wallop+1","Swivel+1","Judgement+1","ThirdEye+1","FearNoEvil+1","Ghostly+1","Ragnarok","TalkToTheHand+1","Fasting2","ThirdEye","FlurryOfBlows+1","ClearTheMind+1","Crescendo","FearNoEvil+1","EmptyMind+1"],"relics":["PureWater","Bag of Marbles","HornCleat","Tiny House","Anchor","MawBank","Damaru","Astrolabe","Strawberry","War Paint","Thread and Needle","Eternal Feather","Happy Flower"],"acts_visited":["Exordium","TheCity","TheBeyond"],"potions_floor_usage":[44,50],"damage_taken":[{"damage":0.0,"enemies":"2 Louse","floor":1.0,"turns":2.0},{"damage":0.0,"enemies":"Small Slimes","floor":2.0,"turns":2.0},{"damage":2.0,"enemies":"Jaw Worm","floor":7.0,"turns":4.0},{"damage":0.0,"enemies":"Looter","floor":12.0,"turns":2.0},{"damage":28.0,"enemies":"Gremlin Nob","floor":13.0,"turns":7.0},{"damage":10.0,"enemies":"Slime Boss","floor":16.0,"turns":6.0},{"damage":2.0,"enemies":"Chosen","floor":18.0,"turns":3.0},{"damage":0.0,"enemies":"2 Thieves","floor":19.0,"turns":1.0},{"damage":21.0,"enemies":"Snake Plant","floor":21.0,"turns":3.0},{"damage":4.0,"enemies":"Slavers","floor":24.0,"turns":4.0},{"damage":0.0,"enemies":"Centurion and Healer","floor":27.0,"turns":4.0},{"damage":29.0,"enemies":"Sentry and Sphere","floor":28.0,"turns":12.0},{"damage":0.0,"enemies":"3 Cultists","floor":30.0,"turns":5.0},{"damage":5.0,"enemies":"Book of Stabbing","floor":31.0,"turns":7.0},{"damage":2.0,"enemies":"Champ","floor":33.0,"turns":11.0},{"damage":0.0,"enemies":"3 Shapes","floor":35.0,"turns":7.0},{"damage":9.0,"enemies":"Orb Walker","floor":36.0,"turns":7.0},{"damage":0.0,"enemies":"Sphere and 2 Shapes","floor":38.0,"turns":4.0},{"damage":0.0,"enemies":"Giant Head","floor":40.0,"turns":10.0},{"damage":0.0,"enemies":"Transient","floor":42.0,"turns":5.0},{"damage":4,"enemies":"Reptomancer","floor":44,"turns":9},{"damage":8,"enemies":"3 Darklings","floor":47,"turns":4},{"damage":22,"enemies":"Nemesis","floor":48,"turns":11},{"damage":45,"enemies":"Time Eater","floor":50,"turns":6}],"seed_played":"3617327053333177816","potions_obtained":[{"floor":1.0,"key":"BlessingOfTheForge"},{"floor":2.0,"key":"Regen Potion"},{"floor":17.0,"key":"hexamod:EctoCoolerPotion"},{"floor":18.0,"key":"DuplicationPotion"},{"floor":19.0,"key":"LiquidMemories"},{"floor":21.0,"key":"Swift Potion"},{"floor":27.0,"key":"hexamod:EctoCoolerPotion"},{"floor":33.0,"key":"FearPotion"},{"floor":36.0,"key":"EssenceOfSteel"}],"is_trial":false,"path_per_floor":["M","M","$","?","?","R","M","R","T","$","?","M","E","$","R","B",null,"M","M","?","M","?","R","E","R","T","M","M","R","M","E","R","B",null,"M","M","?","M","$","E","$","M","T","E","$","R","M","E","R","B"],"character_chosen":"WATCHER","items_purchased":["CutThroughFate","Evaluate","Strawberry","Ragnarok","TalkToTheHand","Fasting2","War Paint","ClearTheMind","Crescendo","SkillPotion"],"campfire_rested":2,"item_purchase_floors":[10,14,39,39,41,41,41,45,45,45],"current_hp_per_floor":[72,72,72,64,64,64,62,62,62,62,72,72,58,58,58,48,77,75,75,61,40,40,40,36,36,36,36,7,19,19,14,26,24,41,41,32,32,32,39,39,39,39,39,35,35,48,40,18,42,0,0],"gold":68,"neow_bonus":"THREE_RARE_CARDS","is_daily":false,"chose_seed":false,"campfire_upgraded":7,"win_rate":0.0,"timestamp":1609036461,"path_taken":["M","M","$","?","?","R","M","R","T","?","?","?","E","$","R","BOSS","M","M","?","M","?","R","E","R","T","M","M","R","M","E","R","BOSS","M","M","?","M","$","E","$","M","T","E","?","R","M","E","R","BOSS"],"items_purchased_type":["Card","Card","Relic","Card","Card","Card","Relic","Card","Card","Potion"],"build_version":"2020-12-22","purchased_purges":4,"victory":false,"max_hp_per_floor":[72,72,72,72,72,72,72,72,72,72,72,72,72,72,72,72,77,77,77,82,82,41,41,41,41,41,41,41,41,41,41,41,41,41,41,41,41,41,48,48,48,48,48,48,48,48,48,48,48,48,48],"card_choices":[{"not_picked":["Brilliance","MasterReality"],"picked":"DevaForm","floor":0.0},{"not_picked":["Meditate","Evaluate"],"picked":"Perseverance","floor":1.0},{"not_picked":["CrushJoints","Adaptation"],"picked":"Consecrate","floor":2.0},{"not_picked":["JustLucky","Crescendo"],"picked":"FollowUp","floor":7.0},{"not_picked":["ThirdEye","WreathOfFlame"],"picked":"SandsOfTime","floor":12.0},{"not_picked":["WindmillStrike","Protect"],"picked":"Tantrum","floor":13.0},{"not_picked":["DeusExMachina","DevaForm"],"picked":"MasterReality","floor":16.0},{"not_picked":["Worship","PathToVictory"],"picked":"FlurryOfBlows","floor":17.0},{"not_picked":["Study","EmptyFist+1"],"picked":"Adaptation","floor":18.0},{"not_picked":["FlurryOfBlows","JustLucky"],"picked":"CutThroughFate+1","floor":19.0},{"not_picked":["Evaluate","Consecrate"],"picked":"Conclude+1","floor":21.0},{"not_picked":["JustLucky","ThirdEye"],"picked":"LessonLearned","floor":24.0},{"not_picked":["ReachHeaven","ClearTheMind"],"picked":"Sanctity","floor":27.0},{"not_picked":["FlyingSleeves+1","Conclude+1"],"picked":"FlurryOfBlows","floor":28.0},{"not_picked":["FollowUp","Crescendo"],"picked":"DeceiveReality+1","floor":30.0},{"not_picked":["Nirvana","BowlingBash"],"picked":"Sanctity","floor":31.0},{"not_picked":["Omniscience","Brilliance"],"picked":"Scrawl","floor":33.0},{"not_picked":["Consecrate","EmptyFist"],"picked":"ThirdEye+1","floor":35.0},{"not_picked":["Adaptation+1","FollowUp+1"],"picked":"FearNoEvil","floor":36.0},{"not_picked":["ThirdEye","Vengeance","BattleHymn"],"picked":"SKIP","floor":38.0},{"not_picked":["DevaForm","JustLucky+1","LikeWater+1"],"picked":"SKIP","floor":40.0},{"not_picked":["FlyingSleeves+1","PathToVictory"],"picked":"ThirdEye","floor":42.0},{"not_picked":["Halt+1","Establishment"],"picked":"FlurryOfBlows","floor":44},{"not_picked":["CutThroughFate+1","Fasting2+1"],"picked":"FearNoEvil+1","floor":47},{"not_picked":["JustLucky+1","CutThroughFate"],"picked":"EmptyMind+1","floor":48}],"player_experience":109557,"relics_obtained":[{"floor":13.0,"key":"HornCleat"},{"floor":24.0,"key":"Anchor"},{"floor":26.0,"key":"MawBank"},{"floor":31.0,"key":"Damaru"},{"floor":43,"key":"Thread and Needle"},{"floor":44,"key":"Eternal Feather"},{"floor":48,"key":"Happy Flower"}],"event_choices":[{"damage_healed":0.0,"max_hp_gain":0.0,"max_hp_loss":0.0,"gold_gain":0.0,"cards_transformed":["Defend_P"],"event_name":"Living Wall","player_choice":"Change","floor":5.0,"gold_loss":0.0,"damage_taken":0.0,"cards_obtained":["FlurryOfBlows"]},{"damage_healed":18.0,"max_hp_gain":0.0,"max_hp_loss":0.0,"gold_gain":0.0,"event_name":"The Cleric","player_choice":"Healed","floor":11.0,"gold_loss":35.0,"damage_taken":0.0},{"damage_healed":0.0,"max_hp_gain":5.0,"max_hp_loss":0.0,"gold_gain":0.0,"event_name":"Forgotten Altar","player_choice":"Shed Blood","floor":20.0,"gold_loss":0.0,"damage_taken":19.0},{"damage_healed":0.0,"max_hp_gain":0.0,"max_hp_loss":41.0,"gold_gain":0.0,"event_name":"Ghosts","player_choice":"Became a Ghost","floor":22.0,"gold_loss":0.0,"damage_taken":0.0,"cards_obtained":["Ghostly","Ghostly","Ghostly","Ghostly","Ghostly"]},{"damage_healed":0.0,"max_hp_gain":0.0,"max_hp_loss":0.0,"gold_gain":0.0,"event_name":"Duplicator","player_choice":"Copied","floor":37.0,"gold_loss":0.0,"damage_taken":0.0,"cards_obtained":["Ghostly"]}],"is_beta":false,"boss_relics":[{"not_picked":["Coffee Dripper","Calling Bell"],"picked":"Tiny House"},{"not_picked":["SlaversCollar","Empty Cage"],"picked":"Astrolabe"}],"items_purged_floors":[3,3,14,41],"is_endless":false,"potions_floor_spawned":[1,2,18,19,21,27,33,36,38],"killed_by":"Time Eater","ascension_level":0}}