{"host":"reretk0dz0kj8f1n","time":1609073266,"event":{"mods":["Arknights The Spire","BaseMod","Colored Map","Minty Spire (QoL Compilation)","StSLib"],"gold_per_floor":[117,117,117,131,131,156,156,169,222,71,71,85,160,190,190,293,293,310,310,310,260,292,292,292],"floor_reached":23,"playtime":604,"items_purged":["ats:Defend","ats:Strike G"],"score":231,"play_id":"a2c94e08-899a-42c6-9c8f-390875256187","local_time":"20201227214746","is_ascension_mode":true,"campfire_choices":[{"data":"ats:Poison Spread","floor":7,"key":"SMITH"},{"data":"ats:Healing Strengthening","floor":11,"key":"SMITH"},{"data":"ats:Ambush","floor":15,"key":"SMITH"}],"circlet_count":0,"master_deck":["ats:Strike S","ats:Armor Crushing Shot","ats:Defend+1","ats:Defend","ats:Defend","ats:Emotion Absorption+1","ats:Neurotoxin+1","ats:Sword Rain","ats:Poison Spread+1","ats:Composite Medical Shells","ats:Healing Strengthening+1","ats:Apocalypse","ats:Ambush+1","ats:Apocalypse","ats:Echo Reverb","ats:Revitalization+1","ats:Poison Spread"],"relics":["ats:Sanity","NeowsBlessing","ats:Originium","Smiling Mask","War Paint","ats:Originium","Prayer Wheel","Coffee Dripper","Red Mask"],"acts_visited":["Exordium","TheCity"],"potions_floor_usage":[16,16,16,23],"damage_taken":[{"damage":0,"enemies":"Small Slimes","floor":1,"turns":1},{"damage":0,"enemies":"2 Louse","floor":4,"turns":1},{"damage":0,"enemies":"3 Sentries","floor":6,"turns":1},{"damage":0,"enemies":"Cultist","floor":8,"turns":3},{"damage":16,"enemies":"Large Slime","floor":12,"turns":4},{"damage":24,"enemies":"Gremlin Nob","floor":14,"turns":5},{"damage":38,"enemies":"Slime Boss","floor":16,"turns":6},{"damage":22,"enemies":"2 Thieves","floor":18,"turns":4},{"damage":48,"enemies":"Masked Bandits","floor":22,"turns":4},{"damage":60,"enemies":"Gremlin Leader","floor":23,"turns":3}],"seed_played":"-4880804967125995765","potions_obtained":[{"floor":1,"key":"FearPotion"},{"floor":8,"key":"EntropicBrew"},{"floor":16,"key":"Strength Potion"}],"is_trial":false,"path_per_floor":["M","?","?","M","?","E","R","M","T","$","R","M","?","E","R","B",null,"M","?","?","$","?","E"],"character_chosen":"DOCTOR_CLASS","items_purchased":["ats:Healing Strengthening","ats:Apocalypse"],"campfire_rested":0,"item_purchase_floors":[10,10],"current_hp_per_floor":[72,65,65,65,65,65,65,65,65,65,65,55,44,30,30,26,72,60,60,47,47,32,0,0],"gold":292,"neow_bonus":"THREE_ENEMY_KILL","is_daily":false,"chose_seed":false,"campfire_upgraded":3,"win_rate":0.0,"timestamp":1609073266,"path_taken":["M","?","?","M","?","E","R","M","T","$","R","?","?","E","R","BOSS","M","?","?","$","?","E"],"items_purchased_type":["Card","Card"],"build_version":"2020-12-22","purchased_purges":2,"victory":false,"max_hp_per_floor":[72,72,72,72,72,72,72,72,72,72,72,72,72,72,72,72,72,72,72,77,77,77,77,77],"card_choices":[{"not_picked":["ats:Guardian Obelisk","ats:Powerful Strike"],"picked":"ats:Neurotoxin","floor":1},{"not_picked":["ats:Counter Healing Mode","ats:Burning Ground"],"picked":"ats:Poison Spread","floor":4},{"not_picked":["ats:Durian","ats:Blood Oath"],"picked":"ats:Composite Medical Shells","floor":6},{"not_picked":["ats:Childhood Dance","ats:Steam Pump","ats:Leaping Hammer"],"picked":"SKIP","floor":8},{"not_picked":["ats:Cat Scratch","ats:Rapid Magazine"],"picked":"ats:Ambush","floor":12},{"not_picked":["ats:Assault Order","ats:Consecutive Shot Auto"],"picked":"ats:Apocalypse","floor":14},{"not_picked":["ats:Shadow Assault","ats:True Silver Slash"],"picked":"ats:Echo Reverb","floor":16},{"not_picked":["ats:Curse Doll","ats:Charging Defense+1"],"picked":"ats:Revitalization+1","floor":18},{"not_picked":["ats:Steam Pump","ats:Defend Order+1","ats:Burning Ground"],"picked":"SKIP","floor":18},{"not_picked":["ats:Explosion Area Strengthen","ats:Revitalization"],"picked":"ats:Poison Spread","floor":22}],"player_experience":251690,"relics_obtained":[{"floor":6,"key":"ats:Originium"},{"floor":6,"key":"Smiling Mask"},{"floor":9,"key":"War Paint"},{"floor":14,"key":"ats:Originium"},{"floor":14,"key":"Prayer Wheel"},{"floor":22,"key":"Red Mask"}],"event_choices":[{"cards_removed":["ats:Strike V"],"damage_healed":0,"gold_gain":0,"player_choice":"Card Removal","damage_taken":7,"max_hp_gain":0,"max_hp_loss":0,"event_name":"Golden Wing","floor":2,"gold_loss":0},{"damage_healed":0,"gold_gain":0,"cards_transformed":["ats:Strike C"],"player_choice":"Change","damage_taken":0,"max_hp_gain":0,"max_hp_loss":0,"event_name":"Living Wall","floor":3,"gold_loss":0,"cards_obtained":["ats:Sword Rain"]},{"damage_healed":0,"gold_gain":0,"player_choice":"Upgraded","damage_taken":0,"max_hp_gain":0,"max_hp_loss":0,"event_name":"Upgrade Shrine","floor":5,"gold_loss":0,"cards_upgraded":["ats:Neurotoxin"]},{"damage_healed":0,"gold_gain":75,"player_choice":"Gather Gold","damage_taken":11,"max_hp_gain":0,"max_hp_loss":0,"event_name":"World of Goop","floor":13,"gold_loss":0},{"damage_healed":0,"gold_gain":0,"player_choice":"Ignored","damage_taken":0,"max_hp_gain":0,"max_hp_loss":0,"event_name":"Vampires","floor":19,"gold_loss":0},{"damage_healed":0,"gold_gain":0,"player_choice":"Shed Blood","damage_taken":18,"max_hp_gain":5,"max_hp_loss":0,"event_name":"Forgotten Altar","floor":20,"gold_loss":0},{"damage_healed":0,"gold_gain":0,"player_choice":"Fought Bandits","damage_taken":0,"max_hp_gain":0,"max_hp_loss":0,"event_name":"Masked Bandits","floor":22,"gold_loss":0}],"is_beta":false,"boss_relics":[{"not_picked":["Tiny House","Calling Bell"],"picked":"Coffee Dripper"}],"items_purged_floors":[10,21],"is_endless":false,"potions_floor_spawned":[1,8,16],"killed_by":"Gremlin Leader","ascension_level":1}}