{"host":"qet1f90jal2qgvlg","time":1609112311,"event":{"mods":["Act Like it!","BaseMod","Better Altar","Better Match","Better Note","Better Sensory Stone","Better Skull","Better Third Choice","Better Vampires","BetterRewards","CapriCore","Colored Map","Colored Powertips","Displayed Cursed Tome","Downfall","Elementarium","Energized Spire","Hallownest","Hermit","Jorbs\u0027s Wanderer Trilogy","Luminous","Mimic Mod","Minty Spire (QoL Compilation)","MostiFishMod","Potionbrewer","Prisma Mod","READ ME - Guardian Mod","Relic Stats","Replay The Spire","Retaliation","Shade Mod","Shop Mod","Spicy Shops","StSLib","The Alterego","The Bladedancer","The Blue Laboratory","The Bug Knight","The Cursed","The Druid","The Hierophant","The Judge","The Jungle","The Necromancer","The Runesmith","The Servant 0.9.4","Thieving Mod","Transform Curses","Wandering Minibosses"],"gold_per_floor":[110,35,35,55,55,55,90,90,90,90,90,124,138,108,108,114,114],"floor_reached":16,"playtime":851,"items_purged":[],"score":121,"play_id":"0a54cfb9-4b3d-46c3-90d7-e60abcfdd249","local_time":"20201227203831","is_ascension_mode":false,"campfire_choices":[{"floor":6,"key":"DIG"},{"floor":10,"key":"DIG"},{"floor":15,"key":"DIG"}],"circlet_count":0,"master_deck":["Runesmith:Strike_RS","Runesmith:Strike_RS","Runesmith:Strike_RS","Runesmith:Strike_RS","Runesmith:Defend_RS","Runesmith:Defend_RS","Runesmith:Defend_RS","Runesmith:Defend_RS","Runesmith:CraftFirestone","Runesmith:Fortify","Runesmith:ChiselStab","Hallownest:skillGreenpathMap","Runesmith:CraftMagma"],"relics":["Runesmith:BrokenRuby","DaveBox","NeowsBlessing","White Beast Statue","SynthV:TestCard","Hallownest:DreamNailRelic","Shovel","HollowMod:StagPassRelic","Smiling Mask","Golden Egg","Replay:WaspNest","Hallownest:SalubrasBlessingRelic","Centennial Puzzle","Replay:Bandana"],"acts_visited":["Exordium"],"potions_floor_usage":[16,16],"damage_taken":[{"damage":0,"enemies":"Hallownest:2_MossCreeps","floor":1,"turns":1},{"damage":0,"enemies":"Hallownest:monsterHuskWarrior","floor":4,"turns":1},{"damage":0,"enemies":"Hallownest:eliteMossKnight","floor":7,"turns":1},{"damage":0,"enemies":"Hallownest:2_Tiktiks_and_1_Crawlid","floor":12,"turns":6},{"damage":3,"enemies":"Hallownest:2_Tiktiks_and_1_Crawlid","floor":13,"turns":4},{"damage":115,"enemies":"Hallownest:BossHornet","floor":16,"turns":10}],"seed_played":"3362584855228664020","potions_obtained":[{"floor":1,"key":"SpeedPotion"},{"floor":4,"key":"blueLaboratory:BubblePotion"},{"floor":7,"key":"blueLaboratory:PhilterOfMotion"},{"floor":12,"key":"SteroidPotion"}],"is_trial":false,"path_per_floor":["M","?","?","M","?","R","E","T","T","R","?","MIM","M","?","R","B"],"character_chosen":"RUNESMITH_CLASS","items_purchased":[],"campfire_rested":0,"item_purchase_floors":[],"current_hp_per_floor":[70,70,70,70,70,70,70,70,70,70,70,70,67,68,68,0,0],"gold":114,"neow_bonus":"THREE_ENEMY_KILL","is_daily":false,"chose_seed":false,"campfire_upgraded":0,"win_rate":0.0,"timestamp":1609112311,"path_taken":["M","?","?","?","?","R","E","?","T","R","?","?","?","?","R","BOSS"],"items_purchased_type":[],"build_version":"2020-12-22","purchased_purges":0,"victory":false,"max_hp_per_floor":[70,70,70,70,70,70,70,70,70,70,70,70,70,70,70,70,70],"relic_stats":{"Centennial Puzzle":[6],"Shovel":3,"counters":[6,23],"Smiling Mask":0,"obtain_stats":[{"Golden Egg":9,"Hallownest:SalubrasBlessingRelic":11,"Runesmith:BrokenRuby":0,"DaveBox":0,"NeowsBlessing":0,"Replay:WaspNest":10,"Hallownest:DreamNailRelic":3,"HollowMod:StagPassRelic":6,"Smiling Mask":7,"White Beast Statue":0,"Centennial Puzzle":12,"Replay:Bandana":15,"SynthV:TestCard":1,"Shovel":5},{"Golden Egg":3,"Hallownest:SalubrasBlessingRelic":3,"Runesmith:BrokenRuby":0,"DaveBox":0,"NeowsBlessing":0,"Replay:WaspNest":3,"Hallownest:DreamNailRelic":1,"HollowMod:StagPassRelic":2,"Smiling Mask":3,"White Beast Statue":0,"Centennial Puzzle":4,"Replay:Bandana":5,"SynthV:TestCard":1,"Shovel":2},{"Golden Egg":3,"Hallownest:SalubrasBlessingRelic":3,"Runesmith:BrokenRuby":0,"DaveBox":0,"NeowsBlessing":0,"Replay:WaspNest":3,"Hallownest:DreamNailRelic":1,"HollowMod:StagPassRelic":2,"Smiling Mask":3,"White Beast Statue":0,"Centennial Puzzle":9,"Replay:Bandana":13,"SynthV:TestCard":1,"Shovel":2}]},"card_choices":[{"not_picked":["Runesmith:CraftProtectio","Runesmith:EarthShield"],"picked":"Runesmith:ChiselStab","floor":1},{"not_picked":["Runesmith:CraftObretio","Runesmith:Repurpose","Runesmith:ChaoticBlast","Runesmith:Grindstone"],"picked":"Runesmith:CraftMagma","floor":4},{"not_picked":["Runesmith:GrandSlam","Runesmith:ShiftingStrike","Runesmith:HeatExchange","Runesmith:GenerateForcefield","Runesmith:Repurpose"],"picked":"SKIP","floor":7},{"not_picked":["Runesmith:HeatExchange","Runesmith:CraftSpiculum","Runesmith:Empowerment","Runesmith:HammerTime","Runesmith:Refine"],"picked":"SKIP","floor":13}],"player_experience":202043,"relics_obtained":[{"floor":1,"key":"SynthV:TestCard"},{"floor":6,"key":"HollowMod:StagPassRelic"},{"floor":7,"key":"Smiling Mask"},{"floor":9,"key":"Golden Egg"},{"floor":10,"key":"Replay:WaspNest"},{"floor":12,"key":"Centennial Puzzle"},{"floor":15,"key":"Replay:Bandana"}],"event_choices":[],"is_beta":false,"boss_relics":[],"items_purged_floors":[],"is_endless":false,"potions_floor_spawned":[1,4,7,12,13],"killed_by":"Hallownest:BossHornet","ascension_level":0}}