{"host":"pl1fbpkom0aq337f","time":1609078868,"event":{"mods":["AchievementEnabler","BaseMod","Colored Map","Minty Spire (QoL Compilation)"],"gold_per_floor":[118,118,118,19,19,19,52,52,52,52,52,81,97,97,97,97,97],"floor_reached":16,"playtime":282,"items_purged":[],"score":300,"play_id":"77e2f37a-c8dc-4fbf-ba2b-5051caa26e14","local_time":"20201227152108","is_ascension_mode":true,"campfire_choices":[{"data":"Eruption","floor":6,"key":"SMITH"},{"data":"MentalFortress","floor":8,"key":"SMITH"},{"data":"TalkToTheHand","floor":15,"key":"SMITH"}],"circlet_count":0,"master_deck":["AscendersBane","Strike_P","Strike_P","Strike_P+1","Strike_P","Defend_P","Defend_P","Defend_P","Defend_P","Eruption+1","Vigilance","Consecrate","TalkToTheHand+1","Halt","MentalFortress+1","TalkToTheHand+1","FlurryOfBlows"],"relics":["PureWater","NeowsBlessing","HornCleat","Matryoshka","Orichalcum","Singing Bowl","Lantern"],"acts_visited":["Exordium"],"potions_floor_usage":[],"damage_taken":[{"damage":0,"enemies":"Small Slimes","floor":1,"turns":1},{"damage":0,"enemies":"3 Sentries","floor":7,"turns":2},{"damage":0,"enemies":"Gremlin Nob","floor":12,"turns":1},{"damage":11,"enemies":"2 Louse","floor":13,"turns":2},{"damage":25,"enemies":"Hexaghost","floor":16,"turns":9}],"seed_played":"3197019755109994968","potions_obtained":[{"floor":7,"key":"Ancient Potion"}],"is_trial":false,"path_per_floor":["M","$","?","$","?","R","E","R","T","$","T","E","M","?","R","B"],"character_chosen":"WATCHER","items_purchased":["TalkToTheHand","Halt"],"campfire_rested":0,"item_purchase_floors":[4,4],"current_hp_per_floor":[61,61,61,61,41,41,41,41,41,41,41,41,30,25,25,0,0],"gold":97,"neow_bonus":"THREE_ENEMY_KILL","is_daily":false,"chose_seed":false,"campfire_upgraded":3,"win_rate":0.0,"timestamp":1609078868,"path_taken":["M","$","?","$","?","R","E","R","T","?","?","E","M","?","R","BOSS"],"items_purchased_type":["Card","Card"],"build_version":"2020-12-22","purchased_purges":0,"victory":false,"max_hp_per_floor":[68,68,68,68,68,68,68,68,68,68,68,68,68,68,68,68,68],"card_choices":[{"not_picked":["CrushJoints","CarveReality"],"picked":"Consecrate","floor":1},{"not_picked":["ForeignInfluence","InnerPeace"],"picked":"MentalFortress","floor":7},{"not_picked":["Crescendo","Prostrate"],"picked":"TalkToTheHand","floor":12},{"not_picked":["CutThroughFate","JustLucky"],"picked":"FlurryOfBlows","floor":13}],"player_experience":406669,"relics_obtained":[{"floor":7,"key":"HornCleat"},{"floor":9,"key":"Matryoshka"},{"floor":11,"key":"Orichalcum"},{"floor":12,"key":"Singing Bowl"}],"event_choices":[{"damage_healed":0,"gold_gain":0,"player_choice":"Leave","damage_taken":0,"max_hp_gain":0,"max_hp_loss":0,"event_name":"The Cleric","floor":3,"gold_loss":0},{"damage_healed":0,"gold_gain":0,"player_choice":"Entered Light","damage_taken":20,"max_hp_gain":0,"max_hp_loss":0,"event_name":"Shining Light","floor":5,"gold_loss":0,"cards_upgraded":["Strike_P","TalkToTheHand"]},{"damage_healed":0,"gold_gain":0,"player_choice":"Success","damage_taken":5,"relics_obtained":["Lantern"],"max_hp_gain":0,"max_hp_loss":0,"event_name":"Scrap Ooze","floor":14,"gold_loss":0}],"is_beta":false,"boss_relics":[],"items_purged_floors":[],"is_endless":false,"potions_floor_spawned":[7],"killed_by":"Hexaghost","ascension_level":19}}