{"host":"htqwg582tjjtn9p7","time":1609054055,"event":{"mods":["2.2 Compatiblity","AchievementEnabler","Act Like it!","Aspiration","BaseMod","Better Third Choice","Colored Map","Conspire","Curses Come First","Displayed Cursed Tome","Energized Spire","Force Act Four","GifTheSpireLib","Hermit","Highlight Path","JesterMod","Mad Scientist","Minty Spire (QoL Compilation)","Pale of the Ancients","Permanent Neow","Random Character Button","Relic Stats","Replay The Spire","Robot Space Explorer","Somnambulant","Spicy Shops","Spikes Relics","StSLib","Stuff the Spire","The Blue Laboratory","The Disciple","The Dragon Tamer","The Forsaken","The Gatherer","The Judge","The Jungle","The Marked","The Runesmith","The Servant 0.9.4"],"gold_per_floor":[115,115,131,47,59,88,88,88,88,88,115,125,141,141,151,164,164,164,164],"floor_reached":18,"playtime":599,"items_purged":[],"score":202,"play_id":"96bafeb9-8b53-47bb-8894-122c70cab602","local_time":"20201227082735","is_ascension_mode":true,"campfire_choices":[{"floor":7,"key":"REST"},{"floor":14,"key":"REST"},{"floor":17,"key":"REST"}],"circlet_count":0,"master_deck":["AscendersBane","Strike_S+1","Strike_S","Strike_S","Strike_S","Defend_S","Defend_S","Defend_S","Defend_S","KidneyShot","Exchange","Rewind","Potential","Alleviate","ShatteredReality","Contraction","BottledTime","FastForward","DoubleEdge","ShiftingGears"],"relics":["Velvet Choker","Lee\u0027s Waffle","theForsaken:Kindling","Smiling Mask"],"acts_visited":["Exordium"],"potions_floor_usage":[6,6],"damage_taken":[{"damage":12,"enemies":"Jaw Worm","floor":1,"turns":4},{"damage":10,"enemies":"Small Slimes","floor":3,"turns":5},{"damage":5,"enemies":"Cultist","floor":5,"turns":4},{"damage":67,"enemies":"Lagavulin","floor":6,"turns":12},{"damage":5,"enemies":"Red Slaver","floor":12,"turns":4},{"damage":6,"enemies":"Lots of Slimes","floor":13,"turns":5},{"damage":0,"enemies":"2 Fungi Beasts","floor":15,"turns":4},{"damage":0,"enemies":"Blue Slaver","floor":16,"turns":5},{"damage":7,"enemies":"Hexaghost","floor":18,"turns":3}],"seed_played":"7090768388368593135","potions_obtained":[{"floor":1,"key":"blueLaboratory:FruitPunch"},{"floor":5,"key":"blueLaboratory:PhilterOfMotion"},{"floor":13,"key":"blueLaboratory:PhilterOfMotion"},{"floor":16,"key":"blueLaboratory:LouseDecoction"}],"is_trial":false,"path_per_floor":["M","?","M","$","M","E","R","?","PTL","PTL","T","M","M","R","M","M","R","B"],"character_chosen":"THE_SERVANT","items_purchased":["Lee\u0027s Waffle","Alleviate"],"campfire_rested":3,"item_purchase_floors":[4,4],"current_hp_per_floor":[47,47,37,72,67,2,29,22,22,22,22,17,11,39,39,39,69,62,62],"gold":164,"neow_bonus":"BOSS_RELIC","is_daily":false,"chose_seed":false,"campfire_upgraded":0,"win_rate":0.0,"timestamp":1609054055,"path_taken":["M","?","M","$","M","E","R","?","PTL","PTL","T","M","M","R","M","M","R","BOSS"],"items_purchased_type":["Relic","Card"],"build_version":"2020-12-22","purchased_purges":0,"victory":false,"max_hp_per_floor":[65,65,65,72,72,74,79,79,79,79,79,79,79,84,84,84,89,89,89],"relic_stats":{"Lee\u0027s Waffle":35,"counters":[9,46],"Smiling Mask":0,"obtain_stats":[{"Lee\u0027s Waffle":4,"theForsaken:Kindling":6,"Velvet Choker":0,"Uniform":0,"Smiling Mask":11},{"Lee\u0027s Waffle":2,"theForsaken:Kindling":4,"Velvet Choker":0,"Uniform":0,"Smiling Mask":4},{"Lee\u0027s Waffle":9,"theForsaken:Kindling":25,"Velvet Choker":0,"Uniform":0,"Smiling Mask":25}]},"card_choices":[{"not_picked":["Moondial","Reset"],"picked":"Rewind","floor":1},{"not_picked":["Rewind","ShatteredReality"],"picked":"Potential","floor":3},{"not_picked":["BottledTime","Starlight"],"picked":"ShatteredReality","floor":5},{"not_picked":["Starlight","Reset"],"picked":"Contraction","floor":6},{"not_picked":["Misdirection","Spin"],"picked":"BottledTime","floor":12},{"not_picked":["Ricochet","Revamp"],"picked":"FastForward","floor":13},{"not_picked":["WasteNot","Spin"],"picked":"DoubleEdge","floor":15},{"not_picked":["DoubleEdge","Foresight"],"picked":"ShiftingGears","floor":16}],"player_experience":1800173,"relics_obtained":[{"floor":6,"key":"theForsaken:Kindling"},{"floor":11,"key":"Smiling Mask"}],"event_choices":[{"damage_healed":0,"gold_gain":0,"player_choice":"Grow","damage_taken":0,"max_hp_gain":0,"max_hp_loss":0,"event_name":"Living Wall","floor":2,"gold_loss":0,"cards_upgraded":["Strike_S"]},{"cards_removed":["Clumsy"],"damage_healed":0,"gold_gain":0,"player_choice":"Card Removal","damage_taken":7,"max_hp_gain":0,"max_hp_loss":0,"event_name":"Golden Wing","floor":8,"gold_loss":0}],"is_beta":false,"boss_relics":[],"items_purged_floors":[],"is_endless":false,"potions_floor_spawned":[1,5,13,16],"killed_by":"Hexaghost","ascension_level":11}}