{"host":"2uzrezb18q7r18aw","time":1609082077,"event":{"mods":["Act Like it!","BaseMod","Gensokyo","Marisa£¨Ùöéë¡¡Øª×âÞÞ£©","Minty Spire (QoL Compilation)","StSLib"],"gold_per_floor":[116,132,132,132,132,163,192,212,212,212,212,223,179,30,30,131,181,193,73,73,89,89,118,143,243,266,278,278,310,310,335,335,431,431,448,448,388,388,388,388,416,416,443,443,124,152,178,197,197,197],"floor_reached":51,"playtime":1745,"items_purged":["Normality"],"score":1213,"play_id":"fd69d0fe-49b9-46d5-adff-948902ddf2b9","local_time":"20201228001437","daily_mods":["SealedDeck","Heirloom","Time Dilation","Flight"],"is_ascension_mode":false,"campfire_choices":[{"data":"MilkyWay","floor":15.0,"key":"SMITH"},{"data":"MilkyWay","floor":28.0,"key":"SMITH"},{"data":"CollectingQuirk","floor":32.0,"key":"SMITH"},{"data":"BlazingStar","floor":40.0,"key":"SMITH"},{"data":"EnergyFlow","floor":42.0,"key":"SMITH"},{"data":"DarkMatter","floor":44.0,"key":"SMITH"},{"floor":49,"key":"REST"}],"circlet_count":0,"master_deck":["PulseMagic+1","AlicesGift","ChargingUp","MilkyWay+1","GalacticHalo+1","MilkyWay+1","GalacticHalo+1","GasGiant","Clumsy","MagicAbsorber","GalacticHalo+1","BlazingStar+1","MeteoricShower","MilkyWay+1","DarkMatter+1","Writhe","AlicesGift+1","EnergyFlow+1","CollectingQuirk+1","Parasite","Parasite"],"relics":["MiniHakkero","Ice Cream","Gensokyo:NagashiBinaDoll","Du-Vu Doll","Meat on the Bone","Gambling Chip","Happy Flower","Gensokyo:LunaticRedEyes","Whetstone","Tiny House","PreservedInsect","Gensokyo:DemonMask","Oddly Smooth Stone","War Paint","Mango","Incense Burner","Akabeko","Orichalcum","Bag of Preparation","Cursed Key","Blood Vial","Dream Catcher","Lee\u0027s Waffle","Nunchaku","ShroomBag"],"acts_visited":["Exordium","Gensokyo:Gensokyo","Gensokyo:Gensokyoer"],"potions_floor_usage":[50,50,50,50,50],"damage_taken":[{"damage":3.0,"enemies":"Gensokyo:2_Kodama","floor":1.0,"turns":3.0},{"damage":0.0,"enemies":"Gensokyo:3_Fairies","floor":2.0,"turns":4.0},{"damage":0.0,"enemies":"Gensokyo:Mamizou","floor":6.0,"turns":5.0},{"damage":0.0,"enemies":"Gensokyo:Cirno","floor":7.0,"turns":8.0},{"damage":0.0,"enemies":"Gensokyo:Gryphon","floor":8.0,"turns":2.0},{"damage":0.0,"enemies":"Gensokyo:VengefulSpirit","floor":12.0,"turns":3.0},{"damage":1.0,"enemies":"Gensokyo:Reimu","floor":16.0,"turns":7.0},{"damage":3.0,"enemies":"Gensokyo:2_Gloops","floor":18.0,"turns":3.0},{"damage":0.0,"enemies":"Gensokyo:AngelMirror","floor":21.0,"turns":2.0},{"damage":0.0,"enemies":"Gensokyo:Koishi","floor":23.0,"turns":4.0},{"damage":0.0,"enemies":"Gensokyo:Tenshi","floor":24.0,"turns":1.0},{"damage":0.0,"enemies":"Gensokyo:Tenshi","floor":25.0,"turns":4.0},{"damage":0.0,"enemies":"Gensokyo:Monolith_and_Dog","floor":27.0,"turns":3.0},{"damage":0.0,"enemies":"Gensokyo:Koishi","floor":29.0,"turns":2.0},{"damage":0.0,"enemies":"Gensokyo:Reisen","floor":31.0,"turns":3.0},{"damage":23.0,"enemies":"Gensokyo:Eternal_Rivals","floor":33.0,"turns":8.0},{"damage":0.0,"enemies":"Gensokyo:3_Bats","floor":35.0,"turns":2.0},{"damage":0.0,"enemies":"Gensokyo:Doremy","floor":41.0,"turns":2.0},{"damage":5,"enemies":"Gensokyo:Marisa","floor":46,"turns":3},{"damage":19,"enemies":"Gensokyo:Kasen","floor":47,"turns":3},{"damage":0,"enemies":"Gensokyo:3_Boulders","floor":48,"turns":2},{"damage":0,"enemies":"Gensokyo:Shinki","floor":50,"turns":3}],"seed_played":"-189980823603798987","potions_obtained":[{"floor":1.0,"key":"BlessingOfTheForge"},{"floor":6.0,"key":"Energy Potion"},{"floor":7.0,"key":"LiquidMemories"},{"floor":24.0,"key":"GamblersBrew"},{"floor":29.0,"key":"Dexterity Potion"},{"floor":33.0,"key":"Swift Potion"}],"is_trial":true,"path_per_floor":["M","M","?","$","?","E","E","M","T","?","?","M","COS","$","R","B",null,"M","?","?","M","?","E","E","?","T","M","R","E","?","E","R","B",null,"M","?","?","?","$","R","E","R","T","R","$","E","E","M","R","B",null],"character_chosen":"MARISA","items_purchased":["Whetstone","Lee\u0027s Waffle","EntropicBrew"],"campfire_rested":1,"item_purchase_floors":[14,45,45],"current_hp_per_floor":[72,72,72,72,72,72,72,72,72,72,72,72,72,72,72,71,80,77,77,77,77,77,77,77,91,91,91,91,91,91,91,91,68,94,94,94,94,94,94,94,94,94,94,94,101,96,79,81,101,101],"gold":197,"neow_bonus":"","is_daily":false,"chose_seed":false,"campfire_upgraded":6,"win_rate":0.0,"timestamp":1609082077,"path_taken":["M","?","?","?","?","E","E","?","T","?","?","?","COS","?","R","BOSS","M","?","?","?","?","E","E","?","T","?","R","E","?","E","R","BOSS","M","?","?","?","?","R","E","R","T","R","$","E","E","?","R","BOSS"],"items_purchased_type":["Relic","Relic","Potion"],"build_version":"2020-12-22","purchased_purges":1,"victory":true,"max_hp_per_floor":[75,75,75,75,75,75,75,75,75,75,75,75,75,75,75,75,80,80,80,80,80,80,80,80,94,94,94,94,94,94,94,94,94,94,94,94,94,94,94,94,94,94,94,94,101,101,101,101,101,101],"card_choices":[{"not_picked":["AsteroidBelt","PowerUp","ShootingEcho"],"picked":"SKIP","floor":1.0},{"not_picked":["AsteroidBelt","StarlightTyphoon"],"picked":"GasGiant","floor":2.0},{"not_picked":["MaximisePower","Robbery"],"picked":"MagicAbsorber","floor":6.0},{"not_picked":["ManaConvection","GasGiant"],"picked":"MachineGunSpark","floor":7.0},{"not_picked":["ShootingEcho","MagicChant","GrandCross"],"picked":"SKIP","floor":8.0},{"not_picked":["NonDirectionalLaser","EventHorizon"],"picked":"GalacticHalo","floor":12.0},{"not_picked":["ManaRampage","StarDustReverie"],"picked":"BlazingStar","floor":16.0},{"not_picked":["WitchOfGreed","MilkyWay"],"picked":"MeteoricShower","floor":17.0},{"not_picked":["6A","EnergyRecoil"],"picked":"MilkyWay","floor":18.0},{"not_picked":["PropBag","AsteroidBelt+1","SporeBomb"],"picked":"SKIP","floor":21.0},{"not_picked":["DC+1","OneTimeOff+1"],"picked":"AlicesGift+1","floor":23.0},{"not_picked":["IllusionStar","FairyDestructionRay","SprinkleStarSeal"],"picked":"SKIP","floor":24.0},{"not_picked":["PulseMagic+1","ChargeUpSpray"],"picked":"EnergyFlow","floor":25.0},{"not_picked":["MysteriousBeam","PowerUp","WitchOfGreed"],"picked":"SKIP","floor":27.0},{"not_picked":["NonDirectionalLaser+1","StarlightTyphoon"],"picked":"CollectingQuirk","floor":29.0},{"not_picked":["SporeBomb","NonDirectionalLaser+1","ShootTheMoon"],"picked":"SKIP","floor":31.0},{"not_picked":["GrandCross","GravityBeat+1","EnergyFlow"],"picked":"SKIP","floor":35.0},{"not_picked":["6A","LuminesStrike+1","AlicesGift"],"picked":"SKIP","floor":41.0},{"not_picked":["RefractionSpark+1","LuminesStrike","JA"],"picked":"SKIP","floor":46},{"not_picked":["DC+1","OpenUniverse","GasGiant"],"picked":"SKIP","floor":47},{"not_picked":["BlazeAway","Orbital","WitchLeyline"],"picked":"SKIP","floor":48}],"player_experience":662161,"relics_obtained":[{"floor":6.0,"key":"Du-Vu Doll"},{"floor":7.0,"key":"Meat on the Bone"},{"floor":9.0,"key":"Gambling Chip"},{"floor":23.0,"key":"Oddly Smooth Stone"},{"floor":24.0,"key":"War Paint"},{"floor":25.0,"key":"Mango"},{"floor":25.0,"key":"Incense Burner"},{"floor":26.0,"key":"Akabeko"},{"floor":29.0,"key":"Orichalcum"},{"floor":31.0,"key":"Bag of Preparation"},{"floor":41.0,"key":"Blood Vial"},{"floor":43.0,"key":"Dream Catcher"},{"floor":46,"key":"Nunchaku"},{"floor":47,"key":"ShroomBag"}],"event_choices":[],"is_beta":false,"boss_relics":[{"not_picked":["Runic Pyramid","Astrolabe"],"picked":"Tiny House"},{"not_picked":["BewitchedHakkero","Empty Cage"],"picked":"Cursed Key"}],"items_purged_floors":[45],"is_endless":false,"potions_floor_spawned":[1,6,7,12,24,29,31,33,35,48],"ascension_level":0}}