{"host":"raai0vtvcfkt8csp","time":1609087779,"event":{"mods":["2.2 Compatiblity","AchievementEnabler","BaseMod","Block Reminder","DeckTracker","Defective Defect","GifTheSpireLib","Minty Spire (QoL Compilation)","Quick Restart","Random Character Button","Rare Cards Sparkle","StSLib","Unceasing Turn Reminder"],"gold_per_floor":[113,113,213,20,40,72,82,110,110,145,159,159,24,56,56,153,153,166,166,178,178,193,193,193,228,228,258,258,293,293,320,320,420,420,440,440,457,457,457,485,504,504,504],"floor_reached":42,"playtime":2138,"items_purged":[],"score":738,"play_id":"f860174f-05dd-4e13-a37f-a7e4112b14a8","local_time":"20201227174939","is_ascension_mode":true,"campfire_choices":[{"floor":12,"key":"REST"},{"data":"Armaments","floor":15,"key":"SMITH"},{"floor":23,"key":"RECALL"},{"floor":28,"key":"REST"},{"floor":30,"key":"REST"},{"floor":32,"key":"REST"}],"circlet_count":0,"master_deck":["Strike_R","Strike_R","Strike_R","Strike_R","Defend_R+1","Defend_R","Defend_R","Defend_R","Bash","Flex+1","Armaments+1","Wild Strike","Thunderclap","Cleave","Evolve","Pommel Strike","Offering+1","Fire Breathing","Shrug It Off+1","Armaments+1","Barricade","Disarm+1","Flame Barrier+1","Ghostly+1","Ghostly+1","Ghostly+1","Ghostly+1","Ghostly+1","Power Through+1","Reckless Charge+1","Shrug It Off+1","Berserk","Shrug It Off+1","Evolve","Madness+1","Madness+1","Fire Breathing","Flex+1"],"relics":["Burning Blood","NeowsBlessing","WingedGreaves","War Paint","Bottled Lightning","Red Skull","Toxic Egg 2","MealTicket","Vajra","Fusion Hammer","Bag of Preparation","Eternal Feather","Mercury Hourglass","Paper Frog","Runic Cube","Sundial"],"acts_visited":["Exordium","TheCity","TheBeyond"],"potions_floor_usage":[16,20,29,40,40,40,41],"damage_taken":[{"damage":0,"enemies":"Jaw Worm","floor":1,"turns":1},{"damage":0,"enemies":"2 Louse","floor":5,"turns":1},{"damage":0,"enemies":"3 Sentries","floor":6,"turns":2},{"damage":6,"enemies":"Cultist","floor":7,"turns":4},{"damage":29,"enemies":"Gremlin Nob","floor":8,"turns":5},{"damage":10,"enemies":"3 Sentries","floor":10,"turns":7},{"damage":16,"enemies":"Exordium Wildlife","floor":11,"turns":3},{"damage":18,"enemies":"Lagavulin","floor":14,"turns":5},{"damage":61,"enemies":"The Guardian","floor":16,"turns":10},{"damage":40,"enemies":"2 Thieves","floor":18,"turns":4},{"damage":2,"enemies":"Chosen","floor":20,"turns":6},{"damage":1,"enemies":"Centurion and Healer","floor":22,"turns":6},{"damage":8,"enemies":"Slavers","floor":25,"turns":7},{"damage":1,"enemies":"Book of Stabbing","floor":27,"turns":7},{"damage":29,"enemies":"Gremlin Leader","floor":29,"turns":8},{"damage":1,"enemies":"Book of Stabbing","floor":31,"turns":8},{"damage":1,"enemies":"Collector","floor":33,"turns":12},{"damage":0,"enemies":"Orb Walker","floor":35,"turns":5},{"damage":9,"enemies":"3 Darklings","floor":37,"turns":7},{"damage":24,"enemies":"Reptomancer","floor":40,"turns":8},{"damage":6,"enemies":"Sphere and 2 Shapes","floor":41,"turns":7},{"damage":40,"enemies":"Nemesis","floor":42,"turns":4}],"seed_played":"-3368900805035565990","potions_obtained":[{"floor":5,"key":"SkillPotion"},{"floor":8,"key":"DuplicationPotion"},{"floor":11,"key":"BlessingOfTheForge"},{"floor":20,"key":"SteroidPotion"},{"floor":22,"key":"EntropicBrew"},{"floor":29,"key":"SpeedPotion"},{"floor":41,"key":"Ancient Potion"}],"is_trial":false,"path_per_floor":["M","?","?","$","M","E","M","E","T","E","M","R","$","E","R","B",null,"M","?","M","?","M","R","?","E","T","E","R","E","R","E","R","B",null,"M","?","M","?","?","E","M","E"],"character_chosen":"IRONCLAD","items_purchased":["War Paint","Armaments","Fire Breathing","Shrug It Off+1"],"campfire_rested":4,"item_purchase_floors":[4,4,13,13],"current_hp_per_floor":[80,68,68,68,74,80,80,57,57,53,43,67,80,68,68,13,80,46,46,50,40,40,40,35,33,33,38,45,22,45,45,45,45,45,45,45,42,36,36,18,18,0,0],"gold":504,"neow_bonus":"THREE_ENEMY_KILL","is_daily":false,"chose_seed":false,"campfire_upgraded":1,"win_rate":0.0,"timestamp":1609087779,"path_taken":["M","?","?","$","M","E","?","E","T","E","M","R","$","E","R","BOSS","M","?","M","?","M","R","?","E","T","E","R","E","R","E","R","BOSS","M","?","M","?","?","E","M","E"],"items_purchased_type":["Relic","Card","Card","Card"],"build_version":"2020-12-22","purchased_purges":0,"victory":false,"max_hp_per_floor":[80,80,80,80,80,80,80,80,80,80,80,80,80,80,80,80,80,80,80,80,40,40,40,45,45,45,45,45,45,45,45,45,45,45,45,45,45,45,45,45,45,45,45],"card_choices":[{"not_picked":["True Grit","Havoc"],"picked":"Flex","floor":1},{"not_picked":["Thunderclap","Flex"],"picked":"Wild Strike","floor":5},{"not_picked":["Headbutt","Anger","Thunderclap"],"picked":"SKIP","floor":6},{"not_picked":["Headbutt","Anger"],"picked":"Thunderclap","floor":6},{"not_picked":["Dark Embrace","Sentinel"],"picked":"Cleave","floor":7},{"not_picked":["Iron Wave","Entrench"],"picked":"Evolve","floor":8},{"not_picked":["Burning Pact+1","Wild Strike"],"picked":"Pommel Strike","floor":10},{"not_picked":["Burning Pact+1","Warcry+1"],"picked":"Offering+1","floor":11},{"not_picked":["Perfected Strike","Carnage"],"picked":"Armaments+1","floor":14},{"not_picked":["Brutality","Fiend Fire"],"picked":"Barricade","floor":16},{"not_picked":["Perfected Strike","Feel No Pain+1"],"picked":"Disarm+1","floor":18},{"not_picked":["Wild Strike","Flex+1"],"picked":"Flame Barrier+1","floor":20},{"not_picked":["Thunderclap","Shrug It Off+1"],"picked":"Power Through+1","floor":22},{"not_picked":["Thunderclap","Second Wind+1"],"picked":"Reckless Charge+1","floor":25},{"not_picked":["Pommel Strike+1","Headbutt","True Grit+1"],"picked":"SKIP","floor":27},{"not_picked":["Pommel Strike+1","Iron Wave"],"picked":"Shrug It Off+1","floor":29},{"not_picked":["Cleave+1","Uppercut","Dropkick"],"picked":"SKIP","floor":31},{"not_picked":["Fiend Fire","Juggernaut"],"picked":"Berserk","floor":33},{"not_picked":["Armaments+1","Twin Strike+1"],"picked":"Shrug It Off+1","floor":35},{"not_picked":["Dark Embrace","Sword Boomerang"],"picked":"Evolve","floor":37},{"not_picked":["Ghostly Armor+1","Burning Pact+1"],"picked":"Fire Breathing","floor":40},{"not_picked":["Warcry+1","True Grit+1"],"picked":"Flex+1","floor":41}],"player_experience":466647,"relics_obtained":[{"floor":6,"key":"Bottled Lightning"},{"floor":8,"key":"Red Skull"},{"floor":9,"key":"Toxic Egg 2"},{"floor":10,"key":"MealTicket"},{"floor":14,"key":"Vajra"},{"floor":25,"key":"Bag of Preparation"},{"floor":27,"key":"Eternal Feather"},{"floor":29,"key":"Mercury Hourglass"},{"floor":31,"key":"Paper Frog"},{"floor":40,"key":"Sundial"}],"event_choices":[{"damage_healed":0,"gold_gain":0,"player_choice":"Success","damage_taken":12,"relics_obtained":["WingedGreaves"],"max_hp_gain":0,"max_hp_loss":0,"event_name":"Scrap Ooze","floor":2,"gold_loss":0},{"damage_healed":0,"gold_gain":100,"player_choice":"Pray","damage_taken":0,"max_hp_gain":0,"max_hp_loss":0,"event_name":"Golden Shrine","floor":3,"gold_loss":0},{"damage_healed":0,"gold_gain":0,"player_choice":"Ignored","damage_taken":0,"max_hp_gain":0,"max_hp_loss":0,"event_name":"Beggar","floor":19,"gold_loss":0},{"damage_healed":0,"gold_gain":0,"player_choice":"Became a Ghost","damage_taken":0,"max_hp_gain":0,"max_hp_loss":40,"event_name":"Ghosts","floor":21,"gold_loss":0,"cards_obtained":["Ghostly","Ghostly","Ghostly","Ghostly","Ghostly"]},{"damage_healed":0,"gold_gain":0,"player_choice":"Shed Blood","damage_taken":10,"max_hp_gain":5,"max_hp_loss":0,"event_name":"Forgotten Altar","floor":24,"gold_loss":0},{"cards_removed":["Strike_R"],"damage_healed":0,"gold_gain":0,"player_choice":"Removed Attack","damage_taken":0,"max_hp_gain":0,"max_hp_loss":0,"event_name":"Falling","floor":36,"gold_loss":0},{"damage_healed":0,"gold_gain":0,"player_choice":"Embrace Madness","damage_taken":6,"max_hp_gain":0,"max_hp_loss":0,"event_name":"Winding Halls","floor":38,"gold_loss":0,"cards_obtained":["Madness","Madness"]},{"damage_healed":0,"gold_gain":0,"player_choice":"Ignored","damage_taken":0,"max_hp_gain":0,"max_hp_loss":0,"event_name":"Purifier","floor":39,"gold_loss":0}],"is_beta":false,"boss_relics":[{"not_picked":["Sozu","Coffee Dripper"],"picked":"Fusion Hammer"},{"not_picked":["Tiny House","Runic Dome"],"picked":"Runic Cube"}],"items_purged_floors":[],"is_endless":false,"potions_floor_spawned":[5,8,11,20,22,27,29,41],"killed_by":"Nemesis","ascension_level":1}}