{"host":"0i8dz4ityulxi1rd","time":1609083026,"event":{"mods":["BaseMod","Colored Map","Colored Powertips","Custom Start","Highlight Path","Hubris","Keyboard Shortcuts","Minty Spire (QoL Compilation)","StSLib","SuperFastMode"],"gold_per_floor":[361,361,377,377,27,40,40,14,62,62,62,100,116,130,130,130,130],"floor_reached":16,"playtime":410,"items_purged":["Doubt"],"score":200,"play_id":"5836b339-eaa3-40ed-ab09-8e57d3c93238","local_time":"20201228003026","is_ascension_mode":true,"campfire_choices":[{"data":"Acrobatics","floor":7.0,"key":"SMITH"},{"data":"Neutralize","floor":10.0,"key":"SMITH"},{"data":"Calculated Gamble","floor":15,"key":"SMITH"}],"circlet_count":0,"master_deck":["AscendersBane","Strike_G","Strike_G","Strike_G","Strike_G","Strike_G","Defend_G","Defend_G","Defend_G","Defend_G","Defend_G","Survivor","Neutralize+1","Cloak And Dagger","Flying Knee","Grand Finale","Acrobatics+1","Backflip","Acrobatics","Calculated Gamble+1"],"relics":["Ring of the Snake","Golden Idol","Anchor","FossilizedHelix"],"acts_visited":["Exordium"],"potions_floor_usage":[16,16],"damage_taken":[{"damage":0.0,"enemies":"2 Louse","floor":1.0,"turns":2.0},{"damage":0.0,"enemies":"Cultist","floor":3.0,"turns":5.0},{"damage":1.0,"enemies":"Small Slimes","floor":6.0,"turns":3.0},{"damage":3,"enemies":"Gremlin Nob","floor":12,"turns":3},{"damage":8,"enemies":"Exordium Thugs","floor":13,"turns":6},{"damage":0,"enemies":"3 Louse","floor":14,"turns":4},{"damage":54,"enemies":"Hexaghost","floor":16,"turns":11}],"seed_played":"-3688607823900721605","potions_obtained":[{"floor":6.0,"key":"SneckoOil"},{"floor":11.0,"key":"GhostInAJar"}],"is_trial":false,"path_per_floor":["M","?","M","?","$","M","R","$","T","R","?","E","M","M","R","B"],"character_chosen":"THE_SILENT","items_purchased":["Grand Finale","Acrobatics","Backflip","Acrobatics"],"campfire_rested":0,"item_purchase_floors":[5,5,5,8],"current_hp_per_floor":[59,36,36,58,58,57,57,57,57,57,57,54,46,46,46,0,0],"gold":130,"neow_bonus":"TWO_FIFTY_GOLD","is_daily":false,"chose_seed":false,"campfire_upgraded":3,"win_rate":0.0,"timestamp":1609083026,"path_taken":["M","?","M","?","$","M","R","$","T","R","?","E","M","M","R","BOSS"],"items_purchased_type":["Card","Card","Card","Card"],"build_version":"2020-12-22","purchased_purges":1,"victory":false,"max_hp_per_floor":[66,66,66,66,66,66,66,66,66,66,66,66,66,66,66,66,66],"card_choices":[{"not_picked":["Deflect","Bane"],"picked":"Cloak And Dagger","floor":1.0},{"not_picked":["hubris:SlightOfHand","PiercingWail"],"picked":"Flying Knee","floor":3.0},{"not_picked":["hubris:SlightOfHand","Acrobatics","Blade Dance"],"picked":"SKIP","floor":6.0},{"not_picked":["Finisher","Deadly Poison","Heel Hook"],"picked":"SKIP","floor":12},{"not_picked":["hubris:SlightOfHand","hubris:Counter"],"picked":"Calculated Gamble","floor":13},{"not_picked":["Endless Agony","Poisoned Stab","Sucker Punch"],"picked":"SKIP","floor":14}],"player_experience":1268509,"relics_obtained":[{"floor":9.0,"key":"Anchor"},{"floor":12,"key":"FossilizedHelix"}],"event_choices":[{"damage_healed":0.0,"max_hp_gain":0.0,"max_hp_loss":0.0,"gold_gain":0.0,"event_name":"Golden Idol","player_choice":"Take Damage","floor":2.0,"gold_loss":0.0,"damage_taken":23.0,"relics_obtained":["Golden Idol"]},{"damage_healed":22.0,"max_hp_gain":0.0,"max_hp_loss":0.0,"gold_gain":0.0,"event_name":"Big Fish","player_choice":"Banana","floor":4.0,"gold_loss":0.0,"damage_taken":0.0},{"damage_healed":0.0,"max_hp_gain":0.0,"max_hp_loss":0.0,"gold_gain":0.0,"event_name":"Lab","player_choice":"Got Potions","floor":11.0,"gold_loss":0.0,"damage_taken":0.0}],"is_beta":false,"boss_relics":[],"items_purged_floors":[5],"is_endless":false,"potions_floor_spawned":[6,13],"killed_by":"Hexaghost","ascension_level":20}}