{"host":"vp2frn5hc2y9r85i","time":1609085983,"event":{"mods":["2.2 Compatiblity","AchievementEnabler","BaseMod","Better-Laid Plans","BetterRewards","Card Forge","Colored Map","DeckTracker","Highlight Path","Minty Spire (QoL Compilation)","Permanent Neow","Quick Restart","Random Character Button","Rare Cards Sparkle","StSLib","The Sage","Transform Curses"],"gold_per_floor":[118,138,138,138,151,183,196,196,196,212,231,231,261,261,261,391,391,414,414,414,430,454,454,477,521,547,406,406,425,461,461,461,592,592,611,611,635,698,143,177,177,192,192,46,60,60,79,79,79,79,79,79,79,118,118],"floor_reached":56,"playtime":4436,"items_purged":[],"score":1407,"play_id":"08d3d0d5-bb35-444c-b9fe-548f12bf6cd7","local_time":"20201227171943","is_ascension_mode":false,"campfire_choices":[{"floor":8,"key":"RECALL"},{"data":"Searing Blow+2","floor":12,"key":"SMITH"},{"data":"Searing Blow+3","floor":15,"key":"SMITH"},{"data":"Reaper+1","floor":41,"key":"PURGE"},{"data":"Anger","floor":49,"key":"PURGE"},{"data":"Double Energy+1","floor":52,"key":"PURGE"}],"circlet_count":0,"master_deck":["Searing Blow+36","Adrenaline+1","Adrenaline+1","Well Laid Plans+1","Double Energy+1","Searing Blow+38","Adrenaline+1","Omniscience+1","CurseOfTheBell","Omniscience+1","Omniscience+1","Omniscience+1","Omniscience+1","Omniscience+1","Double Energy+1"],"relics":["Hammer of Thor","Seething Fire","Anvil of the Gods","Coffee Dripper","HornCleat","Ornamental Fan","Golden Idol","Fusion Hammer","sagemod:Flying_Carpet","Red Mask","MawBank","DollysMirror","Lantern","Boot","Calling Bell","Pen Nib","White Beast Statue","Peace Pipe","sagemod:Blowpipe","ClockworkSouvenir","Bronze Scales","Bottled Tornado","Dream Catcher","Kunai","Vajra","Strawberry"],"acts_visited":["Exordium","TheCity","TheBeyond","TheEnding"],"potions_floor_usage":[],"damage_taken":[{"damage":4,"enemies":"Jaw Worm","floor":1,"turns":5},{"damage":5,"enemies":"Cultist","floor":2,"turns":6},{"damage":8,"enemies":"Small Slimes","floor":5,"turns":5},{"damage":19,"enemies":"3 Sentries","floor":6,"turns":5},{"damage":0,"enemies":"Exordium Wildlife","floor":7,"turns":4},{"damage":0,"enemies":"2 Fungi Beasts","floor":10,"turns":3},{"damage":5,"enemies":"3 Louse","floor":11,"turns":5},{"damage":18,"enemies":"Lagavulin","floor":13,"turns":4},{"damage":22,"enemies":"Hexaghost","floor":16,"turns":7},{"damage":6,"enemies":"Chosen","floor":18,"turns":4},{"damage":3,"enemies":"2 Thieves","floor":21,"turns":3},{"damage":16,"enemies":"Chosen and Byrds","floor":22,"turns":5},{"damage":9,"enemies":"Shelled Parasite and Fungi","floor":24,"turns":5},{"damage":29,"enemies":"Masked Bandits","floor":25,"turns":6},{"damage":3,"enemies":"Snake Plant","floor":29,"turns":7},{"damage":0,"enemies":"Gremlin Leader","floor":30,"turns":5},{"damage":5,"enemies":"Automaton","floor":33,"turns":8},{"damage":0,"enemies":"3 Darklings","floor":35,"turns":6},{"damage":0,"enemies":"Orb Walker","floor":37,"turns":3},{"damage":0,"enemies":"Mind Bloom Boss Battle","floor":38,"turns":7},{"damage":0,"enemies":"Nemesis","floor":40,"turns":5},{"damage":0,"enemies":"4 Shapes","floor":42,"turns":5},{"damage":2,"enemies":"Sphere and 2 Shapes","floor":45,"turns":5},{"damage":0,"enemies":"Maw","floor":47,"turns":7},{"damage":0,"enemies":"Time Eater","floor":50,"turns":1},{"damage":0,"enemies":"Shield and Spear","floor":54,"turns":1},{"damage":17,"enemies":"The Heart","floor":55,"turns":3}],"seed_played":"-4146208813000712008","potions_obtained":[{"floor":2,"key":"PowerPotion"},{"floor":4,"key":"DistilledChaos"},{"floor":37,"key":"FairyPotion"}],"is_trial":false,"path_per_floor":["M","M","$","?","M","E","M","R","T","M","M","R","E","?","R","B",null,"M","?","?","M","M","R","M","?","T","$","R","M","E","?","R","B",null,"M","?","M","?","$","E","R","M","T","$","M","$","M","?","R","B",null,"R","$","E","B",null],"character_chosen":"WATCHER","items_purchased":["DollysMirror","ClockworkSouvenir","Bronze Scales","Bottled Tornado","Vajra"],"campfire_rested":0,"item_purchase_floors":[27,39,39,39,44],"current_hp_per_floor":[72,76,76,76,80,92,100,100,100,108,111,111,120,90,90,111,124,122,89,89,89,81,81,80,91,91,91,91,102,106,106,106,120,125,125,125,125,129,129,133,133,145,145,145,147,147,153,153,153,153,153,153,153,160,143],"gold":118,"neow_bonus":"BOSS_RELIC","is_daily":false,"chose_seed":false,"campfire_upgraded":2,"win_rate":0.0,"timestamp":1609085983,"path_taken":["M","M","$","?","M","E","M","R","T","M","?","R","E","?","R","BOSS","M","?","?","M","M","R","M","?","T","$","R","M","E","?","R","BOSS","M","?","?","?","$","E","R","M","T","$","M","?","?","?","R","BOSS","R","$","E","BOSS"],"items_purchased_type":["Relic","Relic","Relic","Relic","Relic"],"build_version":"2020-12-22","purchased_purges":0,"victory":true,"max_hp_per_floor":[76,76,76,76,80,92,100,100,100,108,116,116,120,120,120,124,124,128,89,89,89,93,93,101,113,113,113,113,117,121,121,121,125,125,125,125,125,129,129,133,133,145,145,145,149,149,153,153,153,153,153,153,153,160,160],"card_choices":[{"not_picked":["SashWhip","Worship","Fasting2"],"picked":"SKIP","floor":1},{"not_picked":["Meditate","Nirvana","Fasting2"],"picked":"SKIP","floor":2},{"not_picked":["ClearTheMind","Halt","Meditate"],"picked":"SKIP","floor":5},{"not_picked":["Nirvana","Indignation","Fasting2"],"picked":"SKIP","floor":6},{"not_picked":["FlurryOfBlows","PathToVictory","Indignation"],"picked":"SKIP","floor":7},{"not_picked":["FearNoEvil","FollowUp","Collect"],"picked":"SKIP","floor":10},{"not_picked":["Halt","Study","Wallop"],"picked":"SKIP","floor":11},{"not_picked":["ReachHeaven","Worship","Scrawl"],"picked":"SKIP","floor":13},{"not_picked":["Judgement","ConjureBlade"],"picked":"Omniscience","floor":16},{"not_picked":["BattleHymn","EmptyFist","Conclude"],"picked":"SKIP","floor":18},{"not_picked":["Study+1","BowlingBash","CutThroughFate"],"picked":"SKIP","floor":21},{"not_picked":["EmptyMind","Pray","BowlingBash"],"picked":"SKIP","floor":22},{"not_picked":["PathToVictory","CarveReality","FollowUp"],"picked":"SKIP","floor":24},{"not_picked":["Halt","Meditate","ReachHeaven"],"picked":"SKIP","floor":29},{"not_picked":["FearNoEvil","CutThroughFate+1","Nirvana"],"picked":"SKIP","floor":30},{"not_picked":["CrushJoints+1","EmptyFist","Protect"],"picked":"SKIP","floor":35},{"not_picked":["Meditate+1","Protect","Fasting2"],"picked":"SKIP","floor":37},{"not_picked":["FlurryOfBlows+1","Crescendo+1"],"picked":"ClearTheMind+1","floor":38},{"not_picked":["Weave","FollowUp","Sanctity+1"],"picked":"SKIP","floor":40},{"not_picked":["Scrawl","Protect","CutThroughFate+1"],"picked":"SKIP","floor":42},{"not_picked":["EmptyBody+1","Vengeance","CutThroughFate"],"picked":"SKIP","floor":45},{"not_picked":["EmptyFist+1","PathToVictory+1","Adaptation"],"picked":"SKIP","floor":47},{"not_picked":["Sanctity+1","CutThroughFate","Fasting2"],"picked":"SKIP","floor":54}],"player_experience":60177,"relics_obtained":[{"floor":6,"key":"HornCleat"},{"floor":13,"key":"Ornamental Fan"},{"floor":25,"key":"Red Mask"},{"floor":26,"key":"MawBank"},{"floor":30,"key":"Lantern"},{"floor":34,"key":"Pen Nib"},{"floor":34,"key":"White Beast Statue"},{"floor":34,"key":"Peace Pipe"},{"floor":38,"key":"sagemod:Blowpipe"},{"floor":40,"key":"Dream Catcher"},{"floor":43,"key":"Kunai"},{"floor":54,"key":"Strawberry"}],"event_choices":[{"damage_healed":0,"gold_gain":0,"player_choice":"Got Potions","damage_taken":0,"max_hp_gain":0,"max_hp_loss":0,"event_name":"Lab","floor":4,"gold_loss":0},{"damage_healed":0,"gold_gain":0,"player_choice":"Take Damage","damage_taken":30,"relics_obtained":["Golden Idol"],"max_hp_gain":0,"max_hp_loss":0,"event_name":"Golden Idol","floor":14,"gold_loss":0},{"damage_healed":0,"gold_gain":0,"player_choice":"Ignored","damage_taken":0,"max_hp_gain":0,"max_hp_loss":0,"event_name":"Ghosts","floor":20,"gold_loss":0},{"damage_healed":0,"gold_gain":0,"player_choice":"Fought Bandits","damage_taken":0,"max_hp_gain":0,"max_hp_loss":0,"event_name":"Masked Bandits","floor":25,"gold_loss":0},{"damage_healed":0,"gold_gain":0,"player_choice":"Opened","damage_taken":0,"relics_obtained":["Boot"],"max_hp_gain":0,"max_hp_loss":0,"event_name":"The Mausoleum","floor":31,"gold_loss":0,"cards_obtained":["Writhe"]},{"damage_healed":0,"gold_gain":0,"player_choice":"Cursed","damage_taken":0,"max_hp_gain":0,"max_hp_loss":0,"event_name":"Wheel of Change","floor":36,"gold_loss":0,"cards_obtained":["Decay"]},{"damage_healed":0,"gold_gain":0,"player_choice":"Fight","damage_taken":0,"max_hp_gain":0,"max_hp_loss":0,"event_name":"MindBloom","floor":38,"gold_loss":0},{"damage_healed":0,"gold_gain":0,"player_choice":"Ignored","damage_taken":0,"max_hp_gain":0,"max_hp_loss":0,"event_name":"NoteForYourself","floor":48,"gold_loss":0}],"is_beta":false,"boss_relics":[{"not_picked":["Busted Crown","Snecko Eye"],"picked":"Fusion Hammer"},{"not_picked":["Runic Pyramid","Runic Dome"],"picked":"Calling Bell"}],"items_purged_floors":[],"is_endless":false,"potions_floor_spawned":[2,6,7,13,21,25,33,35,37,38,40,42,45,47,54],"ascension_level":0}}