{"host":"zekcc3vicrep0och","time":1609090653,"event":{"mods":["AchievementEnabler","BaseMod","Colored Map","Colored Powertips","Displayed Cursed Tome","Minty Spire (QoL Compilation)","Relic Stats","StSLib"],"gold_per_floor":[117,117,16,16,16,16,51,65,88,106,156,156,171,182,182,254,254,272,289,289,339,10,10,10,40,40,40,72,72,88,100,100,176,176,187,207,207,207],"floor_reached":37,"playtime":1671,"items_purged":["Regret","Strike_P"],"score":845,"play_id":"2cbbe0a3-8073-41d3-8ecd-012e07d619ae","local_time":"20201227203733","is_ascension_mode":true,"campfire_choices":[{"data":"Eruption","floor":6.0,"key":"SMITH"},{"data":"FlyingSleeves","floor":12.0,"key":"SMITH"},{"data":"CrushJoints","floor":15.0,"key":"SMITH"},{"floor":23.0,"key":"REST"},{"data":"MentalFortress","floor":29.0,"key":"SMITH"},{"data":"SashWhip","floor":32.0,"key":"SMITH"}],"circlet_count":0,"master_deck":["AscendersBane","Strike_P","Defend_P","Defend_P","Defend_P+1","Defend_P","Eruption+1","Vigilance+1","FlurryOfBlows","FlurryOfBlows","FollowUp","FlurryOfBlows","FlyingSleeves+1","CrushJoints+1","SashWhip+1","Devotion","MentalFortress+1","Indignation","CarveReality","MasterReality","Prostrate","CutThroughFate+1","FearNoEvil","SpiritShield"],"relics":["Runic Pyramid","Oddly Smooth Stone","Mummified Hand","Vajra","SlaversCollar","Enchiridion","Anchor","Eternal Feather","Bottled Tornado","War Paint","Black Star"],"acts_visited":["Exordium","TheCity","TheBeyond"],"potions_floor_usage":[36,36],"damage_taken":[{"damage":2.0,"enemies":"Jaw Worm","floor":1.0,"turns":3.0},{"damage":0.0,"enemies":"Lagavulin","floor":7.0,"turns":2.0},{"damage":0.0,"enemies":"2 Louse","floor":8.0,"turns":2.0},{"damage":0.0,"enemies":"Cultist","floor":10.0,"turns":2.0},{"damage":0.0,"enemies":"Large Slime","floor":13.0,"turns":3.0},{"damage":0.0,"enemies":"Red Slaver","floor":14.0,"turns":1.0},{"damage":23.0,"enemies":"Hexaghost","floor":16.0,"turns":5.0},{"damage":12.0,"enemies":"3 Byrds","floor":18.0,"turns":5.0},{"damage":17.0,"enemies":"Shell Parasite","floor":19.0,"turns":3.0},{"damage":0.0,"enemies":"Gremlin Leader","floor":25.0,"turns":3.0},{"damage":18.0,"enemies":"Slavers","floor":28.0,"turns":4.0},{"damage":9.0,"enemies":"Shelled Parasite and Fungi","floor":30.0,"turns":3.0},{"damage":9.0,"enemies":"Snake Plant","floor":31.0,"turns":3.0},{"damage":12.0,"enemies":"Champ","floor":33.0,"turns":7.0},{"damage":5.0,"enemies":"3 Shapes","floor":35.0,"turns":5.0},{"damage":13,"enemies":"3 Darklings","floor":36,"turns":4},{"damage":44,"enemies":"Jaw Worm Horde","floor":37,"turns":3}],"seed_played":"5535871818033262924","potions_obtained":[{"floor":1.0,"key":"SmokeBomb"},{"floor":5.0,"key":"ColorlessPotion"},{"floor":5.0,"key":"SneckoOil"},{"floor":7.0,"key":"EssenceOfSteel"},{"floor":13.0,"key":"Strength Potion"},{"floor":18.0,"key":"Fruit Juice"},{"floor":31.0,"key":"Energy Potion"},{"floor":35.0,"key":"Explosive Potion"}],"is_trial":false,"path_per_floor":["M","?","$","?","?","R","E","M","T","M","?","R","M","M","R","B",null,"M","M","?","?","$","R","?","E","T","?","E","R","M","M","R","B",null,"M","M","M"],"character_chosen":"WATCHER","items_purchased":["FlurryOfBlows","Anchor","AttackPotion"],"campfire_rested":1,"item_purchase_floors":[3,22,22],"current_hp_per_floor":[59,59,59,59,59,59,59,59,59,59,53,53,53,53,53,30,59,52,35,14,14,14,35,35,35,35,50,32,44,35,26,38,26,61,56,43,0,0],"gold":207,"neow_bonus":"BOSS_RELIC","is_daily":false,"chose_seed":false,"campfire_upgraded":5,"win_rate":0.0,"timestamp":1609090653,"path_taken":["M","?","$","?","?","R","E","M","T","?","?","R","?","M","R","BOSS","M","?","?","?","$","R","?","E","T","?","E","R","?","M","R","BOSS","M","?","M"],"items_purchased_type":["Card","Relic","Potion"],"build_version":"2020-12-22","purchased_purges":2,"victory":false,"max_hp_per_floor":[68,68,68,68,68,68,68,68,68,68,68,68,68,68,68,68,68,73,73,73,73,73,73,73,73,73,73,73,73,73,73,73,73,73,73,73,73,73],"relic_stats":{"counters":[17,58],"Mummified Hand":[25],"Eternal Feather":24,"Black Star":0,"War Paint":["Vigilance","Defend_P"],"obtain_stats":[{"SlaversCollar":17,"Anchor":22,"Mummified Hand":7,"Oddly Smooth Stone":2,"Vajra":9,"Enchiridion":20,"Eternal Feather":25,"Black Star":34,"PureWater":0,"Bottled Tornado":26,"War Paint":28,"Runic Pyramid":0},{"SlaversCollar":7,"Anchor":9,"Mummified Hand":2,"Oddly Smooth Stone":1,"Vajra":3,"Enchiridion":9,"Eternal Feather":10,"Black Star":14,"PureWater":0,"Bottled Tornado":10,"War Paint":11,"Runic Pyramid":0},{"SlaversCollar":18,"Anchor":26,"Mummified Hand":5,"Oddly Smooth Stone":3,"Vajra":7,"Enchiridion":26,"Eternal Feather":29,"Black Star":46,"PureWater":0,"Bottled Tornado":29,"War Paint":33,"Runic Pyramid":0}]},"card_choices":[{"not_picked":["Weave","ForeignInfluence"],"picked":"FlurryOfBlows","floor":1.0},{"not_picked":["Fasting2","WreathOfFlame"],"picked":"FollowUp","floor":7.0},{"not_picked":["PathToVictory","Halt"],"picked":"FlurryOfBlows","floor":8.0},{"not_picked":["MentalFortress","Weave"],"picked":"FlyingSleeves","floor":10.0},{"not_picked":["LikeWater","BowlingBash"],"picked":"CrushJoints","floor":13.0},{"not_picked":["CrushJoints","Tantrum"],"picked":"SashWhip","floor":14.0},{"not_picked":["Establishment","Brilliance"],"picked":"Devotion","floor":16.0},{"not_picked":["Prostrate","Protect"],"picked":"MentalFortress","floor":18.0},{"not_picked":["CutThroughFate","BowlingBash"],"picked":"Indignation","floor":19.0},{"not_picked":["ThirdEye","Omniscience","EmptyBody"],"picked":"SKIP","floor":25.0},{"not_picked":["WindmillStrike","Halt"],"picked":"Prostrate","floor":28.0},{"not_picked":["FlurryOfBlows","Sanctity"],"picked":"CutThroughFate+1","floor":30.0},{"not_picked":["Protect","SashWhip"],"picked":"FearNoEvil","floor":31.0},{"not_picked":["Establishment","Vault"],"picked":"SpiritShield","floor":33.0},{"not_picked":["PathToVictory","FollowUp","Protect"],"picked":"SKIP","floor":35.0},{"not_picked":["CrushJoints","Fasting2","CarveReality"],"picked":"SKIP","floor":36}],"player_experience":469781,"relics_obtained":[{"floor":7.0,"key":"Mummified Hand"},{"floor":9.0,"key":"Vajra"},{"floor":25.0,"key":"Eternal Feather"},{"floor":26.0,"key":"Bottled Tornado"},{"floor":28.0,"key":"War Paint"}],"event_choices":[{"damage_healed":0.0,"max_hp_gain":0.0,"max_hp_loss":0.0,"gold_gain":0.0,"event_name":"Big Fish","player_choice":"Box","floor":2.0,"gold_loss":0.0,"damage_taken":0.0,"relics_obtained":["Oddly Smooth Stone"],"cards_obtained":["Regret"]},{"damage_healed":0.0,"max_hp_gain":0.0,"max_hp_loss":0.0,"gold_gain":0.0,"event_name":"Scrap Ooze","player_choice":"Fled","floor":4.0,"gold_loss":0.0,"damage_taken":0.0},{"damage_healed":0.0,"max_hp_gain":0.0,"max_hp_loss":0.0,"gold_gain":0.0,"event_name":"Lab","player_choice":"Got Potions","floor":5.0,"gold_loss":0.0,"damage_taken":0.0},{"damage_healed":0.0,"max_hp_gain":0.0,"max_hp_loss":0.0,"gold_gain":50.0,"event_name":"FaceTrader","player_choice":"Touch","floor":11.0,"gold_loss":0.0,"damage_taken":6.0},{"damage_healed":0.0,"max_hp_gain":0.0,"max_hp_loss":0.0,"gold_gain":0.0,"event_name":"Cursed Tome","player_choice":"Obtained Book","floor":20.0,"gold_loss":0.0,"damage_taken":21.0},{"damage_healed":0.0,"max_hp_gain":0.0,"max_hp_loss":0.0,"gold_gain":50.0,"event_name":"Nest","player_choice":"Stole From Cult","floor":21.0,"gold_loss":0.0,"damage_taken":0.0},{"damage_healed":0.0,"max_hp_gain":0.0,"max_hp_loss":0.0,"gold_gain":0.0,"cards_transformed":["Strike_P","Strike_P"],"event_name":"Drug Dealer","player_choice":"Became Test Subject","floor":24.0,"gold_loss":0.0,"damage_taken":0.0,"cards_obtained":["CarveReality","MasterReality"]},{"damage_healed":15.0,"max_hp_gain":0.0,"max_hp_loss":0.0,"gold_gain":0.0,"event_name":"The Library","player_choice":"Heal","floor":27.0,"gold_loss":0.0,"damage_taken":0.0}],"is_beta":false,"boss_relics":[{"not_picked":["Velvet Choker","Ectoplasm"],"picked":"SlaversCollar"},{"not_picked":["Coffee Dripper","Sozu"],"picked":"Black Star"}],"items_purged_floors":[3,22],"is_endless":false,"potions_floor_spawned":[1,7,13,18,31,35],"killed_by":"Jaw Worm Horde","ascension_level":17}}