{"host":"dhyczjm99amxd3qx","time":1609033069,"event":{"mods":["BaseMod","Colored Map","Googly Eyes","Highlight Path","Minty Spire (QoL Compilation)","Quick Restart","StSLib"],"gold_per_floor":[112,124,124,49,49,93,93,118,118,118,118,118,118],"floor_reached":12,"playtime":403,"items_purged":["Injury"],"score":76,"play_id":"ea3ce224-14c0-47da-a57d-8f7a99542f43","local_time":"20201226203749","is_ascension_mode":false,"campfire_choices":[{"data":"Storm","floor":7,"key":"SMITH"},{"data":"Loop","floor":11,"key":"SMITH"}],"circlet_count":0,"master_deck":["Strike_B","Strike_B","Strike_B","Strike_B","Defend_B","Defend_B","Defend_B","Zap","Dualcast","Storm+1","White Noise+1","Loop+1"],"relics":["Cracked Core","Golden Idol","Kunai","Lantern"],"acts_visited":["Exordium"],"potions_floor_usage":[6,12],"damage_taken":[{"damage":6,"enemies":"Jaw Worm","floor":1,"turns":4},{"damage":6,"enemies":"2 Louse","floor":2,"turns":3},{"damage":35,"enemies":"3 Sentries","floor":6,"turns":6},{"damage":6,"enemies":"Cultist","floor":8,"turns":4},{"damage":31,"enemies":"Lagavulin","floor":12,"turns":3}],"seed_played":"-5170857338819156959","potions_obtained":[{"floor":1,"key":"LiquidBronze"},{"floor":8,"key":"DistilledChaos"}],"is_trial":false,"path_per_floor":["M","M","?","$","?","E","R","M","T","?","R","E"],"character_chosen":"DEFECT","items_purchased":[],"campfire_rested":0,"item_purchase_floors":[],"current_hp_per_floor":[76,70,70,70,63,28,28,22,22,22,22,0,0],"gold":118,"neow_bonus":"TEN_PERCENT_HP_BONUS","is_daily":false,"chose_seed":false,"campfire_upgraded":2,"win_rate":0.0,"timestamp":1609033069,"path_taken":["M","M","?","$","?","E","R","M","T","?","R","E"],"items_purchased_type":[],"build_version":"2020-12-22","purchased_purges":1,"victory":false,"max_hp_per_floor":[82,82,82,82,82,82,82,82,82,82,82,82,82],"card_choices":[{"not_picked":["Rip and Tear","Recycle"],"picked":"Storm","floor":1},{"not_picked":["Steam","Redo","Rebound"],"picked":"SKIP","floor":2},{"not_picked":["Steam","Sweeping Beam"],"picked":"White Noise","floor":6},{"not_picked":["Storm","BootSequence"],"picked":"Loop","floor":8}],"player_experience":76702,"relics_obtained":[{"floor":6,"key":"Kunai"},{"floor":9,"key":"Lantern"}],"event_choices":[{"damage_healed":0,"gold_gain":0,"player_choice":"Take Wound","damage_taken":0,"relics_obtained":["Golden Idol"],"max_hp_gain":0,"max_hp_loss":0,"event_name":"Golden Idol","floor":3,"gold_loss":0,"cards_obtained":["Injury"]},{"cards_removed":["Defend_B"],"damage_healed":0,"gold_gain":0,"player_choice":"Card Removal","damage_taken":7,"max_hp_gain":0,"max_hp_loss":0,"event_name":"Golden Wing","floor":5,"gold_loss":0},{"damage_healed":0,"gold_gain":0,"player_choice":"Upgraded","damage_taken":0,"max_hp_gain":0,"max_hp_loss":0,"event_name":"Upgrade Shrine","floor":10,"gold_loss":0,"cards_upgraded":["White Noise"]}],"is_beta":false,"boss_relics":[],"items_purged_floors":[4],"is_endless":false,"potions_floor_spawned":[1,8],"killed_by":"Lagavulin","ascension_level":0}}