{"host":"w2kjv12xyhtt0cv2","time":1609065390,"event":{"mods":["10 clothes from DAL","Act Like it!","BaseMod","Colored Map","Conspire","Friendly Minions","Gensokyo","Highlight Path","Hubris","Marisa（F雨　魔理沙）","Minty Spire (QoL Compilation)","Quick Restart","Reimu（博丽灵梦）","Relic Stats","Replay The Spire","RumiaBox-露米娅的神秘盒子","Spicy Shops","StSLib","The Servant 0.9.4","UnlockEverythingMod","Waifu the Spire","[功能]功能增强和修复MOD","vexMod","【功能Mod】Neow奖励","【功能Mod】混沌之环修复补丁","【遗物卡牌】REMEMod","没有小屋子和绿帽子啦"],"gold_per_floor":[116,116,116,48,223,223,256,26,26,58,78,106,16,45,45,150,150,168,618,297,297,297,325,338,338,338],"floor_reached":25,"playtime":3432,"items_purged":["Defend_S","Doubt"],"score":267,"play_id":"3eb03c7c-0e7b-4faa-861e-6930493963a7","local_time":"20201227183630","is_ascension_mode":true,"campfire_choices":[{"data":"Berserk","floor":6.0,"key":"SMITH"},{"data":"Spin","floor":15.0,"key":"SMITH"}],"circlet_count":0,"master_deck":["Strike_S","Strike_S","Strike_S","Strike_S","Defend_S","Defend_S","KidneyShot","Exchange","Berserk+1","KillingDoll","Comet","Spin+1","MoonPhase","MurderousAura","Rewind+1","StarChef","BottledTime","BottledTime","Rearm","StarChef","BestPractice","SoulSculpture"],"relics":["Uniform","REME_ComplimentaryCards","PreservedInsect","Prayer Wheel","conspire:DeflatedDodgeball","Ornamental Fan","hubris:GlazedTorus","MagicDraw2","GodSword3","vexMod:TanglingVine","Replay:Ringing Soul","Replay:Accelerometer","Bag of Preparation","Pet Ghost"],"acts_visited":["Exordium","TheCity"],"potions_floor_usage":[],"damage_taken":[{"damage":5.0,"enemies":"Small Slimes","floor":1.0,"turns":4.0},{"damage":11.0,"enemies":"Lagavulin","floor":7.0,"turns":7.0},{"damage":13.0,"enemies":"3 Sentries","floor":10.0,"turns":8.0},{"damage":1.0,"enemies":"2 Louse","floor":11.0,"turns":2.0},{"damage":17.0,"enemies":"Lagavulin","floor":12.0,"turns":5.0},{"damage":9.0,"enemies":"3 Sentries","floor":14.0,"turns":5.0},{"damage":2.0,"enemies":"Fading Forest","floor":16.0,"turns":11.0},{"damage":2.0,"enemies":"conspire:FuzzyDice","floor":18.0,"turns":4.0},{"damage":19,"enemies":"conspire:SneckoGhost","floor":23,"turns":4},{"damage":0,"enemies":"Chosen","floor":24,"turns":4},{"damage":9,"enemies":"Slavers","floor":25,"turns":1}],"seed_played":"5797053495247718976","potions_obtained":[{"floor":1.0,"key":"PowerPotion"},{"floor":10.0,"key":"Elixir"},{"floor":11.0,"key":"conspire:TimeTravelPotion"},{"floor":14.0,"key":"Fire Potion"},{"floor":14.0,"key":"Dexterity Potion"},{"floor":18.0,"key":"Dexterity Potion"},{"floor":24,"key":"Death Potion"}],"is_trial":false,"path_per_floor":["M","?","?","$","?","R","E","$","T","E","M","E","$","E","R","B",null,"M","?","$","T","T","E","M","E"],"character_chosen":"THE_SERVANT","items_purchased":["conspire:DeflatedDodgeball","Replay:Ringing Soul","BottledTime","Rearm"],"campfire_rested":0,"item_purchase_floors":[8,20,20,20],"current_hp_per_floor":[60,57,57,57,57,57,46,46,46,33,32,32,32,23,23,31,65,63,17,20,20,20,4,7,0,0],"gold":338,"neow_bonus":"THREE_CARDS","is_daily":false,"chose_seed":false,"campfire_upgraded":2,"win_rate":0.0,"timestamp":1609065390,"path_taken":["M","?","?","$","?","R","E","?","T","E","?","E","?","E","R","BOSS","M","?","$","?","?","E","?","E"],"items_purchased_type":["Relic","Relic","Card","Card"],"build_version":"2020-12-22","purchased_purges":2,"victory":false,"max_hp_per_floor":[65,65,65,65,65,65,65,65,65,65,65,65,65,65,65,65,65,65,65,68,68,68,71,74,74,74],"relic_stats":{"counters":[11,55],"Ornamental Fan":[68],"Prayer Wheel":3,"PreservedInsect":192,"Bag of Preparation":[6],"obtain_stats":[{"Replay:Accelerometer":21,"PreservedInsect":2,"Uniform":0,"Bag of Preparation":22,"vexMod:TanglingVine":17,"MagicDraw2":12,"Pet Ghost":23,"Replay:Ringing Soul":20,"Ornamental Fan":9,"Prayer Wheel":7,"conspire:DeflatedDodgeball":8,"GodSword3":14,"REME_ComplimentaryCards":0,"hubris:GlazedTorus":10},{"Replay:Accelerometer":8,"PreservedInsect":1,"Uniform":0,"Bag of Preparation":8,"vexMod:TanglingVine":7,"MagicDraw2":5,"Pet Ghost":9,"Replay:Ringing Soul":8,"Ornamental Fan":2,"Prayer Wheel":2,"conspire:DeflatedDodgeball":2,"GodSword3":6,"REME_ComplimentaryCards":0,"hubris:GlazedTorus":3},{"Replay:Accelerometer":46,"PreservedInsect":4,"Uniform":0,"Bag of Preparation":46,"vexMod:TanglingVine":42,"MagicDraw2":26,"Pet Ghost":50,"Replay:Ringing Soul":46,"Ornamental Fan":11,"Prayer Wheel":11,"conspire:DeflatedDodgeball":11,"GodSword3":31,"REME_ComplimentaryCards":0,"hubris:GlazedTorus":19}]},"card_choices":[{"not_picked":["Alleviate","Replace","Potential"],"picked":"SKIP","floor":1.0},{"not_picked":["Potential","Barrier","Hightail"],"picked":"SKIP","floor":7.0},{"not_picked":["Ricochet","Gouge"],"picked":"KillingDoll","floor":10.0},{"not_picked":["Manipulate","Alleviate"],"picked":"Comet","floor":11.0},{"not_picked":["Revamp","Ricochet"],"picked":"Spin","floor":11.0},{"not_picked":["Snipe","Contraction"],"picked":"MoonPhase","floor":12.0},{"not_picked":["Moondial","ShiftingGears","Rearm"],"picked":"SKIP","floor":14.0},{"not_picked":["Deny","Embodiment"],"picked":"MurderousAura","floor":16.0},{"not_picked":["Advance","Comet"],"picked":"Rewind+1","floor":18.0},{"not_picked":["Replace+1","WasteNot"],"picked":"StarChef","floor":18.0},{"not_picked":["Barrier","FastForward"],"picked":"StarChef","floor":23},{"not_picked":["ShiftingGears","Alleviate"],"picked":"BestPractice","floor":24},{"not_picked":["StarChef","Revamp"],"picked":"SoulSculpture","floor":24}],"player_experience":22543,"relics_obtained":[{"floor":7.0,"key":"Prayer Wheel"},{"floor":9.0,"key":"Ornamental Fan"},{"floor":10.0,"key":"hubris:GlazedTorus"},{"floor":12.0,"key":"MagicDraw2"},{"floor":14.0,"key":"GodSword3"},{"floor":21,"key":"Replay:Accelerometer"},{"floor":22,"key":"Bag of Preparation"},{"floor":23,"key":"Pet Ghost"}],"event_choices":[{"damage_healed":0.0,"max_hp_gain":0.0,"max_hp_loss":0.0,"gold_gain":0.0,"event_name":"Scrap Ooze","player_choice":"Success","floor":2.0,"gold_loss":0.0,"damage_taken":3.0,"relics_obtained":["PreservedInsect"]},{"damage_healed":0.0,"max_hp_gain":0.0,"max_hp_loss":0.0,"gold_gain":175.0,"event_name":"Liars Game","player_choice":"AGREE","floor":5.0,"gold_loss":0.0,"damage_taken":0.0,"cards_obtained":["Doubt"]},{"damage_healed":0.0,"max_hp_gain":0.0,"max_hp_loss":0.0,"gold_gain":450.0,"event_name":"Knowing Skull","player_choice":"GOLD GOLD GOLD GOLD GOLD ","floor":19.0,"potions_obtained":[],"gold_loss":0.0,"damage_taken":46.0,"cards_obtained":[]}],"is_beta":false,"boss_relics":[{"not_picked":["REME_DuelDisc","Pandora\u0027s Box"],"picked":"vexMod:TanglingVine"}],"items_purged_floors":[4,13],"is_endless":false,"potions_floor_spawned":[1,10,11,14,14,18,24],"killed_by":"Slavers","ascension_level":2}}