{"host":"00f1p9ihhzi7hxfk","time":1609063282,"event":{"mods":["BaseMod","Colored Map","Colored Powertips","Minty Spire (QoL Compilation)","Rare Cards Sparkle","Relic Stats"],"gold_per_floor":[109,109,34,54,70,70,70,89,138,149,149,160,179,192,192,295,295,314,326,336,336,355,355,365,365,390,153,185,198,198,228,228,327,327,338,349,349,349,367,3,20,46,46,46,60,8,19,19,19,19],"floor_reached":51,"playtime":4415,"items_purged":["Doubt","Strike_R"],"score":692,"play_id":"5bf9f6b9-80ab-49c4-8146-3cca6091bfa3","local_time":"20201227110122","is_ascension_mode":false,"campfire_choices":[{"data":"Flex","floor":6.0,"key":"SMITH"},{"data":"Limit Break","floor":15.0,"key":"SMITH"},{"data":"Armaments","floor":23.0,"key":"SMITH"},{"data":"Battle Trance","floor":25.0,"key":"SMITH"},{"floor":32.0,"key":"REST"},{"floor":44.0,"key":"REST"},{"data":"Spot Weakness","floor":49.0,"key":"SMITH"}],"circlet_count":0,"master_deck":["Strike_R","Strike_R","Strike_R","Defend_R+1","Defend_R+1","Defend_R+1","Defend_R","Bash+1","Anger","Cleave","Armaments+1","Heavy Blade+1","Flex+1","Limit Break+1","Cleave+1","Battle Trance+1","Discovery+1","Inflame+1","Panacea","Whirlwind+1","Carnage+1","Shrug It Off","Reaper+1","Headbutt+1","Shrug It Off+1","Rupture","Shockwave+1","Spot Weakness+1"],"relics":["Burning Blood","Bag of Preparation","Lantern","Cursed Key","War Paint","Orichalcum","Molten Egg 2","SlaversCollar","Brimstone","Whetstone"],"acts_visited":["TheCity","TheBeyond"],"potions_floor_usage":[50,50,50],"damage_taken":[{"damage":3.0,"enemies":"Jaw Worm","floor":1.0,"turns":6.0},{"damage":8.0,"enemies":"Small Slimes","floor":4.0,"turns":3.0},{"damage":1.0,"enemies":"Cultist","floor":5.0,"turns":3.0},{"damage":16.0,"enemies":"Gremlin Gang","floor":8.0,"turns":3.0},{"damage":10.0,"enemies":"Large Slime","floor":10.0,"turns":4.0},{"damage":0.0,"enemies":"Blue Slaver","floor":12.0,"turns":2.0},{"damage":0.0,"enemies":"Exordium Thugs","floor":13.0,"turns":1.0},{"damage":0.0,"enemies":"Large Slime","floor":14.0,"turns":4.0},{"damage":55.0,"enemies":"The Guardian","floor":16.0,"turns":10.0},{"damage":5.0,"enemies":"2 Thieves","floor":18.0,"turns":4.0},{"damage":0.0,"enemies":"Spheric Guardian","floor":19.0,"turns":1.0},{"damage":4.0,"enemies":"3 Cultists","floor":20.0,"turns":3.0},{"damage":5.0,"enemies":"Snake Plant","floor":22.0,"turns":3.0},{"damage":12.0,"enemies":"Shelled Parasite and Fungi","floor":24.0,"turns":2.0},{"damage":39.0,"enemies":"Gremlin Leader","floor":28.0,"turns":3.0},{"damage":4.0,"enemies":"Centurion and Healer","floor":29.0,"turns":3.0},{"damage":1.0,"enemies":"Slavers","floor":31.0,"turns":2.0},{"damage":20.0,"enemies":"Automaton","floor":33.0,"turns":5.0},{"damage":13.0,"enemies":"3 Shapes","floor":35.0,"turns":3.0},{"damage":0.0,"enemies":"3 Darklings","floor":36.0,"turns":2.0},{"damage":4.0,"enemies":"Jaw Worm Horde","floor":38.0,"turns":3.0},{"damage":27.0,"enemies":"Transient","floor":39.0,"turns":5.0},{"damage":6.0,"enemies":"Writhing Mass","floor":41.0,"turns":3.0},{"damage":38.0,"enemies":"Nemesis","floor":42.0,"turns":5.0},{"damage":10.0,"enemies":"Jaw Worm Horde","floor":45.0,"turns":2.0},{"damage":6.0,"enemies":"4 Shapes","floor":47.0,"turns":1.0},{"damage":41,"enemies":"Awakened One","floor":50,"turns":5}],"seed_played":"370722201723699565","potions_obtained":[{"floor":4.0,"key":"GamblersBrew"},{"floor":8.0,"key":"Fire Potion"},{"floor":10.0,"key":"AttackPotion"},{"floor":18.0,"key":"GamblersBrew"},{"floor":22.0,"key":"SmokeBomb"},{"floor":29.0,"key":"PowerPotion"},{"floor":33.0,"key":"SteroidPotion"},{"floor":35.0,"key":"Fruit Juice"},{"floor":36.0,"key":"AttackPotion"},{"floor":47.0,"key":"FearPotion"}],"is_trial":false,"path_per_floor":["M","?","$","M","M","R","?","M","T","M","?","M","M","M","R","B",null,"M","M","M","?","M","R","M","R","T","$","E","M","?","E","R","B",null,"M","M","?","M","M","$","M","E","T","R","M","$","M","?","R","B",null],"character_chosen":"IRONCLAD","items_purchased":["Cleave","Armaments","Panacea","Whirlwind","Spot Weakness","Brimstone","DuplicationPotion","Block Potion"],"campfire_rested":2,"item_purchase_floors":[3,3,27,27,40,40,40,46],"current_hp_per_floor":[80,64,64,62,67,67,67,57,57,53,53,59,65,71,71,22,80,80,80,80,80,80,80,74,74,74,74,41,43,43,48,72,58,80,80,85,85,85,85,85,85,53,53,78,74,74,74,74,74,85],"gold":19,"neow_bonus":"RANDOM_COMMON_RELIC","is_daily":false,"chose_seed":false,"campfire_upgraded":5,"win_rate":0.0,"timestamp":1609063282,"path_taken":["M","?","$","M","M","R","?","M","T","M","?","M","M","M","R","BOSS","M","M","M","?","M","R","?","R","T","$","E","M","?","E","R","BOSS","M","M","?","M","M","?","M","E","T","R","M","$","M","?","R","BOSS"],"items_purchased_type":["Card","Card","Card","Card","Card","Relic","Potion","Potion"],"build_version":"2020-12-22","purchased_purges":2,"victory":true,"max_hp_per_floor":[80,80,80,80,80,80,80,80,80,80,80,80,80,80,80,80,80,80,80,80,80,80,80,80,80,80,80,80,80,80,80,80,80,80,80,85,85,85,85,85,85,85,85,85,85,85,85,85,85,85],"relic_stats":{"counters":[24,79],"Bag of Preparation":[48],"Whetstone":["Whirlwind","Bash"],"War Paint":["Discovery","Defend_R"],"Orichalcum":[90],"Cursed Key":1,"obtain_stats":[{"SlaversCollar":34,"Lantern":9,"Brimstone":40,"Molten Egg 2":31,"Bag of Preparation":0,"Whetstone":42,"War Paint":26,"Orichalcum":28,"Cursed Key":17,"Burning Blood":0},{"SlaversCollar":15,"Lantern":1,"Brimstone":19,"Molten Egg 2":14,"Bag of Preparation":0,"Whetstone":21,"War Paint":11,"Orichalcum":12,"Cursed Key":6,"Burning Blood":0},{"SlaversCollar":50,"Lantern":3,"Brimstone":63,"Molten Egg 2":45,"Bag of Preparation":0,"Whetstone":71,"War Paint":37,"Orichalcum":40,"Cursed Key":24,"Burning Blood":0}],"Burning Blood":113},"card_choices":[{"not_picked":["Heavy Blade","Seeing Red"],"picked":"Anger","floor":1.0},{"not_picked":["Fire Breathing","Headbutt"],"picked":"Heavy Blade","floor":4.0},{"not_picked":["Metallicize","Burning Pact"],"picked":"Flex","floor":5.0},{"not_picked":["Metallicize","Body Slam","Thunderclap"],"picked":"SKIP","floor":8.0},{"not_picked":["Warcry","Iron Wave","Perfected Strike"],"picked":"SKIP","floor":10.0},{"not_picked":["Sword Boomerang","Warcry"],"picked":"Limit Break","floor":12.0},{"not_picked":["Heavy Blade","Body Slam","Entrench"],"picked":"SKIP","floor":13.0},{"not_picked":["Sever Soul","Hemokinesis","Warcry"],"picked":"SKIP","floor":14.0},{"not_picked":["Thunderclap+1","Heavy Blade","Combust+1"],"picked":"SKIP","floor":18.0},{"not_picked":["Entrench+1","Thunderclap+1"],"picked":"Cleave+1","floor":19.0},{"not_picked":["Searing Blow","Clash","Perfected Strike+1"],"picked":"SKIP","floor":20.0},{"not_picked":["Heavy Blade","Second Wind"],"picked":"Inflame+1","floor":22.0},{"not_picked":["Clothesline","Dropkick","Thunderclap"],"picked":"SKIP","floor":24.0},{"not_picked":["Perfected Strike+1","True Grit"],"picked":"Carnage+1","floor":28.0},{"not_picked":["Anger","Sword Boomerang"],"picked":"Shrug It Off","floor":29.0},{"not_picked":["Rupture","Heavy Blade+1","Armaments+1"],"picked":"SKIP","floor":31.0},{"not_picked":["Corruption","Juggernaut"],"picked":"Reaper+1","floor":33.0},{"not_picked":["Cleave+1","Sword Boomerang+1"],"picked":"Headbutt+1","floor":35.0},{"not_picked":["Armaments","Heavy Blade+1"],"picked":"Shrug It Off+1","floor":36.0},{"not_picked":["Hemokinesis+1","Flame Barrier+1"],"picked":"Shockwave+1","floor":39.0},{"not_picked":["Sword Boomerang+1","Barricade","Armaments+1"],"picked":"SKIP","floor":41.0},{"not_picked":["Burning Pact+1","Iron Wave+1","Spot Weakness"],"picked":"SKIP","floor":42.0},{"not_picked":["Inflame","Cleave+1","True Grit"],"picked":"SKIP","floor":45.0},{"not_picked":["Dual Wield","Battle Trance","Twin Strike+1"],"picked":"SKIP","floor":47.0}],"player_experience":32661,"relics_obtained":[{"floor":9.0,"key":"Lantern"},{"floor":26.0,"key":"War Paint"},{"floor":28.0,"key":"Orichalcum"},{"floor":31.0,"key":"Molten Egg 2"},{"floor":42.0,"key":"Whetstone"}],"event_choices":[{"damage_healed":0.0,"max_hp_gain":0.0,"max_hp_loss":0.0,"gold_gain":0.0,"event_name":"Shining Light","player_choice":"Entered Light","floor":2.0,"gold_loss":0.0,"damage_taken":16.0,"cards_upgraded":["Defend_R","Defend_R"]},{"damage_healed":0.0,"max_hp_gain":0.0,"max_hp_loss":0.0,"gold_gain":0.0,"event_name":"Living Wall","player_choice":"Grow","floor":7.0,"gold_loss":0.0,"damage_taken":0.0,"cards_upgraded":["Heavy Blade"]},{"cards_removed":["Strike_R"],"damage_healed":0.0,"max_hp_gain":0.0,"max_hp_loss":0.0,"gold_gain":0.0,"event_name":"Purifier","player_choice":"Purged","floor":11.0,"gold_loss":0.0,"damage_taken":0.0},{"damage_healed":0.0,"max_hp_gain":0.0,"max_hp_loss":0.0,"gold_gain":0.0,"event_name":"Match and Keep!","player_choice":"2 cards matched","floor":21.0,"gold_loss":0.0,"damage_taken":0.0,"cards_obtained":["Battle Trance","Discovery"]},{"damage_healed":0.0,"max_hp_gain":0.0,"max_hp_loss":0.0,"gold_gain":0.0,"event_name":"The Mausoleum","player_choice":"Ignored","floor":30.0,"gold_loss":0.0,"damage_taken":0.0},{"damage_healed":0.0,"max_hp_gain":0.0,"max_hp_loss":0.0,"gold_gain":0.0,"event_name":"Match and Keep!","player_choice":"1 cards matched","floor":37.0,"gold_loss":0.0,"damage_taken":0.0,"cards_obtained":["Rupture"]},{"damage_healed":0.0,"max_hp_gain":0.0,"max_hp_loss":0.0,"gold_gain":0.0,"event_name":"Lab","player_choice":"Got Potions","floor":48.0,"gold_loss":0.0,"damage_taken":0.0}],"is_beta":false,"boss_relics":[{"not_picked":["Fusion Hammer","Coffee Dripper"],"picked":"Cursed Key"},{"not_picked":["Busted Crown","Philosopher\u0027s Stone"],"picked":"SlaversCollar"}],"items_purged_floors":[27,40],"is_endless":false,"potions_floor_spawned":[4,8,10,18,22,29,33,35,36,47],"ascension_level":0}}