{"host":"qj91dvco5uhu9oti","time":1609099009,"event":{"mods":["BaseMod","Colored Map","Keyboard Shortcuts","Minty Spire (QoL Compilation)","Permanent Neow","Relic Stats","StSLib","SuperFastMode","everything is the same but u backflip on backflip"],"gold_per_floor":[118,135,153,163,163,197,209,222,274,288,320,320,350,384,384,462,462,480,480,497,497,359,392,392,392,392,408,435,462,174,202,202,281,281,281,281,281,281,291,291,291,291,291,308,308,308,308,327,327,327,327,327,327,70,95,95],"floor_reached":57,"playtime":982,"items_purged":["Injury"],"score":3589,"play_id":"e82d5287-4a8b-4254-95a1-d40d973fa1ee","local_time":"20201228045649","is_ascension_mode":true,"campfire_choices":[{"floor":12.0,"key":"REST"},{"floor":15.0,"key":"RECALL"},{"floor":24.0,"key":"REST"},{"floor":32.0,"key":"REST"},{"floor":40.0,"key":"REST"},{"floor":46.0,"key":"REST"},{"floor":49.0,"key":"REST"},{"floor":53,"key":"REST"}],"circlet_count":0,"master_deck":["Barricade+1","Entrench+1","Impervious+1","Offering","Defend_R","Defend_R","Defend_R","Body Slam+1","Body Slam+1","True Grit+1","True Grit+1","Battle Trance+1","Disarm+1","Metallicize+1","Power Through+1","Shockwave+1","Flame Barrier+1","Evolve+1","Uppercut+1","Exhume+1"],"relics":["Burning Blood","NeowsBlessing","Prayer Wheel","Nunchaku","Anchor","The Courier","Happy Flower","Cursed Key","Bag of Preparation","Bag of Marbles","DollysMirror","FossilizedHelix","Akabeko","Bird Faced Urn","Frozen Egg 2","Ornamental Fan","Philosopher\u0027s Stone","HornCleat","Spirit Poop","Oddly Smooth Stone","Strange Spoon","Mercury Hourglass"],"acts_visited":["Exordium","TheCity","TheBeyond","TheEnding"],"potions_floor_usage":[56,56],"damage_taken":[{"damage":0.0,"enemies":"Cultist","floor":1.0,"turns":1.0},{"damage":0.0,"enemies":"Small Slimes","floor":2.0,"turns":1.0},{"damage":0.0,"enemies":"Jaw Worm","floor":3.0,"turns":1.0},{"damage":0.0,"enemies":"Large Slime","floor":4.0,"turns":1.0},{"damage":0.0,"enemies":"Gremlin Nob","floor":6.0,"turns":1.0},{"damage":0.0,"enemies":"Gremlin Gang","floor":7.0,"turns":1.0},{"damage":0.0,"enemies":"Looter","floor":8.0,"turns":1.0},{"damage":0.0,"enemies":"Lots of Slimes","floor":10.0,"turns":1.0},{"damage":0.0,"enemies":"Lagavulin","floor":11.0,"turns":1.0},{"damage":0.0,"enemies":"3 Sentries","floor":13.0,"turns":1.0},{"damage":0.0,"enemies":"Lagavulin","floor":14.0,"turns":1.0},{"damage":0.0,"enemies":"The Guardian","floor":16.0,"turns":1.0},{"damage":0.0,"enemies":"Shell Parasite","floor":18.0,"turns":1.0},{"damage":0.0,"enemies":"3 Byrds","floor":20.0,"turns":1.0},{"damage":0.0,"enemies":"Slavers","floor":23.0,"turns":1.0},{"damage":0.0,"enemies":"Snecko","floor":27.0,"turns":1.0},{"damage":0.0,"enemies":"Gremlin Leader","floor":28.0,"turns":1.0},{"damage":0.0,"enemies":"Slavers","floor":29.0,"turns":1.0},{"damage":0.0,"enemies":"Book of Stabbing","floor":31.0,"turns":1.0},{"damage":0.0,"enemies":"Collector","floor":33.0,"turns":1.0},{"damage":0.0,"enemies":"3 Darklings","floor":35.0,"turns":1.0},{"damage":0.0,"enemies":"Orb Walker","floor":36.0,"turns":1.0},{"damage":0.0,"enemies":"Sphere and 2 Shapes","floor":37.0,"turns":1.0},{"damage":7.0,"enemies":"4 Shapes","floor":38.0,"turns":1.0},{"damage":0.0,"enemies":"Maw","floor":39.0,"turns":1.0},{"damage":0.0,"enemies":"3 Darklings","floor":41.0,"turns":1.0},{"damage":7.0,"enemies":"4 Shapes","floor":42.0,"turns":1.0},{"damage":0.0,"enemies":"Transient","floor":44.0,"turns":1.0},{"damage":0.0,"enemies":"Writhing Mass","floor":45.0,"turns":1.0},{"damage":0.0,"enemies":"Sphere and 2 Shapes","floor":48.0,"turns":1.0},{"damage":0,"enemies":"Awakened One","floor":50,"turns":2},{"damage":0,"enemies":"Time Eater","floor":51,"turns":1},{"damage":0,"enemies":"Shield and Spear","floor":55,"turns":1},{"damage":6,"enemies":"The Heart","floor":56,"turns":6}],"seed_played":"818696784395674522","potions_obtained":[{"floor":6.0,"key":"HeartOfIron"},{"floor":7.0,"key":"Ancient Potion"}],"is_trial":false,"path_per_floor":["M","M","M","M","?","E","M","M","T","M","E","R","E","E","R","B",null,"M","$","M","?","$","E","R","?","T","M","E","E","$","E","R","B",null,"M","M","M","M","M","R","M","M","T","M","M","R","?","M","R","B","B",null,"R","$","E","B",null],"character_chosen":"IRONCLAD","items_purchased":["DollysMirror","Frozen Egg 2","Oddly Smooth Stone","Strange Spoon"],"campfire_rested":7,"item_purchase_floors":[22,30,54,54],"current_hp_per_floor":[74,75,75,75,75,75,75,75,75,75,75,75,75,75,75,75,75,75,75,75,75,75,75,75,75,75,75,75,75,75,75,75,75,75,75,75,75,74,75,75,75,74,74,75,75,75,75,75,75,75,75,75,75,75,75,75],"gold":95,"neow_bonus":"THREE_ENEMY_KILL","is_daily":false,"chose_seed":false,"campfire_upgraded":0,"win_rate":0.0,"timestamp":1609099009,"path_taken":["M","?","M","M","?","E","M","?","T","M","E","R","E","E","R","BOSS","M","$","M","?","$","E","R","?","T","M","E","E","$","E","R","BOSS","M","M","M","M","M","R","M","M","T","M","?","R","?","M","R","BOSS","BOSS","R","$","E","BOSS"],"items_purchased_type":["Relic","Relic","Relic","Relic"],"build_version":"2020-12-22","purchased_purges":1,"victory":true,"max_hp_per_floor":[75,75,75,75,75,75,75,75,75,75,75,75,75,75,75,75,75,75,75,75,75,75,75,75,75,75,75,75,75,75,75,75,75,75,75,75,75,75,75,75,75,75,75,75,75,75,75,75,75,75,75,75,75,75,75,75],"relic_stats":{"Strange Spoon":[7],"Nunchaku":[3],"Happy Flower":[9],"counters":[35,40],"Ornamental Fan":[0],"Bird Faced Urn":[0],"Prayer Wheel":16,"Bag of Preparation":[26],"Cursed Key":2,"obtain_stats":[{"NeowsBlessing":0,"Happy Flower":14,"Spirit Poop":47,"Oddly Smooth Stone":54,"The Courier":13,"Bag of Preparation":18,"Frozen Egg 2":30,"Cursed Key":17,"Burning Blood":0,"Akabeko":28,"Mercury Hourglass":55,"Strange Spoon":54,"Bottled Flame":3,"Nunchaku":9,"Anchor":11,"HornCleat":43,"DollysMirror":22,"Ornamental Fan":31,"Bird Faced Urn":29,"Prayer Wheel":6,"Philosopher\u0027s Stone":34,"WingedGreaves":4,"Bag of Marbles":18,"FossilizedHelix":23},{"NeowsBlessing":0,"Happy Flower":12,"Spirit Poop":30,"Oddly Smooth Stone":33,"The Courier":11,"Bag of Preparation":14,"Frozen Egg 2":19,"Cursed Key":13,"Burning Blood":0,"Akabeko":18,"Mercury Hourglass":34,"Strange Spoon":33,"Bottled Flame":4,"Nunchaku":8,"Anchor":10,"HornCleat":28,"DollysMirror":15,"Ornamental Fan":20,"Bird Faced Urn":19,"Prayer Wheel":6,"Philosopher\u0027s Stone":21,"WingedGreaves":5,"Bag of Marbles":14,"FossilizedHelix":16},{"NeowsBlessing":0,"Happy Flower":11,"Spirit Poop":29,"Oddly Smooth Stone":33,"The Courier":10,"Bag of Preparation":13,"Frozen Egg 2":18,"Cursed Key":12,"Burning Blood":0,"Akabeko":17,"Mercury Hourglass":34,"Strange Spoon":33,"Bottled Flame":3,"Nunchaku":7,"Anchor":9,"HornCleat":27,"DollysMirror":14,"Ornamental Fan":19,"Bird Faced Urn":18,"Prayer Wheel":5,"Philosopher\u0027s Stone":20,"WingedGreaves":4,"Bag of Marbles":13,"FossilizedHelix":15}],"Burning Blood":27,"Mercury Hourglass":[18]},"card_choices":[{"not_picked":["Perfected Strike","Sword Boomerang"],"picked":"Pommel Strike","floor":1.0},{"not_picked":["Wild Strike","Pommel Strike","Flex"],"picked":"SKIP","floor":2.0},{"not_picked":["Thunderclap","Shockwave","Havoc"],"picked":"SKIP","floor":3.0},{"not_picked":["Hemokinesis","Dropkick","Second Wind"],"picked":"SKIP","floor":4.0},{"not_picked":["Cleave","Intimidate","Sentinel"],"picked":"SKIP","floor":6.0},{"not_picked":["Dark Embrace","Thunderclap","Impervious"],"picked":"SKIP","floor":7.0},{"not_picked":["Sentinel","Heavy Blade","Flex"],"picked":"SKIP","floor":7.0},{"not_picked":["Heavy Blade","Power Through","Hemokinesis"],"picked":"SKIP","floor":8.0},{"not_picked":["Twin Strike","Clash","Second Wind"],"picked":"SKIP","floor":8.0},{"not_picked":["Warcry","Perfected Strike","Iron Wave"],"picked":"SKIP","floor":10.0},{"not_picked":["Rampage","Intimidate","Sever Soul"],"picked":"SKIP","floor":10.0},{"not_picked":["Body Slam","Sentinel","Intimidate"],"picked":"SKIP","floor":11.0},{"not_picked":["Body Slam","Thunderclap","Anger"],"picked":"SKIP","floor":13.0},{"not_picked":["Thunderclap","Havoc","Seeing Red"],"picked":"SKIP","floor":14.0},{"not_picked":["Rampage","Perfected Strike","Cleave"],"picked":"SKIP","floor":18.0},{"not_picked":["Perfected Strike","Warcry","Clothesline"],"picked":"SKIP","floor":18.0},{"not_picked":["Armaments","Sword Boomerang","Inflame"],"picked":"SKIP","floor":20.0},{"not_picked":["True Grit","Hemokinesis","Shockwave"],"picked":"SKIP","floor":20.0},{"not_picked":["Dual Wield","Barricade","Perfected Strike"],"picked":"SKIP","floor":23.0},{"not_picked":["Body Slam","Fire Breathing","Iron Wave"],"picked":"SKIP","floor":27.0},{"not_picked":["Flex","Sword Boomerang","Cleave"],"picked":"SKIP","floor":27.0},{"not_picked":["Warcry","Infernal Blade","Rampage"],"picked":"SKIP","floor":28.0},{"not_picked":["Entrench","Warcry+1","Reckless Charge+1"],"picked":"SKIP","floor":29.0},{"not_picked":["Berserk+1","Pummel","Perfected Strike"],"picked":"SKIP","floor":31.0},{"not_picked":["Hemokinesis","Cleave+1","Reckless Charge"],"picked":"SKIP","floor":35.0},{"not_picked":["Body Slam","Disarm","Perfected Strike"],"picked":"SKIP","floor":35.0},{"not_picked":["Evolve+1","Whirlwind","Cleave"],"picked":"SKIP","floor":36.0},{"not_picked":["Clash","Warcry","Blood for Blood"],"picked":"SKIP","floor":36.0},{"not_picked":["Shrug It Off","Pummel","Entrench"],"picked":"SKIP","floor":37.0},{"not_picked":["Dark Embrace+1","Heavy Blade","Flame Barrier"],"picked":"SKIP","floor":37.0},{"not_picked":["Headbutt","Anger","Wild Strike"],"picked":"SKIP","floor":38.0},{"not_picked":["Double Tap","Sword Boomerang+1","Clothesline"],"picked":"SKIP","floor":38.0},{"not_picked":["Armaments","Sword Boomerang+1","Warcry"],"picked":"SKIP","floor":39.0},{"not_picked":["Pummel+1","Pommel Strike","Anger"],"picked":"SKIP","floor":39.0},{"not_picked":["Sword Boomerang+1","Body Slam","Cleave"],"picked":"SKIP","floor":41.0},{"not_picked":["Reaper","Second Wind+1","Iron Wave+1"],"picked":"SKIP","floor":41.0},{"not_picked":["Shrug It Off","Battle Trance","Armaments+1"],"picked":"SKIP","floor":42.0},{"not_picked":["Dropkick","Seeing Red","Flex"],"picked":"SKIP","floor":42.0},{"not_picked":["Dropkick","Thunderclap+1","Second Wind"],"picked":"SKIP","floor":44.0},{"not_picked":["Disarm+1","Warcry+1","Sword Boomerang+1"],"picked":"SKIP","floor":44.0},{"not_picked":["Bloodletting","Armaments","Rage"],"picked":"SKIP","floor":45.0},{"not_picked":["Blood for Blood","Intimidate+1","Twin Strike"],"picked":"SKIP","floor":45.0},{"not_picked":["Ghostly Armor","Sword Boomerang","Shrug It Off"],"picked":"SKIP","floor":48.0},{"not_picked":["Pummel","Iron Wave","Perfected Strike"],"picked":"SKIP","floor":48.0},{"not_picked":["Sever Soul+1","Brutality+1"],"picked":"Battle Trance+1","floor":55}],"player_experience":309139,"relics_obtained":[{"floor":6.0,"key":"Prayer Wheel"},{"floor":9.0,"key":"Nunchaku"},{"floor":11.0,"key":"Anchor"},{"floor":13.0,"key":"The Courier"},{"floor":14.0,"key":"Happy Flower"},{"floor":23.0,"key":"FossilizedHelix"},{"floor":28.0,"key":"Akabeko"},{"floor":29.0,"key":"Bird Faced Urn"},{"floor":31.0,"key":"Ornamental Fan"},{"floor":43.0,"key":"HornCleat"},{"floor":55,"key":"Mercury Hourglass"}],"event_choices":[{"damage_healed":0.0,"max_hp_gain":0.0,"max_hp_loss":0.0,"gold_gain":0.0,"event_name":"Purifier","player_choice":"Ignored","floor":5.0,"gold_loss":0.0,"damage_taken":0.0},{"damage_healed":0.0,"max_hp_gain":0.0,"max_hp_loss":0.0,"gold_gain":0.0,"event_name":"Ghosts","player_choice":"Ignored","floor":21.0,"gold_loss":0.0,"damage_taken":0.0},{"damage_healed":0.0,"max_hp_gain":0.0,"max_hp_loss":0.0,"gold_gain":0.0,"event_name":"Accursed Blacksmith","player_choice":"Ignored","floor":25.0,"gold_loss":0.0,"damage_taken":0.0},{"cards_removed":["Writhe"],"damage_healed":0.0,"max_hp_gain":0.0,"max_hp_loss":0.0,"gold_gain":0.0,"event_name":"Bonfire Elementals","player_choice":"Offered Curse","floor":47.0,"gold_loss":0.0,"damage_taken":0.0,"relics_obtained":["Spirit Poop"]}],"is_beta":false,"boss_relics":[{"not_picked":["Black Blood","Velvet Choker"],"picked":"Cursed Key"},{"not_picked":["Runic Cube","Runic Dome"],"picked":"Philosopher\u0027s Stone"}],"items_purged_floors":[30],"is_endless":false,"potions_floor_spawned":[6,7,10,13,14,18,29,31,33,35,38,41,42,55],"ascension_level":20}}