{"host":"851hhqouejqwzba1","time":1609063501,"event":{"mods":["BaseMod","Minty Spire (QoL Compilation)","Permanent Neow","Shop Mod","StSLib","óô»ðÖ¸ÄÏ"],"gold_per_floor":[118,118,138,138,63,63,73,73,73,92,111,111,136,36,36,139,139,149,149,149,159,34,34,34,34],"floor_reached":24,"playtime":1060,"items_purged":["Strike_G","Defend_G","Writhe"],"score":318,"play_id":"d32a2098-d963-48be-b906-65a155ce9628","local_time":"20201227180501","is_ascension_mode":true,"campfire_choices":[{"data":"Dagger Spray","floor":6.0,"key":"SMITH"},{"data":"Backflip","floor":8.0,"key":"SMITH"},{"data":"Bane","floor":12.0,"key":"SMITH"},{"data":"Neutralize","floor":15.0,"key":"SMITH"}],"circlet_count":0,"master_deck":["Defend_G","Defend_G","Survivor","Neutralize+1","Deadly Poison+1","Skewer+1","Bane+1","Dagger Spray+1","Backflip+1","Acrobatics","Expertise","Prepared","Die Die Die","Dagger Spray","Flying Knee"],"relics":["Astrolabe","Letter Opener","Toy Ornithopter","Runic Pyramid","Oddly Smooth Stone"],"acts_visited":["Exordium","TheCity"],"potions_floor_usage":[],"damage_taken":[{"damage":0.0,"enemies":"Jaw Worm","floor":1.0,"turns":4.0},{"damage":0.0,"enemies":"Cultist","floor":3.0,"turns":3.0},{"damage":0.0,"enemies":"2 Louse","floor":7.0,"turns":2.0},{"damage":3.0,"enemies":"Looter","floor":10.0,"turns":3.0},{"damage":7.0,"enemies":"Exordium Wildlife","floor":11.0,"turns":3.0},{"damage":0.0,"enemies":"Gremlin Nob","floor":13.0,"turns":3.0},{"damage":28.0,"enemies":"The Guardian","floor":16.0,"turns":9.0},{"damage":13.0,"enemies":"Spheric Guardian","floor":18.0,"turns":4.0},{"damage":15.0,"enemies":"2 Thieves","floor":21.0,"turns":3.0},{"damage":41,"enemies":"Slavers","floor":24,"turns":2}],"seed_played":"3804579757375236929","potions_obtained":[{"floor":1.0,"key":"Poison Potion"},{"floor":11.0,"key":"SteroidPotion"},{"floor":16.0,"key":"Explosive Potion"},{"floor":21.0,"key":"Block Potion"}],"is_trial":false,"path_per_floor":["M","?","M","?","$","R","M","R","T","M","M","R","E","$","R","B",null,"M","?","?","M","$","?","E"],"character_chosen":"THE_SILENT","items_purchased":[],"campfire_rested":0,"item_purchase_floors":[],"current_hp_per_floor":[63,63,63,68,68,68,68,68,68,65,58,58,58,58,58,30,64,51,51,51,41,41,41,0,0],"gold":34,"neow_bonus":"BOSS_RELIC","is_daily":false,"chose_seed":false,"campfire_upgraded":4,"win_rate":0.0,"timestamp":1609063501,"path_taken":["M","?","?","?","$","R","M","R","T","M","M","R","E","$","R","BOSS","M","?","?","M","$","?","E"],"items_purchased_type":[],"build_version":"2020-12-22","purchased_purges":3,"victory":false,"max_hp_per_floor":[70,70,70,75,75,75,75,75,75,75,75,75,75,75,75,75,75,75,75,75,75,75,75,75,75],"card_choices":[{"not_picked":["Eviscerate","Quick Slash"],"picked":"Bane","floor":1.0},{"not_picked":["Deadly Poison","Setup"],"picked":"Dagger Spray","floor":3.0},{"not_picked":["Leg Sweep","Outmaneuver"],"picked":"Backflip","floor":7.0},{"not_picked":["Dagger Spray","Choke"],"picked":"Acrobatics","floor":10.0},{"not_picked":["Acrobatics","Prepared"],"picked":"Expertise","floor":11.0},{"not_picked":["Dodge and Roll","Dagger Spray"],"picked":"Prepared","floor":13.0},{"not_picked":["Dagger Throw","Choke","Blade Dance"],"picked":"SKIP","floor":18.0},{"not_picked":["Bane","Bouncing Flask+1","Sucker Punch"],"picked":"SKIP","floor":21.0}],"player_experience":364620,"relics_obtained":[{"floor":9.0,"key":"Letter Opener"},{"floor":13.0,"key":"Toy Ornithopter"}],"event_choices":[{"cards_removed":["Defend_G"],"damage_healed":0.0,"max_hp_gain":0.0,"max_hp_loss":0.0,"gold_gain":0.0,"event_name":"Purifier","player_choice":"Purged","floor":2.0,"gold_loss":0.0,"damage_taken":0.0},{"damage_healed":0.0,"max_hp_gain":5.0,"max_hp_loss":0.0,"gold_gain":0.0,"event_name":"Big Fish","player_choice":"Donut","floor":4.0,"gold_loss":0.0,"damage_taken":0.0},{"damage_healed":0.0,"max_hp_gain":0.0,"max_hp_loss":0.0,"gold_gain":0.0,"cards_transformed":["Defend_G","Strike_G"],"event_name":"Drug Dealer","player_choice":"Became Test Subject","floor":19.0,"gold_loss":0.0,"damage_taken":0.0,"cards_obtained":["Die Die Die","Dagger Spray"]},{"damage_healed":0.0,"max_hp_gain":0.0,"max_hp_loss":0.0,"gold_gain":0.0,"event_name":"The Mausoleum","player_choice":"Opened","floor":20.0,"gold_loss":0.0,"damage_taken":0.0,"relics_obtained":["Oddly Smooth Stone"],"cards_obtained":["Writhe"]},{"damage_healed":0,"gold_gain":0,"cards_transformed":["A Thousand Cuts"],"player_choice":"Transformed","damage_taken":0,"max_hp_gain":0,"max_hp_loss":0,"event_name":"Transmorgrifier","floor":23,"gold_loss":0,"cards_obtained":["Flying Knee"]}],"is_beta":false,"boss_relics":[{"not_picked":["Runic Dome","Fusion Hammer"],"picked":"Runic Pyramid"}],"items_purged_floors":[5,14,22],"is_endless":false,"potions_floor_spawned":[1,11,16,21],"killed_by":"Slavers","ascension_level":9}}