{"host":"daa8jqyg4gqfaysm","time":1609091856,"event":{"mods":["BaseMod","Colored Powertips","Minty Spire (QoL Compilation)","StSLib"],"gold_per_floor":[119,119,135,145,158,158,193,193,193,193,206,30,30,355,355,430,430,440,177,177,177,177,177],"floor_reached":22,"playtime":410,"items_purged":["Strike_B","Defend_B"],"score":384,"play_id":"83252b39-6b6f-4fcd-af4a-056061749397","local_time":"20201228015736","is_ascension_mode":true,"campfire_choices":[{"data":"Go for the Eyes","floor":6,"key":"SMITH"},{"data":"Rip and Tear","floor":8,"key":"SMITH"},{"data":"Panacea","floor":13,"key":"SMITH"},{"data":"Reinforced Body","floor":15,"key":"SMITH"}],"circlet_count":0,"master_deck":["AscendersBane","Defend_B+1","Defend_B","Defend_B+1","Zap","Dualcast","Rip and Tear+1","Ball Lightning","Go for the Eyes+1","Rebound","Sweeping Beam","Steam","Panacea+1","Reinforced Body+1","Machine Learning","Beam Cell+1"],"relics":["Cracked Core","NeowsBlessing","War Paint","Kunai","Old Coin","Empty Cage","Sling","MutagenicStrength"],"acts_visited":["Exordium","TheCity"],"potions_floor_usage":[7],"damage_taken":[{"damage":0,"enemies":"Cultist","floor":1,"turns":1},{"damage":0,"enemies":"2 Louse","floor":3,"turns":1},{"damage":0,"enemies":"Jaw Worm","floor":4,"turns":1},{"damage":15,"enemies":"Large Slime","floor":5,"turns":5},{"damage":8,"enemies":"Gremlin Nob","floor":7,"turns":3},{"damage":5,"enemies":"Blue Slaver","floor":11,"turns":2},{"damage":21,"enemies":"3 Sentries","floor":14,"turns":4},{"damage":23,"enemies":"Slime Boss","floor":16,"turns":8},{"damage":19,"enemies":"Chosen","floor":18,"turns":5},{"damage":16,"enemies":"3 Byrds","floor":22,"turns":2}],"seed_played":"1075625409629982189","potions_obtained":[{"floor":1,"key":"FocusPotion"},{"floor":4,"key":"PowerPotion"},{"floor":14,"key":"Ancient Potion"}],"is_trial":false,"path_per_floor":["M","?","M","M","M","R","E","R","T","?","M","$","R","E","R","B",null,"M","$","?","?","M"],"character_chosen":"DEFECT","items_purchased":["Panacea","Sling"],"campfire_rested":0,"item_purchase_floors":[12,19],"current_hp_per_floor":[64,57,57,57,42,42,34,34,34,57,52,52,52,31,31,8,55,36,36,36,16,0,0],"gold":177,"neow_bonus":"THREE_ENEMY_KILL","is_daily":false,"chose_seed":false,"campfire_upgraded":4,"win_rate":0.0,"timestamp":1609091856,"path_taken":["M","?","M","M","M","R","E","R","T","?","M","?","R","E","R","BOSS","M","$","?","?","M"],"items_purchased_type":["Card","Relic"],"build_version":"2020-12-22","purchased_purges":2,"victory":false,"max_hp_per_floor":[71,71,71,71,71,71,71,71,71,71,71,71,71,71,71,71,71,71,71,71,76,76,76],"card_choices":[{"not_picked":["Turbo","Streamline"],"picked":"Rip and Tear","floor":1},{"not_picked":["Capacitor","Redo"],"picked":"Ball Lightning","floor":3},{"not_picked":["Double Energy","Defragment"],"picked":"Go for the Eyes","floor":4},{"not_picked":["Recycle","Streamline"],"picked":"Rebound","floor":5},{"not_picked":["Leap","Stack"],"picked":"Sweeping Beam","floor":7},{"not_picked":["Sweeping Beam","Static Discharge"],"picked":"Steam","floor":11},{"not_picked":["Multi-Cast","Steam"],"picked":"Reinforced Body","floor":14},{"not_picked":["All For One","Echo Form"],"picked":"Machine Learning","floor":16},{"not_picked":["Leap","Defragment"],"picked":"Beam Cell+1","floor":18}],"player_experience":742918,"relics_obtained":[{"floor":7,"key":"War Paint"},{"floor":9,"key":"Kunai"},{"floor":14,"key":"Old Coin"}],"event_choices":[{"cards_removed":["Strike_B"],"damage_healed":0,"gold_gain":0,"player_choice":"Card Removal","damage_taken":7,"max_hp_gain":0,"max_hp_loss":0,"event_name":"Golden Wing","floor":2,"gold_loss":0},{"damage_healed":23,"gold_gain":0,"player_choice":"Banana","damage_taken":0,"max_hp_gain":0,"max_hp_loss":0,"event_name":"Big Fish","floor":10,"gold_loss":0},{"damage_healed":0,"gold_gain":0,"player_choice":"Inject Mutagens","damage_taken":0,"relics_obtained":["MutagenicStrength"],"max_hp_gain":0,"max_hp_loss":0,"event_name":"Drug Dealer","floor":20,"gold_loss":0},{"damage_healed":0,"gold_gain":0,"player_choice":"Shed Blood","damage_taken":25,"max_hp_gain":5,"max_hp_loss":0,"event_name":"Forgotten Altar","floor":21,"gold_loss":0}],"is_beta":false,"boss_relics":[{"not_picked":["Ectoplasm","Tiny House"],"picked":"Empty Cage"}],"items_purged_floors":[12,19],"is_endless":false,"potions_floor_spawned":[1,4,14],"killed_by":"3 Byrds","ascension_level":20}}