{"host":"f5gffvlv6a66yqkd","time":1609069062,"event":{"mods":["2.2 Compatiblity","BaseMod","Colored Map","DeckTracker","Keyboard Shortcuts","Minty Spire (QoL Compilation)","Permanent Neow","Quick Restart","Relic Stats","StSLib","SuperFastMode"],"gold_per_floor":[16,31,41,116,116,116,147,147,225,236,247,267,192,210,210,283,283,296,312,159,209,221,221,251,251,251,266,266,266,98,123,123,123,123],"floor_reached":33,"playtime":928,"items_purged":["Strike_P"],"score":574,"play_id":"f9c87b10-5cff-4e1a-b962-260c9dfebd2e","local_time":"20201227203742","is_ascension_mode":true,"campfire_choices":[{"data":"Wallop","floor":6.0,"key":"SMITH"},{"data":"CrushJoints","floor":8.0,"key":"SMITH"},{"data":"MentalFortress","floor":15.0,"key":"SMITH"},{"floor":23.0,"key":"REST"},{"data":"Scrawl","floor":25,"key":"SMITH"},{"floor":29,"key":"REST"},{"floor":32,"key":"REST"}],"circlet_count":0,"master_deck":["AscendersBane","Strike_P","Strike_P","Defend_P","Defend_P","Defend_P","Defend_P","Eruption+1","Vigilance","Master of Strategy","Wallop+1","Consecrate","CrushJoints+1","FearNoEvil","MentalFortress+1","Scrawl+1","Tantrum"],"relics":["PureWater","Art of War","Question Card","Busted Crown","Regal Pillow","InkBottle","TheAbacus","CeramicFish"],"acts_visited":["Exordium","TheCity"],"potions_floor_usage":[24,24,33],"damage_taken":[{"damage":7.0,"enemies":"Small Slimes","floor":1.0,"turns":4.0},{"damage":0.0,"enemies":"Jaw Worm","floor":2.0,"turns":4.0},{"damage":0.0,"enemies":"Cultist","floor":3.0,"turns":2.0},{"damage":17.0,"enemies":"Lagavulin","floor":7.0,"turns":8.0},{"damage":6.0,"enemies":"Looter","floor":10.0,"turns":2.0},{"damage":2.0,"enemies":"3 Louse","floor":11.0,"turns":2.0},{"damage":0.0,"enemies":"Red Slaver","floor":12.0,"turns":2.0},{"damage":0.0,"enemies":"Large Slime","floor":14.0,"turns":2.0},{"damage":17.0,"enemies":"Hexaghost","floor":16.0,"turns":11.0},{"damage":11.0,"enemies":"Chosen","floor":18.0,"turns":5.0},{"damage":12.0,"enemies":"Shell Parasite","floor":19.0,"turns":3.0},{"damage":22.0,"enemies":"Shelled Parasite and Fungi","floor":22.0,"turns":3.0},{"damage":5,"enemies":"Slavers","floor":24,"turns":4},{"damage":0,"enemies":"Snecko","floor":27,"turns":4},{"damage":24,"enemies":"Gremlin Leader","floor":31,"turns":4},{"damage":53,"enemies":"Automaton","floor":33,"turns":8}],"seed_played":"813781804972243284","potions_obtained":[{"floor":1.0,"key":"GamblersBrew"},{"floor":7.0,"key":"AttackPotion"},{"floor":12.0,"key":"Explosive Potion"},{"floor":27,"key":"LiquidMemories"}],"is_trial":false,"path_per_floor":["M","M","M","?","?","R","E","R","T","M","M","M","?","M","R","B",null,"M","M","$","?","M","R","E","R","T","M","?","R","$","E","R","B"],"character_chosen":"WATCHER","items_purchased":["StancePotion","TheAbacus"],"campfire_rested":3,"item_purchase_floors":[20,30],"current_hp_per_floor":[54,54,54,43,43,43,26,26,26,20,18,18,18,18,18,1,51,40,28,28,28,6,26,21,21,21,21,2,38,38,14,50,0,0],"gold":123,"neow_bonus":"RANDOM_COLORLESS_2","is_daily":false,"chose_seed":false,"campfire_upgraded":4,"win_rate":0.0,"timestamp":1609069062,"path_taken":["M","M","M","?","?","R","E","R","T","M","M","?","?","M","R","BOSS","M","M","$","?","?","R","E","R","T","M","?","R","$","E","R","BOSS"],"items_purchased_type":["Potion","Relic"],"build_version":"2020-12-22","purchased_purges":1,"victory":false,"max_hp_per_floor":[68,68,68,68,68,68,68,68,68,68,68,68,68,68,68,68,68,68,68,68,68,68,68,68,68,68,68,73,73,73,73,73,73,73],"relic_stats":{"Regal Pillow":30,"Busted Crown":12,"TheAbacus":[36],"counters":[16,68],"CeramicFish":0,"Art of War":[1],"Question Card":12,"obtain_stats":[{"Regal Pillow":24,"Busted Crown":17,"TheAbacus":30,"CeramicFish":31,"Art of War":7,"PureWater":0,"Question Card":9,"InkBottle":26},{"Regal Pillow":13,"Busted Crown":9,"TheAbacus":14,"CeramicFish":15,"Art of War":4,"PureWater":0,"Question Card":4,"InkBottle":13},{"Regal Pillow":52,"Busted Crown":37,"TheAbacus":56,"CeramicFish":60,"Art of War":18,"PureWater":0,"Question Card":18,"InkBottle":52}],"InkBottle":[7]},"card_choices":[{"not_picked":["Secret Weapon","Secret Technique"],"picked":"Master of Strategy","floor":0.0},{"not_picked":["Consecrate","CrushJoints"],"picked":"Wallop","floor":1.0},{"not_picked":["Evaluate","Fasting2","Study"],"picked":"SKIP","floor":2.0},{"not_picked":["ThirdEye","WaveOfTheHand"],"picked":"Consecrate","floor":3.0},{"not_picked":["Halt","SashWhip"],"picked":"CrushJoints","floor":7.0},{"not_picked":["Meditate","CutThroughFate","JustLucky","ClearTheMind"],"picked":"SKIP","floor":10.0},{"not_picked":["FlurryOfBlows","BattleHymn","Evaluate"],"picked":"FearNoEvil","floor":11.0},{"not_picked":["DeceiveReality","Sanctity","Swivel"],"picked":"MentalFortress","floor":12.0},{"not_picked":["BowlingBash","SignatureMove","CrushJoints","Evaluate"],"picked":"SKIP","floor":14.0},{"not_picked":["DevaForm","SpiritShield","ConjureBlade"],"picked":"Scrawl","floor":16.0},{"not_picked":["Consecrate","Protect+1"],"picked":"SKIP","floor":18.0},{"not_picked":["Worship"],"picked":"Tantrum","floor":19.0},{"not_picked":["Meditate","JustLucky"],"picked":"SKIP","floor":22.0},{"not_picked":["ThirdEye","Crescendo"],"picked":"SKIP","floor":24},{"not_picked":["SignatureMove","Crescendo+1"],"picked":"SKIP","floor":27},{"not_picked":["Worship","EmptyFist"],"picked":"SKIP","floor":31}],"player_experience":1495279,"relics_obtained":[{"floor":7.0,"key":"Art of War"},{"floor":9.0,"key":"Question Card"},{"floor":24,"key":"Regal Pillow"},{"floor":26,"key":"InkBottle"},{"floor":31,"key":"CeramicFish"}],"event_choices":[{"damage_healed":0.0,"max_hp_gain":0.0,"max_hp_loss":0.0,"gold_gain":75.0,"event_name":"World of Goop","player_choice":"Gather Gold","floor":4.0,"gold_loss":0.0,"damage_taken":11.0},{"damage_healed":0.0,"max_hp_gain":0.0,"max_hp_loss":0.0,"gold_gain":0.0,"event_name":"Accursed Blacksmith","player_choice":"Forge","floor":5.0,"gold_loss":0.0,"damage_taken":0.0,"cards_upgraded":["Eruption"]},{"cards_removed":["Strike_P"],"damage_healed":0.0,"max_hp_gain":0.0,"max_hp_loss":0.0,"gold_gain":0.0,"event_name":"The Cleric","player_choice":"Card Removal","floor":13.0,"gold_loss":75.0,"damage_taken":0.0},{"damage_healed":0.0,"max_hp_gain":0.0,"max_hp_loss":0.0,"gold_gain":100.0,"event_name":"The Joust","player_choice":"Bet on Murderer","floor":21.0,"gold_loss":50.0,"damage_taken":0.0},{"damage_healed":0,"gold_gain":0,"player_choice":"Shed Blood","damage_taken":24,"max_hp_gain":5,"max_hp_loss":0,"event_name":"Forgotten Altar","floor":28,"gold_loss":0}],"is_beta":false,"boss_relics":[{"not_picked":["Velvet Choker","Snecko Eye"],"picked":"Busted Crown"}],"items_purged_floors":[20],"is_endless":false,"potions_floor_spawned":[1,7,12,14,27],"killed_by":"Automaton","ascension_level":20}}