{"host":"l4he167voxkef95j","time":1609073400,"event":{"mods":["BaseMod","Infinite Spire","Minty Spire (QoL Compilation)","Rare Cards Sparkle","StSLib"],"gold_per_floor":[110,110,60,335,345,378,389,389,413,413,74,99,109,126,126,230,230,248,248,248,266,266,266,266,266,293,310,336,336,365,385,385,485,485,498,720,31,48,48,48,98,98,124,135,135,161,173,184,184,184],"floor_reached":51,"playtime":1222,"items_purged":[],"score":828,"play_id":"ae4e7310-290d-4583-9fab-a4ac174e6211","local_time":"20201227165000","is_ascension_mode":false,"campfire_choices":[{"floor":8,"key":"REST"},{"floor":10,"key":"REST"},{"floor":15,"key":"REST"},{"data":"infinitespire:FinalStrike","floor":23,"key":"SMITH"},{"floor":29,"key":"REST"},{"floor":32,"key":"REST"},{"data":"infinitespire:Fortify","floor":40,"key":"SMITH"},{"floor":42,"key":"REST"},{"data":"Barricade","floor":49,"key":"SMITH"}],"circlet_count":0,"master_deck":["Strike_R","Strike_R+1","Strike_R+1","Strike_R","Defend_R","Defend_R","Defend_R","Defend_R","Bash","Perfected Strike","Regret","Armaments","Flex","Berserk","Headbutt","Cleave","Inflame","Pommel Strike","Iron Wave","Wild Strike","Carnage","Reaper","Body Slam","infinitespire:Fortify+1","infinitespire:FinalStrike+1","Sword Boomerang","Inflame","Flex","Flex+1","Uppercut+1","Rampage+1","Infernal Blade","Barricade+1","Inflame","Heavy Blade+1","Trip","Thinking Ahead","Mind Blast","Clothesline+1","Inflame+1","Spot Weakness+1","Heavy Blade+1","Blood for Blood+1","Perfected Strike+1"],"relics":["Cracked Core","Lantern","infinitespire:Cubic Diamond","Dream Catcher","Nunchaku","Brimstone","Whetstone","infinitespire:PuzzleCube","Philosopher\u0027s Stone","Omamori","Strawberry","WarpedTongs","Pen Nib","Red Mask","Darkstone Periapt","infinitespire:Cupcake","Mummified Hand","Sling","Paper Frog","Thread and Needle","Red Skull","infinitespire:Satchel"],"acts_visited":["Exordium","TheCity","TheBeyond"],"potions_floor_usage":[12,16,16,16,33,33,50,50,50],"damage_taken":[{"damage":6,"enemies":"Jaw Worm","floor":1,"turns":2},{"damage":3,"enemies":"Small Slimes","floor":5,"turns":3},{"damage":41,"enemies":"Gremlin Nob","floor":6,"turns":5},{"damage":1,"enemies":"2 Louse","floor":7,"turns":3},{"damage":31,"enemies":"Lagavulin","floor":12,"turns":3},{"damage":28,"enemies":"Lots of Slimes","floor":13,"turns":3},{"damage":6,"enemies":"Red Slaver","floor":14,"turns":2},{"damage":40,"enemies":"Hexaghost","floor":16,"turns":4},{"damage":27,"enemies":"2 Thieves","floor":18,"turns":3},{"damage":0,"enemies":"Spheric Guardian","floor":21,"turns":2},{"damage":40,"enemies":"Shelled Parasite and Fungi","floor":27,"turns":3},{"damage":9,"enemies":"Masked Bandits","floor":28,"turns":3},{"damage":24,"enemies":"Book of Stabbing","floor":30,"turns":3},{"damage":20,"enemies":"3 Cultists","floor":31,"turns":4},{"damage":41,"enemies":"Collector","floor":33,"turns":6},{"damage":4,"enemies":"Orb Walker","floor":35,"turns":2},{"damage":9,"enemies":"3 Shapes","floor":38,"turns":2},{"damage":33,"enemies":"Mind Bloom Boss Battle","floor":41,"turns":3},{"damage":0,"enemies":"Sphere and 2 Shapes","floor":44,"turns":3},{"damage":16,"enemies":"Giant Head","floor":46,"turns":4},{"damage":0,"enemies":"Transient","floor":47,"turns":5},{"damage":2,"enemies":"Writhing Mass","floor":48,"turns":2},{"damage":75,"enemies":"Awakened One","floor":50,"turns":6}],"seed_played":"8144060630197220270","potions_obtained":[{"floor":6,"key":"Regen Potion"},{"floor":7,"key":"Strength Potion"},{"floor":13,"key":"SkillPotion"},{"floor":14,"key":"BlessingOfTheForge"},{"floor":28,"key":"FearPotion"},{"floor":31,"key":"Dexterity Potion"},{"floor":41,"key":"HeartOfIron"},{"floor":46,"key":"BloodPotion"},{"floor":48,"key":"SteroidPotion"}],"is_trial":false,"path_per_floor":["M","?","?","?","M","E","M","R","T","R","$","E","M","M","R","B",null,"M","AVR","?","M","?","R","T","?","T","M","?","R","E","M","R","B",null,"M","?","$","M","?","R","?","R","T","M","?","E","M","M","R","B",null],"character_chosen":"IRONCLAD","items_purchased":["Brimstone","Inflame","Whetstone","Mummified Hand","Sling","Paper Frog","Inflame"],"campfire_rested":6,"item_purchase_floors":[11,11,11,37,37,37,37],"current_hp_per_floor":[80,80,80,80,77,36,35,59,59,80,80,49,21,15,39,11,80,67,67,67,67,67,67,74,74,74,34,34,60,36,46,72,46,87,83,83,83,74,64,64,31,57,57,57,79,63,73,71,71,29],"gold":184,"neow_bonus":"RANDOM_COMMON_RELIC","is_daily":false,"chose_seed":false,"campfire_upgraded":3,"win_rate":0.0,"timestamp":1609073400,"path_taken":["M","?","?","?","?","E","M","R","T","R","$","E","M","M","R","BOSS","M","AVR","?","M","?","R","?","?","T","?","?","R","E","M","R","BOSS","M","?","$","M","?","R","?","R","T","?","?","E","M","M","R","BOSS"],"items_purchased_type":["Relic","Card","Relic","Relic","Relic","Relic","Card"],"build_version":"2020-12-22","purchased_purges":0,"victory":true,"max_hp_per_floor":[80,80,80,80,80,80,80,80,80,80,80,80,80,80,80,80,80,80,80,80,80,80,80,87,87,87,87,87,87,87,87,87,87,87,87,87,87,87,87,87,87,87,87,87,87,87,87,87,87,87],"card_choices":[{"not_picked":["Battle Trance","Sentinel"],"picked":"Perfected Strike","floor":1},{"not_picked":["Warcry","Havoc"],"picked":"Armaments","floor":5},{"not_picked":["Battle Trance","Body Slam"],"picked":"Flex","floor":6},{"not_picked":["Iron Wave","Feel No Pain"],"picked":"Berserk","floor":7},{"not_picked":["Sword Boomerang","Body Slam"],"picked":"Headbutt","floor":8},{"not_picked":["Hemokinesis","Heavy Blade"],"picked":"Cleave","floor":10},{"not_picked":["True Grit","Juggernaut"],"picked":"Pommel Strike","floor":12},{"not_picked":["Flame Barrier","Clothesline"],"picked":"Iron Wave","floor":13},{"not_picked":["Inflame","Armaments"],"picked":"Wild Strike","floor":14},{"not_picked":["Body Slam","Rupture"],"picked":"Carnage","floor":15},{"not_picked":["Juggernaut","Corruption"],"picked":"Reaper","floor":16},{"not_picked":["Shockwave","Rampage"],"picked":"Body Slam","floor":18},{"not_picked":["Clash","Fire Breathing"],"picked":"Sword Boomerang","floor":21},{"not_picked":["Sword Boomerang","Wild Strike"],"picked":"Inflame","floor":27},{"not_picked":["Power Through","Whirlwind"],"picked":"Flex","floor":28},{"not_picked":["Sword Boomerang","infinitespire:OneForAll"],"picked":"Flex+1","floor":29},{"not_picked":["Dropkick","Inflame"],"picked":"Uppercut+1","floor":30},{"not_picked":["Anger","Thunderclap"],"picked":"Rampage+1","floor":31},{"not_picked":["Perfected Strike","Body Slam+1"],"picked":"Infernal Blade","floor":32},{"not_picked":["Impervious","Fiend Fire"],"picked":"Barricade","floor":33},{"not_picked":["True Grit+1","Dual Wield","Headbutt+1"],"picked":"SKIP","floor":35},{"not_picked":["Second Wind+1","Body Slam+1"],"picked":"Heavy Blade+1","floor":38},{"not_picked":["Discovery","Blind"],"picked":"Trip","floor":39},{"not_picked":["Dark Shackles","Chrysalis"],"picked":"Thinking Ahead","floor":39},{"not_picked":["Secret Weapon","Trip"],"picked":"Mind Blast","floor":39},{"not_picked":["Pommel Strike","Rampage"],"picked":"Clothesline+1","floor":41},{"not_picked":["Intimidate","Flame Barrier"],"picked":"Inflame+1","floor":42},{"not_picked":["Clash","Anger"],"picked":"Spot Weakness+1","floor":44},{"not_picked":["Flex","Uppercut+1"],"picked":"Heavy Blade+1","floor":46},{"not_picked":["Thunderclap","True Grit+1"],"picked":"Blood for Blood+1","floor":47},{"not_picked":["Warcry","Iron Wave"],"picked":"Perfected Strike+1","floor":48}],"player_experience":170513,"relics_obtained":[{"floor":6,"key":"Dream Catcher"},{"floor":9,"key":"Nunchaku"},{"floor":12,"key":"infinitespire:PuzzleCube"},{"floor":24,"key":"Strawberry"},{"floor":26,"key":"Pen Nib"},{"floor":28,"key":"Red Mask"},{"floor":30,"key":"Darkstone Periapt"},{"floor":41,"key":"Thread and Needle"},{"floor":43,"key":"Red Skull"},{"floor":46,"key":"infinitespire:Satchel"}],"event_choices":[{"cards_removed":["Strike_R"],"damage_healed":0,"gold_gain":0,"player_choice":"Card Removal","damage_taken":0,"max_hp_gain":0,"max_hp_loss":0,"event_name":"The Cleric","floor":3,"gold_loss":50},{"damage_healed":0,"gold_gain":275,"player_choice":"Desecrate","damage_taken":0,"max_hp_gain":0,"max_hp_loss":0,"event_name":"Golden Shrine","floor":4,"gold_loss":0,"cards_obtained":["Regret"]},{"damage_healed":0,"gold_gain":0,"player_choice":"Ignored","damage_taken":0,"max_hp_gain":0,"max_hp_loss":0,"event_name":"Ghosts","floor":20,"gold_loss":0},{"damage_healed":0,"gold_gain":0,"player_choice":"Opened","damage_taken":0,"relics_obtained":["Omamori"],"max_hp_gain":0,"max_hp_loss":0,"event_name":"The Mausoleum","floor":22,"gold_loss":0},{"damage_healed":0,"gold_gain":0,"player_choice":"Rummage","damage_taken":0,"relics_obtained":["WarpedTongs"],"max_hp_gain":0,"max_hp_loss":0,"event_name":"Accursed Blacksmith","floor":25,"gold_loss":0,"cards_obtained":["Pain"]},{"damage_healed":0,"gold_gain":0,"player_choice":"Fought Bandits","damage_taken":0,"max_hp_gain":0,"max_hp_loss":0,"event_name":"Masked Bandits","floor":28,"gold_loss":0},{"damage_healed":0,"gold_gain":222,"player_choice":"Wore Mask","damage_taken":0,"max_hp_gain":0,"max_hp_loss":0,"event_name":"Tomb of Lord Red Mask","floor":36,"gold_loss":0},{"damage_healed":0,"gold_gain":0,"player_choice":"Memory 3","damage_taken":10,"max_hp_gain":0,"max_hp_loss":0,"event_name":"SensoryStone","floor":39,"gold_loss":0},{"damage_healed":0,"gold_gain":0,"player_choice":"Fight","damage_taken":0,"max_hp_gain":0,"max_hp_loss":0,"event_name":"MindBloom","floor":41,"gold_loss":0},{"damage_healed":22,"gold_gain":0,"player_choice":"Writhe","damage_taken":0,"max_hp_gain":0,"max_hp_loss":0,"event_name":"Winding Halls","floor":45,"gold_loss":0,"cards_obtained":["Writhe"]}],"is_beta":false,"boss_relics":[{"not_picked":["Runic Pyramid","Black Star"],"picked":"Philosopher\u0027s Stone"},{"not_picked":["SacredBark","Astrolabe"],"picked":"infinitespire:Cupcake"}],"items_purged_floors":[],"is_endless":false,"potions_floor_spawned":[6,7,13,14,28,31,41,46,48],"ascension_level":0}}