{"host":"sie9a4hoh1px9dme","time":1609075455,"event":{"mods":["Act Like it!","BaseMod","CapriCore","Energized Spire","Halation","Luminous","Minty Spire (QoL Compilation)","RemiliaÅiÂQïƒ‰ª?Åj","StSLib","The Administrix","The Immortal"],"gold_per_floor":[112,127,127,140,158,158,158,158,158],"floor_reached":8,"playtime":636,"items_purged":[],"score":50,"play_id":"bc2254f4-7a7b-4a0d-8589-c9503f053dd5","local_time":"20201227082415","is_ascension_mode":true,"campfire_choices":[{"data":"AdministrixMod:CastOffRegrets","floor":6,"key":"SMITH"}],"circlet_count":0,"master_deck":["AdministrixMod:Strike_Administrix","AdministrixMod:Strike_Administrix","AdministrixMod:Strike_Administrix","AdministrixMod:Strike_Administrix","AdministrixMod:RedCloak","AdministrixMod:Defend_Administrix","AdministrixMod:Defend_Administrix","AdministrixMod:Defend_Administrix","AdministrixMod:Defend_Administrix","AdministrixMod:BlueCloak","AdministrixMod:QuietConspiracy","AdministrixMod:CastOffRegrets+1","AdministrixMod:HiddenPower"],"relics":["AdministrixMod:ConductorRitualBaton","NeowsBlessing"],"acts_visited":["Exordium"],"potions_floor_usage":[8,8],"damage_taken":[{"damage":0,"enemies":"2 Louse","floor":1,"turns":1},{"damage":0,"enemies":"Cultist","floor":2,"turns":1},{"damage":0,"enemies":"Small Slimes","floor":4,"turns":1},{"damage":10,"enemies":"2 Fungi Beasts","floor":5,"turns":6},{"damage":28,"enemies":"Gremlin Nob","floor":8,"turns":6}],"seed_played":"-3272748387900582662","potions_obtained":[{"floor":2,"key":"Weak Potion"},{"floor":5,"key":"Block Potion"}],"is_trial":false,"path_per_floor":["M","M","?","M","M","R","?","E"],"character_chosen":"TheAdministrix","items_purchased":[],"campfire_rested":0,"item_purchase_floors":[],"current_hp_per_floor":[65,65,59,59,49,49,49,21,21],"gold":158,"neow_bonus":"THREE_ENEMY_KILL","is_daily":false,"chose_seed":false,"campfire_upgraded":1,"win_rate":0.0,"timestamp":1609075455,"path_taken":["M","M","?","M","?","R","?","E"],"items_purchased_type":[],"build_version":"2020-12-22","purchased_purges":0,"victory":false,"max_hp_per_floor":[65,65,65,65,65,65,65,65,65],"card_choices":[{"not_picked":["AdministrixMod:SipOfSparks","AdministrixMod:DiversionaryTactic"],"picked":"AdministrixMod:QuietConspiracy","floor":1},{"not_picked":["AdministrixMod:DiversionaryTactic","AdministrixMod:LightOfYourLife","AdministrixMod:FuneraryRites"],"picked":"SKIP","floor":2},{"not_picked":["AdministrixMod:CrackingPangu","AdministrixMod:Overdrive"],"picked":"AdministrixMod:CastOffRegrets","floor":4},{"not_picked":["AdministrixMod:Katabasis","AdministrixMod:FuneraryRites"],"picked":"AdministrixMod:HiddenPower","floor":5}],"player_experience":95781,"relics_obtained":[],"event_choices":[{"damage_healed":0,"gold_gain":0,"player_choice":"Damaged","damage_taken":6,"max_hp_gain":0,"max_hp_loss":0,"event_name":"Wheel of Change","floor":3,"gold_loss":0},{"damage_healed":0,"gold_gain":0,"player_choice":"Ignored","damage_taken":0,"max_hp_gain":0,"max_hp_loss":0,"event_name":"Liars Game","floor":7,"gold_loss":0}],"is_beta":false,"boss_relics":[],"items_purged_floors":[],"is_endless":false,"potions_floor_spawned":[2,5],"killed_by":"Gremlin Nob","ascension_level":1}}