{"host":"nptej036rrbiurf5","time":1609058744,"event":{"mods":["BaseMod","Colored Map","Colored Powertips","DeckTracker","Minty Spire (QoL Compilation)","StSLib","SuperFastMode"],"gold_per_floor":[17,27,40,56,56,56,56,21,21,21,37,37,37,50,50,50,50],"floor_reached":16,"playtime":422,"items_purged":[],"score":184,"play_id":"0152b18d-08ee-4169-a8a5-625fa6bd900b","local_time":"20201227174544","is_ascension_mode":true,"campfire_choices":[{"data":"Eruption","floor":7,"key":"SMITH"},{"floor":13,"key":"REST"},{"data":"Adaptation","floor":15,"key":"SMITH"}],"circlet_count":0,"master_deck":["AscendersBane","Strike_P","Strike_P","Strike_P","Defend_P","Defend_P+1","Defend_P","Eruption+1","Vigilance","Protect","Adaptation+1","Adaptation+1","CutThroughFate","EmptyBody","Crescendo","EmptyMind"],"relics":["PureWater","Golden Idol","The Courier"],"acts_visited":["Exordium"],"potions_floor_usage":[4,4,4,4,16],"damage_taken":[{"damage":5,"enemies":"Small Slimes","floor":1,"turns":3},{"damage":9,"enemies":"2 Louse","floor":2,"turns":3},{"damage":0,"enemies":"Jaw Worm","floor":3,"turns":5},{"damage":29,"enemies":"Gremlin Gang","floor":4,"turns":5},{"damage":0,"enemies":"2 Fungi Beasts","floor":11,"turns":4},{"damage":18,"enemies":"Exordium Wildlife","floor":14,"turns":6},{"damage":26,"enemies":"Slime Boss","floor":16,"turns":3}],"seed_played":"4017541763204924298","potions_obtained":[{"floor":1,"key":"PowerPotion"},{"floor":3,"key":"EntropicBrew"},{"floor":14,"key":"Block Potion"}],"is_trial":false,"path_per_floor":["M","M","M","M","?","?","R","?","T","?","M","$","R","M","R","B"],"character_chosen":"WATCHER","items_purchased":[],"campfire_rested":1,"item_purchase_floors":[],"current_hp_per_floor":[56,47,47,18,18,18,18,33,33,14,14,14,32,14,14,0,0],"gold":50,"neow_bonus":"TRANSFORM_TWO_CARDS","is_daily":false,"chose_seed":false,"campfire_upgraded":2,"win_rate":0.0,"timestamp":1609058744,"path_taken":["M","M","M","M","?","?","R","?","T","?","M","?","R","M","R","BOSS"],"items_purchased_type":[],"build_version":"2020-12-22","purchased_purges":0,"victory":false,"max_hp_per_floor":[68,68,68,68,62,62,62,62,62,62,62,62,62,62,62,62,62],"card_choices":[{"not_picked":["Meditate","Collect"],"picked":"Adaptation","floor":1},{"not_picked":["Fasting2","FollowUp"],"picked":"CutThroughFate","floor":2},{"not_picked":["Protect","EmptyMind"],"picked":"EmptyBody","floor":3},{"not_picked":["CutThroughFate","Crescendo","SignatureMove"],"picked":"SKIP","floor":4},{"not_picked":["CutThroughFate","SignatureMove"],"picked":"Crescendo","floor":4},{"not_picked":["ThirdEye","ClearTheMind"],"picked":"EmptyMind","floor":11},{"not_picked":["Crescendo","Study","LikeWater"],"picked":"SKIP","floor":14}],"player_experience":859949,"relics_obtained":[{"floor":9,"key":"The Courier"}],"event_choices":[{"damage_healed":0,"gold_gain":0,"player_choice":"Lose Max HP","damage_taken":0,"relics_obtained":["Golden Idol"],"max_hp_gain":0,"max_hp_loss":6,"event_name":"Golden Idol","floor":5,"gold_loss":0},{"damage_healed":0,"gold_gain":0,"player_choice":"Ignored","damage_taken":0,"max_hp_gain":0,"max_hp_loss":0,"event_name":"Liars Game","floor":6,"gold_loss":0},{"damage_healed":15,"gold_gain":0,"player_choice":"Healed","damage_taken":0,"max_hp_gain":0,"max_hp_loss":0,"event_name":"The Cleric","floor":8,"gold_loss":35},{"damage_healed":0,"gold_gain":0,"player_choice":"Entered Light","damage_taken":19,"max_hp_gain":0,"max_hp_loss":0,"event_name":"Shining Light","floor":10,"gold_loss":0,"cards_upgraded":["Defend_P","Adaptation"]}],"is_beta":false,"boss_relics":[],"items_purged_floors":[],"is_endless":false,"potions_floor_spawned":[1,3,14],"killed_by":"Slime Boss","ascension_level":20}}