{"host":"ba8fi0vd2808q8ml","time":1609066385,"event":{"mods":["2.2 Compatiblity","AchievementEnabler","BaseMod","Hermit","Lobotomy","LobotomyExtend","Marisa£¨Ùöéë¡¡Øª×âÞÞ£©","Minty Spire (QoL Compilation)","StSLib","SuperFastMode","Td1madao Mod","The Bug Knight","The Cursed","The Servant 0.9.4"],"gold_per_floor":[119,139,156,156,173,173,208,220,258,135,171,71,99,117,117,239,239,269,307,316,155,184,242,260,295,373,373,390,441,441,45,45,163,163,191,200,209,237,0,36,77,86,86,114,114,181,207,236,245,245,245,245,245,245],"floor_reached":55,"playtime":1523,"items_purged":["FourthMatchFlame","FourthMatchFlame","FourthMatchFlame","GreenStem","Horn"],"score":1197,"play_id":"713bc937-e2cd-4ea8-8624-253d1939e6a0","local_time":"20201227195305","daily_mods":["SealedDeck","Insanity"],"is_ascension_mode":false,"campfire_choices":[{"floor":42.0,"key":"REST"},{"floor":49.0,"key":"REST"}],"circlet_count":0,"master_deck":["Noise","Loneliness","ScreamingWedge","Noise","BlackSwan_ego","Galaxy","CUTE","CUTE","LifeForTheDareDevil","ScreamingWedge","WristCuter","TodaysExpression","Spore","Heaven","Tough","Amita","Horn","GrinderMk4","BlueScar","MagicBullet","Penitence","WristCuter","FeatherOfHonor","ScreamingWedge","RapturousDream","GrinderMk4","LifeForTheDareDevil","Loneliness","BearPaw","Galaxy","Noise","Penitence","Logging","TodaysExpression","Tough","Loneliness","Loneliness","Spore","Laetitia_ego","BlackSwan_ego","BlackSwan_ego","SomewhereSpear","BloodyDesire","ExtractionCode","InformationCode","TrainingCode","Heaven","Penitence","WristCuter","WristCuter+1","Galaxy","Spore","Penitence","ScreamingWedge","SolemnVow","SolemnVow","CrumblingArmor","Woodsman","BlueStar","WristCuter","GrinderMk4+1","SolemnVow","LongBird","WristCuter","Bloodbath","RedEyes","Justitia+1","Scorched","GrinderMk4+1","GreedKing","MHz","SoundOfStar+1","WristCuter+1","NothingThere","DisciplinaryCode","Adoration+1","QueenOfHatred","CrimsonScar+1","Amita+1","ShyLook","Hypocrisy+1","TheSmile+1","Rudolta","Twilight+1","Mercenary","Yin","SolemnVow+1","SolemnVow+1","Good Instincts+1","WristCuter+1","Justitia+1","WristCuter+1","TodaysExpression+1","Penitence+1","LittleHelper","TodaysExpression+1","QueenBee","InTheNameOfLoveAndHate+1","RecordCode","BearPaw+1","Scarecrow","CUTE+1","TodaysExpression+1"],"relics":["CogitoBucket","Regal Pillow","MawBank","CeramicFish","Ornamental Fan","SkinProphecy","Black Star","StrikeDummy","LuminousBracelet","Dream Catcher","Juzu Bracelet","Molten Egg 2","Whetstone","Frozen Egg 2","HornCleat","Fusion Hammer","AtMidnight","BackwardClock","Mercury Hourglass","Toy Ornithopter","HollowMod:LifeEnderRelic","CatCart","PreservedInsect","Yang_Lob"],"acts_visited":["Exordium","TheCity","TheBeyond"],"potions_floor_usage":[55,55,55],"damage_taken":[{"damage":0.0,"enemies":"Cultist","floor":1.0,"turns":3.0},{"damage":5.0,"enemies":"Jaw Worm","floor":2.0,"turns":2.0},{"damage":1.0,"enemies":"2 Louse","floor":3.0,"turns":2.0},{"damage":4.0,"enemies":"Looter","floor":5.0,"turns":2.0},{"damage":0.0,"enemies":"Lagavulin","floor":7.0,"turns":4.0},{"damage":6.0,"enemies":"3 Sentries","floor":11.0,"turns":3.0},{"damage":10.0,"enemies":"Large Slime","floor":13.0,"turns":2.0},{"damage":12.0,"enemies":"Lots of Slimes","floor":14.0,"turns":2.0},{"damage":32.0,"enemies":"Hexaghost","floor":16.0,"turns":4.0},{"damage":4.0,"enemies":"Chosen","floor":18.0,"turns":2.0},{"damage":0.0,"enemies":"2 Thieves","floor":19.0,"turns":1.0},{"damage":24.0,"enemies":"Centurion and Healer","floor":22.0,"turns":2.0},{"damage":5.0,"enemies":"HollowMod:Nosk","floor":23.0,"turns":3.0},{"damage":60.0,"enemies":"Snake Plant","floor":25.0,"turns":3.0},{"damage":9.0,"enemies":"Shelled Parasite and Fungi","floor":28.0,"turns":2.0},{"damage":14.0,"enemies":"Slavers","floor":29.0,"turns":2.0},{"damage":0.0,"enemies":"Collector","floor":33.0,"turns":2.0},{"damage":6.0,"enemies":"Orb Walker","floor":35.0,"turns":4.0},{"damage":5.0,"enemies":"3 Shapes","floor":38.0,"turns":2.0},{"damage":63.0,"enemies":"Reptomancer","floor":40.0,"turns":3.0},{"damage":11.0,"enemies":"3 Darklings","floor":41.0,"turns":2.0},{"damage":12.0,"enemies":"Spire Growth","floor":44.0,"turns":2.0},{"damage":28.0,"enemies":"Orin","floor":46.0,"turns":4.0},{"damage":13.0,"enemies":"Maw","floor":48.0,"turns":3.0},{"damage":8.0,"enemies":"Donu and Deca","floor":50.0,"turns":5.0},{"damage":0.0,"enemies":"Malkuth","floor":54.0,"turns":1.0},{"damage":24.0,"enemies":"Netzach","floor":54.0,"turns":2.0},{"damage":50.0,"enemies":"Chesed","floor":54.0,"turns":2.0},{"damage":78,"enemies":"Binah","floor":55,"turns":4},{"damage":196,"enemies":"Angela","floor":55,"turns":2}],"seed_played":"-8990437236580936320","potions_obtained":[{"floor":3.0,"key":"Block Potion"},{"floor":14.0,"key":"Explosive Potion"},{"floor":16.0,"key":"EssenceOfSteel"},{"floor":19.0,"key":"Block Potion"},{"floor":33.0,"key":"PowerPotion"},{"floor":38.0,"key":"DistilledChaos"}],"is_trial":true,"path_per_floor":["M","M","M","?","M","R","E","R","T","$","E","$","M","M","R","B",null,"M","M","?","$","M","E","?","M","T","?","M","E","R","$","R","B",null,"M","?","?","M","$","E","M","R","T","M","$","?","T","M","R","B",null,null,null,null,null,null],"character_chosen":"Angela","items_purchased":["SolemnVow","WristCuter+1","HornCleat","Justitia+1"],"campfire_rested":2,"item_purchase_floors":[10,21,31,39],"current_hp_per_floor":[70,65,64,61,63,63,69,69,69,69,70,70,70,76,76,50,82,84,94,94,94,87,111,111,70,70,70,102,137,137,137,137,143,143,151,151,151,153,153,127,135,161,161,155,155,168,168,175,175,178,178,178,178,161],"gold":245,"neow_bonus":"","is_daily":false,"chose_seed":false,"campfire_upgraded":0,"win_rate":0.0,"timestamp":1609066385,"path_taken":["M","M","M","?","M","R","E","R","T","$","E","$","M","M","R","BOSS","M","M","?","$","M","E","?","M","T","?","M","E","R","$","R","BOSS","M","?","?","M","$","E","M","R","T","M","$","?","?","M","R","BOSS"],"items_purchased_type":["Card","Card","Relic","Card"],"build_version":"2020-12-22","purchased_purges":5,"victory":true,"max_hp_per_floor":[70,70,70,70,70,70,70,70,70,70,70,70,70,76,76,82,82,88,94,94,94,117,123,123,129,129,129,131,137,137,137,137,143,143,151,151,151,153,153,155,161,161,161,167,167,169,169,175,175,179,179,179,179,185],"card_choices":[{"not_picked":["PunishingBird","VoidDream"],"picked":"CrumblingArmor","floor":1.0},{"not_picked":["GreenStem","FourthMatchFlame"],"picked":"SKIP","floor":1.0},{"not_picked":["FourthMatchFlame","Tough"],"picked":"SKIP","floor":2.0},{"not_picked":["DreamingCurrent","VoidDream"],"picked":"Woodsman","floor":3.0},{"not_picked":["Penitence","BlackSwan_ego"],"picked":"SKIP","floor":3.0},{"not_picked":["FairyFestival","VoidDream"],"picked":"BlueStar","floor":5.0},{"not_picked":["Tough","Ecstasy"],"picked":"WristCuter","floor":5.0},{"not_picked":["TodaysExpression","Loneliness"],"picked":"GrinderMk4","floor":7.0},{"not_picked":["OSAHOGD","UniverseFragment","VoidDream"],"picked":"Singing Bowl","floor":11.0},{"not_picked":["Rudolta","Murderer"],"picked":"LongBird","floor":11.0},{"not_picked":["Discord","Soda","CrimsonScar"],"picked":"SKIP","floor":11.0},{"not_picked":["BeautyBeast","Mercenary","WallGazer"],"picked":"Singing Bowl","floor":13.0},{"not_picked":["TodaysExpression","BlueScar"],"picked":"WristCuter","floor":13.0},{"not_picked":["BloodyDesire","BlueScar","Amita"],"picked":"SKIP","floor":13.0},{"not_picked":["SpiderBud","WallGazer"],"picked":"Bloodbath","floor":14.0},{"not_picked":["CherryBlossom","Tough"],"picked":"RedEyes","floor":14.0},{"not_picked":["TheSmile+1","CENSORED_ego+1"],"picked":"Justitia+1","floor":16.0},{"not_picked":["Scarecrow","Wellcheers","BeautyBeast"],"picked":"Singing Bowl","floor":16.0},{"not_picked":["BigBadWolf","MHz"],"picked":"Scorched","floor":16.0},{"not_picked":["CherryBlossom+1","TodaysExpression+1"],"picked":"GrinderMk4+1","floor":18.0},{"not_picked":["Wellcheers","LittleHelper"],"picked":"GreedKing","floor":18.0},{"not_picked":["Tough+1","Beak+1","Logging+1"],"picked":"SKIP","floor":18.0},{"not_picked":["MHz","CherryBlossoms","Murderer"],"picked":"Singing Bowl","floor":19.0},{"not_picked":["CherryBlossoms","HeroicMonk"],"picked":"MHz","floor":19.0},{"not_picked":["Penitence+1","TodaysExpression+1"],"picked":"SoundOfStar+1","floor":19.0},{"not_picked":["OSAHOGD","Scarecrow"],"picked":"NothingThere","floor":22.0},{"not_picked":["Wingbeat+1","CUTE+1","ShedSkin+1"],"picked":"SKIP","floor":22.0},{"not_picked":["CherryBlossom+1","RedEyes+1"],"picked":"Adoration+1","floor":23.0},{"not_picked":["LittleHelper","Murderer","Wellcheers"],"picked":"Singing Bowl","floor":23.0},{"not_picked":["UniverseFragment","CherryBlossoms"],"picked":"QueenOfHatred","floor":23.0},{"not_picked":["Freischutz","QueenBee"],"picked":"ShyLook","floor":25.0},{"not_picked":["RapturousDream+1","Penitence+1"],"picked":"Hypocrisy+1","floor":25.0},{"not_picked":["PunishingBird","Wellcheers","WhiteNight"],"picked":"Singing Bowl","floor":28.0},{"not_picked":["FrostShard+1","Regret_ego+1","Beak+1"],"picked":"SKIP","floor":28.0},{"not_picked":["Spore+1","CherryBlossom+1"],"picked":"TheSmile+1","floor":29.0},{"not_picked":["Wellcheers","DespairKnight","CENSORED"],"picked":"Singing Bowl","floor":29.0},{"not_picked":["BigBird","MeltingLove"],"picked":"Rudolta","floor":29.0},{"not_picked":["CENSORED_ego+1","DaCapo+1"],"picked":"Twilight+1","floor":33.0},{"not_picked":["NakedNest","SilentOrchestra","PunishingBird"],"picked":"Singing Bowl","floor":33.0},{"not_picked":["UniverseFragment","Wellcheers"],"picked":"Mercenary","floor":33.0},{"not_picked":["Funeral","Wellcheers"],"picked":"Yin","floor":35.0},{"not_picked":["BearPaw+1","Tough+1"],"picked":"SolemnVow+1","floor":35.0},{"not_picked":["RapturousDream+1","TodaysExpression+1","Loneliness+1"],"picked":"SKIP","floor":35.0},{"not_picked":["Deep Breath+1","Blind+1"],"picked":"Good Instincts+1","floor":37.0},{"not_picked":["FourthMatchFlame+1","TodaysExpression+1"],"picked":"WristCuter+1","floor":38.0},{"not_picked":["TodaysExpression+1","Penitence+1"],"picked":"WristCuter+1","floor":40.0},{"not_picked":["Wingbeat+1","WristCuter+1"],"picked":"TodaysExpression+1","floor":41.0},{"not_picked":["FrostShard+1","Tough+1"],"picked":"Penitence+1","floor":41.0},{"not_picked":["WhitesApple","WhiteNight","Murderer"],"picked":"Singing Bowl","floor":41.0},{"not_picked":["Laetitia","MeatLantern"],"picked":"LittleHelper","floor":41.0},{"not_picked":["GreenStem+1","WristCuter+1"],"picked":"TodaysExpression+1","floor":42.0},{"not_picked":["CENSORED","Funeral","WallGazer"],"picked":"Singing Bowl","floor":44.0},{"not_picked":["UniverseFragment","HeroicMonk"],"picked":"QueenBee","floor":44.0},{"not_picked":["Galaxy+1","ShedSkin+1"],"picked":"InTheNameOfLoveAndHate+1","floor":44.0},{"not_picked":["CENSORED","DreamingCurrent","SingingMachine"],"picked":"Singing Bowl","floor":46.0},{"not_picked":["SomewhereSpear+1","Heaven+1"],"picked":"BearPaw+1","floor":46.0},{"not_picked":["RedShoes","BlackArmy","Laetitia"],"picked":"Singing Bowl","floor":48.0},{"not_picked":["DreamingCurrent","MeltingLove"],"picked":"Scarecrow","floor":48.0},{"not_picked":["Lantern+1","Horn+1"],"picked":"CUTE+1","floor":48.0},{"not_picked":["FourthMatchFlame+1","Noise+1"],"picked":"TodaysExpression+1","floor":49.0}],"player_experience":61042,"relics_obtained":[{"floor":7.0,"key":"MawBank"},{"floor":9.0,"key":"CeramicFish"},{"floor":11.0,"key":"Ornamental Fan"},{"floor":23.0,"key":"Dream Catcher"},{"floor":23.0,"key":"Juzu Bracelet"},{"floor":26.0,"key":"Molten Egg 2"},{"floor":29.0,"key":"Whetstone"},{"floor":29.0,"key":"Frozen Egg 2"},{"floor":35.0,"key":"AtMidnight"},{"floor":40.0,"key":"Mercury Hourglass"},{"floor":40.0,"key":"Toy Ornithopter"},{"floor":43.0,"key":"HollowMod:LifeEnderRelic"},{"floor":46.0,"key":"CatCart"},{"floor":47.0,"key":"PreservedInsect"}],"event_choices":[{"damage_healed":0.0,"max_hp_gain":0.0,"max_hp_loss":0.0,"gold_gain":0.0,"event_name":"Scrap Ooze","player_choice":"Success","floor":4.0,"gold_loss":0.0,"damage_taken":3.0,"relics_obtained":["Regal Pillow"]},{"damage_healed":0.0,"max_hp_gain":0.0,"max_hp_loss":0.0,"gold_gain":0.0,"event_name":"The Mausoleum","player_choice":"Opened","floor":20.0,"gold_loss":0.0,"damage_taken":0.0,"relics_obtained":["StrikeDummy"],"cards_obtained":["Writhe"]},{"damage_healed":0.0,"max_hp_gain":0.0,"max_hp_loss":0.0,"gold_gain":0.0,"cards_transformed":["Regret_ego","Regret_ego"],"event_name":"Drug Dealer","player_choice":"Became Test Subject","floor":24.0,"gold_loss":0.0,"damage_taken":0.0,"cards_obtained":["CrimsonScar","Amita"]},{"cards_removed":["Writhe"],"damage_healed":0.0,"max_hp_gain":0.0,"max_hp_loss":0.0,"gold_gain":0.0,"event_name":"Back to Basics","player_choice":"Elegance","floor":27.0,"gold_loss":0.0,"damage_taken":0.0},{"damage_healed":0.0,"max_hp_gain":0.0,"max_hp_loss":0.0,"gold_gain":0.0,"event_name":"Duplicator","player_choice":"Copied","floor":36.0,"gold_loss":0.0,"damage_taken":0.0,"cards_obtained":["SolemnVow"]},{"damage_healed":0.0,"max_hp_gain":0.0,"max_hp_loss":0.0,"gold_gain":0.0,"event_name":"SensoryStone","player_choice":"Memory 1","floor":37.0,"gold_loss":0.0,"damage_taken":0.0},{"damage_healed":0.0,"max_hp_gain":0.0,"max_hp_loss":0.0,"gold_gain":0.0,"event_name":"OrinTheCat","player_choice":"Fight","floor":46.0,"gold_loss":0.0,"damage_taken":0.0}],"is_beta":false,"boss_relics":[{"not_picked":["Philosopher\u0027s Stone","Coffee Dripper"],"picked":"Black Star"},{"not_picked":["Cursed Key","Calling Bell"],"picked":"Fusion Hammer"}],"items_purged_floors":[10,12,21,31,39],"is_endless":false,"potions_floor_spawned":[3,14,16,19,25,33,38,48],"ascension_level":0}}