{"host":"d8d3jqle49sogkjv","time":1609111427,"event":{"mods":["BaseMod","Colored Map","Colored Powertips","Minty Spire (QoL Compilation)","StSLib"],"gold_per_floor":[115,115,134,13,23,54,54,54,54,64,64,90,90,109,109,209,209,134,134,134],"floor_reached":19,"playtime":663,"items_purged":["Strike_R"],"score":271,"play_id":"6dcbfb31-340a-49a9-876e-a9a76c8fb369","local_time":"20201228002347","is_ascension_mode":true,"campfire_choices":[{"floor":7,"key":"REST"},{"floor":15,"key":"REST"}],"circlet_count":0,"master_deck":["AscendersBane","Strike_R","Strike_R","Strike_R","Defend_R","Defend_R","Defend_R","Defend_R","Bash","Armaments","Cleave","True Grit","Flex","Fire Breathing","Entrench","Barricade","Heavy Blade+1"],"relics":["Black Blood","NeowsBlessing","Darkstone Periapt","Paper Frog","Blood Vial","Ornamental Fan"],"acts_visited":["Exordium","TheCity"],"potions_floor_usage":[12,12,18],"damage_taken":[{"damage":0,"enemies":"Jaw Worm","floor":1,"turns":1},{"damage":0,"enemies":"Small Slimes","floor":3,"turns":1},{"damage":0,"enemies":"Cultist","floor":5,"turns":1},{"damage":52,"enemies":"Gremlin Nob","floor":6,"turns":6},{"damage":12,"enemies":"Blue Slaver","floor":10,"turns":4},{"damage":30,"enemies":"Lagavulin","floor":12,"turns":6},{"damage":31,"enemies":"Exordium Thugs","floor":14,"turns":6},{"damage":26,"enemies":"Slime Boss","floor":16,"turns":9},{"damage":35,"enemies":"2 Thieves","floor":18,"turns":5},{"damage":50,"enemies":"Spheric Guardian","floor":19,"turns":7}],"seed_played":"-6378898938024512686","potions_obtained":[{"floor":1,"key":"LiquidBronze"},{"floor":3,"key":"Regen Potion"},{"floor":10,"key":"SkillPotion"},{"floor":16,"key":"LiquidBronze"}],"is_trial":false,"path_per_floor":["M","?","M","$","M","E","R","$","T","M","$","E","?","M","R","B",null,"M","M"],"character_chosen":"IRONCLAD","items_purchased":["True Grit"],"campfire_rested":2,"item_purchase_floors":[4],"current_hp_per_floor":[78,78,80,80,80,34,58,58,58,52,52,40,37,14,38,20,65,44,0,0],"gold":134,"neow_bonus":"THREE_ENEMY_KILL","is_daily":false,"chose_seed":false,"campfire_upgraded":0,"win_rate":0.0,"timestamp":1609111427,"path_taken":["M","?","M","$","M","E","R","$","T","M","$","E","?","M","R","BOSS","M","M"],"items_purchased_type":["Card"],"build_version":"2020-12-22","purchased_purges":1,"victory":false,"max_hp_per_floor":[80,80,80,80,80,80,80,80,80,80,80,80,80,80,80,80,80,80,80,80],"card_choices":[{"not_picked":["Sever Soul","Whirlwind"],"picked":"Armaments","floor":1},{"not_picked":["Armaments","Infernal Blade","Evolve"],"picked":"SKIP","floor":3},{"not_picked":["Dual Wield","Anger"],"picked":"Flex","floor":5},{"not_picked":["Body Slam","Impervious"],"picked":"Fire Breathing","floor":6},{"not_picked":["Warcry","Havoc","Thunderclap"],"picked":"SKIP","floor":10},{"not_picked":["Whirlwind","Perfected Strike","Rupture"],"picked":"SKIP","floor":12},{"not_picked":["Twin Strike","Clash"],"picked":"Entrench","floor":14},{"not_picked":["Immolate","Reaper"],"picked":"Barricade","floor":16},{"not_picked":["Perfected Strike","Anger"],"picked":"Heavy Blade+1","floor":18}],"player_experience":332442,"relics_obtained":[{"floor":6,"key":"Darkstone Periapt"},{"floor":9,"key":"Paper Frog"},{"floor":12,"key":"Blood Vial"}],"event_choices":[{"damage_healed":0,"gold_gain":0,"cards_transformed":["Strike_R"],"player_choice":"Change","damage_taken":0,"max_hp_gain":0,"max_hp_loss":0,"event_name":"Living Wall","floor":2,"gold_loss":0,"cards_obtained":["Cleave"]},{"damage_healed":0,"gold_gain":0,"player_choice":"Success","damage_taken":3,"relics_obtained":["Ornamental Fan"],"max_hp_gain":0,"max_hp_loss":0,"event_name":"Scrap Ooze","floor":13,"gold_loss":0}],"is_beta":false,"boss_relics":[{"not_picked":["Fusion Hammer","SacredBark"],"picked":"Black Blood"}],"items_purged_floors":[4],"is_endless":false,"potions_floor_spawned":[1,3,10,16],"killed_by":"Spheric Guardian","ascension_level":11}}