{"host":"rqd50iigewdjy74u","time":1609068429,"event":{"mods":["AchievementEnabler","BaseMod","BetterRewards","Custom Start","Minty Spire (QoL Compilation)","StSLib"],"gold_per_floor":[114,127,146,160,160,187,187,202,225,225,225,225],"floor_reached":11,"playtime":503,"items_purged":[],"score":75,"play_id":"044fa13c-65cc-4a7e-9b92-bb3f06ca5532","local_time":"20201227052709","is_ascension_mode":false,"campfire_choices":[{"floor":7,"key":"RECALL"},{"data":"Eruption","floor":10,"key":"SMITH"}],"circlet_count":0,"master_deck":["Strike_P","Strike_P","Strike_P","Strike_P","Defend_P","Defend_P","Defend_P","Eruption+1","Vigilance","MentalFortress","JustLucky+1","FollowUp+1","Halt","Tantrum+1","SashWhip+1","DevaForm","BowlingBash+1"],"relics":["PureWater","Molten Egg 2","Ginger"],"acts_visited":["Exordium"],"potions_floor_usage":[6,11,11],"damage_taken":[{"damage":22,"enemies":"Jaw Worm","floor":1,"turns":2},{"damage":1,"enemies":"Cultist","floor":2,"turns":4},{"damage":0,"enemies":"2 Louse","floor":3,"turns":1},{"damage":0,"enemies":"Blue Slaver","floor":4,"turns":1},{"damage":21,"enemies":"Gremlin Nob","floor":6,"turns":3},{"damage":19,"enemies":"Gremlin Gang","floor":8,"turns":2},{"damage":18,"enemies":"3 Sentries","floor":11,"turns":2}],"seed_played":"-3214408609372159420","potions_obtained":[{"floor":1,"key":"Energy Potion"},{"floor":3,"key":"Regen Potion"},{"floor":4,"key":"Dexterity Potion"}],"is_trial":false,"path_per_floor":["M","M","M","M","?","E","R","M","T","R","E"],"character_chosen":"WATCHER","items_purchased":["Molten Egg 2","MentalFortress"],"campfire_rested":0,"item_purchase_floors":[0,0],"current_hp_per_floor":[38,37,37,37,37,21,21,2,2,2,0,0],"gold":225,"neow_bonus":"","is_daily":false,"chose_seed":false,"campfire_upgraded":1,"win_rate":0.0,"timestamp":1609068429,"path_taken":["M","M","M","M","?","E","R","?","T","R","E"],"items_purchased_type":["Relic","Card"],"build_version":"2020-12-22","purchased_purges":0,"victory":false,"max_hp_per_floor":[72,72,72,72,72,72,72,72,72,72,72,72],"card_choices":[{"not_picked":["DeceiveReality","BattleHymn"],"picked":"JustLucky+1","floor":1},{"not_picked":["Consecrate+1","Prostrate"],"picked":"FollowUp+1","floor":2},{"not_picked":["PathToVictory","Swivel"],"picked":"Halt","floor":3},{"not_picked":["BowlingBash+1","CutThroughFate+1"],"picked":"Tantrum+1","floor":4},{"not_picked":["PathToVictory","Prostrate"],"picked":"DevaForm","floor":6},{"not_picked":["EmptyMind","ThirdEye"],"picked":"BowlingBash+1","floor":8}],"player_experience":119199,"relics_obtained":[{"floor":6,"key":"Ginger"}],"event_choices":[{"damage_healed":0,"gold_gain":0,"cards_transformed":["Defend_P"],"player_choice":"Transformed","damage_taken":0,"max_hp_gain":0,"max_hp_loss":0,"event_name":"Transmorgrifier","floor":5,"gold_loss":0,"cards_obtained":["SashWhip"]}],"is_beta":false,"boss_relics":[],"items_purged_floors":[],"is_endless":false,"potions_floor_spawned":[1,3,4],"killed_by":"3 Sentries","ascension_level":0}}