{"host":"wha9hktbkslqvblg","time":1609068729,"event":{"mods":["BaseMod","Colored Map","Minty Spire (QoL Compilation)","Relic Stats","SuperFastMode","everything is the same but u backflip on backflip"],"gold_per_floor":[117,117,18,28,28,61,61,76,76,76,93,106,106,117,117,196,196,208,241,141,141,160,160,186,186,186],"floor_reached":25,"playtime":519,"items_purged":["Strike_R","Defend_R"],"score":452,"play_id":"22c50e06-0a65-4c88-86c4-93df37cff906","local_time":"20201227203209","is_ascension_mode":true,"campfire_choices":[{"data":"Shrug It Off","floor":7.0,"key":"SMITH"},{"data":"Shrug It Off","floor":10.0,"key":"SMITH"},{"data":"Clash","floor":15.0,"key":"SMITH"},{"data":"Entrench","floor":23.0,"key":"SMITH"}],"circlet_count":0,"master_deck":["AscendersBane","Defend_R+1","Defend_R+1","Defend_R+1","Bash","Exhume","Body Slam+1","Shrug It Off+1","Shrug It Off+1","Clash+1","Barricade","Entrench+1"],"relics":["Burning Blood","NeowsBlessing","Shuriken","Matryoshka","Empty Cage","Red Mask","Orichalcum"],"acts_visited":["Exordium","TheCity"],"potions_floor_usage":[],"damage_taken":[{"damage":0.0,"enemies":"2 Louse","floor":1.0,"turns":1.0},{"damage":0.0,"enemies":"Cultist","floor":4.0,"turns":1.0},{"damage":0.0,"enemies":"Lagavulin","floor":6.0,"turns":2.0},{"damage":5.0,"enemies":"Small Slimes","floor":8.0,"turns":4.0},{"damage":3.0,"enemies":"Red Slaver","floor":11.0,"turns":3.0},{"damage":16.0,"enemies":"Blue Slaver","floor":12.0,"turns":4.0},{"damage":25.0,"enemies":"Exordium Wildlife","floor":14.0,"turns":6.0},{"damage":38.0,"enemies":"The Guardian","floor":16.0,"turns":14.0},{"damage":1.0,"enemies":"2 Thieves","floor":18.0,"turns":4.0},{"damage":51.0,"enemies":"Masked Bandits","floor":19.0,"turns":6.0},{"damage":0.0,"enemies":"Chosen","floor":22.0,"turns":5.0},{"damage":9,"enemies":"Gremlin Leader","floor":25,"turns":4}],"seed_played":"2911832396401973895","potions_obtained":[{"floor":4.0,"key":"EssenceOfSteel"},{"floor":12.0,"key":"SteroidPotion"},{"floor":16.0,"key":"AttackPotion"},{"floor":18.0,"key":"AttackPotion"}],"is_trial":false,"path_per_floor":["M","?","$","M","?","E","R","M","T","R","M","M","?","M","R","B",null,"M","?","$","?","M","R","T","E"],"character_chosen":"IRONCLAD","items_purchased":["Body Slam"],"campfire_rested":0,"item_purchase_floors":[3],"current_hp_per_floor":[74,74,74,75,75,75,75,75,75,75,75,65,65,46,46,14,60,65,20,20,20,26,26,26,17,17],"gold":186,"neow_bonus":"THREE_ENEMY_KILL","is_daily":false,"chose_seed":false,"campfire_upgraded":4,"win_rate":0.0,"timestamp":1609068729,"path_taken":["M","?","$","?","?","E","R","?","T","R","M","M","?","M","R","BOSS","M","?","$","?","?","R","?","E"],"items_purchased_type":["Card"],"build_version":"2020-12-22","purchased_purges":2,"victory":false,"max_hp_per_floor":[75,75,75,75,75,75,75,75,75,75,75,75,75,75,75,75,75,75,75,75,75,75,75,75,75,75],"relic_stats":{"counters":[12,54],"Shuriken":[3],"Orichalcum":[0],"obtain_stats":[{"Matryoshka":9,"NeowsBlessing":0,"Shuriken":6,"Red Mask":19,"Orichalcum":24,"Empty Cage":17,"Burning Blood":0},{"Matryoshka":4,"NeowsBlessing":0,"Shuriken":3,"Red Mask":10,"Orichalcum":11,"Empty Cage":8,"Burning Blood":0},{"Matryoshka":8,"NeowsBlessing":0,"Shuriken":4,"Red Mask":45,"Orichalcum":50,"Empty Cage":35,"Burning Blood":0}],"Burning Blood":51},"card_choices":[{"not_picked":["Twin Strike","Headbutt","Combust"],"picked":"SKIP","floor":1.0},{"not_picked":["Cleave","Dual Wield"],"picked":"Shrug It Off","floor":4.0},{"not_picked":["Reaper","Ghostly Armor","Limit Break"],"picked":"SKIP","floor":6.0},{"not_picked":["Heavy Blade","Iron Wave"],"picked":"Shrug It Off","floor":8.0},{"not_picked":["Dropkick","Clothesline","Feel No Pain"],"picked":"SKIP","floor":11.0},{"not_picked":["Berserk","Dual Wield","Clash"],"picked":"SKIP","floor":12.0},{"not_picked":["Iron Wave","Dark Embrace","Warcry"],"picked":"SKIP","floor":14.0},{"not_picked":["Reaper","Impervious"],"picked":"Barricade","floor":16.0},{"not_picked":["Perfected Strike","Iron Wave","Clothesline+1"],"picked":"SKIP","floor":18.0},{"not_picked":["Reckless Charge","Clothesline"],"picked":"Entrench","floor":22.0}],"player_experience":900871,"relics_obtained":[{"floor":6.0,"key":"Shuriken"},{"floor":9.0,"key":"Matryoshka"},{"floor":19.0,"key":"Red Mask"},{"floor":24.0,"key":"Orichalcum"}],"event_choices":[{"damage_healed":0.0,"max_hp_gain":0.0,"max_hp_loss":0.0,"gold_gain":0.0,"cards_transformed":["Strike_R"],"event_name":"Transmorgrifier","player_choice":"Transformed","floor":2.0,"gold_loss":0.0,"damage_taken":0.0,"cards_obtained":["Exhume"]},{"damage_healed":0.0,"max_hp_gain":0.0,"max_hp_loss":0.0,"gold_gain":0.0,"event_name":"Accursed Blacksmith","player_choice":"Forge","floor":5.0,"gold_loss":0.0,"damage_taken":0.0,"cards_upgraded":["Body Slam"]},{"damage_healed":0.0,"max_hp_gain":0.0,"max_hp_loss":0.0,"gold_gain":0.0,"cards_transformed":["Strike_R"],"event_name":"Living Wall","player_choice":"Change","floor":13.0,"gold_loss":0.0,"damage_taken":0.0,"cards_obtained":["Clash"]},{"damage_healed":0.0,"max_hp_gain":0.0,"max_hp_loss":0.0,"gold_gain":0.0,"event_name":"Masked Bandits","player_choice":"Fought Bandits","floor":19.0,"gold_loss":0.0,"damage_taken":0.0},{"damage_healed":0.0,"max_hp_gain":0.0,"max_hp_loss":0.0,"gold_gain":0.0,"event_name":"Back to Basics","player_choice":"Simplicity","floor":21.0,"gold_loss":0.0,"damage_taken":0.0,"cards_upgraded":["Defend_R","Defend_R","Defend_R"]}],"is_beta":false,"boss_relics":[{"not_picked":["Ectoplasm","Black Blood"],"picked":"Empty Cage"}],"items_purged_floors":[3,20],"is_endless":false,"potions_floor_spawned":[4,12,16,18],"killed_by":"Gremlin Leader","ascension_level":20}}