{"host":"86c6vgocyjlprmyx","time":1609028316,"event":{"mods":["BaseMod","Downfall","Hermit","Minty Spire (QoL Compilation)","Quick Restart","Replay The Spire","Shade Mod","StSLib","The Cursed","The Hierophant"],"gold_per_floor":[109,40,40,58,58,58,73,73,73,73,87,117,117,217,217,314,314,314,314],"floor_reached":18,"playtime":1192,"items_purged":[],"score":158,"play_id":"0d573ea4-294c-42dc-a29e-0e0b1dfeca25","local_time":"20201227011836","is_ascension_mode":false,"campfire_choices":[{"data":"TheCursedMod:SoulReap","floor":6.0,"key":"SMITH"},{"data":"TheCursedMod:CursedWand","floor":10.0,"key":"SMITH"},{"data":"TheCursedMod:CursedSpellbook","floor":13.0,"key":"SMITH"}],"circlet_count":0,"master_deck":["TheCursedMod:Strike_TheCursed","TheCursedMod:Strike_TheCursed","TheCursedMod:Defend_TheCursed","TheCursedMod:Defend_TheCursed","TheCursedMod:Defend_TheCursed","TheCursedMod:CursedWand+1","TheCursedMod:CleanUpWorkshop","TheCursedMod:Dregs","TheCursedMod:CursedSpellbook+1","TheCursedMod:SoulReap+1","TheCursedMod:SpitefulStrike","TheCursedMod:Obscuration","Hallucinations","TheCursedMod:RavingStaff","TheCursedMod:BloodBarrier","TheCursedMod:ForbiddenAlchemy"],"relics":["TheCursedMod:BlackMagic101","Question Card","Ring of Fury","Ring of Panic","Matryoshka","Darkstone Periapt","SlaversCollar"],"acts_visited":["Exordium","TheCity"],"potions_floor_usage":[16,18,18,18],"damage_taken":[{"damage":0.0,"enemies":"Cultist","floor":1.0,"turns":3.0},{"damage":0.0,"enemies":"Jaw Worm","floor":4.0,"turns":4.0},{"damage":0.0,"enemies":"Small Slimes","floor":7.0,"turns":3.0},{"damage":4.0,"enemies":"Looter","floor":11.0,"turns":3.0},{"damage":22.0,"enemies":"3 Sentries","floor":12.0,"turns":5.0},{"damage":42,"enemies":"Hexaghost","floor":16,"turns":12},{"damage":136,"enemies":"Chosen","floor":18,"turns":2}],"seed_played":"-5665221943213918206","potions_obtained":[{"floor":11.0,"key":"LifebloodPotion"},{"floor":12.0,"key":"Explosive Potion"},{"floor":15.0,"key":"AttackPotion"},{"floor":15.0,"key":"SkillPotion"}],"is_trial":false,"path_per_floor":["M","$","?","M","?","R","M","?","T","R","M","E","R","?","R","B",null,"M"],"character_chosen":"THE_CURSED","items_purchased":["TheCursedMod:SoulReap"],"campfire_rested":0,"item_purchase_floors":[2],"current_hp_per_floor":[68,68,65,68,68,68,68,68,68,68,68,55,55,55,55,22,68,0,0],"gold":314,"neow_bonus":"REMOVE_TWO","is_daily":false,"chose_seed":false,"campfire_upgraded":3,"win_rate":0.0,"timestamp":1609028316,"path_taken":["M","$","?","M","?","R","?","?","T","R","M","E","R","?","R","BOSS","M"],"items_purchased_type":["Card"],"build_version":"2020-12-22","purchased_purges":0,"victory":false,"max_hp_per_floor":[68,68,68,68,68,68,68,68,68,68,68,68,68,68,68,68,68,68,68],"card_choices":[{"not_picked":["TheCursedMod:Torture","TheCursedMod:FleshFromBone"],"picked":"TheCursedMod:CursedSpellbook","floor":1.0},{"not_picked":["TheCursedMod:Hemoplague","TheCursedMod:CircleOfBlood","TheCursedMod:TroublousMinions"],"picked":"TheCursedMod:SpitefulStrike","floor":4.0},{"not_picked":["TheCursedMod:RapidMovement","TheCursedMod:Mangle","TheCursedMod:TacticalStrike"],"picked":"TheCursedMod:Obscuration","floor":7.0},{"not_picked":["TheCursedMod:FleshFromBone","TheCursedMod:VitalStrike","TheCursedMod:Obscuration"],"picked":"TheCursedMod:RavingStaff","floor":11.0},{"not_picked":["TheCursedMod:Mangle","TheCursedMod:ReleasedStrength","TheCursedMod:ParallelWorld"],"picked":"TheCursedMod:BloodBarrier","floor":12.0},{"not_picked":["TheCursedMod:DarkBarrier","TheCursedMod:CircleOfAbyss","TheCursedMod:ParallelWorld"],"picked":"TheCursedMod:ForbiddenAlchemy","floor":16}],"player_experience":188602,"relics_obtained":[{"floor":8.0,"key":"Ring of Fury"},{"floor":8.0,"key":"Ring of Panic"},{"floor":9.0,"key":"Matryoshka"},{"floor":12.0,"key":"Darkstone Periapt"}],"event_choices":[{"damage_healed":0.0,"max_hp_gain":0.0,"max_hp_loss":0.0,"gold_gain":0.0,"event_name":"Scrap Ooze","player_choice":"Success","floor":3.0,"gold_loss":0.0,"damage_taken":3.0,"relics_obtained":["Question Card"]},{"cards_removed":["TheCursedMod:Strike_TheCursed"],"damage_healed":0.0,"max_hp_gain":0.0,"max_hp_loss":0.0,"gold_gain":0.0,"event_name":"Bonfire Elementals","player_choice":"Offered Basic","floor":5.0,"gold_loss":0.0,"damage_taken":0.0},{"damage_healed":0.0,"max_hp_gain":0.0,"max_hp_loss":0.0,"gold_gain":100.0,"event_name":"Golden Shrine","player_choice":"Pray","floor":14.0,"gold_loss":0.0,"damage_taken":0.0}],"is_beta":false,"boss_relics":[{"not_picked":["Calling Bell","Black Star"],"picked":"SlaversCollar"}],"items_purged_floors":[],"is_endless":false,"potions_floor_spawned":[11,12],"killed_by":"Chosen","ascension_level":0}}