{"host":"p9t7qd83igtcp2bh","time":1609080478,"event":{"mods":["2.2 Compatiblity","AchievementEnabler","BaseMod","Colored Map","Colored Powertips","Custom Start","DeckTracker","Keyboard Shortcuts","Minty Spire (QoL Compilation)","Permanent Neow","StSLib","SuperFastMode","everything is the same but u backflip on backflip"],"gold_per_floor":[114,132,152,152,172,199,199,108,108,120,120,48,78,91,91,169,169,184,196,207,207,207],"floor_reached":21,"playtime":2585,"items_purged":[],"score":338,"play_id":"22248803-7239-4d0f-b593-cd6eea2f2848","local_time":"20201227234758","is_ascension_mode":true,"campfire_choices":[{"floor":7,"key":"REST"},{"data":"Streamline","floor":11,"key":"SMITH"},{"floor":15,"key":"REST"}],"circlet_count":0,"master_deck":["AscendersBane","Strike_B","Strike_B","Strike_B+1","Strike_B","Defend_B","Defend_B","Defend_B","Defend_B","Zap","Dualcast","Streamline+1","Consume","Coolheaded","Sweeping Beam+1","Conserve Battery","Blizzard","Coolheaded","Compile Driver","Reboot","Auto Shields","Fission","Go for the Eyes","Leap","Cold Snap"],"relics":["Black Star","Oddly Smooth Stone","Singing Bowl","Symbiotic Virus","Orichalcum","Whetstone","Coffee Dripper"],"acts_visited":["Exordium","TheCity"],"potions_floor_usage":[6,13,16,21],"damage_taken":[{"damage":1,"enemies":"Cultist","floor":1,"turns":4},{"damage":11,"enemies":"Jaw Worm","floor":2,"turns":4},{"damage":7,"enemies":"Small Slimes","floor":3,"turns":4},{"damage":1,"enemies":"Exordium Wildlife","floor":5,"turns":5},{"damage":29,"enemies":"3 Sentries","floor":6,"turns":9},{"damage":4,"enemies":"3 Louse","floor":10,"turns":3},{"damage":14,"enemies":"Gremlin Nob","floor":13,"turns":4},{"damage":5,"enemies":"Looter","floor":14,"turns":3},{"damage":26,"enemies":"The Guardian","floor":16,"turns":13},{"damage":7,"enemies":"Spheric Guardian","floor":18,"turns":5},{"damage":16,"enemies":"Chosen","floor":19,"turns":5},{"damage":25,"enemies":"Sentry and Sphere","floor":20,"turns":5},{"damage":13,"enemies":"Shelled Parasite and Fungi","floor":21,"turns":2}],"seed_played":"5446766083142885948","potions_obtained":[{"floor":2,"key":"SkillPotion"},{"floor":3,"key":"DuplicationPotion"},{"floor":4,"key":"CultistPotion"},{"floor":4,"key":"DistilledChaos"},{"floor":10,"key":"Block Potion"},{"floor":18,"key":"Swift Potion"}],"is_trial":false,"path_per_floor":["M","M","M","?","M","E","R","$","T","M","R","$","E","M","R","B",null,"M","M","M","M"],"character_chosen":"DEFECT","items_purchased":["Blizzard","Coolheaded","Reboot"],"campfire_rested":2,"item_purchase_floors":[8,8,12],"current_hp_per_floor":[63,52,45,45,44,15,36,36,36,32,32,32,18,15,36,10,57,50,34,9,0,0],"gold":207,"neow_bonus":"BOSS_RELIC","is_daily":false,"chose_seed":false,"campfire_upgraded":1,"win_rate":0.0,"timestamp":1609080478,"path_taken":["M","?","M","?","?","E","R","$","T","M","R","?","E","M","R","BOSS","M","M","M","M"],"items_purchased_type":["Card","Card","Card"],"build_version":"2020-12-22","purchased_purges":0,"victory":false,"max_hp_per_floor":[71,71,71,71,71,71,71,71,71,71,71,71,71,73,73,73,73,73,73,73,73,73],"card_choices":[{"not_picked":["Redo","Hologram"],"picked":"Streamline","floor":1},{"not_picked":["Hologram","Steam"],"picked":"Consume","floor":2},{"not_picked":["Barrage","Beam Cell"],"picked":"Coolheaded","floor":3},{"not_picked":["Rainbow","Fusion"],"picked":"Sweeping Beam","floor":5},{"not_picked":["Turbo","Stack"],"picked":"Conserve Battery","floor":6},{"not_picked":["Hologram","Steam"],"picked":"Compile Driver","floor":10},{"not_picked":["Redo","Reprogram"],"picked":"Auto Shields","floor":13},{"not_picked":["Stack","Doom and Gloom","Reinforced Body"],"picked":"Singing Bowl","floor":14},{"not_picked":["Multi-Cast","Reboot"],"picked":"Fission","floor":16},{"not_picked":["Steam","Conserve Battery"],"picked":"Go for the Eyes","floor":18},{"not_picked":["Barrage","Beam Cell"],"picked":"Leap","floor":19},{"not_picked":["Steam+1","Leap"],"picked":"Cold Snap","floor":20}],"player_experience":568779,"relics_obtained":[{"floor":6,"key":"Oddly Smooth Stone"},{"floor":6,"key":"Singing Bowl"},{"floor":9,"key":"Symbiotic Virus"},{"floor":13,"key":"Orichalcum"},{"floor":13,"key":"Whetstone"}],"event_choices":[{"damage_healed":0,"gold_gain":0,"player_choice":"Got Potions","damage_taken":0,"max_hp_gain":0,"max_hp_loss":0,"event_name":"Lab","floor":4,"gold_loss":0}],"is_beta":false,"boss_relics":[{"not_picked":["Astrolabe","Runic Dome"],"picked":"Coffee Dripper"}],"items_purged_floors":[],"is_endless":false,"potions_floor_spawned":[2,3,10,18],"killed_by":"Shelled Parasite and Fungi","ascension_level":15}}