{"host":"porgtwlvhh3hs75v","time":1609045899,"event":{"mods":["ATMod(°¢èªMod)","Act Like it!","BaseMod","GifTheSpireLib","Minty Spire (QoL Compilation)","Quick Restart","Replay The Spire","StSLib"],"gold_per_floor":[115,115,128,146,165,165,197,208,208,208,208,258,270,284,284,355,355,373,387,437,437,437],"floor_reached":21,"playtime":736,"items_purged":[],"score":366,"play_id":"726ec47b-ee74-4d02-9ae0-0f1808e3e9dd","local_time":"20201227131139","is_ascension_mode":true,"campfire_choices":[{"data":"AT_StudyProgram","floor":6.0,"key":"SMITH"},{"floor":10.0,"key":"REST"},{"floor":15.0,"key":"REST"}],"circlet_count":0,"master_deck":["AscendersBane","Zap","Dualcast+1","AT_RightCognition+1","Tempest","Time Bomb","Panic Button","AT_StudyProgram+1","Sunder","Coolheaded","Crystallizer","AT_RightCognition","Streamline","Tempest","Doom and Gloom","Sunder","AT_EMC2","Ball Lightning","ReplayTheSpireMod:Reroute Power","Aggregate","Steam"],"relics":["Cracked Core","AT_ATBox","NeowsBlessing","Blue Doll","Replay:Ringing Soul","Pandora\u0027s Box"],"acts_visited":["Exordium","TheCity"],"potions_floor_usage":[21],"damage_taken":[{"damage":0.0,"enemies":"Small Slimes","floor":1.0,"turns":1.0},{"damage":0.0,"enemies":"Cultist","floor":3.0,"turns":1.0},{"damage":0.0,"enemies":"Jaw Worm","floor":4.0,"turns":1.0},{"damage":16.0,"enemies":"Blue Slaver","floor":5.0,"turns":4.0},{"damage":25.0,"enemies":"3 Sentries","floor":7.0,"turns":8.0},{"damage":20.0,"enemies":"Exordium Thugs","floor":8.0,"turns":4.0},{"damage":0.0,"enemies":"2 Fungi Beasts","floor":13.0,"turns":2.0},{"damage":21.0,"enemies":"Blue Slaver","floor":14.0,"turns":3.0},{"damage":10.0,"enemies":"The Guardian","floor":16.0,"turns":7.0},{"damage":14.0,"enemies":"3 Byrds","floor":18.0,"turns":3.0},{"damage":29.0,"enemies":"Chosen","floor":19.0,"turns":4.0},{"damage":24,"enemies":"Snake Plant","floor":21,"turns":2}],"seed_played":"3246340777211144168","potions_obtained":[{"floor":3.0,"key":"Reflective Coating"},{"floor":4.0,"key":"Doom Potion"},{"floor":13.0,"key":"FocusPotion"},{"floor":14.0,"key":"ColorlessPotion"},{"floor":19.0,"key":"Strength Potion"}],"is_trial":false,"path_per_floor":["M","?","M","M","M","R","E","M","T","R","?","?","M","M","R","B",null,"M","M","?","M"],"character_chosen":"DEFECT","items_purchased":[],"campfire_rested":2,"item_purchase_floors":[],"current_hp_per_floor":[64,64,64,64,48,48,23,3,3,24,24,24,27,6,28,21,66,52,26,26,2,2],"gold":437,"neow_bonus":"THREE_ENEMY_KILL","is_daily":false,"chose_seed":false,"campfire_upgraded":1,"win_rate":0.0,"timestamp":1609045899,"path_taken":["M","?","M","?","M","R","E","M","T","R","?","?","M","?","R","BOSS","M","M","?","?"],"items_purchased_type":[],"build_version":"2020-12-22","purchased_purges":0,"victory":false,"max_hp_per_floor":[71,71,71,71,71,71,71,71,71,71,71,71,74,74,74,77,80,80,83,83,83,83],"card_choices":[{"not_picked":["Steam","Leap"],"picked":"Tempest","floor":1.0},{"not_picked":["ReplayTheSpireMod:Reroute Power","AT_HeatAcrobatics"],"picked":"Time Bomb","floor":3.0},{"not_picked":["Barrage","ReplayTheSpireMod:Reroute Power"],"picked":"Panic Button","floor":4.0},{"not_picked":["Double Energy","ReplayTheSpireMod:Reroute Power"],"picked":"AT_StudyProgram","floor":5.0},{"not_picked":["BasicCrystalCard","Turbo"],"picked":"Sunder","floor":7.0},{"not_picked":["AT_ThreeBodyProblem","Ball Lightning"],"picked":"Coolheaded","floor":8.0},{"not_picked":["Force Field","Coolheaded"],"picked":"Crystallizer","floor":13.0},{"not_picked":["Go for the Eyes","Panic Button","AT_RobotInSpace"],"picked":"SKIP","floor":14.0},{"not_picked":["Machine Learning","Reboot"],"picked":"AT_RightCognition","floor":16.0},{"not_picked":["Time Bomb+1","Ball Lightning","ReplayTheSpireMod:GoodbyeWorld"],"picked":"SKIP","floor":18.0},{"not_picked":["Streamline","Rebound"],"picked":"Steam","floor":19.0}],"player_experience":507576,"relics_obtained":[{"floor":7.0,"key":"Blue Doll"},{"floor":9.0,"key":"Replay:Ringing Soul"}],"event_choices":[{"damage_healed":0.0,"max_hp_gain":0.0,"max_hp_loss":0.0,"gold_gain":0.0,"event_name":"Upgrade Shrine","player_choice":"Upgraded","floor":2.0,"gold_loss":0.0,"damage_taken":0.0,"cards_upgraded":["AT_RightCognition"]},{"damage_healed":0.0,"max_hp_gain":0.0,"max_hp_loss":0.0,"gold_gain":50.0,"event_name":"Golden Shrine","player_choice":"Pray","floor":12.0,"gold_loss":0.0,"damage_taken":0.0},{"damage_healed":0,"gold_gain":100,"player_choice":"Bet on Murderer","damage_taken":0,"max_hp_gain":0,"max_hp_loss":0,"event_name":"The Joust","floor":20,"gold_loss":50}],"is_beta":false,"boss_relics":[{"not_picked":["Runic Pyramid","Abe\u0027s Treasure"],"picked":"Pandora\u0027s Box"}],"items_purged_floors":[],"is_endless":false,"potions_floor_spawned":[3,4,13,14,16,19],"killed_by":"Snake Plant","ascension_level":20}}