{"host":"wonp23fsqqcu31ie","time":1609062264,"event":{"mods":["2.2 Compatiblity","AchievementEnabler","Aspiration","BaseMod","Bestiary","Better Altar","Better Match","Better Sensory Stone","Better Skull","Better Third Choice","BetterRewards","Block Reminder","Colored Map","Colored Powertips","Conspire","DeckTracker","Displayed Cursed Tome","Downfall","Hermit","Highlight Path","Hubris","Minty Spire (QoL Compilation)","Permanent Neow","Quick Restart","Rare Cards Sparkle","Relic Stats","Replay The Spire","Shade Mod","Shop Mod","StSLib","SuperFastMode","The Animator","The Cursed","The Dragon Tamer","The Gatherer","The Necromancer","The Runesmith","The Servant 0.9.4"],"gold_per_floor":[119,119,119,132,152,181,194,194,194,194,205,205,170,195,195,298,298,309,322,150,150,162,190,203,230,230,230,136,169,183,234,234,335,335,352,352,352,369,185,185,38,38,85,96,108,123,36,54,54,54,54,54,11,40,40],"floor_reached":56,"playtime":2576,"items_purged":["Amnesia","Strike_S"],"score":1943,"play_id":"66a74010-7437-4afc-97b9-88bc6cf1e338","local_time":"20201227204424","is_ascension_mode":true,"campfire_choices":[{"floor":10,"key":"REST"},{"floor":15,"key":"RECALL"},{"floor":27,"key":"REST"},{"data":"Moondial+1","floor":32,"key":"SMITH"},{"floor":40,"key":"REST"},{"floor":42,"key":"REST"},{"data":"Mind Blast","floor":49,"key":"SMITH"},{"data":"Blizzard+1","floor":49,"key":"SMITH"}],"circlet_count":0,"master_deck":["Strike_S","Strike_S","Defend_S","Defend_S","Defend_S","Defend_S","KidneyShot","Exchange","FloweringNight+1","TimeWarp","Potential","Starlight","Sunlight","Collapse","Inflame","Sabotage","GearUp","LightFlow","Reset","Spin","Moondial+2","Inflame","Ricochet","PendulumOfEternity","Defy","ShatteredReality","BestPractice+1","ShatteredReality","MurderousAura+1","Potential","Madness","Madness","Contraction","Go for the Eyes","Mind Blast+1","Coolheaded+1","InstantArmor","Cold Snap","Blizzard+2","Misdirection","FlawlessForm"],"relics":["hubris:GlazedTorus","MerchantsRug","hubris:BundleOfHerbs","m_ScarletBlood","hubris:SphereOfDissonance","hubris:Towel","hexamod:BolsterEngine","Akabeko","Runesmith:Nanobots","FossilizedHelix","ReplayTheSpireMod:TigerMarble","Sling","ReplayTheSpireMod:Shallot","Chameleon Ring","Iron Hammer","ClockworkSouvenir","aspiration:HatOfInfinitePower","MysterySword","aspiration:DefectSkillbook","Membership Card","aspiration:TrustyKnives","Toy Ornithopter","HandDrill","Blue Candle","Bottled Tornado"],"acts_visited":["Exordium","TheCity","TheBeyond","TheEnding"],"potions_floor_usage":[6,16,16,28,33,50,50,50,55,55],"damage_taken":[{"damage":2.0,"enemies":"2 Louse","floor":1.0,"turns":4.0},{"damage":8.0,"enemies":"Small Slimes","floor":4.0,"turns":3.0},{"damage":0.0,"enemies":"Cultist","floor":5.0,"turns":2.0},{"damage":22,"enemies":"Lagavulin","floor":6,"turns":4},{"damage":5,"enemies":"Red Slaver","floor":7,"turns":3},{"damage":18,"enemies":"Blue Slaver","floor":11,"turns":4},{"damage":3,"enemies":"Gremlin Nob","floor":14,"turns":3},{"damage":0,"enemies":"Fading Forest","floor":16,"turns":11},{"damage":5,"enemies":"Shell Parasite","floor":18,"turns":3},{"damage":26,"enemies":"Spheric Guardian","floor":19,"turns":4},{"damage":0,"enemies":"Snecko","floor":22,"turns":1},{"damage":0,"enemies":"conspire:SneckoGhost","floor":23,"turns":3},{"damage":0,"enemies":"Centurion and Healer","floor":24,"turns":4},{"damage":0,"enemies":"Slavers","floor":25,"turns":1},{"damage":0,"enemies":"Replay:Snechameleon","floor":29,"turns":2},{"damage":0,"enemies":"Snake Plant","floor":30,"turns":1},{"damage":31,"enemies":"Automaton","floor":33,"turns":5},{"damage":0,"enemies":"Orb Walker","floor":35,"turns":1},{"damage":43,"enemies":"3 Darklings","floor":38,"turns":4},{"damage":27,"enemies":"4 Shapes","floor":44,"turns":1},{"damage":0,"enemies":"Sphere and 2 Shapes","floor":45,"turns":3},{"damage":0,"enemies":"Writhing Mass","floor":46,"turns":2},{"damage":0,"enemies":"Spire Growth","floor":48,"turns":2},{"damage":0,"enemies":"Donu and Deca","floor":50,"turns":4},{"damage":0,"enemies":"Shield and Spear","floor":54,"turns":3},{"damage":51,"enemies":"The Heart","floor":55,"turns":7}],"seed_played":"9023585072267095012","potions_obtained":[{"floor":1.0,"key":"BlessingOfTheForge"},{"floor":4.0,"key":"Elixir"},{"floor":7,"key":"Reflective Coating"},{"floor":11,"key":"ColorlessPotion"},{"floor":22,"key":"Guardian:BlockOnCardUsePotion"},{"floor":23,"key":"hexamod:EctoCoolerPotion"},{"floor":24,"key":"EntropicBrew"},{"floor":38,"key":"Strength Potion"},{"floor":52,"key":"SpeedPotion"},{"floor":52,"key":"GamblersBrew"}],"is_trial":false,"path_per_floor":["M","?","?","M","M","E","M","?","T","R","M","?","?","E","R","B",null,"M","M","$","?","M","E","M","E","T","R","$","E","M","T","R","B",null,"M","?","?","M","$","R","$","R","T","M","M","M","$","M","R","B",null,"R","$","E","B",null],"character_chosen":"THE_SERVANT","items_purchased":["hubris:GlazedTorus","hubris:OldNail","MerchantsRug","aspiration:Nostalgia","ReplayTheSpireMod:TigerMarble","Moondial+1","Sling","ClockworkSouvenir","Replay:Arrowhead","Regen Potion","Go for the Eyes","Mind Blast","Membership Card","Toy Ornithopter","Cold Snap","HandDrill","Misdirection","Blue Candle"],"campfire_rested":4,"item_purchase_floors":[0,0,0,0,20,20,20,28,39,39,39,39,41,47,47,53,53,53],"current_hp_per_floor":[22,22,43,35,35,13,8,8,8,27,26,26,42,39,39,53,65,60,34,34,34,38,38,38,38,38,57,57,57,57,57,57,26,65,65,61,61,24,24,43,43,62,62,35,35,35,35,35,35,65,65,65,65,65,26],"gold":40,"neow_bonus":"","is_daily":false,"chose_seed":false,"campfire_upgraded":3,"win_rate":0.0,"timestamp":1609062264,"path_taken":["M","?","?","M","M","E","M","?","T","R","M","?","?","E","R","BOSS","M","M","$","?","M","E","?","E","T","R","?","E","?","?","R","BOSS","M","?","?","?","$","R","$","R","T","M","M","M","$","M","R","BOSS","R","$","E","BOSS"],"items_purchased_type":["Relic","Relic","Relic","Relic","Relic","Card","Relic","Relic","Relic","Potion","Card","Card","Relic","Relic","Card","Relic","Card","Relic"],"build_version":"2020-12-22","purchased_purges":2,"victory":true,"max_hp_per_floor":[65,65,65,65,65,65,65,65,65,65,65,65,65,65,65,65,65,65,65,65,65,65,65,65,65,65,65,65,65,65,65,65,65,65,65,65,65,65,65,65,65,65,65,65,65,65,65,65,65,65,65,65,65,65,65],"relic_stats":{"counters":[102,496],"Blue Candle":[0],"HandDrill":[4],"obtain_stats":[{"Vajra":26,"Uniform":0,"Bottled Tornado":48,"Sling":24,"sneckomod:SneckoSoul":0,"Replay:Ringing Soul":10,"Lizard Tail":51,"conspire:DecoderRing":29,"MealTicket":42,"Iron Hammer":26,"Fusion Hammer":34,"HandDrill":53,"Replay:Wax Seal":31,"MerchantsRug":31,"Pear":34,"Happy Flower":34,"hubris:DuctTape":43,"aspiration:Nostalgia":0,"Dead Branch":46,"Replay:Grab Bag":34,"Blue Candle":53,"hubris:SphereOfDissonance":12,"Oddly Smooth Stone":28,"Eternal Feather":0,"aspiration:TrustyKnives":31,"Replay:Ancient Bell":17,"War Paint":12,"Akabeko":9,"ReplayTheSpireMod:Shallot":23,"Bird Faced Urn":19,"Bronze Scales":0,"MysterySword":34,"Simple Rune":9,"Molten Egg 2":31,"hubris:PeanutButter":43,"hubris:TenFootPole":2,"conspire:BottledYoYo":11,"ReplayTheSpireMod:TigerMarble":20,"aspiration:HatOfInfinitePower":0,"conspire:Flyswatter":6,"hubris:Reverence":11,"Regal Pillow":17,"Replay:PocketPolymizer":39,"Torii":41,"Mango":34,"Smiling Mask":25,"Empty Cage":34,"conspire:InfiniteJournal":0,"ClockworkSouvenir":28,"BranchBurnRelic":49,"m_SlimeRing":0,"m_ScarletBlood":8,"Shovel":0,"hubris:Icosahedron":32,"hubris:Backtick":36,"Chameleon Ring":25,"aspiration:DefectSkillbook":34,"Mummified Hand":54,"aspiration:AnachronicSnailShell":6,"Tiny Chest":24,"Red Mask":28,"Chemical X":53,"Replay:Bottled Eggs":36,"hubris:GlazedTorus":25,"Gremlin Food":47,"BargainBundle":36,"Runesmith:Nanobots":17,"aspiration:FetidBarrel":9,"Guide Book":31,"hubris:MedicalManual":0,"PreservedInsect":23,"aspiration:HummingbirdHeart":8,"Ring of Greed":24,"hubris:Towel":22,"MawBank":24,"Medical Kit":0,"Replay:Arrowhead":39,"Calling Bell":34,"Pondfish Scales":26,"Busted Crown":19,"Ornamental Fan":11,"Runesmith:UraniumAnvil":34,"Orrery":46,"Ring of Fury":24,"hubris:BundleOfHerbs":17,"Bottled Lightning":30,"Membership Card":36,"hubris:CrackedHourglass":17,"hexamod:BolsterEngine":14,"ReplayTheSpireMod:Lightbulb":23,"FossilizedHelix":20,"TungstenRod":0,"hubris:OldNail":0,"Toy Ornithopter":47},{"Vajra":39,"Uniform":0,"Bottled Tornado":25,"Sling":61,"sneckomod:SneckoSoul":76,"Replay:Ringing Soul":56,"Lizard Tail":75,"conspire:DecoderRing":16,"MealTicket":23,"Iron Hammer":90,"Fusion Hammer":93,"HandDrill":100,"Replay:Wax Seal":17,"MerchantsRug":17,"Pear":18,"Happy Flower":18,"hubris:DuctTape":23,"aspiration:Nostalgia":0,"Dead Branch":73,"Replay:Grab Bag":93,"Blue Candle":100,"hubris:SphereOfDissonance":34,"Oddly Smooth Stone":63,"Eternal Feather":28,"aspiration:TrustyKnives":17,"Replay:Ancient Bell":36,"War Paint":7,"Akabeko":5,"ReplayTheSpireMod:Shallot":88,"Bird Faced Urn":11,"Bronze Scales":28,"MysterySword":93,"Simple Rune":55,"Molten Egg 2":66,"hubris:PeanutButter":72,"hubris:TenFootPole":29,"conspire:BottledYoYo":56,"ReplayTheSpireMod:TigerMarble":86,"aspiration:HatOfInfinitePower":51,"conspire:Flyswatter":4,"hubris:Reverence":7,"Regal Pillow":36,"Replay:PocketPolymizer":69,"Torii":23,"Mango":18,"Smiling Mask":14,"Empty Cage":93,"conspire:InfiniteJournal":76,"ClockworkSouvenir":90,"BranchBurnRelic":74,"m_SlimeRing":0,"m_ScarletBlood":81,"Shovel":51,"hubris:Icosahedron":66,"hubris:Backtick":68,"Chameleon Ring":90,"aspiration:DefectSkillbook":93,"Mummified Hand":27,"aspiration:AnachronicSnailShell":33,"Tiny Chest":14,"Red Mask":40,"Chemical X":26,"Replay:Bottled Eggs":45,"hubris:GlazedTorus":62,"Gremlin Food":24,"BargainBundle":45,"Runesmith:Nanobots":84,"aspiration:FetidBarrel":33,"Guide Book":17,"hubris:MedicalManual":28,"PreservedInsect":39,"aspiration:HummingbirdHeart":5,"Ring of Greed":14,"hubris:Towel":38,"MawBank":14,"Medical Kit":28,"Replay:Arrowhead":95,"Calling Bell":18,"Pondfish Scales":62,"Busted Crown":59,"Ornamental Fan":34,"Runesmith:UraniumAnvil":44,"Orrery":73,"Ring of Fury":14,"hubris:BundleOfHerbs":36,"Bottled Lightning":42,"Membership Card":68,"hubris:CrackedHourglass":10,"hexamod:BolsterEngine":83,"ReplayTheSpireMod:Lightbulb":14,"FossilizedHelix":11,"TungstenRod":28,"hubris:OldNail":76,"Toy Ornithopter":98},{"Vajra":222,"Uniform":0,"Bottled Tornado":120,"Sling":326,"sneckomod:SneckoSoul":411,"Replay:Ringing Soul":300,"Lizard Tail":401,"conspire:DecoderRing":68,"MealTicket":107,"Iron Hammer":461,"Fusion Hammer":469,"HandDrill":486,"Replay:Wax Seal":72,"MerchantsRug":72,"Pear":79,"Happy Flower":79,"hubris:DuctTape":107,"aspiration:Nostalgia":0,"Dead Branch":391,"Replay:Grab Bag":469,"Blue Candle":486,"hubris:SphereOfDissonance":185,"Oddly Smooth Stone":337,"Eternal Feather":154,"aspiration:TrustyKnives":72,"Replay:Ancient Bell":203,"War Paint":26,"Akabeko":20,"ReplayTheSpireMod:Shallot":456,"Bird Faced Urn":44,"Bronze Scales":154,"MysterySword":469,"Simple Rune":297,"Molten Egg 2":351,"hubris:PeanutButter":386,"hubris:TenFootPole":158,"conspire:BottledYoYo":300,"ReplayTheSpireMod:TigerMarble":452,"aspiration:HatOfInfinitePower":281,"conspire:Flyswatter":14,"hubris:Reverence":26,"Regal Pillow":203,"Replay:PocketPolymizer":373,"Torii":107,"Mango":79,"Smiling Mask":59,"Empty Cage":469,"conspire:InfiniteJournal":411,"ClockworkSouvenir":461,"BranchBurnRelic":395,"m_SlimeRing":0,"m_ScarletBlood":427,"Shovel":281,"hubris:Icosahedron":351,"hubris:Backtick":368,"Chameleon Ring":461,"aspiration:DefectSkillbook":469,"Mummified Hand":142,"aspiration:AnachronicSnailShell":182,"Tiny Chest":59,"Red Mask":227,"Chemical X":131,"Replay:Bottled Eggs":251,"hubris:GlazedTorus":334,"Gremlin Food":110,"BargainBundle":251,"Runesmith:Nanobots":445,"aspiration:FetidBarrel":182,"Guide Book":72,"hubris:MedicalManual":154,"PreservedInsect":222,"aspiration:HummingbirdHeart":20,"Ring of Greed":59,"hubris:Towel":215,"MawBank":59,"Medical Kit":154,"Replay:Arrowhead":474,"Calling Bell":79,"Pondfish Scales":334,"Busted Crown":315,"Ornamental Fan":185,"Runesmith:UraniumAnvil":249,"Orrery":391,"Ring of Fury":59,"hubris:BundleOfHerbs":203,"Bottled Lightning":237,"Membership Card":368,"hubris:CrackedHourglass":41,"hexamod:BolsterEngine":434,"ReplayTheSpireMod:Lightbulb":59,"FossilizedHelix":44,"TungstenRod":154,"hubris:OldNail":411,"Toy Ornithopter":480}],"Toy Ornithopter":15},"card_choices":[{"not_picked":["FastForward","Alleviate"],"picked":"TimeWarp","floor":1.0},{"not_picked":["DoubleEdge","Rewind"],"picked":"Potential","floor":4.0},{"not_picked":["Rewind","Revamp"],"picked":"Starlight","floor":5.0},{"not_picked":["Replace","DoubleEdge"],"picked":"Sunlight","floor":6},{"not_picked":["StarChef","Alleviate"],"picked":"Collapse","floor":7},{"not_picked":["Heavy Blade","BottledTime"],"picked":"Sabotage","floor":11},{"not_picked":["DoubleEdge","Rewind"],"picked":"GearUp","floor":14},{"not_picked":["FloweringNight","TrueSight"],"picked":"LightFlow","floor":16},{"not_picked":["Parasite","Pain"],"picked":"Decay","floor":17},{"not_picked":["hubris:Greed","hubris:Disease"],"picked":"Sickly","floor":17},{"not_picked":["sneckomod:Bewildered","Spreading Infection"],"picked":"Amnesia","floor":17},{"not_picked":["Rearm+1","FastForward"],"picked":"Reset","floor":18},{"not_picked":["Rearm","Potential"],"picked":"Spin","floor":19},{"not_picked":["Alleviate","Hightail"],"picked":"Ricochet","floor":22},{"not_picked":["Ricochet+1","Shuttle+1"],"picked":"PendulumOfEternity","floor":23},{"not_picked":["Starlight+1","BottledTime"],"picked":"Defy","floor":24},{"not_picked":["Rearm+1","Read"],"picked":"ShatteredReality","floor":25},{"not_picked":["WasteNot","Unruled"],"picked":"BestPractice+1","floor":29},{"not_picked":["Moonlight+1","Advance"],"picked":"ShatteredReality","floor":30},{"not_picked":["Initiator","Duplication"],"picked":"MurderousAura","floor":33},{"not_picked":["Rewind","Turbo+1","Coolheaded"],"picked":"Potential","floor":35},{"not_picked":["StarChef","Coolheaded","Rewind+1"],"picked":"Contraction","floor":38},{"not_picked":["Defy","Conserve Battery","Starlight+1"],"picked":"Coolheaded+1","floor":44},{"not_picked":["Hologram+1","Potential","TimeWarp","Starlight+1"],"picked":"SKIP","floor":45},{"not_picked":["Darkness+1","Gash+1","Hologram"],"picked":"InstantArmor","floor":46},{"not_picked":["Spin","FastForward","Alleviate+1"],"picked":"Blizzard+1","floor":48},{"not_picked":["FastForward+1","Conserve Battery","BestPractice+1"],"picked":"FlawlessForm","floor":54}],"player_experience":400602,"relics_obtained":[{"floor":6,"key":"hubris:TenFootPole"},{"floor":9,"key":"hubris:SphereOfDissonance"},{"floor":14,"key":"hexamod:BolsterEngine"},{"floor":23,"key":"ReplayTheSpireMod:Shallot"},{"floor":25,"key":"Chameleon Ring"},{"floor":26,"key":"Iron Hammer"},{"floor":29,"key":"aspiration:HatOfInfinitePower"},{"floor":43,"key":"aspiration:TrustyKnives"},{"floor":54,"key":"Bottled Tornado"}],"event_choices":[{"damage_healed":21.0,"max_hp_gain":0.0,"max_hp_loss":0.0,"gold_gain":0.0,"event_name":"Big Fish","player_choice":"Banana","floor":3.0,"gold_loss":0.0,"damage_taken":0.0},{"damage_healed":16,"gold_gain":0,"player_choice":"Healed","damage_taken":0,"max_hp_gain":0,"max_hp_loss":0,"event_name":"The Cleric","floor":13,"gold_loss":35},{"damage_healed":0,"gold_gain":0,"player_choice":"Copied","damage_taken":0,"max_hp_gain":0,"max_hp_loss":0,"event_name":"Duplicator","floor":21,"gold_loss":0,"cards_obtained":["Inflame"]},{"damage_healed":0,"gold_gain":0,"player_choice":"Embrace Madness","damage_taken":8,"max_hp_gain":0,"max_hp_loss":0,"event_name":"Winding Halls","floor":36,"gold_loss":0,"cards_obtained":["Madness","Madness"]},{"damage_healed":0,"gold_gain":0,"player_choice":"Upgraded","damage_taken":0,"max_hp_gain":0,"max_hp_loss":0,"event_name":"Upgrade Shrine","floor":37,"gold_loss":0,"cards_upgraded":["MurderousAura"]}],"is_beta":false,"boss_relics":[{"not_picked":["Snecko Eye","ReplayTheSpireMod:DimensionalGlitch"],"picked":"Replay:Ancient Bell"},{"not_picked":["Ancient Tea Set","Pet Ghost"],"picked":"Akabeko"},{"not_picked":["Darkstone Periapt","hubris:DeckOfHolding"],"picked":"Runesmith:Nanobots"},{"not_picked":["Red Skull","Dead Branch"],"picked":"FossilizedHelix"},{"not_picked":["Kintsugi","conspire:SlowCooker"],"picked":"Replay:Grab Bag"},{"not_picked":["hubris:VirtuousBlindfold","Philosopher\u0027s Stone"],"picked":"MysterySword"},{"not_picked":["hubris:RunicObelisk","Replay:Wanted Poster"],"picked":"Fusion Hammer"},{"not_picked":["hubris:BlackHole","aspiration:SecretTechniqueScroll"],"picked":"Empty Cage"},{"not_picked":["aspiration:MobileForge","Pandora\u0027s Box"],"picked":"aspiration:DefectSkillbook"}],"items_purged_floors":[20,53],"is_endless":false,"potions_floor_spawned":[1,4,7,11,22,23,24,30,38],"ascension_level":3}}