{"host":"daa8jqyg4gqfaysm","time":1609060280,"event":{"mods":["BaseMod","Colored Powertips","Minty Spire (QoL Compilation)","StSLib"],"gold_per_floor":[117,117,117,134,134,146,169,21,90,90,108,135,8,26,26,97,97,115,132,222,241,253,253,278,278,278,278,278,278],"floor_reached":28,"playtime":849,"items_purged":["Strike_B"],"score":476,"play_id":"e06daf91-547e-43c4-80cd-b46e316a056a","local_time":"20201227171120","is_ascension_mode":true,"campfire_choices":[{"data":"Ball Lightning","floor":6,"key":"SMITH"},{"data":"Compile Driver","floor":10,"key":"SMITH"},{"data":"Loop","floor":15,"key":"SMITH"},{"floor":23,"key":"REST"},{"floor":25,"key":"REST"},{"floor":27,"key":"REST"}],"circlet_count":0,"master_deck":["AscendersBane","Defend_B","Defend_B","Defend_B","Defend_B","Zap+1","Dualcast","Leap","Ball Lightning+1","Compile Driver+1","Coolheaded+1","Loop+1","Redo+1","Skim+1","Multi-Cast+1","Cold Snap","Reinforced Body+1","Conserve Battery+1"],"relics":["Cracked Core","Akabeko","MawBank","Frozen Eye","Toxic Egg 2","Dead Branch","Empty Cage","Bag of Marbles","DataDisk"],"acts_visited":["Exordium","TheCity"],"potions_floor_usage":[16,22,24],"damage_taken":[{"damage":11,"enemies":"Small Slimes","floor":1,"turns":3},{"damage":0,"enemies":"2 Louse","floor":4,"turns":1},{"damage":2,"enemies":"Jaw Worm","floor":7,"turns":2},{"damage":3,"enemies":"Blue Slaver","floor":11,"turns":3},{"damage":8,"enemies":"3 Sentries","floor":12,"turns":8},{"damage":0,"enemies":"Looter","floor":14,"turns":3},{"damage":11,"enemies":"The Guardian","floor":16,"turns":7},{"damage":3,"enemies":"Chosen","floor":18,"turns":4},{"damage":0,"enemies":"Spheric Guardian","floor":19,"turns":3},{"damage":22,"enemies":"Shelled Parasite and Fungi","floor":21,"turns":13},{"damage":6,"enemies":"Snake Plant","floor":22,"turns":5},{"damage":33,"enemies":"Gremlin Leader","floor":24,"turns":7},{"damage":18,"enemies":"Book of Stabbing","floor":28,"turns":4}],"seed_played":"1047577528889748948","potions_obtained":[{"floor":7,"key":"EssenceOfSteel"},{"floor":11,"key":"Weak Potion"},{"floor":16,"key":"Explosive Potion"}],"is_trial":false,"path_per_floor":["M","?","?","M","T","R","M","$","T","R","M","E","$","M","R","B",null,"M","M","?","M","M","R","E","R","T","R","E"],"character_chosen":"DEFECT","items_purchased":["Frozen Eye","Redo+1"],"campfire_rested":3,"item_purchase_floors":[8,13],"current_hp_per_floor":[53,53,46,46,46,46,44,44,44,44,41,33,33,33,33,22,59,56,56,44,22,16,37,4,25,25,46,28,28],"gold":278,"neow_bonus":"RANDOM_COMMON_RELIC","is_daily":false,"chose_seed":false,"campfire_upgraded":3,"win_rate":0.0,"timestamp":1609060280,"path_taken":["M","?","?","M","?","R","M","?","T","R","M","E","?","M","R","BOSS","M","?","?","M","M","R","E","R","T","R","E"],"items_purchased_type":["Relic","Card"],"build_version":"2020-12-22","purchased_purges":1,"victory":false,"max_hp_per_floor":[71,71,71,71,71,71,71,71,71,71,71,71,71,71,71,71,71,71,71,71,71,71,71,71,71,71,71,71,71],"card_choices":[{"not_picked":["Darkness","Gash"],"picked":"Leap","floor":1},{"not_picked":["Barrage","Leap"],"picked":"Ball Lightning","floor":4},{"not_picked":["Skim","All For One"],"picked":"Compile Driver","floor":7},{"not_picked":["Streamline","Beam Cell"],"picked":"Coolheaded+1","floor":11},{"not_picked":["Beam Cell","Creative AI"],"picked":"Loop","floor":12},{"not_picked":["Aggregate+1","Static Discharge"],"picked":"Skim+1","floor":14},{"not_picked":["Hyperbeam","Fission+1"],"picked":"Multi-Cast+1","floor":16},{"not_picked":["Redo+1","Compile Driver"],"picked":"Cold Snap","floor":18},{"not_picked":["Steam+1","Sweeping Beam"],"picked":"Reinforced Body+1","floor":19},{"not_picked":["Steam+1","Leap+1"],"picked":"Conserve Battery+1","floor":21},{"not_picked":["Sunder","Heatsinks+1","Recycle+1"],"picked":"SKIP","floor":22},{"not_picked":["Gash","Leap+1","Sweeping Beam"],"picked":"SKIP","floor":24}],"player_experience":740166,"relics_obtained":[{"floor":5,"key":"MawBank"},{"floor":9,"key":"Toxic Egg 2"},{"floor":12,"key":"Dead Branch"},{"floor":24,"key":"Bag of Marbles"},{"floor":26,"key":"DataDisk"}],"event_choices":[{"damage_healed":0,"gold_gain":0,"player_choice":"Grow","damage_taken":0,"max_hp_gain":0,"max_hp_loss":0,"event_name":"Living Wall","floor":2,"gold_loss":0,"cards_upgraded":["Zap"]},{"cards_removed":["Strike_B"],"damage_healed":0,"gold_gain":0,"player_choice":"Card Removal","damage_taken":7,"max_hp_gain":0,"max_hp_loss":0,"event_name":"Golden Wing","floor":3,"gold_loss":0},{"damage_healed":0,"gold_gain":90,"player_choice":"GOLD ","damage_taken":12,"max_hp_gain":0,"max_hp_loss":0,"event_name":"Knowing Skull","floor":20,"potions_obtained":[],"gold_loss":0,"cards_obtained":[]}],"is_beta":false,"boss_relics":[{"not_picked":["Snecko Eye","Busted Crown"],"picked":"Empty Cage"}],"items_purged_floors":[13],"is_endless":false,"potions_floor_spawned":[7,11,16,21],"killed_by":"Book of Stabbing","ascension_level":20}}