{"host":"j0a1jfichhxu8b8p","time":1609075652,"event":{"mods":["BaseMod","Colored Map","DeckTracker","Keyboard Shortcuts","Minty Spire (QoL Compilation)","Permanent Neow","StSLib","The Dragon Tamer"],"gold_per_floor":[116,116,131,149,174,174,205,223,250,250,250],"floor_reached":10,"playtime":425,"items_purged":[],"score":147,"play_id":"a6e455e2-3f93-4ee3-bc41-737077014f04","local_time":"20201227222732","is_ascension_mode":true,"campfire_choices":[{"data":"Eviscerate","floor":6.0,"key":"SMITH"}],"circlet_count":0,"master_deck":["AscendersBane","Strike_G","Strike_G","Strike_G","Strike_G","Strike_G","Defend_G","Defend_G","Defend_G","Defend_G","Defend_G","Survivor","Neutralize","Backflip","Cloak And Dagger","Finisher","Eviscerate+1","Acrobatics"],"relics":["Snecko Eye","Golden Idol","Ancient Tea Set","Orichalcum"],"acts_visited":["Exordium"],"potions_floor_usage":[8],"damage_taken":[{"damage":0.0,"enemies":"2 Louse","floor":1.0,"turns":3.0},{"damage":0.0,"enemies":"Small Slimes","floor":3.0,"turns":4.0},{"damage":3.0,"enemies":"Cultist","floor":4.0,"turns":6.0},{"damage":8.0,"enemies":"Looter","floor":5.0,"turns":4.0},{"damage":0.0,"enemies":"Gremlin Nob","floor":7.0,"turns":2.0},{"damage":19,"enemies":"Exordium Thugs","floor":8,"turns":4},{"damage":17,"enemies":"Lagavulin","floor":10,"turns":4}],"seed_played":"5657495483183539470","potions_obtained":[{"floor":1.0,"key":"FearPotion"},{"floor":3.0,"key":"AttackPotion"}],"is_trial":false,"path_per_floor":["M","?","M","M","M","R","E","M","T","E"],"character_chosen":"THE_SILENT","items_purchased":[],"campfire_rested":0,"item_purchase_floors":[],"current_hp_per_floor":[63,46,46,43,35,35,35,16,16,0,0],"gold":250,"neow_bonus":"BOSS_RELIC","is_daily":false,"chose_seed":false,"campfire_upgraded":1,"win_rate":0.0,"timestamp":1609075652,"path_taken":["M","?","M","M","M","R","E","M","T","E"],"items_purchased_type":[],"build_version":"2020-12-22","purchased_purges":0,"victory":false,"max_hp_per_floor":[70,70,70,70,70,70,70,70,70,70,70],"card_choices":[{"not_picked":["Finisher","Flying Knee"],"picked":"Backflip","floor":1.0},{"not_picked":["Accuracy","Outmaneuver"],"picked":"Cloak And Dagger","floor":3.0},{"not_picked":["Deadly Poison","Prepared"],"picked":"Finisher","floor":4.0},{"not_picked":["Dagger Throw","Escape Plan"],"picked":"Eviscerate","floor":5.0},{"not_picked":["All Out Attack","Backflip","Slice"],"picked":"SKIP","floor":7.0},{"not_picked":["Tactician","Deadly Poison"],"picked":"Acrobatics","floor":8}],"player_experience":355328,"relics_obtained":[{"floor":7.0,"key":"Ancient Tea Set"},{"floor":9,"key":"Orichalcum"}],"event_choices":[{"damage_healed":0.0,"max_hp_gain":0.0,"max_hp_loss":0.0,"gold_gain":0.0,"event_name":"Golden Idol","player_choice":"Take Damage","floor":2.0,"gold_loss":0.0,"damage_taken":17.0,"relics_obtained":["Golden Idol"]}],"is_beta":false,"boss_relics":[],"items_purged_floors":[],"is_endless":false,"potions_floor_spawned":[1,3,4],"killed_by":"Lagavulin","ascension_level":11}}