{"host":"69rply1jf2d1wbmp","time":1609085574,"event":{"mods":["BaseMod","Minty Spire (QoL Compilation)","Quick Restart"],"gold_per_floor":[367,3,57,57,73,105,120,120,120,120,120,120,133,147,147,247,247,266,266,110,125,135,135,50,50,100,100,23,41,75,89,89,187,187,202,6,0,17,32,58,58,89,89,89,89],"floor_reached":44,"playtime":1420,"items_purged":["Defend_R"],"score":561,"play_id":"4bf09a1f-550d-45a9-867e-1f523ca72735","local_time":"20201227111254","is_ascension_mode":false,"campfire_choices":[{"floor":8,"key":"REST"},{"data":"Bash","floor":15,"key":"SMITH"},{"floor":23,"key":"REST"},{"data":"Rupture","floor":25,"key":"SMITH"},{"data":"Combust","floor":27,"key":"SMITH"},{"floor":32,"key":"REST"},{"floor":41,"key":"REST"}],"circlet_count":0,"master_deck":["Defend_R","Defend_R","Defend_R","Bash+1","Good Instincts+1","Armaments+1","Sword Boomerang","Combust+1","Rupture+1","Anger","Double Tap+1","Trip+1","Rupture+1","Fire Breathing","Heavy Blade","Rupture","Feed","Wild Strike+1","Dual Wield+1","Limit Break+1","Shrug It Off+1","Rupture+1","Evolve"],"relics":["Burning Blood","Toxic Egg 2","Ancient Tea Set","Happy Flower","Kunai","Mark of Pain","Vajra","PreservedInsect","Lantern","Astrolabe","Blood Vial","Red Mask","Bird Faced Urn","Eternal Feather","Calipers"],"acts_visited":["Exordium","TheCity","TheBeyond"],"potions_floor_usage":[21,29,30,33,39,40,40,44,44],"damage_taken":[{"damage":5,"enemies":"Cultist","floor":1,"turns":4},{"damage":2,"enemies":"Jaw Worm","floor":5,"turns":3},{"damage":33,"enemies":"Gremlin Nob","floor":6,"turns":5},{"damage":0,"enemies":"Small Slimes","floor":7,"turns":3},{"damage":9,"enemies":"3 Louse","floor":13,"turns":4},{"damage":2,"enemies":"Looter","floor":14,"turns":3},{"damage":18,"enemies":"The Guardian","floor":16,"turns":8},{"damage":16,"enemies":"Spheric Guardian","floor":18,"turns":5},{"damage":18,"enemies":"Shell Parasite","floor":21,"turns":6},{"damage":13,"enemies":"Cultist and Chosen","floor":22,"turns":6},{"damage":20,"enemies":"Snake Plant","floor":29,"turns":3},{"damage":25,"enemies":"Book of Stabbing","floor":30,"turns":4},{"damage":34,"enemies":"Centurion and Healer","floor":31,"turns":5},{"damage":17,"enemies":"Automaton","floor":33,"turns":5},{"damage":20,"enemies":"Orb Walker","floor":35,"turns":3},{"damage":4,"enemies":"3 Shapes","floor":38,"turns":6},{"damage":17,"enemies":"Jaw Worm Horde","floor":39,"turns":5},{"damage":47,"enemies":"Nemesis","floor":40,"turns":7},{"damage":49,"enemies":"Giant Head","floor":42,"turns":6},{"damage":58,"enemies":"Spire Growth","floor":44,"turns":4}],"seed_played":"7863321978234452772","potions_obtained":[{"floor":13,"key":"Swift Potion"},{"floor":16,"key":"Weak Potion"},{"floor":22,"key":"Explosive Potion"},{"floor":29,"key":"SpeedPotion"},{"floor":31,"key":"SkillPotion"},{"floor":35,"key":"SpeedPotion"},{"floor":39,"key":"Block Potion"},{"floor":42,"key":"BlessingOfTheForge"}],"is_trial":false,"path_per_floor":["M","$","T","?","M","E","M","R","T","?","?","?","M","M","R","B",null,"M","?","$","M","M","R","?","R","T","R","$","M","E","M","R","B",null,"M","$","?","M","M","E","R","E","T","M"],"character_chosen":"IRONCLAD","items_purchased":["Toxic Egg 2","Good Instincts+1","Armaments+1","Trip+1","Fire Breathing","Blood Vial","SkillPotion"],"campfire_rested":4,"item_purchase_floors":[2,2,2,20,28,36,36],"current_hp_per_floor":[57,57,57,57,61,34,40,64,64,64,69,69,66,70,70,58,85,75,75,75,63,56,81,81,81,81,81,81,67,48,20,45,34,85,75,75,75,82,73,37,65,36,36,0,0],"gold":89,"neow_bonus":"TWO_FIFTY_GOLD","is_daily":false,"chose_seed":false,"campfire_upgraded":3,"win_rate":0.0,"timestamp":1609085574,"path_taken":["M","$","?","?","M","E","?","R","T","?","?","?","M","?","R","BOSS","M","?","$","M","?","R","?","R","T","R","?","M","E","M","R","BOSS","M","$","?","M","M","E","R","E","T","M"],"items_purchased_type":["Relic","Card","Card","Card","Card","Relic","Potion"],"build_version":"2020-12-22","purchased_purges":1,"victory":false,"max_hp_per_floor":[80,80,80,80,80,80,80,80,80,80,85,85,85,85,85,85,85,85,85,85,85,85,85,85,85,85,85,85,85,85,85,85,85,85,89,89,89,92,92,95,95,95,95,95,95],"card_choices":[{"not_picked":["Headbutt","Uppercut","Battle Trance"],"picked":"SKIP","floor":1},{"not_picked":["Sentinel+1","Headbutt"],"picked":"Sword Boomerang","floor":5},{"not_picked":["Wild Strike","Iron Wave"],"picked":"Combust","floor":6},{"not_picked":["Power Through+1","Perfected Strike","Burning Pact+1"],"picked":"SKIP","floor":7},{"not_picked":["Twin Strike","Body Slam"],"picked":"Anger","floor":13},{"not_picked":["Seeing Red+1","Uppercut","True Grit+1"],"picked":"SKIP","floor":14},{"not_picked":["Corruption","Berserk"],"picked":"Double Tap+1","floor":16},{"not_picked":["True Grit+1","Body Slam","Armaments+1"],"picked":"SKIP","floor":18},{"not_picked":["Twin Strike","Heavy Blade"],"picked":"Rupture","floor":21},{"not_picked":["Warcry+1","Havoc+1","Pummel"],"picked":"SKIP","floor":22},{"not_picked":["Body Slam","Clothesline"],"picked":"Heavy Blade","floor":29},{"not_picked":["Body Slam","Shockwave+1","Bloodletting+1"],"picked":"SKIP","floor":30},{"not_picked":["Headbutt+1","Flex+1"],"picked":"Rupture","floor":31},{"not_picked":["Brutality","Berserk"],"picked":"Feed","floor":33},{"not_picked":["Clash","Iron Wave","Perfected Strike"],"picked":"SKIP","floor":35},{"not_picked":["Body Slam+1","Rampage+1"],"picked":"Shrug It Off+1","floor":38},{"not_picked":["Carnage+1","Armaments+1"],"picked":"Rupture+1","floor":39},{"not_picked":["Pommel Strike","Juggernaut","Headbutt+1"],"picked":"SKIP","floor":40},{"not_picked":["Seeing Red+1","Havoc+1"],"picked":"Evolve","floor":42}],"player_experience":412714,"relics_obtained":[{"floor":3,"key":"Ancient Tea Set"},{"floor":6,"key":"Happy Flower"},{"floor":9,"key":"Kunai"},{"floor":26,"key":"PreservedInsect"},{"floor":30,"key":"Lantern"},{"floor":40,"key":"Bird Faced Urn"},{"floor":42,"key":"Eternal Feather"},{"floor":43,"key":"Calipers"}],"event_choices":[{"damage_healed":0,"gold_gain":0,"player_choice":"Ignored","damage_taken":0,"max_hp_gain":0,"max_hp_loss":0,"event_name":"NoteForYourself","floor":4,"gold_loss":0},{"cards_removed":["Strike_R"],"damage_healed":0,"gold_gain":0,"player_choice":"Forget","damage_taken":0,"max_hp_gain":0,"max_hp_loss":0,"event_name":"Living Wall","floor":10,"gold_loss":0},{"damage_healed":0,"gold_gain":0,"player_choice":"Donut","damage_taken":0,"max_hp_gain":5,"max_hp_loss":0,"event_name":"Big Fish","floor":11,"gold_loss":0},{"damage_healed":0,"gold_gain":0,"cards_transformed":["Strike_R"],"player_choice":"Transformed","damage_taken":0,"max_hp_gain":0,"max_hp_loss":0,"event_name":"Transmorgrifier","floor":12,"gold_loss":0,"cards_obtained":["Rupture"]},{"damage_healed":0,"gold_gain":0,"player_choice":"Upgraded","damage_taken":0,"max_hp_gain":0,"max_hp_loss":0,"event_name":"Upgrade Shrine","floor":19,"gold_loss":0,"cards_upgraded":["Rupture"]},{"damage_healed":0,"gold_gain":0,"player_choice":"Obtained Relic","damage_taken":0,"relics_obtained":["Vajra"],"max_hp_gain":0,"max_hp_loss":0,"event_name":"Addict","floor":24,"gold_loss":85},{"damage_healed":0,"gold_gain":0,"player_choice":"Paid","damage_taken":0,"relics_obtained":["Red Mask"],"max_hp_gain":0,"max_hp_loss":0,"event_name":"Tomb of Lord Red Mask","floor":37,"gold_loss":6}],"is_beta":false,"boss_relics":[{"not_picked":["Tiny House","Fusion Hammer"],"picked":"Mark of Pain"},{"not_picked":["Runic Dome","Pandora\u0027s Box"],"picked":"Astrolabe"}],"items_purged_floors":[20],"is_endless":false,"potions_floor_spawned":[6,13,16,22,29,31,35,39,42],"killed_by":"Spire Growth","ascension_level":0}}