{"host":"hkfd27larxvbrzdx","time":1609035048,"event":{"mods":["AchievementEnabler","BaseMod","Minty Spire (QoL Compilation)"],"gold_per_floor":[359,359,371,386,257,257,270,312,360,360,433,457,457,482,482,588,588,611,620,620,640,540,540,565,565,592,608,608,622,635,663,663,663,663],"floor_reached":33,"playtime":4798,"items_purged":["Strike_R","Strike_R"],"score":319,"play_id":"029b2751-d3cd-4256-b116-759cc29e8ddf","local_time":"20201227101048","is_ascension_mode":true,"campfire_choices":[{"data":"Limit Break","floor":6,"key":"SMITH"},{"floor":10,"key":"REST"},{"floor":13,"key":"REST"},{"floor":15,"key":"REST"},{"data":"Bludgeon","floor":23,"key":"SMITH"},{"data":"Cleave","floor":25,"key":"SMITH"},{"data":"Heavy Blade","floor":28,"key":"SMITH"},{"data":"Bash","floor":32,"key":"SMITH"}],"circlet_count":0,"master_deck":["Strike_R","Strike_R","Strike_R","Defend_R","Defend_R","Defend_R","Defend_R","Bash+1","Flame Barrier+1","Limit Break+1","Shrug It Off","Shrug It Off+1","Shrug It Off","Entrench","Cleave+1","Shrug It Off+1","Bludgeon+1","Battle Trance+1","Heavy Blade+1","Heavy Blade"],"relics":["Burning Blood","Sundial","CeramicFish","War Paint","Toxic Egg 2","Odd Mushroom","Snecko Eye","Pantograph","Bag of Preparation"],"acts_visited":["Exordium","TheCity"],"potions_floor_usage":[8,33],"damage_taken":[{"damage":8,"enemies":"Jaw Worm","floor":1,"turns":6},{"damage":2,"enemies":"Small Slimes","floor":3,"turns":4},{"damage":3,"enemies":"2 Louse","floor":4,"turns":3},{"damage":0,"enemies":"2 Fungi Beasts","floor":7,"turns":5},{"damage":63,"enemies":"Lagavulin","floor":8,"turns":13},{"damage":29,"enemies":"3 Sentries","floor":11,"turns":16},{"damage":15,"enemies":"The Mushroom Lair","floor":12,"turns":5},{"damage":8,"enemies":"Blue Slaver","floor":14,"turns":6},{"damage":14,"enemies":"The Guardian","floor":16,"turns":21},{"damage":0,"enemies":"2 Thieves","floor":18,"turns":3},{"damage":0,"enemies":"Spheric Guardian","floor":21,"turns":3},{"damage":14,"enemies":"Book of Stabbing","floor":24,"turns":4},{"damage":7,"enemies":"Shelled Parasite and Fungi","floor":27,"turns":6},{"damage":21,"enemies":"Snake Plant","floor":29,"turns":4},{"damage":0,"enemies":"Centurion and Healer","floor":30,"turns":5},{"damage":6,"enemies":"3 Cultists","floor":31,"turns":5},{"damage":84,"enemies":"Champ","floor":33,"turns":12}],"seed_played":"-8197801039493425930","potions_obtained":[{"floor":3,"key":"Regen Potion"},{"floor":7,"key":"PowerPotion"},{"floor":11,"key":"Swift Potion"},{"floor":16,"key":"Ancient Potion"},{"floor":24,"key":"Dexterity Potion"},{"floor":27,"key":"Dexterity Potion"}],"is_trial":false,"path_per_floor":["M","?","M","M","$","R","M","E","T","R","?","?","R","M","R","B",null,"M","?","?","M","$","R","E","R","T","M","R","M","M","M","R","B"],"character_chosen":"IRONCLAD","items_purchased":["Shrug It Off"],"campfire_rested":3,"item_purchase_floors":[5],"current_hp_per_floor":[54,51,55,58,58,58,64,22,22,46,23,14,38,36,60,52,80,80,80,80,80,80,80,72,72,72,71,71,56,62,62,62,0,0],"gold":663,"neow_bonus":"TWO_FIFTY_GOLD","is_daily":false,"chose_seed":false,"campfire_upgraded":5,"win_rate":0.0,"timestamp":1609035048,"path_taken":["M","?","M","M","$","R","M","E","T","R","?","?","R","M","R","BOSS","M","?","?","M","$","R","E","R","T","M","R","M","M","M","R","BOSS"],"items_purchased_type":["Card"],"build_version":"2020-12-22","purchased_purges":2,"victory":false,"max_hp_per_floor":[80,80,80,80,80,80,80,80,80,80,80,80,80,80,80,80,80,80,80,80,80,80,80,80,80,80,80,80,80,80,80,80,80,80],"card_choices":[{"not_picked":["Iron Wave","Anger"],"picked":"Flame Barrier","floor":1},{"not_picked":["Clothesline","Uppercut"],"picked":"Limit Break","floor":3},{"not_picked":["Searing Blow","Sever Soul"],"picked":"Shrug It Off","floor":4},{"not_picked":["Dark Embrace","Blood for Blood"],"picked":"Shrug It Off","floor":7},{"not_picked":["Twin Strike","Heavy Blade"],"picked":"Entrench","floor":8},{"not_picked":["Body Slam","True Grit+1"],"picked":"Cleave","floor":11},{"not_picked":["Entrench+1","Headbutt"],"picked":"Shrug It Off+1","floor":14},{"not_picked":["Impervious+1","Offering+1"],"picked":"Bludgeon","floor":16},{"not_picked":["Sword Boomerang+1","Reckless Charge"],"picked":"Battle Trance+1","floor":18},{"not_picked":["Twin Strike","Armaments+1","Perfected Strike"],"picked":"SKIP","floor":21},{"not_picked":["Anger+1","Twin Strike+1","Spot Weakness+1"],"picked":"SKIP","floor":24},{"not_picked":["Sword Boomerang+1","Rampage","Seeing Red+1"],"picked":"SKIP","floor":27},{"not_picked":["Sever Soul","Iron Wave","Flex+1"],"picked":"SKIP","floor":29},{"not_picked":["Flex+1","True Grit+1","Rupture"],"picked":"SKIP","floor":30},{"not_picked":["Body Slam","Cleave"],"picked":"Heavy Blade","floor":31}],"player_experience":91180,"relics_obtained":[{"floor":8,"key":"CeramicFish"},{"floor":9,"key":"War Paint"},{"floor":11,"key":"Toxic Egg 2"},{"floor":12,"key":"Odd Mushroom"},{"floor":24,"key":"Pantograph"},{"floor":26,"key":"Bag of Preparation"}],"event_choices":[{"damage_healed":0,"gold_gain":0,"player_choice":"Success","damage_taken":3,"relics_obtained":["Sundial"],"max_hp_gain":0,"max_hp_loss":0,"event_name":"Scrap Ooze","floor":2,"gold_loss":0},{"damage_healed":0,"gold_gain":0,"player_choice":"Searched \u00271\u0027 times","damage_taken":0,"max_hp_gain":0,"max_hp_loss":0,"event_name":"Dead Adventurer","floor":11,"gold_loss":0},{"damage_healed":0,"gold_gain":0,"player_choice":"Fought Mushrooms","damage_taken":0,"max_hp_gain":0,"max_hp_loss":0,"event_name":"Mushrooms","floor":12,"gold_loss":0},{"damage_healed":0,"gold_gain":0,"player_choice":"Read","damage_taken":0,"max_hp_gain":0,"max_hp_loss":0,"event_name":"The Library","floor":19,"gold_loss":0,"cards_obtained":["Heavy Blade"]},{"damage_healed":0,"gold_gain":0,"player_choice":"Ignored","damage_taken":0,"max_hp_gain":0,"max_hp_loss":0,"event_name":"The Mausoleum","floor":20,"gold_loss":0}],"is_beta":false,"boss_relics":[{"not_picked":["Runic Pyramid","Busted Crown"],"picked":"Snecko Eye"}],"items_purged_floors":[5,22],"is_endless":false,"potions_floor_spawned":[3,7,11,16,18,24,27],"killed_by":"Champ","ascension_level":2}}