{"host":"rkizb0bayd67deyv","time":1609045493,"event":{"mods":["2.2 Compatiblity","AchievementEnabler","Astrologer","BaseMod","Beaked The Cultist","BetterRewards","CapriCore","Colored Map","Colored Powertips","GifTheSpireLib","Gremlin Mod","KinomotoSakuraMod(ñÿîVñ{?)","Koishi","Mad Scientist","MarisaÅiñ∂âJÅ@ñÇóùçπÅj","Minty Spire (QoL Compilation)","Quick Restart","StSLib","SuperFastMode","The Bladedancer","The Cursed","The Death Knight","The Immortal","The Mystic","The Poker Player","Unknown Chances","YoumuÅiç∞ÈÆódöÎÅj"],"gold_per_floor":[119,133,208,158,158,158,185,185,185,211,227,261,261,277,277,405,405,424,424,474,490,510,545,399,399,399,399,432,432,39,39,39,165,165,185,185,201,222,237,237,268,268,292,330,364,400,425,425,425,425],"floor_reached":51,"playtime":1560,"items_purged":["Gremlin:Strike","Gremlin:Defend","Gremlin:Strike"],"score":2046,"play_id":"7ef1cae5-25a4-4a69-88fb-8488bbafe18c","local_time":"20201227140453","is_ascension_mode":true,"campfire_choices":[{"floor":6.0,"key":"DIG"},{"data":"Gremlin:GremlinMeal","floor":8.0,"key":"SMITH"},{"data":"Gremlin:Pinprick","floor":15.0,"key":"SMITH"},{"floor":25.0,"key":"DIG"},{"floor":29.0,"key":"DIG"},{"floor":32.0,"key":"DIG"},{"data":"Gremlin:FairyDust","floor":40.0,"key":"SMITH"},{"floor":42.0,"key":"DIG"},{"floor":49,"key":"DIG"}],"circlet_count":0,"master_deck":["AscendersBane","Gremlin:Strike+1","Gremlin:Defend","Gremlin:Defend","Gremlin:TagTeam","Gremlin:GremlinDance","Gremlin:GremlinMeal+1","Gremlin:FairyDust+1","Gremlin:Duplicate+1","Gremlin:GremlinMeal+1","Gremlin:Pinprick+1","Gremlin:Unforgiving+1","CurseOfTheBell","Gremlin:GlitterGuard","Gremlin:Fury+1","Gremlin:FairyDust+1","Gremlin:ProperTools","Gremlin:IrksomeBlow+1"],"relics":["Gremlin:GremlinKnob","Shovel","Gremlin:StolenMerchandise","Boot","Pocketwatch","beaked:ShinyBauble","Kunai","Letter Opener","Sundial","Darkstone Periapt","HornCleat","Ancient Tea Set","Golden Idol","Calling Bell","Vajra","Matryoshka","Calipers","MealTicket","HandDrill","Gremlin:SupplyScroll","Potion Belt","The Courier","GremlinMask","Pen Nib","MawBank","Whetstone","Happy Flower","Incense Burner","Black Star","Blood Vial","DeathKnight:PutricidesVial","Dream Catcher","Bag of Marbles","Art of War","Eternal Feather","Nunchaku","Strawberry","Omamori","Du-Vu Doll"],"acts_visited":["Exordium","TheCity","TheBeyond"],"potions_floor_usage":[50,50,50],"damage_taken":[{"damage":2.0,"enemies":"Jaw Worm","floor":1.0,"turns":4.0},{"damage":0.0,"enemies":"Small Slimes","floor":2.0,"turns":2.0},{"damage":0.0,"enemies":"3 Sentries","floor":7.0,"turns":4.0},{"damage":7.0,"enemies":"Lagavulin","floor":10.0,"turns":4.0},{"damage":0.0,"enemies":"2 Louse","floor":11.0,"turns":1.0},{"damage":0.0,"enemies":"Gremlin Nob","floor":12.0,"turns":2.0},{"damage":0.0,"enemies":"Gremlin Gang","floor":14.0,"turns":1.0},{"damage":2.0,"enemies":"The Guardian","floor":16.0,"turns":8.0},{"damage":0.0,"enemies":"Spheric Guardian","floor":18.0,"turns":3.0},{"damage":0.0,"enemies":"Chosen","floor":21.0,"turns":4.0},{"damage":0.0,"enemies":"Snecko","floor":22.0,"turns":3.0},{"damage":12.0,"enemies":"Book of Stabbing","floor":23.0,"turns":4.0},{"damage":0.0,"enemies":"Gremlin Leader","floor":28.0,"turns":3.0},{"damage":0.0,"enemies":"Champ","floor":33.0,"turns":5.0},{"damage":0.0,"enemies":"3 Shapes","floor":35.0,"turns":2.0},{"damage":0.0,"enemies":"Orb Walker","floor":37.0,"turns":3.0},{"damage":4.0,"enemies":"Writhing Mass","floor":38.0,"turns":2.0},{"damage":0.0,"enemies":"Sphere and 2 Shapes","floor":39.0,"turns":2.0},{"damage":0.0,"enemies":"Reptomancer","floor":41.0,"turns":1.0},{"damage":8.0,"enemies":"Nemesis","floor":44.0,"turns":4.0},{"damage":0.0,"enemies":"3 Darklings","floor":45.0,"turns":1.0},{"damage":0,"enemies":"Reptomancer","floor":46,"turns":1},{"damage":0,"enemies":"Maw","floor":47,"turns":2},{"damage":0,"enemies":"Awakened One","floor":50,"turns":3}],"seed_played":"-7872369631206669736","potions_obtained":[{"floor":1.0,"key":"PowerPotion"},{"floor":10.0,"key":"LiquidMemories"},{"floor":12.0,"key":"SteroidPotion"},{"floor":39.0,"key":"CultistPotion"}],"is_trial":false,"path_per_floor":["M","M","?","?","?","R","E","R","T","E","M","E","?","M","R","B",null,"M","?","?","M","M","E","$","R","T","?","E","R","$","?","R","B",null,"M","?","M","M","M","R","E","R","T","E","M","E","M","?","R","B",null],"character_chosen":"GREMLIN","items_purchased":["Gremlin:StolenMerchandise","Boot","Gremlin:GremlinMeal","Gremlin:FairyDust","beaked:ShinyBauble","Kunai","Gremlin:Duplicate","HandDrill","Whetstone","Happy Flower","GamblersBrew"],"campfire_rested":0,"item_purchase_floors":[0,0,0,0,0,0,0,24,30,30,30],"current_hp_per_floor":[20,20,15,15,15,15,17,17,17,10,1,1,1,15,15,15,20,20,14,14,14,14,2,17,17,17,17,17,17,21,21,21,17,20,21,21,21,16,21,21,21,21,21,8,21,23,23,23,23,23],"gold":425,"neow_bonus":"","is_daily":false,"chose_seed":false,"campfire_upgraded":3,"win_rate":0.0,"timestamp":1609045493,"path_taken":["M","M","?","?","?","R","E","R","T","E","?","E","?","M","R","BOSS","M","?","?","?","M","E","$","R","T","?","E","R","?","?","R","BOSS","M","?","M","M","M","R","E","R","T","E","?","E","M","?","R","BOSS"],"items_purchased_type":["Relic","Relic","Card","Card","Relic","Relic","Card","Relic","Relic","Relic","Potion"],"build_version":"2020-12-22","purchased_purges":3,"victory":true,"max_hp_per_floor":[20,20,20,20,20,20,20,20,20,20,20,20,19,19,19,19,21,21,21,21,21,21,21,21,21,21,21,21,21,21,21,21,21,21,21,21,21,21,21,21,21,21,21,21,21,23,23,23,23,23],"card_choices":[{"not_picked":["Gremlin:DaggerDance","Gremlin:MakeshiftArmor","Gremlin:CatScratch"],"picked":"SKIP","floor":1.0},{"not_picked":["Gremlin:CatScratch","Gremlin:Changeo","Gremlin:AggressiveDefense"],"picked":"SKIP","floor":2.0},{"not_picked":["Gremlin:Dazzle","Gremlin:ShadowShiv"],"picked":"Gremlin:GremlinMeal","floor":7.0},{"not_picked":["Gremlin:Pretaliation","Gremlin:BrokenShin","Gremlin:CatScratch"],"picked":"SKIP","floor":10.0},{"not_picked":["Gremlin:Patsy","Gremlin:BulkUp","Gremlin:Astound"],"picked":"SKIP","floor":11.0},{"not_picked":["Gremlin:Rhythm","Gremlin:MakeshiftArmor"],"picked":"Gremlin:Pinprick","floor":12.0},{"not_picked":["Gremlin:Tadah","Gremlin:Pretaliation","Gremlin:DaggerDance"],"picked":"SKIP","floor":14.0},{"not_picked":["Gremlin:Encore","Gremlin:ShowStopper"],"picked":"Gremlin:Unforgiving","floor":16.0},{"not_picked":["Gremlin:ToeStub","Gremlin:ShowOfHands","Gremlin:EdibleArmor"],"picked":"SKIP","floor":18.0},{"not_picked":["Gremlin:Kablamo","Gremlin:BurlyBlow","Gremlin:SharpenBlades"],"picked":"SKIP","floor":21.0},{"not_picked":["Gremlin:Irritability+1","Gremlin:GremlinOffensive"],"picked":"Gremlin:GlitterGuard","floor":22.0},{"not_picked":["Gremlin:CatScratch","Gremlin:Presto","Gremlin:EdibleArmor"],"picked":"SKIP","floor":23.0},{"not_picked":["Gremlin:TwistTheKnife","Gremlin:PartyStick"],"picked":"Gremlin:Fury","floor":28.0},{"not_picked":["Gremlin:FlipOut","Gremlin:Erupt"],"picked":"Gremlin:FairyDust","floor":33.0},{"not_picked":["Gremlin:GremlinArms+1","Gremlin:Irritability"],"picked":"Gremlin:ProperTools","floor":35.0},{"not_picked":["Gremlin:Tricksy","Gremlin:GremlinMeal","Gremlin:BulkUp"],"picked":"SKIP","floor":37.0},{"not_picked":["Gremlin:Presto","Gremlin:PourSalt","Gremlin:CounterStrike"],"picked":"SKIP","floor":38.0},{"not_picked":["Gremlin:DaggerDance","Gremlin:Pretaliation","Gremlin:ToeStub"],"picked":"SKIP","floor":39.0},{"not_picked":["Gremlin:CounterStrike","Gremlin:PartyStick"],"picked":"Gremlin:IrksomeBlow+1","floor":41.0},{"not_picked":["Gremlin:Irritability","Gremlin:Pickpocket","Gremlin:Changeo"],"picked":"SKIP","floor":44.0},{"not_picked":["Gremlin:DaggerDance","Gremlin:BulkUp","Gremlin:Tricksy"],"picked":"SKIP","floor":45.0},{"not_picked":["Gremlin:PartyStick","Gremlin:Encore","Gremlin:FeelTheAudience"],"picked":"SKIP","floor":46},{"not_picked":["Gremlin:MakeshiftArmor","Gremlin:GremlinOffensive","Gremlin:BulkUp"],"picked":"SKIP","floor":47}],"player_experience":288290,"relics_obtained":[{"floor":6.0,"key":"Letter Opener"},{"floor":7.0,"key":"Sundial"},{"floor":9.0,"key":"Darkstone Periapt"},{"floor":10.0,"key":"HornCleat"},{"floor":12.0,"key":"Ancient Tea Set"},{"floor":17.0,"key":"Vajra"},{"floor":17.0,"key":"Matryoshka"},{"floor":17.0,"key":"Calipers"},{"floor":23.0,"key":"MealTicket"},{"floor":25.0,"key":"Gremlin:SupplyScroll"},{"floor":26.0,"key":"Potion Belt"},{"floor":26.0,"key":"The Courier"},{"floor":28.0,"key":"Pen Nib"},{"floor":29.0,"key":"MawBank"},{"floor":32.0,"key":"Incense Burner"},{"floor":41.0,"key":"Blood Vial"},{"floor":41.0,"key":"DeathKnight:PutricidesVial"},{"floor":42.0,"key":"Dream Catcher"},{"floor":43.0,"key":"Bag of Marbles"},{"floor":43.0,"key":"Art of War"},{"floor":44.0,"key":"Eternal Feather"},{"floor":44.0,"key":"Nunchaku"},{"floor":46,"key":"Strawberry"},{"floor":46,"key":"Omamori"},{"floor":49,"key":"Du-Vu Doll"}],"event_choices":[{"damage_healed":0.0,"max_hp_gain":0.0,"max_hp_loss":0.0,"gold_gain":75.0,"event_name":"World of Goop","player_choice":"Gather Gold","floor":3.0,"gold_loss":0.0,"damage_taken":3.0},{"cards_removed":["Gremlin:Defend"],"damage_healed":0.0,"max_hp_gain":0.0,"max_hp_loss":0.0,"gold_gain":0.0,"event_name":"The Cleric","player_choice":"Card Removal","floor":4.0,"gold_loss":50.0,"damage_taken":0.0},{"damage_healed":0.0,"max_hp_gain":0.0,"max_hp_loss":0.0,"gold_gain":0.0,"event_name":"Upgrade Shrine","player_choice":"Upgraded","floor":5.0,"gold_loss":0.0,"damage_taken":0.0,"cards_upgraded":["Gremlin:Duplicate"]},{"damage_healed":0.0,"max_hp_gain":0.0,"max_hp_loss":1.0,"gold_gain":0.0,"event_name":"Golden Idol","player_choice":"Lose Max HP","floor":13.0,"gold_loss":0.0,"damage_taken":0.0,"relics_obtained":["Golden Idol"]},{"damage_healed":0.0,"max_hp_gain":0.0,"max_hp_loss":0.0,"gold_gain":100.0,"event_name":"The Joust","player_choice":"Bet on Murderer","floor":20.0,"gold_loss":50.0,"damage_taken":0.0},{"damage_healed":0.0,"max_hp_gain":0.0,"max_hp_loss":0.0,"gold_gain":0.0,"event_name":"FaceTrader","player_choice":"Trade","floor":27.0,"gold_loss":0.0,"damage_taken":0.0,"relics_obtained":["GremlinMask"]},{"damage_healed":0.0,"max_hp_gain":0.0,"max_hp_loss":0.0,"gold_gain":0.0,"event_name":"Cursed Tome","player_choice":"Ignored","floor":31.0,"gold_loss":0.0,"damage_taken":0.0},{"cards_removed":["Gremlin:Strike"],"damage_healed":0.0,"max_hp_gain":0.0,"max_hp_loss":0.0,"gold_gain":0.0,"event_name":"Bonfire Elementals","player_choice":"Offered Basic","floor":36.0,"gold_loss":0.0,"damage_taken":0.0},{"damage_healed":0,"gold_gain":0,"player_choice":"Ignored","damage_taken":0,"max_hp_gain":0,"max_hp_loss":0,"event_name":"SecretPortal","floor":48,"gold_loss":0}],"is_beta":false,"boss_relics":[{"not_picked":["Velvet Choker","SacredBark"],"picked":"Calling Bell"},{"not_picked":["Pandora\u0027s Box","Sozu"],"picked":"Black Star"}],"items_purged_floors":[0,0,30],"is_endless":false,"potions_floor_spawned":[1,10,12,14,18,21,22,39,41,46,47],"ascension_level":12}}