{"host":"vdf1n25tgqc7msgq","time":1609034503,"event":{"mods":["ATMod(阿瑾Mod)","AchievementEnabler","BaseMod","BetterRewards","Colored Powertips","KinomotoSakuraMod(木之本樱)","Marisa（F雨　魔理沙）","Minty Spire (QoL Compilation)","Quick Restart","Remilia（蕾米莉亚）","Replay The Spire","StSLib","The Servant 0.9.4","UnlockEverythingMod","Yakumo Yukari mod","Youmu（魂魄妖梦）","Yuyuko","[功能]商店购物价格优惠80%","simple"],"gold_per_floor":[2050,2115,2990,2990,656,656,656,826,826,906,906,961,114,254,254,804,804,924,310,415,415,415,415,535,660,660,805,915,439,439,579,579,1174,1174,1274,1404,1904,2059,1564,1564,1689,1689,1689,1974,1974,2079,874,969,969,2129],"floor_reached":51,"playtime":1475,"items_purged":["Defend_G","Defend_G","Defend_G","Neutralize","Survivor","Defend_G","Defend_G","Strike_G","Strike_G","AT_EmpoweredMortalDraw","Strike_G","Strike_G"],"score":1081,"play_id":"871ac5f8-3c6d-43aa-8487-e3eb11ce4713","local_time":"20201226210143","is_ascension_mode":false,"campfire_choices":[{"data":"Strike_G","floor":6.0,"key":"SMITH"},{"data":"1","floor":6.0,"key":"LIFT"},{"data":"2","floor":11.0,"key":"LIFT"},{"data":"3","floor":15.0,"key":"LIFT"},{"floor":23,"key":"REST"},{"floor":30,"key":"REST"},{"floor":32,"key":"DIG"},{"floor":40,"key":"REST"},{"floor":42,"key":"REST"},{"data":"Strike_G+2","floor":49,"key":"SMITH"},{"floor":49,"key":"REST"}],"circlet_count":0,"master_deck":["Strike_G+4","Terror+1","AT_KneejerkReflex+1","Dagger Spray+1","Flying Knee+1","Dagger Spray+1","A Thousand Cuts+1","Trip+1","Dagger Spray+1"],"relics":["Ring of the Snake","Peace Pipe","Ginger","Turnip","Unceasing Top","Omamori","Ice Cream","The Specimen","The Courier","AT_ATBox","HandDrill","Girya","Matryoshka","Replay:Arrowhead","Iron Hammer","Onion Ring","AT_ChloranthyRing","AT_Kusabimaru","Mirror","AT_SunfireAegis","Mercury Hourglass","AT_BellowingDragoncrestRing","Molten Egg 2","Potion Belt","ReplayFunnel","AT_ArchangelStaff","Frozen Egg 2","Vajra","Replay:Bandana","AT_BladeRuinedKing","AT_GuinsooRageblade","Replay:Ringing Soul","ReplayTheSpireMod:Lightbulb","Mango","AT_TrinityForce","ClockworkSouvenir","AT_ForceNature","Garlic","Byrd Skull","Nunchaku","Replay:Baseball","Bag of Preparation","Blue Doll","Counterbalance","Shuriken","Eternal Feather","SacredBark","Anchor","Lantern","Boot","Guide Book","Toxic Egg 2","Bottled Lightning","Akabeko","Chemical X","AT_SpeedBoots","AT_TheCollector","Gremlin Horn","Gremlin Food","Simple Rune","Happy Flower","War Paint","Chameleon Ring","Incense Burner"],"acts_visited":["Exordium","TheCity","TheBeyond"],"potions_floor_usage":[33],"damage_taken":[{"damage":0.0,"enemies":"Cultist","floor":1.0,"turns":2.0},{"damage":0.0,"enemies":"2 Louse","floor":2.0,"turns":2.0},{"damage":0.0,"enemies":"Lagavulin","floor":8.0,"turns":2.0},{"damage":0.0,"enemies":"Jaw Worm","floor":10.0,"turns":1.0},{"damage":0.0,"enemies":"Looter","floor":12.0,"turns":1.0},{"damage":0.0,"enemies":"3 Louse","floor":14.0,"turns":1.0},{"damage":0.0,"enemies":"Slime Boss","floor":16.0,"turns":1.0},{"damage":0.0,"enemies":"3 Byrds","floor":18.0,"turns":1.0},{"damage":0.0,"enemies":"Chosen","floor":20.0,"turns":1.0},{"damage":0,"enemies":"Snake Plant","floor":24,"turns":1},{"damage":0,"enemies":"Shelled Parasite and Fungi","floor":25,"turns":1},{"damage":0,"enemies":"3 Cultists","floor":27,"turns":1},{"damage":0,"enemies":"Snake Plant","floor":28,"turns":1},{"damage":0,"enemies":"Centurion and Healer","floor":31,"turns":1},{"damage":0,"enemies":"Champ","floor":33,"turns":1},{"damage":0,"enemies":"Orb Walker","floor":35,"turns":1},{"damage":2,"enemies":"3 Shapes","floor":36,"turns":1},{"damage":0,"enemies":"Maw","floor":38,"turns":2},{"damage":0,"enemies":"Sphere and 2 Shapes","floor":41,"turns":1},{"damage":0,"enemies":"R_Hoarder","floor":44,"turns":1},{"damage":0,"enemies":"Spire Growth","floor":46,"turns":1},{"damage":0,"enemies":"3 Darklings","floor":48,"turns":1},{"damage":0,"enemies":"Donu and Deca","floor":50,"turns":1}],"seed_played":"-4695951044136330518","potions_obtained":[{"floor":2.0,"key":"CunningPotion"},{"floor":2.0,"key":"Energy Potion"},{"floor":8.0,"key":"Reflective Coating"},{"floor":10.0,"key":"Ancient Potion"},{"floor":14.0,"key":"Death Potion"}],"is_trial":false,"path_per_floor":["M","M","?","?","$","R","T","E","T","M","R","M","$","M","R","B",null,"M","$","M","?","?","R","M","M","T","M","M","$","R","M","R","B",null,"M","M","?","M","$","R","M","R","T","E","?","M","$","M","R","B",null],"character_chosen":"THE_SILENT","items_purchased":["HandDrill","Girya","Matryoshka","Replay:Arrowhead","Iron Hammer","Onion Ring","AT_ChloranthyRing","AT_Kusabimaru","Mirror","AT_SunfireAegis","Mercury Hourglass","AT_BellowingDragoncrestRing","Molten Egg 2","Potion Belt","ReplayFunnel","Dagger Spray+1","Flying Knee+1","Replay:Bandana","AT_BladeRuinedKing","AT_GuinsooRageblade","Replay:Ringing Soul","ReplayTheSpireMod:Lightbulb","Mango","ClockworkSouvenir","AT_ForceNature","Garlic","Byrd Skull","Nunchaku","Bag of Preparation","Blue Doll","Counterbalance","Shuriken","Anchor","Lantern","Boot","Guide Book","Toxic Egg 2","Chemical X","AT_SpeedBoots","AT_TheCollector","Gremlin Horn","Gremlin Food","Simple Rune","Happy Flower","War Paint","Chameleon Ring","Incense Burner"],"campfire_rested":5,"item_purchase_floors":[5,5,5,5,5,5,5,5,5,5,5,5,5,5,5,5,5,13,13,13,13,13,13,19,19,19,19,19,29,29,29,29,39,39,39,39,39,47,47,47,47,47,47,47,47,47,47],"current_hp_per_floor":[63,63,63,50,50,50,50,50,50,50,50,50,64,64,64,67,80,80,80,80,65,65,85,85,85,85,85,85,85,85,85,85,85,85,85,83,83,83,83,85,85,85,85,85,88,91,91,91,91,91],"gold":2129,"neow_bonus":"RANDOM_COLORLESS_2","is_daily":false,"chose_seed":false,"campfire_upgraded":2,"win_rate":0.0,"timestamp":1609034503,"path_taken":["M","?","?","?","$","R","?","E","T","M","R","M","$","M","R","BOSS","M","$","M","?","?","R","M","?","T","M","M","$","R","M","R","BOSS","M","M","?","M","$","R","?","R","T","E","?","M","?","M","R","BOSS"],"items_purchased_type":["Relic","Relic","Relic","Relic","Relic","Relic","Relic","Relic","Relic","Relic","Relic","Relic","Relic","Relic","Relic","Card","Card","Relic","Relic","Relic","Relic","Relic","Relic","Relic","Relic","Relic","Relic","Relic","Relic","Relic","Relic","Relic","Relic","Relic","Relic","Relic","Relic","Relic","Relic","Relic","Relic","Relic","Relic","Relic","Relic","Relic","Relic"],"build_version":"2020-12-22","purchased_purges":12,"victory":true,"max_hp_per_floor":[63,63,63,63,63,63,63,63,63,63,63,63,77,77,77,80,80,80,80,80,85,85,85,85,85,85,85,85,85,85,85,85,85,85,85,85,85,85,85,85,85,85,85,85,88,91,91,91,91,91],"card_choices":[{"not_picked":["Secret Weapon","AT_FamilyPortrait"],"picked":"AT_EmpoweredMortalDraw","floor":0.0},{"not_picked":["Deflect","Fluid Movement"],"picked":"Terror","floor":1.0},{"not_picked":["Cloak And Dagger","Poisoned Stab"],"picked":"AT_KneejerkReflex","floor":2.0},{"not_picked":["Bane+1","Poisoned Stab+1","Replay:Poison Smokescreen"],"picked":"SKIP","floor":8.0},{"not_picked":["Deflect","AT_ShadowStep"],"picked":"Dagger Spray+1","floor":10.0},{"not_picked":["Bane+1","Acrobatics","Well Laid Plans+1"],"picked":"SKIP","floor":12.0},{"not_picked":["ReplayTheSpireMod:From All Sides+1","Poisoned Stab+1","Flying Knee+1"],"picked":"SKIP","floor":14.0},{"not_picked":["Bullet Time","Die Die Die+1"],"picked":"A Thousand Cuts+1","floor":16.0},{"not_picked":["Bane+1","Poisoned Stab+1","Slice+1"],"picked":"SKIP","floor":18.0},{"not_picked":["Underhanded Strike+1","Infinite Blades+1","Bane+1"],"picked":"SKIP","floor":20.0},{"not_picked":["Prepared+1","AT_WindFlip+1","ReplayTheSpireMod:Exploit Weakness+1"],"picked":"SKIP","floor":24},{"not_picked":["PiercingWail","Hidden Blade","Poisoned Stab+1"],"picked":"SKIP","floor":25},{"not_picked":["Flying Knee+1","Sucker Punch+1","Corpse Explosion"],"picked":"SKIP","floor":27},{"not_picked":["Deflect","Riddle With Holes+1","Flying Knee+1"],"picked":"SKIP","floor":28},{"not_picked":["Poisoned Stab+1","Sneak Up+1","Flying Knee+1"],"picked":"SKIP","floor":31},{"not_picked":["Cloak And Dagger","Deflect","Blade Dance+1"],"picked":"SKIP","floor":35},{"not_picked":["Underhanded Strike+1","Slice+1","Draining Mist"],"picked":"SKIP","floor":36},{"not_picked":["Blade Dance+1","Cloak And Dagger+1","Calculated Gamble+1"],"picked":"SKIP","floor":38},{"not_picked":["Deadly Poison+1","Flechettes+1","Cloak And Dagger+1"],"picked":"SKIP","floor":41},{"not_picked":["ReplayTheSpireMod:Necrosis+1","Poisoned Stab+1","Dagger Throw+1"],"picked":"SKIP","floor":44},{"not_picked":["Chrysalis+1","Good Instincts+1"],"picked":"Trip+1","floor":45},{"not_picked":["Poisoned Stab+1","Quick Slash+1"],"picked":"Dagger Spray+1","floor":46},{"not_picked":["Catalyst+1","Backflip+1","Finisher+1"],"picked":"SKIP","floor":48}],"player_experience":17503,"relics_obtained":[{"floor":7.0,"key":"AT_ArchangelStaff"},{"floor":9.0,"key":"Frozen Egg 2"},{"floor":9.0,"key":"Vajra"},{"floor":26,"key":"Replay:Baseball"},{"floor":32,"key":"Eternal Feather"},{"floor":43,"key":"Bottled Lightning"},{"floor":44,"key":"Akabeko"}],"event_choices":[{"damage_healed":0.0,"max_hp_gain":0.0,"max_hp_loss":0.0,"gold_gain":175.0,"event_name":"Liars Game","player_choice":"AGREE","floor":3.0,"gold_loss":0.0,"damage_taken":0.0,"cards_obtained":["Doubt"]},{"damage_healed":0.0,"max_hp_gain":0.0,"max_hp_loss":0.0,"gold_gain":0.0,"event_name":"Shining Light","player_choice":"Entered Light","floor":4.0,"gold_loss":0.0,"damage_taken":13.0,"cards_upgraded":["AT_KneejerkReflex","Terror"]},{"damage_healed":0.0,"max_hp_gain":5.0,"max_hp_loss":0.0,"gold_gain":0.0,"event_name":"Forgotten Altar","player_choice":"Shed Blood","floor":21.0,"gold_loss":0.0,"damage_taken":20.0},{"damage_healed":0.0,"max_hp_gain":0.0,"max_hp_loss":0.0,"gold_gain":0.0,"event_name":"Lab","player_choice":"Got Potions","floor":22.0,"gold_loss":0.0,"damage_taken":0.0},{"damage_healed":0,"gold_gain":100,"player_choice":"Pray","damage_taken":0,"max_hp_gain":0,"max_hp_loss":0,"event_name":"Golden Shrine","floor":37,"gold_loss":0},{"damage_healed":0,"gold_gain":0,"player_choice":"Memory 1","damage_taken":0,"max_hp_gain":0,"max_hp_loss":0,"event_name":"SensoryStone","floor":45,"gold_loss":0}],"is_beta":false,"boss_relics":[{"not_picked":["Snecko Eye","Ring of Chaos"],"picked":"AT_TrinityForce"},{"not_picked":["AT_MortalBlade","Replay:Grab Bag"],"picked":"SacredBark"}],"items_purged_floors":[5,5,5,5,5,5,5,5,5,5,5,5],"is_endless":false,"potions_floor_spawned":[2,2,8,10,14,16,20,24,25,27,31,31,33,35,38,38,41,44,46,46,48],"ascension_level":0}}