{"host":"4qkvkh7pd9qr2mca","time":1609033235,"event":{"mods":["AchievementEnabler","BaseMod","Colored Map","Colored Powertips","Highlight Path","Minty Spire (QoL Compilation)","Permanent Neow","Quick Restart","StSLib","SuperFastMode"],"gold_per_floor":[18,18,36,36,56,56,85,85,85,114,128,12,47,61,61,135,135,151,167,179,196,196,196,211,243,268,268,218,243,255,286,298,382,394,419,443,472,321,346,377,11,27,27,61,61,94,0,26,26,26,26],"floor_reached":50,"playtime":2686,"items_purged":["Strike_G","Defend_G"],"score":1540,"play_id":"097ebffc-dffb-43f0-8b80-b3b3214180ac","local_time":"20201227024035","is_ascension_mode":true,"campfire_choices":[{"data":"Blade Dance","floor":6.0,"key":"SMITH"},{"floor":8.0,"key":"REST"},{"floor":15.0,"key":"REST"},{"floor":23.0,"key":"REST"},{"data":"Adrenaline","floor":27.0,"key":"SMITH"},{"data":"Noxious Fumes","floor":30.0,"key":"SMITH"},{"data":"Acrobatics","floor":32.0,"key":"SMITH"},{"floor":45.0,"key":"REST"},{"floor":49.0,"key":"REST"}],"circlet_count":0,"master_deck":["AscendersBane","Defend_G","Defend_G","Defend_G","Defend_G","Survivor","Neutralize+1","Adrenaline+1","Backflip","Acrobatics+1","Blade Dance+1","Adrenaline+1","Finisher+1","Cloak And Dagger+1","Noxious Fumes+1","Dagger Spray+1","Blade Dance+1","Night Terror+1","Crippling Poison+1","Backstab+1","Bite+1","Bite+1","Bite+1","Bite+1","Bite+1","Masterful Stab+1","Slice+1","Venomology+1","Endless Agony+1","Acrobatics+1","PiercingWail+1","Choke+1","Blade Dance+1","Well Laid Plans","Discovery+1","Finisher+1","Terror+1","Blur+1","Reflex+1","PiercingWail+1","Acrobatics+1"],"relics":["Ring of the Snake","Toxic Egg 2","Darkstone Periapt","Molten Egg 2","Regal Pillow","WristBlade","Pear","Snake Skull","MawBank","Fusion Hammer","Happy Flower","WingedGreaves","MealTicket","The Courier","Mummified Hand","FossilizedHelix","Red Mask","Dream Catcher"],"acts_visited":["Exordium","TheCity","TheBeyond"],"potions_floor_usage":[50,50,50],"damage_taken":[{"damage":0.0,"enemies":"2 Louse","floor":1.0,"turns":3.0},{"damage":1.0,"enemies":"Small Slimes","floor":3.0,"turns":6.0},{"damage":1.0,"enemies":"Jaw Worm","floor":5.0,"turns":5.0},{"damage":32.0,"enemies":"Lagavulin","floor":7.0,"turns":8.0},{"damage":17.0,"enemies":"3 Sentries","floor":10.0,"turns":9.0},{"damage":0.0,"enemies":"Looter","floor":11.0,"turns":1.0},{"damage":22.0,"enemies":"Lagavulin","floor":13.0,"turns":7.0},{"damage":0.0,"enemies":"Gremlin Gang","floor":14.0,"turns":1.0},{"damage":0.0,"enemies":"Slime Boss","floor":16.0,"turns":4.0},{"damage":0.0,"enemies":"Spheric Guardian","floor":18.0,"turns":2.0},{"damage":0.0,"enemies":"Chosen","floor":19.0,"turns":2.0},{"damage":21.0,"enemies":"Snake Plant","floor":20.0,"turns":4.0},{"damage":8.0,"enemies":"Centurion and Healer","floor":21.0,"turns":4.0},{"damage":0.0,"enemies":"3 Cultists","floor":24.0,"turns":2.0},{"damage":8.0,"enemies":"Gremlin Leader","floor":25.0,"turns":4.0},{"damage":3.0,"enemies":"Slavers","floor":29.0,"turns":3.0},{"damage":5.0,"enemies":"Snecko","floor":31.0,"turns":4.0},{"damage":73.0,"enemies":"Champ","floor":33.0,"turns":10.0},{"damage":0.0,"enemies":"3 Shapes","floor":35.0,"turns":6.0},{"damage":8.0,"enemies":"3 Darklings","floor":36.0,"turns":2.0},{"damage":0.0,"enemies":"Jaw Worm Horde","floor":37.0,"turns":2.0},{"damage":0.0,"enemies":"Mind Bloom Boss Battle","floor":39.0,"turns":2.0},{"damage":0.0,"enemies":"Giant Head","floor":40.0,"turns":1.0},{"damage":44.0,"enemies":"Maw","floor":42.0,"turns":6.0},{"damage":11.0,"enemies":"Nemesis","floor":44.0,"turns":3.0},{"damage":27.0,"enemies":"Giant Head","floor":46.0,"turns":5.0},{"damage":0.0,"enemies":"Reptomancer","floor":48.0,"turns":3.0},{"damage":76,"enemies":"Time Eater","floor":50,"turns":9}],"seed_played":"143100361675841414","potions_obtained":[{"floor":5.0,"key":"LiquidMemories"},{"floor":7.0,"key":"DuplicationPotion"},{"floor":16.0,"key":"FearPotion"},{"floor":20.0,"key":"GhostInAJar"},{"floor":25.0,"key":"Swift Potion"},{"floor":29.0,"key":"Energy Potion"},{"floor":31.0,"key":"SkillPotion"},{"floor":37.0,"key":"Block Potion"},{"floor":39.0,"key":"DistilledChaos"},{"floor":40.0,"key":"Regen Potion"},{"floor":44.0,"key":"ColorlessPotion"},{"floor":46.0,"key":"Explosive Potion"}],"is_trial":false,"path_per_floor":["M","?","M","?","M","R","E","R","T","E","M","$","E","M","R","B",null,"M","M","M","M","?","R","M","E","T","R","?","E","R","M","R","B",null,"M","M","M","$","?","E","$","M","T","E","R","E","?","E","R","B"],"character_chosen":"THE_SILENT","items_purchased":["Noxious Fumes","Happy Flower","Well Laid Plans","Discovery+1","Finisher+1"],"campfire_rested":5,"item_purchase_floors":[12,38,41,41,41],"current_hp_per_floor":[59,59,58,58,57,57,25,44,44,27,27,27,5,5,39,39,59,59,59,38,30,30,46,46,54,54,54,54,54,54,56,56,10,45,54,54,56,56,56,56,56,36,36,31,56,46,46,56,56,0,0],"gold":26,"neow_bonus":"THREE_RARE_CARDS","is_daily":false,"chose_seed":false,"campfire_upgraded":4,"win_rate":0.0,"timestamp":1609033235,"path_taken":["M","?","M","?","M","R","E","R","T","E","M","$","E","?","R","BOSS","M","M","M","M","?","R","M","E","T","R","?","E","R","M","R","BOSS","M","?","M","$","?","E","$","M","T","E","R","E","?","E","R","BOSS"],"items_purchased_type":["Card","Relic","Card","Card","Card"],"build_version":"2020-12-22","purchased_purges":2,"victory":false,"max_hp_per_floor":[66,66,66,66,66,66,66,66,66,66,66,66,66,66,66,66,66,66,66,66,66,46,46,46,56,56,56,56,56,56,56,56,56,56,56,56,56,56,56,56,56,56,56,56,56,56,56,56,56,56,56],"card_choices":[{"not_picked":["A Thousand Cuts","Night Terror"],"picked":"Adrenaline","floor":0.0},{"not_picked":["Cloak And Dagger","Outmaneuver"],"picked":"Backflip","floor":1.0},{"not_picked":["Heel Hook","Sucker Punch"],"picked":"Acrobatics","floor":3.0},{"not_picked":["Underhanded Strike","Flying Knee"],"picked":"Blade Dance","floor":5.0},{"not_picked":["Prepared+1","Cloak And Dagger+1"],"picked":"Adrenaline+1","floor":7.0},{"not_picked":["Leg Sweep+1","Escape Plan+1"],"picked":"Finisher+1","floor":10.0},{"not_picked":["Flying Knee+1","Deadly Poison+1"],"picked":"Cloak And Dagger+1","floor":11.0},{"not_picked":["Heel Hook+1","Bane+1"],"picked":"Dagger Spray+1","floor":13.0},{"not_picked":["Dash+1","Accuracy"],"picked":"Blade Dance+1","floor":14.0},{"not_picked":["Bullet Time+1","Unload+1"],"picked":"Night Terror+1","floor":16.0},{"not_picked":["Reflex+1","Outmaneuver+1","Eviscerate+1"],"picked":"SKIP","floor":18.0},{"not_picked":["Dodge and Roll+1","Underhanded Strike+1"],"picked":"Crippling Poison+1","floor":19.0},{"not_picked":["Bane+1","Poisoned Stab+1"],"picked":"Backstab+1","floor":20.0},{"not_picked":["Infinite Blades","Noxious Fumes","Flying Knee+1"],"picked":"SKIP","floor":21.0},{"not_picked":["Crippling Poison+1","Sucker Punch+1","Concentrate+1"],"picked":"SKIP","floor":24.0},{"not_picked":["Poisoned Stab+1","Dash+1"],"picked":"Masterful Stab+1","floor":25.0},{"not_picked":["Expertise+1","Concentrate+1"],"picked":"Slice+1","floor":29.0},{"not_picked":["Dagger Spray+1","Noxious Fumes","Deflect+1"],"picked":"SKIP","floor":31.0},{"not_picked":["Tools of the Trade","Glass Knife+1"],"picked":"Venomology+1","floor":33.0},{"not_picked":["Heel Hook+1","Masterful Stab+1"],"picked":"Endless Agony+1","floor":35.0},{"not_picked":["Underhanded Strike+1","Dodge and Roll+1"],"picked":"Acrobatics+1","floor":36.0},{"not_picked":["Prepared+1","Dagger Spray+1"],"picked":"PiercingWail+1","floor":37.0},{"not_picked":["Die Die Die+1","Distraction+1"],"picked":"Choke+1","floor":39.0},{"not_picked":["Bane+1","Deflect+1"],"picked":"Blade Dance+1","floor":40.0},{"not_picked":["Quick Slash+1","Riddle With Holes+1"],"picked":"Terror+1","floor":42.0},{"not_picked":["Reflex+1","Riddle With Holes+1"],"picked":"Blur+1","floor":44.0},{"not_picked":["Bullet Time+1","Poisoned Stab+1"],"picked":"Reflex+1","floor":46.0},{"not_picked":["Deflect+1","Bane+1"],"picked":"PiercingWail+1","floor":48.0},{"not_picked":["Outmaneuver+1","Crippling Poison+1"],"picked":"Acrobatics+1","floor":49.0}],"player_experience":498844,"relics_obtained":[{"floor":7.0,"key":"Toxic Egg 2"},{"floor":9.0,"key":"Darkstone Periapt"},{"floor":10.0,"key":"Molten Egg 2"},{"floor":13.0,"key":"Regal Pillow"},{"floor":25.0,"key":"Pear"},{"floor":26.0,"key":"Snake Skull"},{"floor":29.0,"key":"MawBank"},{"floor":39.0,"key":"WingedGreaves"},{"floor":40.0,"key":"MealTicket"},{"floor":43.0,"key":"The Courier"},{"floor":44.0,"key":"Mummified Hand"},{"floor":46.0,"key":"FossilizedHelix"},{"floor":48.0,"key":"Dream Catcher"}],"event_choices":[{"damage_healed":0.0,"max_hp_gain":0.0,"max_hp_loss":0.0,"gold_gain":0.0,"event_name":"Living Wall","player_choice":"Grow","floor":2.0,"gold_loss":0.0,"damage_taken":0.0,"cards_upgraded":["Neutralize"]},{"damage_healed":0.0,"max_hp_gain":0.0,"max_hp_loss":0.0,"gold_gain":0.0,"event_name":"The Cleric","player_choice":"Leave","floor":4.0,"gold_loss":0.0,"damage_taken":0.0},{"damage_healed":0.0,"max_hp_gain":0.0,"max_hp_loss":20.0,"gold_gain":0.0,"event_name":"Vampires","player_choice":"Became a vampire","floor":22.0,"gold_loss":0.0,"damage_taken":0.0,"cards_obtained":["Bite","Bite","Bite","Bite","Bite"]},{"damage_healed":0.0,"max_hp_gain":0.0,"max_hp_loss":0.0,"gold_gain":0.0,"event_name":"The Joust","player_choice":"Bet on Murderer","floor":28.0,"gold_loss":50.0,"damage_taken":0.0},{"damage_healed":0.0,"max_hp_gain":0.0,"max_hp_loss":0.0,"gold_gain":0.0,"event_name":"MindBloom","player_choice":"Fight","floor":39.0,"gold_loss":0.0,"damage_taken":0.0},{"damage_healed":0.0,"max_hp_gain":0.0,"max_hp_loss":0.0,"gold_gain":0.0,"event_name":"Tomb of Lord Red Mask","player_choice":"Paid","floor":47.0,"gold_loss":94.0,"damage_taken":0.0,"relics_obtained":["Red Mask"]}],"is_beta":false,"boss_relics":[{"not_picked":["Philosopher\u0027s Stone","Calling Bell"],"picked":"WristBlade"},{"not_picked":["SlaversCollar","Ring of the Serpent"],"picked":"Fusion Hammer"}],"items_purged_floors":[12,41],"is_endless":false,"potions_floor_spawned":[5,7,16,20,25,29,31,37,39,40,44,46],"killed_by":"Time Eater","ascension_level":20}}