{"host":"qj91dvco5uhu9oti","time":1609090959,"event":{"mods":["BaseMod","Colored Map","Keyboard Shortcuts","Minty Spire (QoL Compilation)","Permanent Neow","Relic Stats","StSLib","SuperFastMode","everything is the same but u backflip on backflip"],"gold_per_floor":[109,126,48,48,48,48,48,61,61,61,72,107,107,123,123,202,202,212,212,212,212],"floor_reached":20,"playtime":504,"items_purged":[],"score":310,"play_id":"320bb374-a5db-46ba-87ce-bbd0526e01a6","local_time":"20201228024239","is_ascension_mode":true,"campfire_choices":[{"data":"Prepared","floor":6.0,"key":"SMITH"},{"data":"Grand Finale","floor":10.0,"key":"SMITH"},{"data":"Calculated Gamble","floor":13.0,"key":"SMITH"},{"floor":15.0,"key":"REST"}],"circlet_count":0,"master_deck":["AscendersBane","Strike_G","Strike_G","Strike_G","Strike_G","Defend_G+1","Defend_G","Defend_G","Defend_G","Defend_G","Survivor+1","Neutralize","Grand Finale+1","Prepared+1","Leg Sweep","Well Laid Plans","Blur","Calculated Gamble+1","Venomology","Acrobatics"],"relics":["Ring of the Snake","Ornamental Fan","StrikeDummy","Runic Pyramid"],"acts_visited":["Exordium","TheCity"],"potions_floor_usage":[18,20],"damage_taken":[{"damage":1.0,"enemies":"Jaw Worm","floor":1.0,"turns":6.0},{"damage":15.0,"enemies":"Small Slimes","floor":2.0,"turns":5.0},{"damage":3.0,"enemies":"2 Louse","floor":8.0,"turns":5.0},{"damage":2.0,"enemies":"Exordium Thugs","floor":11.0,"turns":3.0},{"damage":2.0,"enemies":"Gremlin Nob","floor":12.0,"turns":5.0},{"damage":0.0,"enemies":"Exordium Wildlife","floor":14.0,"turns":2.0},{"damage":22,"enemies":"Slime Boss","floor":16,"turns":10},{"damage":43,"enemies":"3 Byrds","floor":18,"turns":7},{"damage":0,"enemies":"Shell Parasite","floor":20,"turns":2}],"seed_played":"-4657540911649767830","potions_obtained":[{"floor":8.0,"key":"Explosive Potion"},{"floor":11.0,"key":"Poison Potion"},{"floor":14.0,"key":"Weak Potion"}],"is_trial":false,"path_per_floor":["M","M","$","?","?","R","?","M","T","R","M","E","R","M","R","B",null,"M","?","M"],"character_chosen":"THE_SILENT","items_purchased":["Well Laid Plans"],"campfire_rested":1,"item_purchase_floors":[3],"current_hp_per_floor":[43,28,28,50,30,30,23,20,20,20,18,16,16,16,35,13,53,10,10,10,10],"gold":212,"neow_bonus":"THREE_RARE_CARDS","is_daily":false,"chose_seed":false,"campfire_upgraded":3,"win_rate":0.0,"timestamp":1609090959,"path_taken":["M","M","$","?","?","R","?","M","T","R","M","E","R","M","R","BOSS","M","?","M"],"items_purchased_type":["Card"],"build_version":"2020-12-22","purchased_purges":0,"victory":false,"max_hp_per_floor":[66,66,66,66,66,66,66,66,66,66,66,66,66,66,66,66,66,66,66,66,66],"relic_stats":{"counters":[9,45],"Ornamental Fan":[16],"obtain_stats":[{"Ornamental Fan":9,"StrikeDummy":12,"Ring of the Snake":0,"Runic Pyramid":17},{"Ornamental Fan":3,"StrikeDummy":5,"Ring of the Snake":0,"Runic Pyramid":7},{"Ornamental Fan":16,"StrikeDummy":24,"Ring of the Snake":0,"Runic Pyramid":36}],"Ring of the Snake":[18]},"card_choices":[{"not_picked":["Doppelganger","Wraith Form v2"],"picked":"Grand Finale","floor":0.0},{"not_picked":["Deflect","Flying Knee"],"picked":"Prepared","floor":1.0},{"not_picked":["Caltrops","Flying Knee"],"picked":"Leg Sweep","floor":2.0},{"not_picked":["Flying Knee","Crippling Poison"],"picked":"Blur","floor":8.0},{"not_picked":["Dodge and Roll","Blade Dance","Choke"],"picked":"SKIP","floor":11.0},{"not_picked":["Die Die Die","Endless Agony"],"picked":"Calculated Gamble","floor":12.0},{"not_picked":["Backstab","Leg Sweep","Dagger Throw"],"picked":"SKIP","floor":14.0},{"not_picked":["Glass Knife","Storm of Steel"],"picked":"Venomology","floor":16},{"not_picked":["Bouncing Flask","Footwork"],"picked":"Acrobatics","floor":18}],"player_experience":303804,"relics_obtained":[{"floor":9.0,"key":"Ornamental Fan"},{"floor":12.0,"key":"StrikeDummy"}],"event_choices":[{"damage_healed":22.0,"max_hp_gain":0.0,"max_hp_loss":0.0,"gold_gain":0.0,"event_name":"Big Fish","player_choice":"Banana","floor":4.0,"gold_loss":0.0,"damage_taken":0.0},{"damage_healed":0.0,"max_hp_gain":0.0,"max_hp_loss":0.0,"gold_gain":0.0,"event_name":"Shining Light","player_choice":"Entered Light","floor":5.0,"gold_loss":0.0,"damage_taken":20.0,"cards_upgraded":["Defend_G","Survivor"]},{"cards_removed":["Strike_G"],"damage_healed":0.0,"max_hp_gain":0.0,"max_hp_loss":0.0,"gold_gain":0.0,"event_name":"Golden Wing","player_choice":"Card Removal","floor":7.0,"gold_loss":0.0,"damage_taken":7.0},{"damage_healed":0,"gold_gain":0,"player_choice":"Ignored","damage_taken":0,"max_hp_gain":0,"max_hp_loss":0,"event_name":"Vampires","floor":19,"gold_loss":0}],"is_beta":false,"boss_relics":[{"not_picked":["Coffee Dripper","Runic Dome"],"picked":"Runic Pyramid"}],"items_purged_floors":[],"is_endless":false,"potions_floor_spawned":[8,11,14,16,18],"killed_by":"Shell Parasite","ascension_level":16}}