{"host":"cz3p2o9n3b1gdmkz","time":1609084557,"event":{"mods":["AchievementEnabler","BaseMod","CapriCore","GungeonMod","Hermit","Lobotomy","Minty Spire (QoL Compilation)","Replay The Spire","Shop Mod","StSLib","SuperFastMode","The Cursed","The Dragon Tamer","The Gatherer","The Jungle","The Poker Player","The Runesmith"],"gold_per_floor":[116,116,134,144,1,1,29,46,69,84,84,98,98,125,125,199,199,214,214,214,234,234,234,234],"floor_reached":22,"playtime":837,"items_purged":[],"score":343,"play_id":"bc5e3e62-21d4-488e-9a02-a6ed28ef4571","local_time":"20201228005557","is_ascension_mode":true,"metric_token":1117,"campfire_choices":[{"data":"Gatherer:Convert","floor":6.0,"key":"SMITH"},{"data":"Gatherer:Centralize","floor":15.0,"key":"SMITH"}],"circlet_count":0,"master_deck":["AscendersBane","Gatherer:Strike_Gatherer","Gatherer:Strike_Gatherer","Gatherer:Strike_Gatherer","Gatherer:Strike_Gatherer","Gatherer:Strike_Gatherer","Gatherer:Defend_Gatherer","Gatherer:Defend_Gatherer","Gatherer:Defend_Gatherer","Gatherer:Defend_Gatherer","Gatherer:Defend_Gatherer","Gatherer:Centralize+1","Gatherer:FlowerWhip+1","Gatherer:Enchant+1","Gatherer:Convert+1","Gatherer:BlackTea"],"relics":["Gatherer:AlchemyBag","PreservedInsect","Centennial Puzzle","Blood Vial","DemoMod:Metronome","Boot","Philosopher\u0027s Stone"],"acts_visited":["Exordium","TheCity"],"potions_floor_usage":[16,21],"damage_taken":[{"damage":3.0,"enemies":"2 Louse","floor":1.0,"turns":3.0},{"damage":1.0,"enemies":"Cultist","floor":3.0,"turns":3.0},{"damage":0.0,"enemies":"Small Slimes","floor":4.0,"turns":2.0},{"damage":9.0,"enemies":"3 Sentries","floor":7.0,"turns":6.0},{"damage":5.0,"enemies":"Looter","floor":8.0,"turns":3.0},{"damage":2.0,"enemies":"3 Louse","floor":10.0,"turns":3.0},{"damage":29.0,"enemies":"Gremlin Gang","floor":12.0,"turns":4.0},{"damage":3.0,"enemies":"Lagavulin","floor":14.0,"turns":5.0},{"damage":22,"enemies":"The Guardian","floor":16,"turns":14},{"damage":14,"enemies":"Chosen","floor":18,"turns":3},{"damage":12,"enemies":"2 Thieves","floor":21,"turns":3},{"damage":41,"enemies":"Shelled Parasite and Fungi","floor":22,"turns":3}],"seed_played":"-1348854346046170236","potions_obtained":[{"floor":3.0,"key":"SpeedPotion"},{"floor":4.0,"key":"Explosive Potion"},{"floor":7.0,"key":"SpeedPotion"},{"floor":14.0,"key":"Poison Potion"},{"floor":18,"key":"FearPotion"}],"is_trial":false,"path_per_floor":["M","?","M","M","$","R","E","M","T","M","?","M","?","E","R","B",null,"M","?","?","M","M"],"character_chosen":"THE_GATHERER","items_purchased":["PreservedInsect"],"campfire_rested":0,"item_purchase_floors":[5],"current_hp_per_floor":[57,57,56,56,56,56,47,42,42,42,67,38,33,32,32,12,53,41,41,41,31,0,0,0],"gold":234,"neow_bonus":"RANDOM_COLORLESS","is_daily":false,"chose_seed":false,"campfire_upgraded":2,"win_rate":0.0,"timestamp":1609084557,"path_taken":["M","?","M","M","$","R","E","M","T","M","?","?","?","E","R","BOSS","M","?","?","M","?"],"items_purchased_type":["Relic"],"build_version":"2020-12-22","purchased_purges":0,"victory":false,"max_hp_per_floor":[67,67,67,67,67,67,67,67,67,67,67,67,67,67,67,67,67,67,67,67,67,67,67,67],"card_choices":[{"not_picked":["Replay:Sssssssssstrike","Discovery"],"picked":"Specialist","floor":0.0},{"not_picked":["Gatherer:GatherMaterial","Gatherer:BigPouch"],"picked":"Gatherer:Enchant","floor":1.0},{"not_picked":["Gatherer:FlowerFalling","Gatherer:GlowingPlant"],"picked":"Gatherer:Convert","floor":3.0},{"not_picked":["Gatherer:PotentialSlash","Gatherer:WoolGloves","Gatherer:CollectorsShot"],"picked":"SKIP","floor":4.0},{"not_picked":["Gatherer:FlowerFalling","Gatherer:Nutrients","Gatherer:EnergyBasket"],"picked":"SKIP","floor":7.0},{"not_picked":["Gatherer:AcidicSpray","Gatherer:CarefulStrike","Gatherer:Nutrients"],"picked":"SKIP","floor":8.0},{"not_picked":["Gatherer:Convert","Gatherer:AromaProtection","Gatherer:FlowerFalling"],"picked":"SKIP","floor":10.0},{"not_picked":["Gatherer:EchoOfNature","Gatherer:GlowingPlant","Gatherer:Transmute"],"picked":"SKIP","floor":12.0},{"not_picked":["Gatherer:FlowerPower","Gatherer:EchoOfNature","Gatherer:FlowerShield"],"picked":"SKIP","floor":14.0},{"not_picked":["Gatherer:ColorfulGarden","Gatherer:PoisonMastery"],"picked":"Gatherer:BlackTea","floor":16},{"not_picked":["Gatherer:DrugPower","Gatherer:Frenzy","Gatherer:SealedBomb+1"],"picked":"SKIP","floor":18},{"not_picked":["Gatherer:ScrollOfWall","Gatherer:SaveValuables","Gatherer:EchoOfNature"],"picked":"SKIP","floor":21}],"player_experience":1044762,"relics_obtained":[{"floor":7.0,"key":"Centennial Puzzle"},{"floor":9.0,"key":"Blood Vial"},{"floor":14.0,"key":"Boot"}],"event_choices":[{"damage_healed":0.0,"max_hp_gain":0.0,"max_hp_loss":0.0,"gold_gain":0.0,"event_name":"Living Wall","player_choice":"Grow","floor":2.0,"gold_loss":0.0,"damage_taken":0.0,"cards_upgraded":["Gatherer:Enchant"]},{"cards_removed":["Specialist"],"damage_healed":25.0,"max_hp_gain":0.0,"max_hp_loss":0.0,"gold_gain":0.0,"event_name":"Bonfire Elementals","player_choice":"Offered Uncommon","floor":11.0,"gold_loss":0.0,"damage_taken":0.0},{"damage_healed":0.0,"max_hp_gain":0.0,"max_hp_loss":0.0,"gold_gain":0.0,"event_name":"Scrap Ooze","player_choice":"Success","floor":13.0,"gold_loss":0.0,"damage_taken":5.0,"relics_obtained":["DemoMod:Metronome"]},{"damage_healed":0,"gold_gain":0,"player_choice":"Ignored","damage_taken":0,"max_hp_gain":0,"max_hp_loss":0,"event_name":"The Mausoleum","floor":19,"gold_loss":0},{"damage_healed":0,"gold_gain":0,"player_choice":"Upgraded","damage_taken":0,"max_hp_gain":0,"max_hp_loss":0,"event_name":"Upgrade Shrine","floor":20,"gold_loss":0,"cards_upgraded":["Gatherer:FlowerWhip"]}],"is_beta":false,"boss_relics":[{"not_picked":["Pandora\u0027s Box","Replay:Bronze Core"],"picked":"Philosopher\u0027s Stone"}],"items_purged_floors":[],"is_endless":false,"potions_floor_spawned":[3,4,7,14,18],"killed_by":"Shelled Parasite and Fungi","ascension_level":15}}