{"host":"udzsrhbqdxqtlypj","time":1609104423,"event":{"mods":["BaseMod","Minty Spire (QoL Compilation)","Relic Stats"],"gold_per_floor":[112,122,158,158,169,169,194,207,284,313,313,339,414,425,425,530,530,540,551,36,52,52,78,102,102,102,133,133,177,190,214,214,214,214],"floor_reached":33,"playtime":2374,"items_purged":["Strike_B"],"score":551,"play_id":"ca020a6c-f47b-4496-a175-6158a7bd3077","local_time":"20201227152703","is_ascension_mode":true,"campfire_choices":[{"data":"Transmutation","floor":6,"key":"SMITH"},{"data":"Electrodynamics","floor":11,"key":"SMITH"},{"floor":15,"key":"REST"},{"floor":25,"key":"REST"},{"floor":28,"key":"REST"},{"floor":32,"key":"REST"}],"circlet_count":0,"master_deck":["AscendersBane","Strike_B","Strike_B","Strike_B","Defend_B+1","Defend_B","Defend_B","Defend_B","Zap","Dualcast","Transmutation+1","Conserve Battery","Compile Driver","Turbo","Electrodynamics+1","Hologram","Echo Form","Thunder Strike","CurseOfTheBell","Coolheaded+1","Seek","Genetic Algorithm+1","Reinforced Body+1","Capacitor+1","Leap+1"],"relics":["Cracked Core","Tiny Chest","Akabeko","Blue Candle","White Beast Statue","Bottled Lightning","Calling Bell","Art of War","StrikeDummy","Gambling Chip","Emotion Chip","Blood Vial","Calipers","DataDisk","Cables","War Paint","CeramicFish"],"acts_visited":["Exordium","TheCity"],"potions_floor_usage":[10,10,14,18,19,23,23,27,29,30,31,31,33],"damage_taken":[{"damage":1,"enemies":"Cultist","floor":1,"turns":5},{"damage":5,"enemies":"Jaw Worm","floor":2,"turns":5},{"damage":8,"enemies":"Small Slimes","floor":3,"turns":2},{"damage":3,"enemies":"3 Louse","floor":5,"turns":3},{"damage":4,"enemies":"Blue Slaver","floor":8,"turns":3},{"damage":0,"enemies":"Gremlin Nob","floor":10,"turns":2},{"damage":0,"enemies":"Lagavulin","floor":12,"turns":6},{"damage":0,"enemies":"Gremlin Gang","floor":14,"turns":2},{"damage":22,"enemies":"The Guardian","floor":16,"turns":13},{"damage":19,"enemies":"Chosen","floor":18,"turns":4},{"damage":1,"enemies":"Spheric Guardian","floor":19,"turns":3},{"damage":14,"enemies":"Centurion and Healer","floor":21,"turns":4},{"damage":44,"enemies":"Book of Stabbing","floor":23,"turns":7},{"damage":22,"enemies":"Gremlin Leader","floor":27,"turns":4},{"damage":15,"enemies":"Slavers","floor":29,"turns":3},{"damage":3,"enemies":"Snecko","floor":30,"turns":5},{"damage":8,"enemies":"Sentry and Sphere","floor":31,"turns":3},{"damage":48,"enemies":"Collector","floor":33,"turns":6}],"seed_played":"-5793599491185497665","potions_obtained":[{"floor":1,"key":"AttackPotion"},{"floor":2,"key":"Explosive Potion"},{"floor":8,"key":"FearPotion"},{"floor":12,"key":"Swift Potion"},{"floor":14,"key":"LiquidBronze"},{"floor":16,"key":"LiquidMemories"},{"floor":18,"key":"Regen Potion"},{"floor":19,"key":"FocusPotion"},{"floor":23,"key":"Weak Potion"},{"floor":27,"key":"Weak Potion"},{"floor":29,"key":"Block Potion"},{"floor":30,"key":"EssenceOfSteel"},{"floor":31,"key":"SpeedPotion"}],"is_trial":false,"path_per_floor":["M","M","M","?","M","R","T","M","T","E","R","E","?","M","R","B",null,"M","M","$","M","?","E","T","R","T","E","R","E","M","M","R","B"],"character_chosen":"DEFECT","items_purchased":["Emotion Chip","Blood Vial"],"campfire_rested":4,"item_purchase_floors":[20,20],"current_hp_per_floor":[67,62,54,36,33,33,33,29,29,29,29,29,18,18,38,16,55,36,44,44,32,54,12,12,32,32,12,32,19,18,12,32,0,0],"gold":214,"neow_bonus":"RANDOM_COLORLESS_2","is_daily":false,"chose_seed":false,"campfire_upgraded":2,"win_rate":0.0,"timestamp":1609104423,"path_taken":["M","M","M","?","M","R","?","M","T","E","R","E","?","M","R","BOSS","M","M","$","M","?","E","?","R","T","E","R","E","M","?","R","BOSS"],"items_purchased_type":["Relic","Relic"],"build_version":"2020-12-22","purchased_purges":1,"victory":false,"max_hp_per_floor":[68,68,68,68,68,68,68,68,68,68,68,68,68,68,68,68,68,68,68,68,68,68,68,68,68,68,68,68,68,68,68,68,68,68],"relic_stats":{"Blood Vial":14,"Emotion Chip":[33,27,6,0,0],"counters":[18,80],"Blue Candle":[6],"Gambling Chip":[39],"CeramicFish":18,"Tiny Chest":1,"Art of War":[16],"War Paint":["Genetic Algorithm","Defend_B"],"obtain_stats":[{"Calipers":23,"Blue Candle":9,"CeramicFish":29,"War Paint":27,"Akabeko":7,"White Beast Statue":10,"Cables":26,"Calling Bell":17,"Blood Vial":20,"Emotion Chip":20,"DataDisk":24,"Gambling Chip":17,"Tiny Chest":4,"Art of War":17,"Bottled Lightning":12,"Cracked Core":0,"StrikeDummy":17},{"Calipers":13,"Blue Candle":5,"CeramicFish":15,"War Paint":14,"Akabeko":4,"White Beast Statue":6,"Cables":13,"Calling Bell":9,"Blood Vial":11,"Emotion Chip":11,"DataDisk":13,"Gambling Chip":9,"Tiny Chest":3,"Art of War":9,"Bottled Lightning":7,"Cracked Core":0,"StrikeDummy":9},{"Calipers":59,"Blue Candle":18,"CeramicFish":66,"War Paint":63,"Akabeko":15,"White Beast Statue":20,"Cables":59,"Calling Bell":41,"Blood Vial":48,"Emotion Chip":48,"DataDisk":59,"Gambling Chip":41,"Tiny Chest":12,"Art of War":41,"Bottled Lightning":26,"Cracked Core":0,"StrikeDummy":41}],"Cables":[26,26,0,0,0]},"card_choices":[{"not_picked":["Secret Weapon","Violence"],"picked":"Transmutation","floor":0},{"not_picked":["Coolheaded","Capacitor"],"picked":"Conserve Battery","floor":1},{"not_picked":["Darkness","Self Repair"],"picked":"Compile Driver","floor":2},{"not_picked":["Rebound","Streamline"],"picked":"Turbo","floor":3},{"not_picked":["Rebound","Streamline","Conserve Battery"],"picked":"SKIP","floor":5},{"not_picked":["Coolheaded","Compile Driver","Auto Shields"],"picked":"SKIP","floor":8},{"not_picked":["Hologram","Blizzard"],"picked":"Electrodynamics","floor":10},{"not_picked":["Leap","Turbo"],"picked":"Hologram","floor":12},{"not_picked":["BootSequence","Chill"],"picked":"Echo Form","floor":14},{"not_picked":["Amplify","Echo Form"],"picked":"Thunder Strike","floor":16},{"not_picked":["Reprogram","Stack"],"picked":"Coolheaded+1","floor":18},{"not_picked":["Storm","Steam Power","Streamline+1"],"picked":"SKIP","floor":19},{"not_picked":["Gash","Coolheaded+1"],"picked":"Seek","floor":21},{"not_picked":["Barrage","Static Discharge+1"],"picked":"Genetic Algorithm","floor":23},{"not_picked":["Turbo","Auto Shields+1"],"picked":"Reinforced Body+1","floor":27},{"not_picked":["Cold Snap","Beam Cell"],"picked":"Capacitor+1","floor":29},{"not_picked":["Rebound","Chaos","Cold Snap"],"picked":"SKIP","floor":30},{"not_picked":["Ball Lightning","Coolheaded"],"picked":"Leap+1","floor":31}],"player_experience":2747835,"relics_obtained":[{"floor":7,"key":"Akabeko"},{"floor":9,"key":"Blue Candle"},{"floor":10,"key":"White Beast Statue"},{"floor":12,"key":"Bottled Lightning"},{"floor":17,"key":"Art of War"},{"floor":17,"key":"StrikeDummy"},{"floor":17,"key":"Gambling Chip"},{"floor":23,"key":"Calipers"},{"floor":24,"key":"DataDisk"},{"floor":26,"key":"Cables"},{"floor":27,"key":"War Paint"},{"floor":29,"key":"CeramicFish"}],"event_choices":[{"damage_healed":0,"gold_gain":0,"player_choice":"Success","damage_taken":18,"relics_obtained":["Tiny Chest"],"max_hp_gain":0,"max_hp_loss":0,"event_name":"Scrap Ooze","floor":4,"gold_loss":0},{"damage_healed":0,"gold_gain":75,"player_choice":"Gather Gold","damage_taken":11,"max_hp_gain":0,"max_hp_loss":0,"event_name":"World of Goop","floor":13,"gold_loss":0},{"damage_healed":22,"gold_gain":0,"player_choice":"Heal","damage_taken":0,"max_hp_gain":0,"max_hp_loss":0,"event_name":"The Library","floor":22,"gold_loss":0}],"is_beta":false,"boss_relics":[{"not_picked":["Black Star","Philosopher\u0027s Stone"],"picked":"Calling Bell"}],"items_purged_floors":[20],"is_endless":false,"potions_floor_spawned":[1,2,8,12,14,16,18,19,21,23,27,29,30,31],"killed_by":"Collector","ascension_level":10}}