{"host":"27tk4xseidcli2mr","time":1609062738,"event":{"mods":["2.2 Compatiblity","AchievementEnabler","Aspiration","BaseMod","Better Third Choice","Conspire","Custom Start","Hubris","Jorbs\u0027s Wanderer Trilogy","Minty Spire (QoL Compilation)","Replay The Spire","StSLib","SuperFastMode","[IsaacMod]????"],"gold_per_floor":[111,135,146,146,164,193,193,223,246,265,265,282,398,114,114,185,185,203,203,119,169,169,169,196,208,208,208,208],"floor_reached":27,"playtime":1177,"items_purged":["Strike_B","Strike_B","Strike_B"],"score":482,"play_id":"e2f5228b-13c6-464f-9159-f52c9ec2da7e","local_time":"20201227105218","is_ascension_mode":true,"campfire_choices":[{"data":"aspiration:Polymerization","floor":7.0,"key":"SMITH"},{"floor":11.0,"key":"REST"},{"floor":15.0,"key":"REST"},{"data":"Defragment","floor":23.0,"key":"SMITH"}],"circlet_count":0,"master_deck":["AscendersBane","Defend_B","Defend_B","Defend_B","Defend_B","Zap","Dualcast","EpicFetus","aspiration:Polymerization+1","Time Bomb","Cold Snap","Hologram","Leap","Ball Lightning","White Noise","Seek","Echo Form","Defragment+1","Mirror Shield"],"relics":["Cracked Core","HushsDoor","hubris:BallOfYels","SteamSale","hubris:Icosahedron","SharpPlug","Gambling Chip","hubris:GlazedTorus","conspire:RoyalGoblet","Membership Card","Thread and Needle","DeadEye","hubris:PeanutButter","Regal Pillow"],"acts_visited":["Exordium","TheCity"],"potions_floor_usage":[27,27],"damage_taken":[{"damage":0.0,"enemies":"Cultist","floor":1.0,"turns":4.0},{"damage":5.0,"enemies":"conspire:RoseBush","floor":3.0,"turns":3.0},{"damage":3.0,"enemies":"2 Louse","floor":5.0,"turns":3.0},{"damage":23.0,"enemies":"Replay:BlueRogue","floor":6.0,"turns":5.0},{"damage":22.0,"enemies":"Gremlin Nob","floor":8.0,"turns":4.0},{"damage":10.0,"enemies":"Exordium Wildlife","floor":10.0,"turns":6.0},{"damage":0.0,"enemies":"2 Fungi Beasts","floor":12.0,"turns":2.0},{"damage":16.0,"enemies":"Gremlin Gang","floor":13.0,"turns":5.0},{"damage":12.0,"enemies":"Slime Boss","floor":16.0,"turns":8.0},{"damage":22.0,"enemies":"conspire:FuzzyDice","floor":18.0,"turns":7.0},{"damage":10.0,"enemies":"Replay:Snechameleon","floor":24.0,"turns":4.0},{"damage":8.0,"enemies":"3 Byrds","floor":25.0,"turns":4.0},{"damage":20,"enemies":"Slavers","floor":27,"turns":1}],"seed_played":"-4846762533687867185","potions_obtained":[{"floor":3.0,"key":"FocusPotion"},{"floor":8.0,"key":"FearPotion"},{"floor":10.0,"key":"Adrenaline Potion"},{"floor":12.0,"key":"BlessingOfTheForge"}],"is_trial":false,"path_per_floor":["M","T","M","?","M","E","R","E","T","M","R","M","M","$","R","B",null,"M","?","$","?","$","R","E","M","T","E"],"character_chosen":"DEFECT","items_purchased":["Seek","hubris:GlazedTorus","Membership Card","Thread and Needle","DeadEye","DuplicationPotion","Mirror Shield"],"campfire_rested":2,"item_purchase_floors":[14,14,20,20,20,20,20],"current_hp_per_floor":[71,71,66,66,63,40,40,18,18,8,31,31,15,15,38,26,65,43,43,43,43,38,38,28,20,20,0,0],"gold":208,"neow_bonus":"TEN_PERCENT_HP_BONUS","is_daily":false,"chose_seed":false,"campfire_upgraded":2,"win_rate":0.0,"timestamp":1609062738,"path_taken":["M","?","M","?","M","E","R","E","T","M","R","?","M","$","R","BOSS","M","?","$","?","?","R","E","M","T","E"],"items_purchased_type":["Card","Relic","Relic","Relic","Relic","Potion","Card"],"build_version":"2020-12-22","purchased_purges":3,"victory":false,"max_hp_per_floor":[78,78,78,78,78,78,78,78,78,78,78,78,78,78,78,78,78,78,78,78,78,78,78,78,78,78,78,78],"card_choices":[{"not_picked":[],"picked":"EpicFetus","floor":0.0},{"not_picked":["Panic Button","Streamline"],"picked":"aspiration:Polymerization","floor":1.0},{"not_picked":["Gash","Machine Learning"],"picked":"Time Bomb","floor":3.0},{"not_picked":["Sweeping Beam","Barrage"],"picked":"Cold Snap","floor":5.0},{"not_picked":["Hello World","Sweeping Beam"],"picked":"Hologram","floor":6.0},{"not_picked":["Core Surge","Cancel"],"picked":"Leap","floor":8.0},{"not_picked":["Steam","Hologram"],"picked":"Ball Lightning","floor":10.0},{"not_picked":["Hologram","ReplayTheSpireMod:Calculation Training"],"picked":"White Noise","floor":12.0},{"not_picked":["Rebound","conspire:SharedLibrary","Compile Driver"],"picked":"SKIP","floor":13.0},{"not_picked":["Seek","Multi-Cast"],"picked":"Echo Form","floor":16.0},{"not_picked":["Cold Snap+1","Chaos"],"picked":"Defragment","floor":18.0},{"not_picked":["Force Field","Rebound","Heatsinks"],"picked":"SKIP","floor":24.0},{"not_picked":["Go for the Eyes","Rebound","Auto Shields+1"],"picked":"SKIP","floor":25.0}],"player_experience":1231056,"relics_obtained":[{"floor":2.0,"key":"hubris:BallOfYels"},{"floor":6.0,"key":"SharpPlug"},{"floor":8.0,"key":"Gambling Chip"},{"floor":24.0,"key":"hubris:PeanutButter"},{"floor":26.0,"key":"Regal Pillow"}],"event_choices":[{"cards_removed":["Strike_B"],"damage_healed":0.0,"max_hp_gain":0.0,"max_hp_loss":0.0,"gold_gain":0.0,"event_name":"Purifier","player_choice":"Purged","floor":19.0,"gold_loss":0.0,"damage_taken":0.0},{"damage_healed":0.0,"max_hp_gain":0.0,"max_hp_loss":0.0,"gold_gain":50.0,"event_name":"Golden Shrine","player_choice":"Pray","floor":21.0,"gold_loss":0.0,"damage_taken":0.0}],"is_beta":false,"boss_relics":[{"not_picked":["aspiration:PoetsPen_weak","aspiration:WatcherSkillbook"],"picked":"conspire:RoyalGoblet"},{"not_picked":[]}],"items_purged_floors":[14,20,22],"is_endless":false,"potions_floor_spawned":[3,8,10,12,16,24],"killed_by":"Slavers","ascension_level":20}}