{"host":"szp1d6dso4pv7ddl","time":1609052244,"event":{"mods":["AchievementEnabler","Alarm Clock","BaseMod","Bestiary","Block Reminder","Colored Map","Colored Powertips","Curses Come First","Displayed Cursed Tome","Highlight Path","Minty Spire (QoL Compilation)","Permanent Neow","Quick Restart","Relic Sorter","Relic Stats","StSLib","Synergy Search"],"gold_per_floor":[111,61,61,72,86,112,130,130,179,179,198,198,215,235,235,307,307,327,265,285,129,54,54,153,167,192,192,218,218,218,218,218],"floor_reached":31,"playtime":1865,"items_purged":["Strike_G"],"score":446,"play_id":"8fcbfd80-df52-46e6-a1dd-d365d01cb543","local_time":"20201226225724","is_ascension_mode":true,"campfire_choices":[{"floor":10,"key":"REST"},{"floor":12,"key":"REST"},{"floor":15,"key":"REST"},{"floor":23,"key":"REST"},{"floor":30,"key":"REST"}],"circlet_count":0,"master_deck":["AscendersBane","Defend_G","Defend_G","Survivor","Neutralize","Bane","All Out Attack","Sucker Punch","Noxious Fumes","Tactician","Backstab","Backstab","Envenom","All Out Attack","Crippling Poison+1","Bite","Bite","Bite","Bite","Bite","Poisoned Stab"],"relics":["Runic Pyramid","Matryoshka","MealTicket","Akabeko","Sozu","Ninja Scroll","Nunchaku","Meat on the Bone"],"acts_visited":["Exordium","TheCity"],"potions_floor_usage":[25],"damage_taken":[{"damage":1,"enemies":"Cultist","floor":1,"turns":5},{"damage":4,"enemies":"Small Slimes","floor":4,"turns":4},{"damage":2,"enemies":"2 Louse","floor":5,"turns":3},{"damage":37,"enemies":"3 Sentries","floor":6,"turns":8},{"damage":0,"enemies":"Exordium Wildlife","floor":7,"turns":3},{"damage":22,"enemies":"Lots of Slimes","floor":11,"turns":4},{"damage":12,"enemies":"Large Slime","floor":13,"turns":4},{"damage":10,"enemies":"Blue Slaver","floor":14,"turns":3},{"damage":26,"enemies":"The Guardian","floor":16,"turns":13},{"damage":16,"enemies":"Spheric Guardian","floor":18,"turns":4},{"damage":12,"enemies":"Chosen","floor":20,"turns":4},{"damage":40,"enemies":"Snake Plant","floor":25,"turns":5},{"damage":26,"enemies":"Gremlin Leader","floor":28,"turns":6},{"damage":43,"enemies":"Book of Stabbing","floor":31,"turns":3}],"seed_played":"-3218882324707780958","potions_obtained":[{"floor":5,"key":"Ancient Potion"},{"floor":7,"key":"Weak Potion"}],"is_trial":false,"path_per_floor":["M","?","?","M","M","E","M","?","T","R","M","R","M","M","R","B",null,"M","?","M","$","?","R","?","M","T","?","E","?","R","E"],"character_chosen":"THE_SILENT","items_purchased":["All Out Attack"],"campfire_rested":5,"item_purchase_floors":[21],"current_hp_per_floor":[62,62,62,58,56,19,19,19,19,40,18,39,27,17,38,12,56,40,40,28,43,43,64,64,24,24,24,14,14,35,0,0],"gold":218,"neow_bonus":"BOSS_RELIC","is_daily":false,"chose_seed":false,"campfire_upgraded":0,"win_rate":0.0,"timestamp":1609052244,"path_taken":["M","?","?","?","M","E","M","?","T","R","M","R","M","M","R","BOSS","M","?","?","$","?","R","?","M","T","?","E","?","R","E"],"items_purchased_type":["Card"],"build_version":"2020-12-22","purchased_purges":1,"victory":false,"max_hp_per_floor":[70,70,70,70,70,70,70,70,70,70,70,70,70,70,70,70,70,70,70,70,70,70,70,70,70,70,70,70,70,70,70,70],"relic_stats":{"Sozu":1,"Nunchaku":[3],"counters":[14,69],"MealTicket":15,"obtain_stats":[{"Sozu":17,"Blood Vial":26,"Nunchaku":26,"Matryoshka":6,"Ninja Scroll":19,"MealTicket":9,"Akabeko":9,"Ring of the Snake":0,"Runic Pyramid":0,"Meat on the Bone":28},{"Sozu":9,"Blood Vial":12,"Nunchaku":12,"Matryoshka":4,"Ninja Scroll":10,"MealTicket":5,"Akabeko":5,"Ring of the Snake":0,"Runic Pyramid":0,"Meat on the Bone":13},{"Sozu":47,"Blood Vial":60,"Nunchaku":60,"Matryoshka":20,"Ninja Scroll":51,"MealTicket":23,"Akabeko":23,"Ring of the Snake":0,"Runic Pyramid":0,"Meat on the Bone":66}],"Meat on the Bone":0},"card_choices":[{"not_picked":["Sucker Punch","Deflect"],"picked":"Bane","floor":1},{"not_picked":["PiercingWail","Riddle With Holes","Caltrops"],"picked":"SKIP","floor":4},{"not_picked":["Catalyst","Outmaneuver"],"picked":"All Out Attack","floor":5},{"not_picked":["Quick Slash","Slice"],"picked":"Sucker Punch","floor":6},{"not_picked":["Catalyst","Cloak And Dagger"],"picked":"Noxious Fumes","floor":7},{"not_picked":["Outmaneuver","PiercingWail"],"picked":"Tactician","floor":11},{"not_picked":["Dodge and Roll","Distraction"],"picked":"Backstab","floor":13},{"not_picked":["Expertise","Sucker Punch"],"picked":"Backstab","floor":14},{"not_picked":["Adrenaline","Phantasmal Killer"],"picked":"Envenom","floor":16},{"not_picked":["Sucker Punch","Deflect","Dagger Throw"],"picked":"SKIP","floor":18},{"not_picked":["Finisher","Burst","Deflect"],"picked":"SKIP","floor":20},{"not_picked":["Blade Dance","Prepared"],"picked":"Crippling Poison+1","floor":25},{"not_picked":["Slice","Outmaneuver"],"picked":"Poisoned Stab","floor":28}],"player_experience":1029581,"relics_obtained":[{"floor":6,"key":"Matryoshka"},{"floor":9,"key":"MealTicket"},{"floor":9,"key":"Akabeko"},{"floor":26,"key":"Blood Vial"},{"floor":26,"key":"Nunchaku"},{"floor":28,"key":"Meat on the Bone"}],"event_choices":[{"cards_removed":["Defend_G"],"damage_healed":0,"gold_gain":0,"player_choice":"Card Removal","damage_taken":0,"max_hp_gain":0,"max_hp_loss":0,"event_name":"The Cleric","floor":2,"gold_loss":50},{"damage_healed":0,"gold_gain":0,"player_choice":"Bought 0 Potions","damage_taken":0,"max_hp_gain":0,"max_hp_loss":0,"event_name":"The Woman in Blue","floor":3,"gold_loss":0},{"damage_healed":0,"gold_gain":0,"player_choice":"Ignored","damage_taken":0,"max_hp_gain":0,"max_hp_loss":0,"event_name":"Shining Light","floor":8,"gold_loss":0},{"damage_healed":0,"gold_gain":0,"player_choice":"Paid Gold","damage_taken":0,"relics_obtained":["Ninja Scroll"],"max_hp_gain":0,"max_hp_loss":0,"event_name":"WeMeetAgain","floor":19,"gold_loss":62},{"cards_removed":["Defend_G"],"damage_healed":0,"gold_gain":0,"player_choice":"Gave Gold","damage_taken":0,"max_hp_gain":0,"max_hp_loss":0,"event_name":"Beggar","floor":22,"gold_loss":75},{"damage_healed":0,"gold_gain":99,"player_choice":"Stole From Cult","damage_taken":0,"max_hp_gain":0,"max_hp_loss":0,"event_name":"Nest","floor":24,"gold_loss":0},{"damage_healed":0,"gold_gain":0,"player_choice":"Became a vampire (Vial)","damage_taken":0,"max_hp_gain":0,"max_hp_loss":0,"event_name":"Vampires","floor":27,"relics_lost":["Blood Vial"],"gold_loss":0,"cards_obtained":["Bite","Bite","Bite","Bite","Bite"]},{"cards_removed":["Defend_G"],"damage_healed":0,"gold_gain":0,"player_choice":"Purged","damage_taken":0,"max_hp_gain":0,"max_hp_loss":0,"event_name":"Purifier","floor":29,"gold_loss":0}],"is_beta":false,"boss_relics":[{"not_picked":["Cursed Key","WristBlade"],"picked":"Sozu"}],"items_purged_floors":[21],"is_endless":false,"potions_floor_spawned":[5,7,11,16,20],"killed_by":"Book of Stabbing","ascension_level":13}}