{"host":"gttgmv2wah99hzdm","time":1609028875,"event":{"mods":["AchievementEnabler","BaseMod","Bestiary","Block Reminder","Filter the Spire","Highlight Path","Minty Spire (QoL Compilation)","Permanent Neow","Random Character Button","Relic Stats","StSLib"],"gold_per_floor":[109,34,52,71,71,71,88,88,88,120,130,144,173,183,183,256,256,273,273,323,323,82,82,108,108,131,55,86,100,100,118,118,192,192,209,1208,710,710,261,286,305,305,305,305,321,321,321,347,347,347],"floor_reached":51,"playtime":3931,"items_purged":["Skewer","Normality","Normality"],"score":1636,"play_id":"135313fd-44ae-463a-80d2-2a7712ecfb26","local_time":"20201226182755","is_ascension_mode":true,"campfire_choices":[{"data":"Strike_G","floor":6,"key":"SMITH"},{"data":"Survivor","floor":8,"key":"SMITH"},{"data":"Accuracy","floor":15,"key":"SMITH"},{"floor":23,"key":"REST"},{"floor":25,"key":"REST"},{"floor":30,"key":"RECALL"},{"floor":32,"key":"REST"},{"data":"Infinite Blades","floor":42,"key":"SMITH"},{"floor":44,"key":"REST"},{"floor":49,"key":"REST"}],"circlet_count":0,"master_deck":["AscendersBane","Strike_G+1","Strike_G+1","Defend_G+1","Defend_G+1","Defend_G+1","Defend_G+1","Survivor+1","Neutralize+1","CurseOfTheBell","PiercingWail+1","Cloak And Dagger+1","PiercingWail+1","Blade Dance+1","Accuracy+1","Backflip+1","Backflip+1","Calculated Gamble+1","Night Terror+1","Backflip+1","Underhanded Strike+1","Quick Slash+1","Outmaneuver+1","Concentrate+1","Acrobatics+1","Acrobatics+1","Storm of Steel+1","Acrobatics+1","Infinite Blades+1","Blade Dance+1","Master of Strategy+1","Outmaneuver+1"],"relics":["Calling Bell","Happy Flower","Toxic Egg 2","Dead Branch","Ninja Scroll","InkBottle","Bottled Tornado","Astrolabe","ClockworkSouvenir","Ancient Tea Set","Centennial Puzzle","Eternal Feather","Sozu","Ornamental Fan","Toolbox","Nunchaku","Vajra","Omamori","Blood Vial"],"acts_visited":["Exordium","TheCity","TheBeyond"],"potions_floor_usage":[],"damage_taken":[{"damage":0,"enemies":"2 Louse","floor":1,"turns":5},{"damage":7,"enemies":"Jaw Worm","floor":3,"turns":5},{"damage":1,"enemies":"Cultist","floor":4,"turns":4},{"damage":0,"enemies":"2 Fungi Beasts","floor":7,"turns":4},{"damage":6,"enemies":"Gremlin Nob","floor":10,"turns":3},{"damage":0,"enemies":"Exordium Wildlife","floor":11,"turns":2},{"damage":0,"enemies":"Large Slime","floor":12,"turns":1},{"damage":6,"enemies":"Lagavulin","floor":13,"turns":4},{"damage":0,"enemies":"Gremlin Gang","floor":14,"turns":2},{"damage":0,"enemies":"Slime Boss","floor":16,"turns":3},{"damage":0,"enemies":"Spheric Guardian","floor":18,"turns":1},{"damage":5,"enemies":"Book of Stabbing","floor":24,"turns":4},{"damage":0,"enemies":"Gremlin Leader","floor":28,"turns":5},{"damage":0,"enemies":"Chosen","floor":29,"turns":2},{"damage":0,"enemies":"Snecko","floor":31,"turns":3},{"damage":14,"enemies":"Collector","floor":33,"turns":5},{"damage":0,"enemies":"3 Shapes","floor":35,"turns":3},{"damage":2,"enemies":"Reptomancer","floor":40,"turns":4},{"damage":5,"enemies":"3 Darklings","floor":41,"turns":2},{"damage":0,"enemies":"Maw","floor":45,"turns":2},{"damage":0,"enemies":"Nemesis","floor":48,"turns":3},{"damage":6,"enemies":"Donu and Deca","floor":50,"turns":5}],"seed_played":"2567470762537943406","potions_obtained":[{"floor":1,"key":"Fire Potion"},{"floor":3,"key":"LiquidMemories"}],"is_trial":false,"path_per_floor":["M","?","M","M","?","R","M","R","T","E","M","M","E","M","R","B",null,"M","?","?","?","$","R","E","R","T","$","E","M","R","M","R","B",null,"M","?","$","?","$","E","M","R","T","R","M","?","?","E","R","B",null],"character_chosen":"THE_SILENT","items_purchased":["ClockworkSouvenir","Concentrate+1","Acrobatics+1","Ornamental Fan","Infinite Blades","Toolbox","Nunchaku"],"campfire_rested":5,"item_purchase_floors":[22,27,37,37,37,39,39],"current_hp_per_floor":[59,59,52,51,51,51,51,51,51,45,45,45,39,39,39,39,59,59,59,59,55,55,66,61,66,66,66,66,66,66,66,66,52,63,63,63,63,63,63,61,56,66,66,66,66,66,63,63,63,57],"gold":347,"neow_bonus":"BOSS_RELIC","is_daily":false,"chose_seed":false,"campfire_upgraded":4,"win_rate":0.0,"timestamp":1609028875,"path_taken":["M","?","M","M","?","R","M","R","T","E","?","M","E","M","R","BOSS","M","?","?","?","$","R","E","R","T","$","E","?","R","M","R","BOSS","M","?","$","?","$","E","M","R","T","R","M","?","?","E","R","BOSS"],"items_purchased_type":["Relic","Card","Card","Relic","Card","Relic","Relic"],"build_version":"2020-12-22","purchased_purges":3,"victory":true,"max_hp_per_floor":[66,66,66,66,66,66,66,66,66,66,66,66,66,66,66,66,66,66,66,66,66,66,66,66,66,66,66,66,66,66,66,66,66,66,66,66,66,66,66,66,66,66,66,66,66,66,63,63,63,63],"relic_stats":{"Sozu":2,"Blood Vial":0,"Centennial Puzzle":[12],"Nunchaku":[12],"Happy Flower":[24],"counters":[22,72],"Ornamental Fan":[136],"Dead Branch":[286],"Astrolabe":["Backflip","Underhanded Strike","Quick Slash"],"Eternal Feather":10,"obtain_stats":[{"Happy Flower":0,"Dead Branch":0,"Astrolabe":17,"Vajra":40,"Eternal Feather":28,"Omamori":43,"Bottled Tornado":13,"Ancient Tea Set":24,"ClockworkSouvenir":22,"Calling Bell":0,"Sozu":34,"Blood Vial":48,"Centennial Puzzle":26,"Nunchaku":39,"Ninja Scroll":9,"Ornamental Fan":37,"Toolbox":39,"Toxic Egg 2":0,"InkBottle":10,"Ring of the Snake":0},{"Happy Flower":0,"Dead Branch":0,"Astrolabe":10,"Vajra":18,"Eternal Feather":13,"Omamori":19,"Bottled Tornado":8,"Ancient Tea Set":12,"ClockworkSouvenir":11,"Calling Bell":0,"Sozu":16,"Blood Vial":21,"Centennial Puzzle":12,"Nunchaku":17,"Ninja Scroll":4,"Ornamental Fan":17,"Toolbox":17,"Toxic Egg 2":0,"InkBottle":5,"Ring of the Snake":0},{"Happy Flower":0,"Dead Branch":0,"Astrolabe":33,"Vajra":60,"Eternal Feather":43,"Omamori":62,"Bottled Tornado":28,"Ancient Tea Set":38,"ClockworkSouvenir":34,"Calling Bell":0,"Sozu":53,"Blood Vial":67,"Centennial Puzzle":38,"Nunchaku":56,"Ninja Scroll":18,"Ornamental Fan":56,"Toolbox":56,"Toxic Egg 2":0,"InkBottle":21,"Ring of the Snake":0}],"InkBottle":[52]},"card_choices":[{"not_picked":["Dash","Well Laid Plans"],"picked":"PiercingWail+1","floor":1},{"not_picked":["Outmaneuver+1","Acrobatics+1"],"picked":"Cloak And Dagger+1","floor":3},{"not_picked":["Quick Slash","Deflect+1"],"picked":"PiercingWail+1","floor":4},{"not_picked":["Sucker Punch","Acrobatics+1"],"picked":"Blade Dance+1","floor":7},{"not_picked":["Dodge and Roll+1","Outmaneuver+1"],"picked":"Accuracy","floor":10},{"not_picked":["Bane","Underhanded Strike"],"picked":"Skewer","floor":11},{"not_picked":["Unload","Setup+1"],"picked":"Backflip+1","floor":12},{"not_picked":["Quick Slash","Dagger Throw"],"picked":"Backflip+1","floor":13},{"not_picked":["Deflect+1","Slice"],"picked":"Calculated Gamble+1","floor":14},{"not_picked":["Unload","Venomology+1"],"picked":"Night Terror+1","floor":16},{"not_picked":["Accuracy","Dodge and Roll+1"],"picked":"Dagger Spray+1","floor":18},{"not_picked":["Masterful Stab","Backstab"],"picked":"Outmaneuver+1","floor":24},{"not_picked":["Endless Agony","Quick Slash"],"picked":"Acrobatics+1","floor":28},{"not_picked":["Leg Sweep+1","Prepared+1","Sucker Punch"],"picked":"SKIP","floor":29},{"not_picked":["Bouncing Flask+1","Flying Knee"],"picked":"Acrobatics+1","floor":31},{"not_picked":["Venomology+1","Grand Finale"],"picked":"Storm of Steel+1","floor":33},{"not_picked":["Slice","Quick Slash+1","Deflect+1"],"picked":"SKIP","floor":35},{"not_picked":["Concentrate+1","Leg Sweep+1","Crippling Poison+1"],"picked":"SKIP","floor":40},{"not_picked":["Outmaneuver+1","Flying Knee"],"picked":"Blade Dance+1","floor":41},{"not_picked":["Quick Slash","Heel Hook","Bane+1"],"picked":"SKIP","floor":45},{"not_picked":["Dark Shackles+1","Trip+1"],"picked":"Master of Strategy+1","floor":46},{"not_picked":["Blur+1","Backflip+1"],"picked":"Outmaneuver+1","floor":48}],"player_experience":968316,"relics_obtained":[{"floor":0,"key":"Happy Flower"},{"floor":0,"key":"Toxic Egg 2"},{"floor":0,"key":"Dead Branch"},{"floor":9,"key":"Ninja Scroll"},{"floor":10,"key":"InkBottle"},{"floor":13,"key":"Bottled Tornado"},{"floor":24,"key":"Ancient Tea Set"},{"floor":26,"key":"Centennial Puzzle"},{"floor":28,"key":"Eternal Feather"},{"floor":40,"key":"Vajra"},{"floor":43,"key":"Omamori"},{"floor":48,"key":"Blood Vial"}],"event_choices":[{"cards_removed":["Defend_G"],"damage_healed":0,"gold_gain":0,"player_choice":"Card Removal","damage_taken":0,"max_hp_gain":0,"max_hp_loss":0,"event_name":"The Cleric","floor":2,"gold_loss":75},{"damage_healed":0,"gold_gain":0,"player_choice":"Upgraded","damage_taken":0,"max_hp_gain":0,"max_hp_loss":0,"event_name":"Upgrade Shrine","floor":5,"gold_loss":0,"cards_upgraded":["Neutralize"]},{"damage_healed":0,"gold_gain":0,"player_choice":"Simplicity","damage_taken":0,"max_hp_gain":0,"max_hp_loss":0,"event_name":"Back to Basics","floor":19,"gold_loss":0,"cards_upgraded":["Strike_G","Defend_G","Defend_G","Defend_G","Defend_G"]},{"damage_healed":0,"gold_gain":50,"player_choice":"Stole From Cult","damage_taken":0,"max_hp_gain":0,"max_hp_loss":0,"event_name":"Nest","floor":20,"gold_loss":0},{"damage_healed":0,"gold_gain":0,"player_choice":"Bought 0 Potions","damage_taken":0,"max_hp_gain":0,"max_hp_loss":0,"event_name":"The Woman in Blue","floor":21,"gold_loss":0},{"damage_healed":0,"gold_gain":999,"player_choice":"Gold","damage_taken":0,"max_hp_gain":0,"max_hp_loss":0,"event_name":"MindBloom","floor":36,"gold_loss":0,"cards_obtained":["Normality","Normality"]},{"cards_removed":["Dagger Spray"],"damage_healed":0,"gold_gain":0,"player_choice":"Removed Attack","damage_taken":0,"max_hp_gain":0,"max_hp_loss":0,"event_name":"Falling","floor":38,"gold_loss":0},{"damage_healed":0,"gold_gain":0,"player_choice":"Memory 1","damage_taken":0,"max_hp_gain":0,"max_hp_loss":0,"event_name":"SensoryStone","floor":46,"gold_loss":0},{"damage_healed":0,"gold_gain":0,"player_choice":"Max HP","damage_taken":0,"max_hp_gain":0,"max_hp_loss":3,"event_name":"Winding Halls","floor":47,"gold_loss":0}],"is_beta":false,"boss_relics":[{"not_picked":["Runic Pyramid","SlaversCollar"],"picked":"Astrolabe"},{"not_picked":["Philosopher\u0027s Stone","Velvet Choker"],"picked":"Sozu"}],"items_purged_floors":[22,37,39],"is_endless":false,"potions_floor_spawned":[1,3,4,11,28,29,31,35,45],"ascension_level":19}}