{"host":"uq7j81ocmf0ebuur","time":1609089288,"event":{"mods":["AchievementEnabler","BaseMod","Better Match","Better Note","Better Third Choice","Block Reminder","Colored Map","Colored Powertips","Defuse TimeMaze Blight","Googly Eyes","Minty Spire (QoL Compilation)","Relic Stats","StSLib","SuperFastMode","everything is the same but u backflip on backflip","slay the spire mod where everything is the same but ironclad has a cowboy hat"],"gold_per_floor":[110,185,249,260,14,48,48,76,100,100,118,4,33,66,66,166,166,179,195,195,214,214,214],"floor_reached":22,"playtime":1148,"items_purged":["Strike_P"],"score":232,"play_id":"fbafab31-0bec-4bf6-8829-176b7ba5a1ca","local_time":"20201227191448","is_ascension_mode":true,"campfire_choices":[{"data":"SashWhip","floor":7,"key":"SMITH"},{"floor":10,"key":"REST"},{"data":"Perseverance","floor":15,"key":"SMITH"}],"circlet_count":0,"master_deck":["Strike_P","Defend_P","Defend_P","Defend_P","Eruption","Vigilance","Pray+1","Wallop+1","Consecrate+1","Halt","FollowUp","SashWhip+1","Perseverance+1","FlurryOfBlows","Conclude","CutThroughFate","EmptyFist","MasterReality","TalkToTheHand+1","WaveOfTheHand+1"],"relics":["Astrolabe","Eternal Feather","Art of War","Regal Pillow","Tiny Chest","Odd Mushroom","Bag of Marbles","SlaversCollar"],"acts_visited":["Exordium","TheCity"],"potions_floor_usage":[8,21,22],"damage_taken":[{"damage":0,"enemies":"Small Slimes","floor":1,"turns":2},{"damage":7,"enemies":"2 Louse","floor":4,"turns":2},{"damage":11,"enemies":"Lagavulin","floor":6,"turns":5},{"damage":30,"enemies":"Gremlin Nob","floor":8,"turns":6},{"damage":4,"enemies":"Jaw Worm","floor":11,"turns":3},{"damage":2,"enemies":"The Mushroom Lair","floor":13,"turns":2},{"damage":6,"enemies":"Lagavulin","floor":14,"turns":5},{"damage":46,"enemies":"Hexaghost","floor":16,"turns":9},{"damage":31,"enemies":"3 Byrds","floor":18,"turns":4},{"damage":14,"enemies":"Spheric Guardian","floor":19,"turns":4},{"damage":21,"enemies":"Snake Plant","floor":21,"turns":6},{"damage":15,"enemies":"Cultist and Chosen","floor":22,"turns":7}],"seed_played":"-6337529784131820627","potions_obtained":[{"floor":4,"key":"Dexterity Potion"},{"floor":6,"key":"PowerPotion"},{"floor":14,"key":"BottledMiracle"},{"floor":18,"key":"Strength Potion"},{"floor":21,"key":"ColorlessPotion"}],"is_trial":false,"path_per_floor":["M","?","?","M","$","E","R","E","T","R","M","$","?","E","R","B",null,"M","M","?","M","M"],"character_chosen":"WATCHER","items_purchased":["Eternal Feather","Conclude"],"campfire_rested":1,"item_purchase_floors":[5,12],"current_hp_per_floor":[72,61,61,54,54,43,49,19,19,61,57,57,55,49,58,12,72,41,27,27,6,0,0],"gold":214,"neow_bonus":"BOSS_RELIC","is_daily":false,"chose_seed":false,"campfire_upgraded":2,"win_rate":0.0,"timestamp":1609089288,"path_taken":["M","?","?","M","$","E","R","E","T","R","M","$","?","E","R","BOSS","M","M","?","M","M"],"items_purchased_type":["Relic","Card"],"build_version":"2020-12-22","purchased_purges":1,"victory":false,"max_hp_per_floor":[72,72,72,72,72,72,72,72,72,72,72,72,72,72,72,72,72,72,72,72,72,72,72],"relic_stats":{"Regal Pillow":15,"counters":[12,55],"Astrolabe":["Pray","Wallop","Consecrate"],"Eternal Feather":21,"Tiny Chest":0,"Art of War":[7],"obtain_stats":[{"SlaversCollar":17,"Regal Pillow":8,"Astrolabe":0,"Eternal Feather":5,"Tiny Chest":9,"Art of War":6,"Bag of Marbles":14,"PureWater":0,"Odd Mushroom":13},{"SlaversCollar":8,"Regal Pillow":4,"Astrolabe":0,"Eternal Feather":2,"Tiny Chest":4,"Art of War":3,"Bag of Marbles":7,"PureWater":0,"Odd Mushroom":6},{"SlaversCollar":34,"Regal Pillow":15,"Astrolabe":0,"Eternal Feather":4,"Tiny Chest":15,"Art of War":9,"Bag of Marbles":25,"PureWater":0,"Odd Mushroom":20}]},"card_choices":[{"not_picked":["CrushJoints","FearNoEvil"],"picked":"Halt","floor":1},{"not_picked":["CutThroughFate","ForeignInfluence"],"picked":"FollowUp","floor":4},{"not_picked":["DeusExMachina","SandsOfTime"],"picked":"SashWhip","floor":6},{"not_picked":["FollowUp","SandsOfTime"],"picked":"Perseverance","floor":8},{"not_picked":["ReachHeaven","FlyingSleeves"],"picked":"FlurryOfBlows","floor":11},{"not_picked":["Fasting2","WheelKick"],"picked":"CutThroughFate","floor":13},{"not_picked":["FlurryOfBlows","Protect"],"picked":"EmptyFist","floor":14},{"not_picked":["ConjureBlade","Blasphemy"],"picked":"MasterReality","floor":16},{"not_picked":["EmptyBody","SashWhip"],"picked":"TalkToTheHand+1","floor":18},{"not_picked":["ForeignInfluence","PathToVictory","Fasting2"],"picked":"SKIP","floor":19},{"not_picked":["InnerPeace","Vengeance+1"],"picked":"WaveOfTheHand+1","floor":21}],"player_experience":331014,"relics_obtained":[{"floor":6,"key":"Art of War"},{"floor":8,"key":"Regal Pillow"},{"floor":9,"key":"Tiny Chest"},{"floor":13,"key":"Odd Mushroom"},{"floor":14,"key":"Bag of Marbles"}],"event_choices":[{"damage_healed":0,"gold_gain":75,"player_choice":"Gold","damage_taken":11,"max_hp_gain":0,"max_hp_loss":0,"event_name":"betterThird:BetterGoop","floor":2,"gold_loss":0},{"damage_healed":0,"gold_gain":64,"player_choice":"Gained Gold","damage_taken":0,"max_hp_gain":0,"max_hp_loss":0,"event_name":"Golden Wing","floor":3,"gold_loss":0},{"damage_healed":0,"gold_gain":0,"player_choice":"Fought Mushrooms","damage_taken":0,"max_hp_gain":0,"max_hp_loss":0,"event_name":"Mushrooms","floor":13,"gold_loss":0},{"damage_healed":0,"gold_gain":0,"player_choice":"Ignored","damage_taken":0,"max_hp_gain":0,"max_hp_loss":0,"event_name":"The Mausoleum","floor":20,"gold_loss":0}],"is_beta":false,"boss_relics":[{"not_picked":["Busted Crown","Snecko Eye"],"picked":"SlaversCollar"}],"items_purged_floors":[12],"is_endless":false,"potions_floor_spawned":[4,6,14,18,21],"killed_by":"Cultist and Chosen","ascension_level":3}}