{"host":"m77rrhbqzv44va4v","time":1609089285,"event":{"mods":["AchievementEnabler","BaseMod","Colored Map","DeckTracker","Keyboard Shortcuts","Minty Spire (QoL Compilation)","StSLib","SuperFastMode","everything is the same but u backflip on backflip"],"gold_per_floor":[109,127,144,144,144,178,202,219,246,246,258,2,2,29,29,131,131,113,212,238,252,29,29,48,48,48,48,60,160,191,215,215,215,215],"floor_reached":33,"playtime":767,"items_purged":["Strike_B"],"score":369,"play_id":"8959b7ac-d074-41c0-88b6-269d76a5ff5a","local_time":"20201228021445","is_ascension_mode":true,"campfire_choices":[{"floor":10.0,"key":"REST"},{"floor":15.0,"key":"REST"},{"data":"Biased Cognition","floor":23.0,"key":"SMITH"},{"data":"Loop","floor":25.0,"key":"SMITH"},{"data":"Dualcast","floor":27.0,"key":"SMITH"},{"data":"Blizzard","floor":32,"key":"SMITH"}],"circlet_count":0,"master_deck":["Strike_B","Strike_B","Defend_B","Defend_B","Defend_B","Zap","Dualcast+1","Sweeping Beam","Cold Snap","Conserve Battery","Redo","Streamline","Coolheaded","Core Surge","Loop+1","Turbo","Leap","Biased Cognition+1","Static Discharge+1","Blizzard+1","Defragment+1"],"relics":["Cracked Core","Tiny Chest","Omamori","Orichalcum","Lantern","Vajra","Snecko Eye","Centennial Puzzle","Lee\u0027s Waffle","Toy Ornithopter","Bottled Tornado","Pen Nib"],"acts_visited":["Exordium","TheCity"],"potions_floor_usage":[],"damage_taken":[{"damage":1.0,"enemies":"Cultist","floor":1.0,"turns":3.0},{"damage":12.0,"enemies":"Small Slimes","floor":2.0,"turns":2.0},{"damage":7.0,"enemies":"2 Louse","floor":3.0,"turns":2.0},{"damage":19.0,"enemies":"Gremlin Nob","floor":6.0,"turns":4.0},{"damage":6.0,"enemies":"Blue Slaver","floor":8.0,"turns":4.0},{"damage":7.0,"enemies":"Exordium Thugs","floor":11.0,"turns":3.0},{"damage":18.0,"enemies":"Lagavulin","floor":14.0,"turns":6.0},{"damage":9.0,"enemies":"Slime Boss","floor":16.0,"turns":11.0},{"damage":21.0,"enemies":"2 Thieves","floor":18.0,"turns":4.0},{"damage":21.0,"enemies":"3 Byrds","floor":21.0,"turns":4.0},{"damage":6.0,"enemies":"Snecko","floor":24.0,"turns":4.0},{"damage":19.0,"enemies":"Shelled Parasite and Fungi","floor":28.0,"turns":3.0},{"damage":9,"enemies":"Book of Stabbing","floor":30,"turns":5},{"damage":54,"enemies":"Automaton","floor":33,"turns":6}],"seed_played":"1641295491386994286","potions_obtained":[{"floor":2.0,"key":"Swift Potion"},{"floor":3.0,"key":"SpeedPotion"},{"floor":8.0,"key":"SkillPotion"},{"floor":18.0,"key":"FearPotion"},{"floor":24.0,"key":"GamblersBrew"}],"is_trial":false,"path_per_floor":["M","M","M","?","?","E","T","M","T","R","M","$","?","E","R","B",null,"M","?","T","M","$","R","M","R","T","R","M","?","E","T","R","B"],"character_chosen":"DEFECT","items_purchased":["Core Surge","Loop","Turbo","Lee\u0027s Waffle"],"campfire_rested":2,"item_purchase_floors":[12,12,12,22],"current_hp_per_floor":[67,55,48,41,41,22,22,16,16,38,31,31,31,13,35,26,63,42,42,42,21,82,82,76,76,76,76,57,57,48,48,48,0,0],"gold":215,"neow_bonus":"RANDOM_COMMON_RELIC","is_daily":false,"chose_seed":false,"campfire_upgraded":4,"win_rate":0.0,"timestamp":1609089285,"path_taken":["M","?","M","?","?","E","?","?","T","R","M","$","?","E","R","BOSS","M","?","?","M","?","R","?","R","T","R","M","?","E","?","R","BOSS"],"items_purchased_type":["Card","Card","Card","Relic"],"build_version":"2020-12-22","purchased_purges":1,"victory":false,"max_hp_per_floor":[75,75,75,75,75,75,75,75,75,75,75,75,75,75,75,75,75,75,75,75,75,82,82,82,82,82,82,82,82,82,82,82,82,82],"card_choices":[{"not_picked":["Sweeping Beam","Hello World","Glacier"],"picked":"SKIP","floor":1.0},{"not_picked":["Hello World","Glacier"],"picked":"Sweeping Beam","floor":1.0},{"not_picked":["Barrage","Go for the Eyes"],"picked":"Cold Snap","floor":2.0},{"not_picked":["Rebound","Beam Cell"],"picked":"Conserve Battery","floor":3.0},{"not_picked":["Hello World","Rainbow"],"picked":"Redo","floor":6.0},{"not_picked":["Rebound","Hologram"],"picked":"Streamline","floor":8.0},{"not_picked":["White Noise","Auto Shields"],"picked":"Coolheaded","floor":11.0},{"not_picked":["Gash","Reprogram"],"picked":"Leap","floor":14.0},{"not_picked":["Amplify","Rainbow"],"picked":"Biased Cognition","floor":16.0},{"not_picked":["Leap+1","Hologram","Sweeping Beam"],"picked":"SKIP","floor":18.0},{"not_picked":["Beam Cell","Rebound","Static Discharge"],"picked":"SKIP","floor":21.0},{"not_picked":["Conserve Battery+1","Sweeping Beam+1"],"picked":"Static Discharge+1","floor":24.0},{"not_picked":["Multi-Cast","Beam Cell"],"picked":"Blizzard","floor":28.0},{"not_picked":["Double Energy","Rip and Tear"],"picked":"Defragment+1","floor":30}],"player_experience":809162,"relics_obtained":[{"floor":6.0,"key":"Omamori"},{"floor":7.0,"key":"Orichalcum"},{"floor":9.0,"key":"Lantern"},{"floor":14.0,"key":"Vajra"},{"floor":20.0,"key":"Centennial Puzzle"},{"floor":26.0,"key":"Toy Ornithopter"},{"floor":30,"key":"Bottled Tornado"},{"floor":31,"key":"Pen Nib"}],"event_choices":[{"cards_removed":["Strike_B"],"damage_healed":0.0,"max_hp_gain":0.0,"max_hp_loss":0.0,"gold_gain":0.0,"event_name":"Golden Wing","player_choice":"Card Removal","floor":4.0,"gold_loss":0.0,"damage_taken":7.0},{"cards_removed":["Defend_B"],"damage_healed":0.0,"max_hp_gain":0.0,"max_hp_loss":0.0,"gold_gain":0.0,"event_name":"Living Wall","player_choice":"Forget","floor":5.0,"gold_loss":0.0,"damage_taken":0.0},{"damage_healed":0.0,"max_hp_gain":0.0,"max_hp_loss":0.0,"gold_gain":0.0,"event_name":"Golden Idol","player_choice":"Ignored","floor":13.0,"gold_loss":0.0,"damage_taken":0.0},{"damage_healed":0.0,"max_hp_gain":0.0,"max_hp_loss":0.0,"gold_gain":99.0,"event_name":"Nest","player_choice":"Stole From Cult","floor":19.0,"gold_loss":0.0,"damage_taken":0.0},{"damage_healed":0.0,"max_hp_gain":0.0,"max_hp_loss":0.0,"gold_gain":100.0,"event_name":"Golden Shrine","player_choice":"Pray","floor":29.0,"gold_loss":0.0,"damage_taken":0.0}],"is_beta":false,"boss_relics":[{"not_picked":["SlaversCollar","Astrolabe"],"picked":"Snecko Eye"}],"items_purged_floors":[22],"is_endless":false,"potions_floor_spawned":[2,3,8,18,24,28],"killed_by":"Automaton","ascension_level":7}}