{"host":"44og2uqm53oex657","time":1609036267,"event":{"mods":["AchievementEnabler","Act Like it!","BaseMod","DeckTracker","Gensokyo","Koishi","Marisa????????","Minty Spire (QoL Compilation)","StSLib"],"gold_per_floor":[118,118,43,43,54,54,69,69,147,159,159,159,187,204,204,282,282,294,294,219,230,130,130,146,146,169,61,61,61,61,92,92,164,164,184,196,196,216,226,260,260,260,260,260,313,344,134,148,148,148,148],"floor_reached":52,"playtime":2324,"items_purged":["Strike_MRS","Strike_MRS","MasterSpark"],"score":1927,"play_id":"6939671e-4146-480d-8046-fa96cbe531ff","local_time":"20201226183107","is_ascension_mode":true,"campfire_choices":[{"data":"UnstableBomb","floor":6.0,"key":"SMITH"},{"data":"MagicChant","floor":8.0,"key":"SMITH"},{"data":"MysteriousBeam","floor":15.0,"key":"SMITH"},{"data":"TreasureHunter","floor":23.0,"key":"SMITH"},{"data":"PowerUp","floor":25.0,"key":"SMITH"},{"data":"Flash of Steel","floor":28.0,"key":"SMITH"},{"data":"Defend_MRS","floor":30.0,"key":"SMITH"},{"data":"Defend_MRS","floor":32.0,"key":"SMITH"},{"data":"BlazeAway","floor":41,"key":"SMITH"},{"data":"Madness","floor":44,"key":"SMITH"},{"floor":49,"key":"REST"}],"circlet_count":0,"master_deck":["AscendersBane","Strike_MRS","Defend_MRS+1","Defend_MRS+1","Defend_MRS","Defend_MRS","UpSweep","EarthLightRay+1","UnstableBomb+1","MagicChant+1","MysteriousBeam+1","6A","TreasureHunter+1","PowerUp+1","Flash of Steel+1","Singularity","BlazeAway+1","EarthLightRay+1","AlicesGift","Madness","Madness+1","MagicAbsorber","6A"],"relics":["MiniHakkero","Oddly Smooth Stone","StrikeDummy","HornCleat","CaptainsWheel","SlaversCollar","MutagenicStrength","Vajra","Mummified Hand","Singing Bowl","Unceasing Top","Black Star","Omamori","Dream Catcher","Toy Ornithopter","AmplifyWand","Thread and Needle","Incense Burner","Bag of Marbles"],"acts_visited":["Exordium","TheCity","TheBeyond"],"potions_floor_usage":[33,33,40,50,51],"damage_taken":[{"damage":0.0,"enemies":"2 Louse","floor":1.0,"turns":2.0},{"damage":0.0,"enemies":"Cultist","floor":5.0,"turns":3.0},{"damage":0.0,"enemies":"Jaw Worm","floor":7.0,"turns":3.0},{"damage":19.0,"enemies":"3 Louse","floor":10.0,"turns":5.0},{"damage":0.0,"enemies":"3 Sentries","floor":13.0,"turns":3.0},{"damage":6.0,"enemies":"Lots of Slimes","floor":14.0,"turns":3.0},{"damage":41.0,"enemies":"Slime Boss","floor":16.0,"turns":10.0},{"damage":6.0,"enemies":"Shell Parasite","floor":18.0,"turns":4.0},{"damage":0.0,"enemies":"Chosen","floor":21.0,"turns":4.0},{"damage":0.0,"enemies":"Centurion and Healer","floor":24.0,"turns":6.0},{"damage":12.0,"enemies":"Gremlin Leader","floor":31.0,"turns":8.0},{"damage":64,"enemies":"Collector","floor":33,"turns":7},{"damage":11,"enemies":"3 Darklings","floor":35,"turns":5},{"damage":0,"enemies":"Orb Walker","floor":36,"turns":3},{"damage":0,"enemies":"Maw","floor":38,"turns":5},{"damage":19,"enemies":"4 Shapes","floor":39,"turns":8},{"damage":11,"enemies":"Reptomancer","floor":40,"turns":5},{"damage":14,"enemies":"2 Orb Walkers","floor":45,"turns":4},{"damage":54,"enemies":"Nemesis","floor":46,"turns":5},{"damage":0,"enemies":"Writhing Mass","floor":48,"turns":4},{"damage":24,"enemies":"Time Eater","floor":50,"turns":10},{"damage":1,"enemies":"Donu and Deca","floor":51,"turns":7}],"seed_played":"-3775949473948995912","potions_obtained":[{"floor":1.0,"key":"ColorlessPotion"},{"floor":10.0,"key":"SteroidPotion"},{"floor":16.0,"key":"ShroomBrew"},{"floor":24.0,"key":"DuplicationPotion"},{"floor":31.0,"key":"DistilledChaos"},{"floor":33,"key":"ColorlessPotion"},{"floor":36,"key":"Explosive Potion"},{"floor":38,"key":"EssenceOfSteel"},{"floor":45,"key":"PowerPotion"}],"is_trial":false,"path_per_floor":["M","?","$","T","M","R","M","R","T","M","T","?","E","M","R","B",null,"M","?","?","M","$","R","M","R","T","$","R","?","R","E","R","B",null,"M","M","?","M","M","E","R","?","T","R","?","E","$","M","R","B","B",null],"character_chosen":"MARISA","items_purchased":["Flash of Steel","MagicAbsorber"],"campfire_rested":1,"item_purchase_floors":[27,47],"current_hp_per_floor":[70,70,70,70,76,76,77,77,77,64,64,64,70,70,70,35,67,67,67,67,67,67,67,73,73,73,73,73,73,73,67,67,11,64,59,65,65,79,70,73,73,58,58,58,58,18,18,32,59,52,68],"gold":148,"neow_bonus":"TEN_PERCENT_HP_BONUS","is_daily":false,"chose_seed":false,"campfire_upgraded":10,"win_rate":0.0,"timestamp":1609036267,"path_taken":["M","?","$","?","M","R","M","R","T","M","?","?","E","?","R","BOSS","M","?","?","M","$","R","M","R","T","$","R","?","R","E","R","BOSS","M","?","?","?","M","E","R","?","T","R","?","E","$","M","R","BOSS","BOSS"],"items_purchased_type":["Card","Card"],"build_version":"2020-12-22","purchased_purges":3,"victory":true,"max_hp_per_floor":[77,77,77,77,77,77,77,77,77,77,77,77,77,77,77,77,77,77,77,77,77,77,77,77,77,77,77,77,77,77,79,79,81,81,81,81,81,83,83,85,85,85,85,85,87,89,89,91,91,91,91],"card_choices":[{"not_picked":["NonDirectionalLaser","WitchLeyline"],"picked":"EarthLightRay","floor":1.0},{"not_picked":["SuperPerseids","AsteroidBelt"],"picked":"UnstableBomb","floor":5.0},{"not_picked":["GravityBeat","StarlightTyphoon"],"picked":"MagicChant","floor":7.0},{"not_picked":["DeepEcoloBomb","OpenUniverse","Acceleration"],"picked":"SKIP","floor":10.0},{"not_picked":["AsteroidBelt","EarthLightRay","ChargeUpSpray"],"picked":"SKIP","floor":13.0},{"not_picked":["DoubleSpark","OortCloud"],"picked":"6A","floor":14.0},{"not_picked":["StarDustReverie","SatelliteIllusion"],"picked":"TreasureHunter","floor":16.0},{"not_picked":["WitchOfGreed","WitchLeyline+1","UnstableBomb"],"picked":"SKIP","floor":18.0},{"not_picked":["SuperPerseids","NonDirectionalLaser","IllusionStar"],"picked":"SKIP","floor":21.0},{"not_picked":["Occultation","GrandCross"],"picked":"PowerUp","floor":24.0},{"not_picked":["WitchLeyline","IllusionStar","SporeBomb"],"picked":"Singing Bowl","floor":31.0},{"not_picked":["MaximisePower","CasketOfStar","BigCrunch"],"picked":"Singing Bowl","floor":33},{"not_picked":["GravityBeat","EventHorizon"],"picked":"Singularity","floor":35},{"not_picked":["StarBarrage","PowerUp+1"],"picked":"BlazeAway","floor":36},{"not_picked":["ShootingEcho","6A","WitchOfGreed"],"picked":"Singing Bowl","floor":38},{"not_picked":["PropBag","MeteoricShower"],"picked":"AlicesGift","floor":39},{"not_picked":["EscapeVelocity","WitchOfGreed+1","DoubleSpark"],"picked":"Singing Bowl","floor":40},{"not_picked":["Acceleration","AlicesGift","Occultation"],"picked":"Singing Bowl","floor":45},{"not_picked":["PowerUp+1","MachineGunSpark+1","NonDirectionalLaser"],"picked":"Singing Bowl","floor":46},{"not_picked":["MilkyWay","UnstableBomb+1","DragonMeteor+1"],"picked":"Singing Bowl","floor":48},{"not_picked":["Acceleration+1","OortCloud"],"picked":"6A","floor":49}],"player_experience":673672,"relics_obtained":[{"floor":4.0,"key":"Oddly Smooth Stone"},{"floor":9.0,"key":"StrikeDummy"},{"floor":11.0,"key":"HornCleat"},{"floor":13.0,"key":"CaptainsWheel"},{"floor":26.0,"key":"Vajra"},{"floor":31.0,"key":"Mummified Hand"},{"floor":31.0,"key":"Singing Bowl"},{"floor":33,"key":"Unceasing Top"},{"floor":40,"key":"Omamori"},{"floor":40,"key":"Dream Catcher"},{"floor":40,"key":"Toy Ornithopter"},{"floor":43,"key":"AmplifyWand"},{"floor":45,"key":"Thread and Needle"},{"floor":46,"key":"Incense Burner"},{"floor":46,"key":"Bag of Marbles"}],"event_choices":[{"damage_healed":0.0,"max_hp_gain":0.0,"max_hp_loss":0.0,"gold_gain":0.0,"event_name":"Upgrade Shrine","player_choice":"Upgraded","floor":2.0,"gold_loss":0.0,"damage_taken":0.0,"cards_upgraded":["EarthLightRay"]},{"damage_healed":0.0,"max_hp_gain":0.0,"max_hp_loss":0.0,"gold_gain":0.0,"event_name":"Match and Keep!","player_choice":"1 cards matched","floor":12.0,"gold_loss":0.0,"damage_taken":0.0,"cards_obtained":["MysteriousBeam"]},{"damage_healed":0.0,"max_hp_gain":0.0,"max_hp_loss":0.0,"gold_gain":0.0,"event_name":"Drug Dealer","player_choice":"Inject Mutagens","floor":19.0,"gold_loss":0.0,"damage_taken":0.0,"relics_obtained":["MutagenicStrength"]},{"cards_removed":["Strike_MRS"],"damage_healed":0.0,"max_hp_gain":0.0,"max_hp_loss":0.0,"gold_gain":0.0,"event_name":"Beggar","player_choice":"Gave Gold","floor":20.0,"gold_loss":75.0,"damage_taken":0.0},{"damage_healed":0.0,"max_hp_gain":0.0,"max_hp_loss":0.0,"gold_gain":0.0,"event_name":"Match and Keep!","player_choice":"0 cards matched","floor":29.0,"gold_loss":0.0,"damage_taken":0.0,"cards_obtained":[]},{"damage_healed":0,"gold_gain":0,"player_choice":"Copied","damage_taken":0,"max_hp_gain":0,"max_hp_loss":0,"event_name":"Duplicator","floor":37,"gold_loss":0,"cards_obtained":["EarthLightRay"]},{"damage_healed":0,"gold_gain":0,"player_choice":"Embrace Madness","damage_taken":15,"max_hp_gain":0,"max_hp_loss":0,"event_name":"Winding Halls","floor":42,"gold_loss":0,"cards_obtained":["Madness","Madness"]},{"damage_healed":0,"gold_gain":0,"player_choice":"Fight","damage_taken":0,"max_hp_gain":0,"max_hp_loss":0,"event_name":"Mysterious Sphere","floor":45,"gold_loss":0}],"is_beta":false,"boss_relics":[{"not_picked":["BewitchedHakkero","Ectoplasm"],"picked":"SlaversCollar"},{"not_picked":["Calling Bell","Velvet Choker"],"picked":"Black Star"}],"items_purged_floors":[3,22,47],"is_endless":false,"potions_floor_spawned":[1,10,13,16,24,31,33,36,38,45],"ascension_level":20}}