{"host":"k85tjwrh7mjrrc9a","time":1609094371,"event":{"mods":["AchievementEnabler","BaseMod","Colored Powertips","Highlight Path","Minty Spire (QoL Compilation)","Rare Cards Sparkle","StSLib"],"gold_per_floor":[118,133,110,110,130,160,160,160,160,110,125,125,150,161,161,260,260,278,278,147,147,62,95,111,111,111,125,138,138,153,26,26,127,127,137,137,1136,1153,1153,1153],"floor_reached":39,"playtime":2743,"items_purged":["Defend_G","Strike_G+1","Strike_G+1"],"score":454,"play_id":"b843d040-4b7a-4083-9d21-b24d2aeca5b3","local_time":"20201227133931","is_ascension_mode":true,"campfire_choices":[{"floor":7,"key":"REST"},{"floor":12,"key":"REST"},{"data":"Footwork","floor":15,"key":"SMITH"},{"floor":25,"key":"REST"},{"floor":29,"key":"REST"},{"floor":32,"key":"REST"}],"circlet_count":0,"master_deck":["Strike_G+1","Strike_G+1","Defend_G+1","Defend_G+1","Defend_G+1","Defend_G+1","Survivor","Neutralize+1","Heel Hook","Footwork+1","Slice","Heel Hook","Backflip+1","Well Laid Plans","Dagger Throw","Backflip+1","A Thousand Cuts","Flying Knee","Infinite Blades","Heel Hook","Expertise+1","Backflip+1","Quick Slash","Accuracy","After Image","Blade Dance+1","Normality","Normality","PiercingWail+1"],"relics":["Ring of the Snake","Toxic Egg 2","Smiling Mask","Shuriken","WristBlade","HornCleat","Ancient Tea Set","Boot","Cursed Key"],"acts_visited":["Exordium","TheCity","TheBeyond"],"potions_floor_usage":[16,23,24,30,33,35,39,39,39],"damage_taken":[{"damage":9,"enemies":"Jaw Worm","floor":1,"turns":4},{"damage":1,"enemies":"Cultist","floor":2,"turns":4},{"damage":0,"enemies":"Small Slimes","floor":5,"turns":3},{"damage":43,"enemies":"Lagavulin","floor":6,"turns":11},{"damage":0,"enemies":"Blue Slaver","floor":11,"turns":4},{"damage":5,"enemies":"Gremlin Nob","floor":13,"turns":4},{"damage":2,"enemies":"Looter","floor":14,"turns":4},{"damage":10,"enemies":"The Guardian","floor":16,"turns":9},{"damage":20,"enemies":"Spheric Guardian","floor":18,"turns":6},{"damage":26,"enemies":"Slavers","floor":23,"turns":6},{"damage":9,"enemies":"2 Thieves","floor":24,"turns":4},{"damage":11,"enemies":"Cultist and Chosen","floor":27,"turns":5},{"damage":4,"enemies":"Centurion and Healer","floor":28,"turns":5},{"damage":12,"enemies":"Sentry and Sphere","floor":30,"turns":6},{"damage":24,"enemies":"Automaton","floor":33,"turns":10},{"damage":1,"enemies":"3 Shapes","floor":35,"turns":4},{"damage":31,"enemies":"3 Darklings","floor":38,"turns":5},{"damage":39,"enemies":"Transient","floor":39,"turns":4}],"seed_played":"-555226898584127733","potions_obtained":[{"floor":0,"key":"Ancient Potion"},{"floor":0,"key":"Energy Potion"},{"floor":0,"key":"EntropicBrew"},{"floor":5,"key":"Dexterity Potion"},{"floor":30,"key":"BlessingOfTheForge"},{"floor":33,"key":"Swift Potion"},{"floor":38,"key":"CunningPotion"}],"is_trial":false,"path_per_floor":["M","M","$","?","M","E","R","?","T","$","M","R","E","M","R","B",null,"M","?","$","?","?","E","M","R","T","M","M","R","M","$","R","B",null,"M","$","?","M","M"],"character_chosen":"THE_SILENT","items_purchased":["Slice","Infinite Blades","Accuracy"],"campfire_rested":5,"item_purchase_floors":[3,20,31],"current_hp_per_floor":[61,60,60,60,60,17,38,38,38,38,38,59,54,52,52,42,70,50,50,50,50,50,24,15,36,36,25,21,42,30,30,51,27,70,69,69,69,38,0,0],"gold":1153,"neow_bonus":"THREE_SMALL_POTIONS","is_daily":false,"chose_seed":false,"campfire_upgraded":1,"win_rate":0.0,"timestamp":1609094371,"path_taken":["M","M","$","?","?","E","R","?","T","$","M","R","E","M","R","BOSS","M","?","$","?","?","E","M","R","T","?","M","R","M","$","R","BOSS","M","$","?","M","M"],"items_purchased_type":["Card","Card","Card"],"build_version":"2020-12-22","purchased_purges":3,"victory":false,"max_hp_per_floor":[70,70,70,70,70,70,70,70,70,70,70,70,70,70,70,70,70,70,70,70,70,70,70,70,70,70,70,70,70,70,70,70,70,70,70,70,70,70,70,70],"card_choices":[{"not_picked":["Escape Plan","Dagger Spray"],"picked":"Heel Hook","floor":1},{"not_picked":["Poisoned Stab","Dagger Spray"],"picked":"Footwork","floor":2},{"not_picked":["Slice","Finisher"],"picked":"Heel Hook","floor":5},{"not_picked":["Deflect+1","Flying Knee"],"picked":"Backflip+1","floor":6},{"not_picked":["Flying Knee","Endless Agony"],"picked":"Well Laid Plans","floor":11},{"not_picked":["Bouncing Flask+1","Sucker Punch"],"picked":"Dagger Throw","floor":13},{"not_picked":["Phantasmal Killer+1","Underhanded Strike"],"picked":"Backflip+1","floor":14},{"not_picked":["Glass Knife","Adrenaline+1"],"picked":"A Thousand Cuts","floor":16},{"not_picked":["Finisher","Choke"],"picked":"Flying Knee","floor":18},{"not_picked":["Slice","Prepared+1"],"picked":"Heel Hook","floor":23},{"not_picked":["Skewer","Doppelganger+1","Choke"],"picked":"SKIP","floor":24},{"not_picked":["Outmaneuver+1","Dodge and Roll+1"],"picked":"Expertise+1","floor":27},{"not_picked":["Backstab","Expertise+1"],"picked":"Backflip+1","floor":28},{"not_picked":["Deflect+1","Flechettes"],"picked":"Quick Slash","floor":30},{"not_picked":["Envenom","Bullet Time+1"],"picked":"After Image","floor":33},{"not_picked":["Backstab","Flechettes+1"],"picked":"Blade Dance+1","floor":35},{"not_picked":["Accuracy","Tactician+1"],"picked":"PiercingWail+1","floor":38}],"player_experience":66779,"relics_obtained":[{"floor":6,"key":"Toxic Egg 2"},{"floor":9,"key":"Smiling Mask"},{"floor":13,"key":"Shuriken"},{"floor":23,"key":"Ancient Tea Set"},{"floor":26,"key":"Boot"}],"event_choices":[{"cards_removed":["Strike_G"],"damage_healed":0,"gold_gain":0,"player_choice":"Offered Basic","damage_taken":0,"max_hp_gain":0,"max_hp_loss":0,"event_name":"Bonfire Elementals","floor":4,"gold_loss":0},{"damage_healed":0,"gold_gain":0,"player_choice":"Grow","damage_taken":0,"max_hp_gain":0,"max_hp_loss":0,"event_name":"Living Wall","floor":8,"gold_loss":0,"cards_upgraded":["Neutralize"]},{"damage_healed":0,"gold_gain":0,"player_choice":"Simplicity","damage_taken":0,"max_hp_gain":0,"max_hp_loss":0,"event_name":"Back to Basics","floor":19,"gold_loss":0,"cards_upgraded":["Strike_G","Strike_G","Strike_G","Strike_G","Defend_G","Defend_G","Defend_G","Defend_G"]},{"damage_healed":0,"gold_gain":0,"player_choice":"Ignored","damage_taken":0,"max_hp_gain":0,"max_hp_loss":0,"event_name":"Ghosts","floor":21,"gold_loss":0},{"damage_healed":0,"gold_gain":0,"player_choice":"Obtained Relic","damage_taken":0,"relics_obtained":["HornCleat"],"max_hp_gain":0,"max_hp_loss":0,"event_name":"Addict","floor":22,"gold_loss":85},{"damage_healed":0,"gold_gain":999,"player_choice":"Gold","damage_taken":0,"max_hp_gain":0,"max_hp_loss":0,"event_name":"MindBloom","floor":37,"gold_loss":0,"cards_obtained":["Normality","Normality"]}],"is_beta":false,"boss_relics":[{"not_picked":["Runic Pyramid","Fusion Hammer"],"picked":"WristBlade"},{"not_picked":["Philosopher\u0027s Stone","Sozu"],"picked":"Cursed Key"}],"items_purged_floors":[10,20,31],"is_endless":false,"potions_floor_spawned":[1,5,24,30,33,38],"killed_by":"Transient","ascension_level":1}}