{"host":"vc42n08di9czm3e7","time":1609094308,"event":{"mods":["AchievementEnabler","Act Like it!","BaseMod","Colored Powertips","Conspire","Downfall","Friendly Minions","GifTheSpireLib","Gremlin Mod","Hermit","Jorbs\u0027s Wanderer Trilogy","Minty Spire (QoL Compilation)","Quick Restart","Rare Cards Sparkle","StSLib","The Jungle"],"gold_per_floor":[112,129,139,156,172,0,0],"floor_reached":6,"playtime":481,"items_purged":[],"score":75,"play_id":"afa62442-7fa1-4b7a-bca6-bc9163b7fe71","local_time":"20201227133828","is_ascension_mode":false,"campfire_choices":[],"circlet_count":0,"master_deck":["Gremlin:Strike","Gremlin:Strike","Gremlin:Strike","Gremlin:Strike","Gremlin:Defend","Gremlin:Defend","Gremlin:Defend","Gremlin:Defend","Gremlin:TagTeam","Gremlin:GremlinDance","Gremlin:Patsy","Gremlin:GlitterGuard","Gremlin:Scatter","Gremlin:Changeo","Gremlin:GremlinOffensive"],"relics":["Gremlin:GremlinKnob"],"acts_visited":["Exordium"],"potions_floor_usage":[],"damage_taken":[{"damage":6,"enemies":"Cultist","floor":1,"turns":5},{"damage":4,"enemies":"conspire:RoseBush","floor":2,"turns":3},{"damage":1,"enemies":"Small Slimes","floor":3,"turns":4},{"damage":5,"enemies":"Looter","floor":4,"turns":5},{"damage":0,"enemies":"Blue Slaver","floor":5,"turns":6},{"damage":0,"enemies":"Gremlin Nob","floor":6,"turns":1}],"seed_played":"-4040788074639008996","potions_obtained":[{"floor":4,"key":"Strength Potion"},{"floor":6,"key":"Energy Potion"}],"is_trial":false,"path_per_floor":["M","M","M","M","M","E"],"character_chosen":"GREMLIN","items_purchased":[],"campfire_rested":0,"item_purchase_floors":[],"current_hp_per_floor":[17,19,17,14,18,18,18],"gold":0,"neow_bonus":"TEN_PERCENT_HP_BONUS","is_daily":false,"chose_seed":false,"campfire_upgraded":0,"win_rate":0.0,"timestamp":1609094308,"path_taken":["M","M","M","M","M","E"],"items_purchased_type":[],"build_version":"2020-12-22","purchased_purges":0,"victory":false,"max_hp_per_floor":[21,21,21,21,21,21,21],"card_choices":[{"not_picked":["Gremlin:Irritability","Gremlin:Pinprick"],"picked":"Gremlin:Patsy","floor":1},{"not_picked":["Gremlin:Polish","Gremlin:Presto"],"picked":"Gremlin:GlitterGuard","floor":2},{"not_picked":["Gremlin:AggressiveDefense","Gremlin:CatScratch"],"picked":"Gremlin:Scatter","floor":3},{"not_picked":["Gremlin:Irritability","Gremlin:TwistTheKnife"],"picked":"Gremlin:Changeo","floor":4},{"not_picked":["Gremlin:ToeStub","Gremlin:ProperTools","Gremlin:CatScratch"],"picked":"SKIP","floor":5},{"not_picked":["Gremlin:Mockery","Gremlin:Duplicate"],"picked":"Gremlin:GremlinOffensive","floor":6}],"player_experience":265644,"relics_obtained":[],"event_choices":[],"is_beta":false,"boss_relics":[],"items_purged_floors":[],"is_endless":false,"potions_floor_spawned":[4,6],"killed_by":"Gremlin Nob","ascension_level":0}}