{"host":"r2b8ojg4o4pyvjvq","time":1609099428,"event":{"mods":["BaseMod","Colored Map","Downfall","Highlight Path","Hubris","Marisa????????","Minty Spire (QoL Compilation)","Quick Restart","Replay The Spire","StSLib","SuperFastMode"],"gold_per_floor":[115,125,125,125,125,160,160,189,189,189,205,48,48,58,58,135,135,151,166,179,0,0,0,0],"floor_reached":23,"playtime":542,"items_purged":[],"score":370,"play_id":"1f44de0c-d9f4-417c-8c94-6fe580deb41f","local_time":"20201227210348","is_ascension_mode":true,"campfire_choices":[{"data":"Bash","floor":7,"key":"SMITH"},{"floor":15,"key":"REST"}],"circlet_count":0,"master_deck":["AscendersBane","Strike_R","Strike_R+1","Strike_R","Strike_R","Strike_R","Defend_R+1","Defend_R","Defend_R","Defend_R","Bash+1","Sword Boomerang","DeepEcoloBomb","Demon Form","Flame Barrier","Iron Wave","Limit Break","Iron Wave","GalacticHalo","Twin Strike"],"relics":["Burning Blood","NeowsBlessing","hubris:DisguiseKit","hubris:Towel","Ginger","Red Skull","hubris:ChampionShield","Thread and Needle","Blood Vial","GremlinMask","hubris:Backtick","Ice Cream"],"acts_visited":["Exordium","TheCity"],"potions_floor_usage":[8,16,16],"damage_taken":[{"damage":0,"enemies":"Jaw Worm","floor":1,"turns":1},{"damage":0,"enemies":"Small Slimes","floor":2,"turns":1},{"damage":0,"enemies":"Gremlin Nob","floor":6,"turns":1},{"damage":29,"enemies":"Lagavulin","floor":8,"turns":6},{"damage":2,"enemies":"2 Louse","floor":11,"turns":3},{"damage":9,"enemies":"Large Slime","floor":14,"turns":4},{"damage":18,"enemies":"Hexaghost","floor":16,"turns":10},{"damage":33,"enemies":"Shell Parasite","floor":18,"turns":10},{"damage":22,"enemies":"Spheric Guardian","floor":19,"turns":7},{"damage":5,"enemies":"Centurion and Healer","floor":20,"turns":11},{"damage":8,"enemies":"Book of Stabbing","floor":23,"turns":4}],"seed_played":"5596049308968582317","potions_obtained":[{"floor":1,"key":"SkillPotion"},{"floor":6,"key":"Guardian:BlockOnCardUsePotion"},{"floor":8,"key":"Strength Potion"},{"floor":20,"key":"sneckomod:MuddlingPotion"}],"is_trial":false,"path_per_floor":["M","M","?","?","?","E","R","E","T","T","M","$","?","M","R","B",null,"M","M","M","?","$","E"],"character_chosen":"IRONCLAD","items_purchased":["Blood Vial"],"campfire_rested":1,"item_purchase_floors":[12],"current_hp_per_floor":[78,80,55,39,39,45,45,22,22,22,26,26,26,25,49,39,70,45,31,34,34,34,28,28],"gold":0,"neow_bonus":"THREE_ENEMY_KILL","is_daily":false,"chose_seed":false,"campfire_upgraded":1,"win_rate":0.0,"timestamp":1609099428,"path_taken":["M","M","?","?","?","E","R","E","T","?","M","$","?","M","R","BOSS","M","?","?","?","?","E"],"items_purchased_type":["Relic"],"build_version":"2020-12-22","purchased_purges":0,"victory":false,"max_hp_per_floor":[80,80,80,80,80,80,80,80,80,80,80,80,80,80,80,80,80,80,80,80,80,80,80,80],"card_choices":[{"not_picked":["Feel No Pain","Wild Strike","Armaments"],"picked":"SKIP","floor":1},{"not_picked":["Body Slam","Replay:Undeath\u0027s Touch"],"picked":"Sword Boomerang","floor":2},{"not_picked":["ReplayTheSpireMod:Stacked","Run Through","Sever Soul"],"picked":"DeepEcoloBomb","floor":6},{"not_picked":["Body Slam","Evolve","LuminesStrike"],"picked":"Demon Form","floor":8},{"not_picked":["Clash","Ghostly Armor","IllusionStar"],"picked":"Flame Barrier","floor":11},{"not_picked":["Clothesline","True Grit","LuminesStrike"],"picked":"Iron Wave","floor":14},{"not_picked":["Impervious","Barricade","BlazingStar"],"picked":"Limit Break","floor":16},{"not_picked":["Replay:Undeath\u0027s Touch","Thunderclap","ChargingUp"],"picked":"Iron Wave","floor":18},{"not_picked":["Warcry","ReplayTheSpireMod:Stacked","Thunderclap"],"picked":"GalacticHalo","floor":19},{"not_picked":["Sword Boomerang","Run Through","ChargeUpSpray"],"picked":"Twin Strike","floor":20}],"player_experience":482680,"relics_obtained":[{"floor":6,"key":"Ginger"},{"floor":8,"key":"Red Skull"},{"floor":9,"key":"hubris:ChampionShield"},{"floor":10,"key":"Thread and Needle"}],"event_choices":[{"damage_healed":0,"gold_gain":0,"player_choice":"Success","damage_taken":25,"relics_obtained":["hubris:DisguiseKit"],"max_hp_gain":0,"max_hp_loss":0,"event_name":"Scrap Ooze","floor":3,"gold_loss":0},{"damage_healed":0,"gold_gain":0,"player_choice":"Entered Light","damage_taken":16,"max_hp_gain":0,"max_hp_loss":0,"event_name":"Shining Light","floor":4,"gold_loss":0,"cards_upgraded":["Defend_R","Strike_R"]},{"damage_healed":0,"gold_gain":0,"player_choice":"Trade","damage_taken":0,"relics_obtained":["GremlinMask"],"max_hp_gain":0,"max_hp_loss":0,"event_name":"FaceTrader","floor":13,"gold_loss":0},{"damage_healed":0,"gold_gain":0,"player_choice":"Paid Fearfully","damage_taken":0,"max_hp_gain":0,"max_hp_loss":0,"event_name":"Masked Bandits","floor":21,"gold_loss":179}],"is_beta":false,"boss_relics":[{"not_picked":["Honey Jar","ChewingGum"],"picked":"hubris:Backtick"}],"items_purged_floors":[],"is_endless":false,"potions_floor_spawned":[1,6,8,20],"killed_by":"Book of Stabbing","ascension_level":13}}