{"host":"a1eatafr7pisesky","time":1609048775,"event":{"mods":["BaseMod","Colored Map","DeckTracker","Highlight Path","Keyboard Shortcuts","Minty Spire (QoL Compilation)","Permanent Neow","Random Character Button","StSLib","SuperFastMode"],"gold_per_floor":[111,121,131,144,154,184,184,210,210,229,42,42,57,69,69,164,164,184,204,214,214,226,24,24,59,59,89,89,89,89],"floor_reached":29,"playtime":1536,"items_purged":["Strike_P","WaveOfTheHand"],"score":349,"play_id":"22738817-81db-45a4-86f2-1beec2675fe4","local_time":"20201227145935","is_ascension_mode":true,"campfire_choices":[{"floor":15.0,"key":"REST"},{"floor":24,"key":"REST"}],"circlet_count":0,"master_deck":["Eruption+1","Vigilance","Collect","BowlingBash+1","Scrawl+1","Protect+1","SashWhip","Pray+1","EmptyMind","Conclude","SashWhip","LessonLearned","ForeignInfluence","Perseverance","Halt","Wallop","SandsOfTime","CrushJoints+1","FollowUp+1","Vengeance","Swivel","Crescendo"],"relics":["PureWater","Pocketwatch","Centennial Puzzle","Membership Card","Pandora\u0027s Box","Blue Candle","TungstenRod","Dead Branch","StoneCalendar","Ginger"],"acts_visited":["Exordium","TheCity"],"potions_floor_usage":[25,27],"damage_taken":[{"damage":8.0,"enemies":"Jaw Worm","floor":1.0,"turns":5.0},{"damage":5.0,"enemies":"Cultist","floor":2.0,"turns":4.0},{"damage":0.0,"enemies":"2 Louse","floor":3.0,"turns":2.0},{"damage":6.0,"enemies":"2 Fungi Beasts","floor":4.0,"turns":5.0},{"damage":8.0,"enemies":"Blue Slaver","floor":5.0,"turns":5.0},{"damage":11.0,"enemies":"Gremlin Nob","floor":6.0,"turns":3.0},{"damage":15.0,"enemies":"3 Sentries","floor":8.0,"turns":8.0},{"damage":1.0,"enemies":"Looter","floor":10.0,"turns":3.0},{"damage":0.0,"enemies":"Large Slime","floor":13.0,"turns":4.0},{"damage":4.0,"enemies":"Blue Slaver","floor":14.0,"turns":4.0},{"damage":7.0,"enemies":"Slime Boss","floor":16.0,"turns":9.0},{"damage":6.0,"enemies":"Chosen","floor":18.0,"turns":6.0},{"damage":9.0,"enemies":"2 Thieves","floor":19.0,"turns":3.0},{"damage":39.0,"enemies":"3 Cultists","floor":20.0,"turns":5.0},{"damage":8,"enemies":"Centurion and Healer","floor":22,"turns":5},{"damage":5,"enemies":"Book of Stabbing","floor":25,"turns":2},{"damage":14,"enemies":"Gremlin Leader","floor":27,"turns":4},{"damage":0,"enemies":"Shelled Parasite and Fungi","floor":29,"turns":1}],"seed_played":"6061897120814075035","potions_obtained":[{"floor":2.0,"key":"DistilledChaos"},{"floor":3.0,"key":"EssenceOfSteel"},{"floor":10.0,"key":"DistilledChaos"},{"floor":14.0,"key":"SneckoOil"},{"floor":18.0,"key":"DistilledChaos"},{"floor":19.0,"key":"Fire Potion"},{"floor":22,"key":"Fire Potion"}],"is_trial":false,"path_per_floor":["M","M","M","M","M","E","?","E","T","M","$","?","M","M","R","B",null,"M","M","M","?","M","$","R","E","T","E","?","M"],"character_chosen":"WATCHER","items_purchased":["Membership Card","TungstenRod"],"campfire_rested":2,"item_purchase_floors":[11,23],"current_hp_per_floor":[64,59,59,53,45,34,39,24,24,23,23,23,23,19,42,35,67,61,52,13,13,5,5,28,23,23,9,9,9,9],"gold":89,"neow_bonus":"TRANSFORM_CARD","is_daily":false,"chose_seed":false,"campfire_upgraded":0,"win_rate":0.0,"timestamp":1609048775,"path_taken":["M","M","M","M","M","E","?","E","T","M","$","?","M","M","R","BOSS","M","M","M","?","M","$","R","E","T","E","?","?"],"items_purchased_type":["Relic","Relic"],"build_version":"2020-12-22","purchased_purges":2,"victory":false,"max_hp_per_floor":[72,72,72,72,72,72,77,77,77,77,77,77,77,77,77,77,77,77,77,77,77,77,77,77,77,77,77,77,77,77],"card_choices":[{"not_picked":["FlyingSleeves","PathToVictory"],"picked":"Collect","floor":1.0},{"not_picked":["DeceiveReality","JustLucky"],"picked":"BowlingBash","floor":2.0},{"not_picked":["Evaluate","BowlingBash","PathToVictory"],"picked":"SKIP","floor":3.0},{"not_picked":["Vengeance","Indignation"],"picked":"Scrawl","floor":4.0},{"not_picked":["PathToVictory","Worship"],"picked":"Protect","floor":5.0},{"not_picked":["ClearTheMind","PathToVictory"],"picked":"SashWhip","floor":6.0},{"not_picked":["FollowUp","Worship"],"picked":"Pray","floor":8.0},{"not_picked":["Prostrate","Evaluate"],"picked":"EmptyMind","floor":10.0},{"not_picked":["EmptyFist","ThirdEye"],"picked":"Conclude","floor":13.0},{"not_picked":["Devotion","Evaluate"],"picked":"SashWhip","floor":14.0},{"not_picked":["Devotion","Scrawl"],"picked":"LessonLearned","floor":16.0},{"not_picked":["SashWhip","EmptyFist"],"picked":"CrushJoints+1","floor":18.0},{"not_picked":["Wallop","EmptyMind+1"],"picked":"FollowUp+1","floor":19.0},{"not_picked":["WreathOfFlame+1","DeceiveReality+1","EmptyBody"],"picked":"SKIP","floor":20.0},{"not_picked":["Meditate","CrushJoints"],"picked":"Vengeance","floor":22},{"not_picked":["Adaptation","Establishment"],"picked":"Swivel","floor":25},{"not_picked":["Sanctity","EmptyFist"],"picked":"Crescendo","floor":27}],"player_experience":255306,"relics_obtained":[{"floor":6.0,"key":"Pocketwatch"},{"floor":8.0,"key":"Centennial Puzzle"},{"floor":25,"key":"Dead Branch"},{"floor":26,"key":"StoneCalendar"},{"floor":27,"key":"Ginger"}],"event_choices":[{"damage_healed":0.0,"max_hp_gain":5.0,"max_hp_loss":0.0,"gold_gain":0.0,"event_name":"Big Fish","player_choice":"Donut","floor":7.0,"gold_loss":0.0,"damage_taken":0.0},{"cards_removed":["Strike_P"],"damage_healed":0.0,"max_hp_gain":0.0,"max_hp_loss":0.0,"gold_gain":0.0,"event_name":"Purifier","player_choice":"Purged","floor":12.0,"gold_loss":0.0,"damage_taken":0.0},{"damage_healed":0.0,"max_hp_gain":0.0,"max_hp_loss":0.0,"gold_gain":0.0,"event_name":"The Mausoleum","player_choice":"Opened","floor":21.0,"gold_loss":0.0,"damage_taken":0.0,"relics_obtained":["Blue Candle"]},{"damage_healed":0,"gold_gain":0,"player_choice":"Upgraded","damage_taken":0,"max_hp_gain":0,"max_hp_loss":0,"event_name":"Upgrade Shrine","floor":28,"gold_loss":0,"cards_upgraded":["Scrawl"]}],"is_beta":false,"boss_relics":[{"not_picked":["Philosopher\u0027s Stone","Coffee Dripper"],"picked":"Pandora\u0027s Box"}],"items_purged_floors":[11,23],"is_endless":false,"potions_floor_spawned":[2,3,10,14,18,19,22],"killed_by":"Shelled Parasite and Fungi","ascension_level":5}}