{"host":"344lv32hnei0mdhu","time":1609108652,"event":{"mods":["Act Like it!","BaseMod","Better Match","Better Sensory Stone","Better Skull","Better Third Choice","Better Vampires","Colored Powertips","Highlight Path","Minty Spire (QoL Compilation)","Quick Restart","Random Character Button","Rare Cards Sparkle","StSLib"],"gold_per_floor":[114,131,146,146,112,138,138,138,138,138,167,232,247,30,30,130,130,140,206,206,223,238,238,238],"floor_reached":23,"playtime":912,"items_purged":[],"score":319,"play_id":"b2a8ff95-e4dc-4c07-a886-591e2c9f12ad","local_time":"20201227163732","is_ascension_mode":true,"campfire_choices":[{"data":"Uppercut","floor":7,"key":"SMITH"},{"data":"Flame Barrier","floor":10,"key":"SMITH"},{"floor":15,"key":"REST"}],"circlet_count":0,"master_deck":["Strike_R","Strike_R","Defend_R","Defend_R","Defend_R","Defend_R","Bash","Cleave","Uppercut+1","Thunderclap","Flame Barrier+1","Impervious","Juggernaut","Inflame","Demon Form","Havoc+1","Immolate+1","Dual Wield+1","Shrug It Off+1","Metallicize"],"relics":["Burning Blood","NeowsBlessing","White Beast Statue","SsserpentHead","Singing Bowl","Boot","Red Skull","Astrolabe"],"acts_visited":["Exordium","TheCity"],"potions_floor_usage":[13,13,16,19,19,21,23,23],"damage_taken":[{"damage":0,"enemies":"Cultist","floor":1,"turns":1},{"damage":0,"enemies":"Small Slimes","floor":2,"turns":1},{"damage":0,"enemies":"2 Louse","floor":3,"turns":1},{"damage":28,"enemies":"Gremlin Nob","floor":6,"turns":4},{"damage":36,"enemies":"Lagavulin","floor":11,"turns":8},{"damage":16,"enemies":"Large Slime","floor":12,"turns":5},{"damage":12,"enemies":"Gremlin Gang","floor":13,"turns":3},{"damage":21,"enemies":"Hexaghost","floor":16,"turns":13},{"damage":23,"enemies":"2 Thieves","floor":18,"turns":4},{"damage":0,"enemies":"3 Byrds","floor":19,"turns":2},{"damage":44,"enemies":"Snake Plant","floor":21,"turns":7},{"damage":25,"enemies":"Chosen and Byrds","floor":22,"turns":5},{"damage":35,"enemies":"Gremlin Leader","floor":23,"turns":8}],"seed_played":"6756987045905595610","potions_obtained":[{"floor":2,"key":"Weak Potion"},{"floor":3,"key":"GamblersBrew"},{"floor":6,"key":"SteroidPotion"},{"floor":11,"key":"PowerPotion"},{"floor":13,"key":"Ancient Potion"},{"floor":16,"key":"Energy Potion"},{"floor":18,"key":"Fruit Juice"},{"floor":19,"key":"Weak Potion"},{"floor":21,"key":"Dexterity Potion"},{"floor":22,"key":"BloodPotion"}],"is_trial":false,"path_per_floor":["M","M","M","?","$","E","R","?","T","R","E","M","M","$","R","B",null,"M","M","$","M","M","E"],"character_chosen":"IRONCLAD","items_purchased":["Flame Barrier","Inflame","Red Skull"],"campfire_rested":1,"item_purchase_floors":[5,14,14],"current_hp_per_floor":[78,80,80,85,85,63,63,63,63,63,35,27,21,21,47,32,75,58,71,71,33,16,0,0],"gold":238,"neow_bonus":"THREE_ENEMY_KILL","is_daily":false,"chose_seed":false,"campfire_upgraded":2,"win_rate":0.0,"timestamp":1609108652,"path_taken":["M","M","M","?","$","E","R","?","T","R","E","?","M","$","R","BOSS","M","?","$","M","M","E"],"items_purchased_type":["Card","Card","Relic"],"build_version":"2020-12-22","purchased_purges":0,"victory":false,"max_hp_per_floor":[80,80,80,85,85,85,85,85,85,85,87,89,89,89,89,89,89,89,96,96,96,98,98,98],"card_choices":[{"not_picked":["Iron Wave","Clothesline"],"picked":"Cleave","floor":1},{"not_picked":["True Grit","Heavy Blade"],"picked":"Uppercut","floor":2},{"not_picked":["Body Slam","Armaments"],"picked":"Thunderclap","floor":3},{"not_picked":["Feel No Pain","Ghostly Armor"],"picked":"Impervious","floor":6},{"not_picked":["Heavy Blade","Warcry","Intimidate"],"picked":"Singing Bowl","floor":11},{"not_picked":["Seeing Red","Wild Strike","Combust"],"picked":"Singing Bowl","floor":12},{"not_picked":["Anger","Combust"],"picked":"Juggernaut","floor":13},{"not_picked":["Brutality","Immolate"],"picked":"Demon Form","floor":16},{"not_picked":["Armaments","Dropkick"],"picked":"Shrug It Off+1","floor":18},{"not_picked":["Warcry+1","Burning Pact","Armaments"],"picked":"Singing Bowl","floor":19},{"not_picked":["Clash","Searing Blow"],"picked":"Metallicize","floor":21},{"not_picked":["Perfected Strike","Reckless Charge","Fire Breathing"],"picked":"Singing Bowl","floor":22}],"player_experience":283912,"relics_obtained":[{"floor":6,"key":"White Beast Statue"},{"floor":9,"key":"Singing Bowl"},{"floor":11,"key":"Boot"}],"event_choices":[{"damage_healed":0,"gold_gain":0,"player_choice":"Donut","damage_taken":0,"max_hp_gain":5,"max_hp_loss":0,"event_name":"Big Fish","floor":4,"gold_loss":0},{"damage_healed":0,"gold_gain":0,"player_choice":"Trade","damage_taken":0,"relics_obtained":["SsserpentHead"],"max_hp_gain":0,"max_hp_loss":0,"event_name":"FaceTrader","floor":8,"gold_loss":0}],"is_beta":false,"boss_relics":[{"not_picked":["Velvet Choker","Empty Cage"],"picked":"Astrolabe"}],"items_purged_floors":[],"is_endless":false,"potions_floor_spawned":[2,3,6,11,12,13,16,18,19,21,22],"killed_by":"Gremlin Leader","ascension_level":9}}