{"host":"3jjxuhjpio8e4zkv","time":1609110090,"event":{"mods":["BaseMod","Colored Map","Highlight Path","Minty Spire (QoL Compilation)","Permanent Neow","Relic Stats","StSLib"],"gold_per_floor":[11,21,33,48,48,48,81,81,81,81,94,109,130,154,154,250,250,263,188,188,238,256,256,295,295,295,330,355,71,71,196,196,196,196],"floor_reached":33,"playtime":1386,"items_purged":[],"score":674,"play_id":"83f6767c-6753-4140-ab32-26c9a4e0fa7b","local_time":"20201227180130","is_ascension_mode":true,"campfire_choices":[{"data":"BowlingBash","floor":6.0,"key":"SMITH"},{"data":"MasterReality","floor":8.0,"key":"SMITH"},{"data":"Conclude","floor":10.0,"key":"SMITH"},{"floor":15.0,"key":"REST"},{"floor":23.0,"key":"REST"},{"floor":25,"key":"REST"},{"data":"TalkToTheHand","floor":32,"key":"SMITH"}],"circlet_count":0,"master_deck":["AscendersBane","Strike_P+1","Strike_P+1","Strike_P+1","Defend_P+1","Defend_P+1","Defend_P+1","Defend_P+1","Eruption","Vigilance","BowlingBash+1","Conclude+1","FlyingSleeves","MasterReality+1","WaveOfTheHand","WreathOfFlame","BattleHymn","Scrawl","TalkToTheHand","TalkToTheHand+1","Ragnarok","FollowUp+1","FollowUp","CrushJoints+1","Collect+1","FollowUp+1","Scrawl","Protect+1","Wireheading+1"],"relics":["PureWater","Pocketwatch","Golden Idol","Dead Branch","Prayer Wheel","Black Star","Thread and Needle","Centennial Puzzle","Frozen Egg 2","Bottled Tornado","Boot","Meat on the Bone","CloakClasp","Singing Bowl"],"acts_visited":["Exordium","TheCity"],"potions_floor_usage":[24,33,33],"damage_taken":[{"damage":1.0,"enemies":"2 Louse","floor":1.0,"turns":2.0},{"damage":2.0,"enemies":"Jaw Worm","floor":2.0,"turns":3.0},{"damage":8.0,"enemies":"Small Slimes","floor":3.0,"turns":4.0},{"damage":0.0,"enemies":"3 Louse","floor":4.0,"turns":2.0},{"damage":0.0,"enemies":"3 Sentries","floor":7.0,"turns":2.0},{"damage":4.0,"enemies":"Large Slime","floor":11.0,"turns":3.0},{"damage":6.0,"enemies":"Looter","floor":12.0,"turns":4.0},{"damage":2.0,"enemies":"Blue Slaver","floor":13.0,"turns":4.0},{"damage":6.0,"enemies":"3 Louse","floor":14.0,"turns":2.0},{"damage":26.0,"enemies":"The Guardian","floor":16.0,"turns":8.0},{"damage":15.0,"enemies":"2 Thieves","floor":18.0,"turns":3.0},{"damage":17.0,"enemies":"Spheric Guardian","floor":22.0,"turns":5.0},{"damage":31,"enemies":"Slavers","floor":24,"turns":6},{"damage":0,"enemies":"Book of Stabbing","floor":27,"turns":5},{"damage":4,"enemies":"3 Cultists","floor":28,"turns":4},{"damage":15,"enemies":"Colosseum Slavers","floor":31,"turns":2},{"damage":0,"enemies":"Colosseum Nobs","floor":31,"turns":4},{"damage":35,"enemies":"Automaton","floor":33,"turns":6}],"seed_played":"2717627454332373852","potions_obtained":[{"floor":1.0,"key":"Regen Potion"},{"floor":4.0,"key":"ColorlessPotion"},{"floor":12.0,"key":"GamblersBrew"},{"floor":14.0,"key":"Ancient Potion"},{"floor":16.0,"key":"GamblersBrew"},{"floor":27,"key":"Swift Potion"},{"floor":28,"key":"FearPotion"},{"floor":31,"key":"Fire Potion"}],"is_trial":false,"path_per_floor":["M","M","M","M","?","R","E","R","T","R","M","M","M","M","R","B",null,"M","?","?","?","M","R","E","R","T","E","M","$","?","?","R","B"],"character_chosen":"WATCHER","items_purchased":["Meat on the Bone"],"campfire_rested":3,"item_purchase_floors":[29],"current_hp_per_floor":[60,58,50,50,27,27,27,27,27,27,23,17,15,9,29,18,56,41,41,41,35,18,38,7,27,27,27,23,23,23,32,32,0,0],"gold":196,"neow_bonus":"ONE_RARE_RELIC","is_daily":false,"chose_seed":false,"campfire_upgraded":4,"win_rate":0.0,"timestamp":1609110090,"path_taken":["M","M","M","M","?","R","E","R","T","R","M","M","M","M","R","BOSS","M","?","?","?","M","R","E","R","T","E","?","$","?","?","R","BOSS"],"items_purchased_type":["Relic"],"build_version":"2020-12-22","purchased_purges":0,"victory":false,"max_hp_per_floor":[68,68,68,68,68,68,68,68,68,68,68,68,68,68,68,68,68,68,68,68,68,68,68,68,68,68,68,68,68,68,68,68,68,68],"relic_stats":{"Centennial Puzzle":[9],"Singing Bowl":0,"counters":[18,69],"Golden Idol":93,"Dead Branch":[80],"Prayer Wheel":7,"Black Star":2,"CloakClasp":[41],"Boot":[2],"obtain_stats":[{"Singing Bowl":31,"Golden Idol":5,"Dead Branch":7,"Thread and Needle":24,"CloakClasp":31,"Frozen Egg 2":26,"Bottled Tornado":27,"Boot":27,"Centennial Puzzle":24,"Prayer Wheel":9,"Black Star":17,"PureWater":0,"Pocketwatch":0,"Meat on the Bone":29},{"Singing Bowl":17,"Golden Idol":4,"Dead Branch":5,"Thread and Needle":13,"CloakClasp":17,"Frozen Egg 2":13,"Bottled Tornado":14,"Boot":14,"Centennial Puzzle":13,"Prayer Wheel":5,"Black Star":10,"PureWater":0,"Pocketwatch":0,"Meat on the Bone":15},{"Singing Bowl":63,"Golden Idol":11,"Dead Branch":13,"Thread and Needle":48,"CloakClasp":63,"Frozen Egg 2":48,"Bottled Tornado":53,"Boot":53,"Centennial Puzzle":48,"Prayer Wheel":13,"Black Star":34,"PureWater":0,"Pocketwatch":0,"Meat on the Bone":57}],"Pocketwatch":[40],"Meat on the Bone":24},"card_choices":[{"not_picked":["Perseverance","JustLucky"],"picked":"BowlingBash","floor":1.0},{"not_picked":["Evaluate","Crescendo","JustLucky"],"picked":"SKIP","floor":2.0},{"not_picked":["CarveReality","Nirvana"],"picked":"Conclude","floor":3.0},{"not_picked":["Collect","ClearTheMind"],"picked":"FlyingSleeves","floor":4.0},{"not_picked":["JustLucky","Weave"],"picked":"MasterReality","floor":7.0},{"not_picked":["LikeWater","PathToVictory"],"picked":"WaveOfTheHand","floor":11.0},{"not_picked":["Crescendo","CrushJoints"],"picked":"WreathOfFlame","floor":11.0},{"not_picked":["ClearTheMind","Protect"],"picked":"BattleHymn","floor":12.0},{"not_picked":["Weave","Meditate"],"picked":"Scrawl","floor":12.0},{"not_picked":["Fasting2","Perseverance"],"picked":"TalkToTheHand","floor":13.0},{"not_picked":["ForeignInfluence","Evaluate","FlyingSleeves"],"picked":"SKIP","floor":13.0},{"not_picked":["Vengeance","Halt"],"picked":"TalkToTheHand","floor":14.0},{"not_picked":["WreathOfFlame","SandsOfTime","BattleHymn"],"picked":"SKIP","floor":14.0},{"not_picked":["SpiritShield","MasterReality"],"picked":"Ragnarok","floor":16.0},{"not_picked":["Crescendo","Wireheading"],"picked":"FollowUp+1","floor":18.0},{"not_picked":["FlurryOfBlows","PathToVictory"],"picked":"FollowUp","floor":18.0},{"not_picked":["Evaluate","FollowUp"],"picked":"CrushJoints+1","floor":22.0},{"not_picked":["Study","WaveOfTheHand"],"picked":"Collect+1","floor":22.0},{"not_picked":["Halt","Perseverance+1"],"picked":"FollowUp+1","floor":24},{"not_picked":["FlurryOfBlows","CutThroughFate"],"picked":"Scrawl","floor":27},{"not_picked":["ThirdEye","InnerPeace"],"picked":"Protect+1","floor":28},{"not_picked":["Halt","CutThroughFate","FlyingSleeves"],"picked":"SKIP","floor":28},{"not_picked":["Prostrate","CutThroughFate"],"picked":"Wireheading+1","floor":31}],"player_experience":1123493,"relics_obtained":[{"floor":7.0,"key":"Dead Branch"},{"floor":9.0,"key":"Prayer Wheel"},{"floor":24,"key":"Thread and Needle"},{"floor":24,"key":"Centennial Puzzle"},{"floor":26,"key":"Frozen Egg 2"},{"floor":27,"key":"Bottled Tornado"},{"floor":27,"key":"Boot"},{"floor":31,"key":"CloakClasp"},{"floor":31,"key":"Singing Bowl"}],"event_choices":[{"damage_healed":0.0,"max_hp_gain":0.0,"max_hp_loss":0.0,"gold_gain":0.0,"event_name":"Golden Idol","player_choice":"Take Damage","floor":5.0,"gold_loss":0.0,"damage_taken":23.0,"relics_obtained":["Golden Idol"]},{"cards_removed":["Strike_P"],"damage_healed":0.0,"max_hp_gain":0.0,"max_hp_loss":0.0,"gold_gain":0.0,"event_name":"Beggar","player_choice":"Gave Gold","floor":19.0,"gold_loss":75.0,"damage_taken":0.0},{"damage_healed":0.0,"max_hp_gain":0.0,"max_hp_loss":0.0,"gold_gain":0.0,"event_name":"Back to Basics","player_choice":"Simplicity","floor":20.0,"gold_loss":0.0,"damage_taken":0.0,"cards_upgraded":["Strike_P","Strike_P","Strike_P","Defend_P","Defend_P","Defend_P","Defend_P"]},{"damage_healed":0.0,"max_hp_gain":0.0,"max_hp_loss":0.0,"gold_gain":50.0,"event_name":"FaceTrader","player_choice":"Touch","floor":21.0,"gold_loss":0.0,"damage_taken":6.0},{"damage_healed":0,"gold_gain":0,"player_choice":"Fight","damage_taken":0,"max_hp_gain":0,"max_hp_loss":0,"event_name":"Colosseum","floor":31,"gold_loss":0},{"damage_healed":0,"gold_gain":0,"player_choice":"Fought Nobs","damage_taken":0,"max_hp_gain":0,"max_hp_loss":0,"event_name":"Colosseum","floor":31,"gold_loss":0}],"is_beta":false,"boss_relics":[{"not_picked":["SacredBark","Empty Cage"],"picked":"Black Star"}],"items_purged_floors":[],"is_endless":false,"potions_floor_spawned":[1,4,12,14,16,27,28,31,31],"killed_by":"Automaton","ascension_level":20}}