{"host":"6cq08l203i8iyh3k","time":1609035458,"event":{"mods":["BaseMod","Better Note","Better Silent Start","BetterRewards","Colored Map","Colored Powertips","Minty Spire (QoL Compilation)","Quick Restart","Spicy Shops","StSLib","vexMod"],"gold_per_floor":[116,116,129,139,155,184,184,184,184,184,82,96,111,131,131,226,226,241,211,211,211,55,55,67,87,113,131,131,163,178,178,178,276,326,338,58,77,77,77,77,102,102,126,139,173,173,77,88,88,88],"floor_reached":51,"playtime":4758,"items_purged":[],"score":676,"play_id":"21f4fea0-ecba-42ab-b0db-534f92bd580c","local_time":"20201226201738","is_ascension_mode":false,"campfire_choices":[{"floor":7,"key":"REST"},{"floor":10,"key":"REST"},{"data":"Dagger Spray","floor":15,"key":"SMITH"},{"data":"Infinite Blades","floor":23,"key":"SMITH"},{"data":"Dodge and Roll","floor":28,"key":"SMITH"},{"floor":32,"key":"REST"},{"data":"Accuracy","floor":40,"key":"SMITH"},{"floor":42,"key":"REST"},{"floor":49,"key":"REST"}],"circlet_count":0,"master_deck":["Strike_G","Strike_G","Strike_G","Strike_G","Defend_G+1","Defend_G","Defend_G","Defend_G","Survivor","Neutralize","Trip","Dodge and Roll+1","Dagger Spray+1","Infinite Blades+1","Blade Dance+1","Dagger Spray+1","Burst+1","Dodge and Roll+1","Dodge and Roll+1","Infinite Blades","Accuracy+1","Dagger Spray+1","Adrenaline","Decay","Footwork"],"relics":["Ring of the Snake","Strawberry","Mercury Hourglass","WristBlade","War Paint","Nunchaku","Pocketwatch","Tiny House","Shuriken","TungstenRod","Anchor","Tough Bandages","Spirit Poop","Membership Card"],"acts_visited":["Exordium","TheCity","TheBeyond"],"potions_floor_usage":[6,16,24,33,33,37,50],"damage_taken":[{"damage":0,"enemies":"Small Slimes","floor":1,"turns":4},{"damage":0,"enemies":"Jaw Worm","floor":3,"turns":4},{"damage":0,"enemies":"2 Louse","floor":4,"turns":3},{"damage":2,"enemies":"Exordium Thugs","floor":5,"turns":7},{"damage":54,"enemies":"Gremlin Nob","floor":6,"turns":7},{"damage":2,"enemies":"2 Fungi Beasts","floor":12,"turns":3},{"damage":0,"enemies":"3 Louse","floor":13,"turns":2},{"damage":0,"enemies":"Red Slaver","floor":14,"turns":3},{"damage":15,"enemies":"Slime Boss","floor":16,"turns":8},{"damage":0,"enemies":"Chosen","floor":18,"turns":3},{"damage":0,"enemies":"Shell Parasite","floor":24,"turns":4},{"damage":6,"enemies":"Snake Plant","floor":25,"turns":3},{"damage":3,"enemies":"Centurion and Healer","floor":27,"turns":3},{"damage":32,"enemies":"Slavers","floor":29,"turns":4},{"damage":11,"enemies":"Shelled Parasite and Fungi","floor":30,"turns":3},{"damage":43,"enemies":"Automaton","floor":33,"turns":11},{"damage":3,"enemies":"Orb Walker","floor":35,"turns":4},{"damage":16,"enemies":"3 Darklings","floor":37,"turns":5},{"damage":18,"enemies":"Giant Head","floor":41,"turns":7},{"damage":0,"enemies":"4 Shapes","floor":44,"turns":3},{"damage":22,"enemies":"Reptomancer","floor":45,"turns":4},{"damage":2,"enemies":"Spire Growth","floor":48,"turns":4},{"damage":66,"enemies":"Time Eater","floor":50,"turns":10}],"seed_played":"-5215989250621191691","potions_obtained":[{"floor":4,"key":"SpeedPotion"},{"floor":12,"key":"SmokeBomb"},{"floor":14,"key":"PowerPotion"},{"floor":19,"key":"EssenceOfSteel"},{"floor":19,"key":"Poison Potion"},{"floor":24,"key":"GamblersBrew"},{"floor":33,"key":"Poison Potion"},{"floor":34,"key":"SmokeBomb"},{"floor":37,"key":"Explosive Potion"}],"is_trial":false,"path_per_floor":["M","?","M","M","M","E","R","?","T","R","$","M","M","M","R","B",null,"M","?","?","?","$","R","M","M","T","M","R","E","M","?","R","B",null,"M","$","M","?","?","R","E","R","T","M","E","?","$","M","R","B",null],"character_chosen":"THE_SILENT","items_purchased":["Infinite Blades","War Paint","Accuracy","Shuriken","Membership Card","Footwork"],"campfire_rested":5,"item_purchase_floors":[11,22,36,36,47,47],"current_hp_per_floor":[70,70,70,70,68,21,44,44,44,67,67,65,65,65,65,50,77,77,77,77,77,77,77,77,71,71,68,68,36,25,25,48,5,82,79,79,63,63,71,71,53,77,77,77,55,55,55,53,77,11],"gold":88,"neow_bonus":"RANDOM_COLORLESS","is_daily":false,"chose_seed":false,"campfire_upgraded":4,"win_rate":0.0,"timestamp":1609035458,"path_taken":["M","?","M","M","M","E","R","?","T","R","?","M","M","M","R","BOSS","M","?","?","?","$","R","M","M","T","M","R","E","M","?","R","BOSS","M","$","M","?","?","R","E","R","T","M","E","?","$","M","R","BOSS"],"items_purchased_type":["Card","Relic","Card","Relic","Relic","Card"],"build_version":"2020-12-22","purchased_purges":0,"victory":true,"max_hp_per_floor":[70,70,70,70,70,77,77,77,77,77,77,77,77,77,77,77,77,77,77,77,77,77,77,77,77,77,77,77,77,77,77,77,77,82,82,82,82,82,82,82,82,82,82,82,82,82,82,82,82,82],"card_choices":[{"not_picked":["vexMod:EmailVexCard","Bandage Up"],"picked":"Trip","floor":0},{"not_picked":["Flechettes","Eviscerate","Outmaneuver"],"picked":"SKIP","floor":1},{"not_picked":["Dodge and Roll","PiercingWail","Flying Knee"],"picked":"SKIP","floor":3},{"not_picked":["PiercingWail","Flying Knee"],"picked":"Dodge and Roll","floor":3},{"not_picked":["Flying Knee","Flechettes","PiercingWail"],"picked":"SKIP","floor":4},{"not_picked":["Poisoned Stab","Sucker Punch"],"picked":"Dagger Spray","floor":5},{"not_picked":["Eviscerate","Acrobatics","Catalyst"],"picked":"SKIP","floor":6},{"not_picked":["A Thousand Cuts","Deadly Poison"],"picked":"Blade Dance","floor":12},{"not_picked":["Slice","Crippling Poison","Flying Knee"],"picked":"SKIP","floor":13},{"not_picked":["Cloak And Dagger","Blade Dance"],"picked":"Dagger Spray","floor":14},{"not_picked":["Malaise","Doppelganger"],"picked":"Burst","floor":16},{"not_picked":["Flying Knee","Tactician","Calculated Gamble"],"picked":"SKIP","floor":18},{"not_picked":["Acrobatics","Eviscerate"],"picked":"Dodge and Roll","floor":24},{"not_picked":["Outmaneuver+1","Well Laid Plans","Quick Slash"],"picked":"SKIP","floor":25},{"not_picked":["Caltrops","Quick Slash","Well Laid Plans"],"picked":"SKIP","floor":27},{"not_picked":["Sucker Punch","Prepared","Grand Finale"],"picked":"SKIP","floor":29},{"not_picked":["Expertise","Slice+1","Reflex+1"],"picked":"SKIP","floor":30},{"not_picked":["Poisoned Stab","Bane+1"],"picked":"Dodge and Roll+1","floor":34},{"not_picked":["Noxious Fumes+1","Backstab+1"],"picked":"Infinite Blades","floor":35},{"not_picked":["PiercingWail","Bane+1","Expertise+1"],"picked":"SKIP","floor":37},{"not_picked":["Flechettes","Well Laid Plans+1"],"picked":"Dagger Spray+1","floor":41},{"not_picked":["Poisoned Stab+1","Bane+1","Slice"],"picked":"SKIP","floor":44},{"not_picked":["Concentrate","Predator+1"],"picked":"Adrenaline","floor":45},{"not_picked":["Riddle With Holes+1","Backstab","Deflect"],"picked":"SKIP","floor":48}],"player_experience":299217,"relics_obtained":[{"floor":6,"key":"Strawberry"},{"floor":9,"key":"Mercury Hourglass"},{"floor":26,"key":"Nunchaku"},{"floor":29,"key":"Pocketwatch"},{"floor":41,"key":"TungstenRod"},{"floor":43,"key":"Anchor"},{"floor":45,"key":"Tough Bandages"}],"event_choices":[{"damage_healed":0,"gold_gain":0,"player_choice":"Ignored","damage_taken":0,"max_hp_gain":0,"max_hp_loss":0,"event_name":"Liars Game","floor":2,"gold_loss":0},{"damage_healed":0,"gold_gain":0,"player_choice":"Grow","damage_taken":0,"max_hp_gain":0,"max_hp_loss":0,"event_name":"Living Wall","floor":8,"gold_loss":0,"cards_upgraded":["Dagger Spray"]},{"damage_healed":0,"gold_gain":0,"player_choice":"Bought 2 Potions","damage_taken":0,"max_hp_gain":0,"max_hp_loss":0,"event_name":"The Woman in Blue","floor":19,"gold_loss":0},{"damage_healed":0,"gold_gain":0,"player_choice":"Forge","damage_taken":0,"max_hp_gain":0,"max_hp_loss":0,"event_name":"Accursed Blacksmith","floor":20,"gold_loss":0,"cards_upgraded":["Burst"]},{"damage_healed":0,"gold_gain":0,"player_choice":"Ignored","damage_taken":0,"max_hp_gain":0,"max_hp_loss":0,"event_name":"N\u0027loth","floor":21,"gold_loss":0},{"damage_healed":0,"gold_gain":0,"player_choice":"Smashed Altar","damage_taken":0,"max_hp_gain":0,"max_hp_loss":0,"event_name":"Forgotten Altar","floor":31,"gold_loss":0,"cards_obtained":["Decay"]},{"damage_healed":0,"gold_gain":0,"player_choice":"Memory 1","damage_taken":0,"max_hp_gain":0,"max_hp_loss":0,"event_name":"SensoryStone","floor":38,"gold_loss":0},{"cards_removed":["Decay"],"damage_healed":0,"gold_gain":0,"player_choice":"Offered Curse","damage_taken":0,"relics_obtained":["Spirit Poop"],"max_hp_gain":0,"max_hp_loss":0,"event_name":"Bonfire Elementals","floor":46,"gold_loss":0}],"is_beta":false,"boss_relics":[{"not_picked":["Cursed Key","vexMod:CursedCompass"],"picked":"WristBlade"},{"not_picked":["vexMod:ImprovementManual","SlaversCollar"],"picked":"Tiny House"}],"items_purged_floors":[],"is_endless":false,"potions_floor_spawned":[4,12,14,24,25,29,33,37,44,48],"ascension_level":0}}