{"host":"s0ikvqhe10eopvjn","time":1609107134,"event":{"mods":["Act Like it!","Bard","BaseMod","Block Reminder","Colored Map","Colored Powertips","DeckTracker","Downfall","Hallownest","Hermit","Highlight Path","Hubris","Infinite Spire","Minty Spire (QoL Compilation)","Permanent Neow","StSLib","The Blue Laboratory","The Bug Knight","The Cursed","The Necromancer"],"gold_per_floor":[99,99,99,99,99,126,150,191,206,223,223,247,76,111,137,159,159,159],"floor_reached":16,"playtime":1218,"items_purged":["Slimebound:Defend_Slimebound"],"score":143,"play_id":"dd895516-76ee-44ba-8d27-be3ec79da125","local_time":"20201227221214","is_ascension_mode":false,"campfire_choices":[{"data":"Slimebound:Split","floor":1,"key":"SMITH"},{"floor":11,"key":"REST"}],"circlet_count":0,"master_deck":["Slimebound:Strike_Slimebound","Slimebound:Strike_Slimebound","Slimebound:Strike_Slimebound","Slimebound:Defend_Slimebound","Slimebound:Defend_Slimebound","Slimebound:Defend_Slimebound","Slimebound:CorrosiveSpit","Slimebound:Nibble","Slimebound:GoopSpray","Slimebound:ItLooksTasty","Slimebound:DisruptingSlam","Slimebound:LivingWall","Slimebound:Gluttony","Slimebound:RejuvenatingLick","Slimebound:ItLooksTasty","Slimebound:Schlurp","hubris:DuctTapeCard","Slimebound:PressTheAttack","Slimebound:SplitAcid"],"relics":["Slimebound:AbsorbEndCombat","downfall:HeartsMalice","hubris:Icosahedron","infinitespire:Midas Blood","Regal Pillow","hubris:SlimyHat","hubris:DuctTape"],"acts_visited":["Exordium"],"potions_floor_usage":[14,16],"damage_taken":[{"damage":0,"enemies":"2 Louse","floor":2,"turns":1},{"damage":0,"enemies":"Jaw Worm","floor":4,"turns":1},{"damage":0,"enemies":"Lagavulin","floor":6,"turns":1},{"damage":52,"enemies":"Gremlin Nob","floor":8,"turns":5},{"damage":4,"enemies":"Cultist","floor":9,"turns":3},{"damage":13,"enemies":"Blue Slaver","floor":10,"turns":3},{"damage":42,"enemies":"Gremlin Gang","floor":12,"turns":4},{"damage":8,"enemies":"downfall:FleeingMerchant","floor":13,"turns":4},{"damage":21,"enemies":"3 Sentries","floor":14,"turns":4},{"damage":18,"enemies":"Exordium Thugs","floor":15,"turns":3},{"damage":60,"enemies":"downfall:Silent","floor":16,"turns":4}],"seed_played":"2406302935186697574","potions_obtained":[{"floor":6,"key":"blueLaboratory:BottledHope"},{"floor":9,"key":"ColorlessPotion"},{"floor":14,"key":"blueLaboratory:FruitPreserves"},{"floor":15,"key":"blueLaboratory:ForbiddenFruitJuice"}],"is_trial":false,"path_per_floor":["R","M","?","M","?","E","T","E","M","M","R","M","$","E","M","B"],"character_chosen":"SLIMEBOUND","items_purchased":["Slimebound:ItLooksTasty","Slimebound:Schlurp"],"campfire_rested":1,"item_purchase_floors":[13,13],"current_hp_per_floor":[60,60,60,60,60,60,60,20,18,17,50,20,34,33,31,0,0,0],"gold":159,"neow_bonus":"THREE_ENEMY_KILL","is_daily":false,"chose_seed":false,"campfire_upgraded":1,"win_rate":0.0,"timestamp":1609107134,"path_taken":["R","M","?","M","?","E","T","E","M","?","R","M","$","E","M","BOSS"],"items_purchased_type":["Card","Card"],"build_version":"2020-12-22","purchased_purges":1,"victory":false,"max_hp_per_floor":[60,60,60,60,60,60,60,60,60,60,60,60,60,60,60,60,60,60],"card_choices":[{"not_picked":["Slimebound:Chomp","Slimebound:SplitLeeching"],"picked":"Slimebound:Nibble","floor":2},{"not_picked":["Slimebound:LeadByExample","Slimebound:Chomp"],"picked":"Slimebound:GoopSpray","floor":4},{"not_picked":["Slimebound:SlimeSpikes","Slimebound:ComboTackle"],"picked":"Slimebound:ItLooksTasty","floor":6},{"not_picked":["Slimebound:SplitBruiser","Slimebound:Chomp"],"picked":"Slimebound:DisruptingSlam","floor":8},{"not_picked":["Slimebound:SplitBruiser","Slimebound:FinishingTackle"],"picked":"Slimebound:LivingWall","floor":9},{"not_picked":["Slimebound:SamplingLick","Slimebound:LeechingTouch"],"picked":"Slimebound:Gluttony","floor":10},{"not_picked":["Slimebound:MassRepurpose","Slimebound:ComboTackle"],"picked":"Slimebound:RejuvenatingLick","floor":12},{"not_picked":["Slimebound:Nibble","Slimebound:ItLooksTasty"],"picked":"Slimebound:LevelUp","floor":13},{"not_picked":["Slimebound:Prepare","Slimebound:GoopTackle"],"picked":"Slimebound:PressTheAttack","floor":14},{"not_picked":["Slimebound:ViciousTackle","Slimebound:SplitMire"],"picked":"Slimebound:SplitAcid","floor":15}],"player_experience":53663,"relics_obtained":[{"floor":6,"key":"infinitespire:Midas Blood"},{"floor":7,"key":"Regal Pillow"},{"floor":8,"key":"hubris:SlimyHat"},{"floor":14,"key":"hubris:DuctTape"}],"event_choices":[{"cards_removed":["Slimebound:Tackle"],"damage_healed":0,"gold_gain":0,"player_choice":"Offered Basic","damage_taken":0,"max_hp_gain":0,"max_hp_loss":0,"event_name":"Bonfire Elementals","floor":5,"gold_loss":0}],"is_beta":false,"boss_relics":[],"items_purged_floors":[13],"is_endless":false,"potions_floor_spawned":[6,9,14,15],"killed_by":"downfall:Silent","ascension_level":0}}