{"host":"qj91dvco5uhu9oti","time":1609102956,"event":{"mods":["BaseMod","Colored Map","Keyboard Shortcuts","Minty Spire (QoL Compilation)","Permanent Neow","Relic Stats","StSLib","SuperFastMode","everything is the same but u backflip on backflip"],"gold_per_floor":[113,113,113,129,142,142,156,73,73,148,167,186,186,219,219,219,219],"floor_reached":16,"playtime":361,"items_purged":[],"score":184,"play_id":"890df906-e63f-4232-b7ca-6ff6f7521bd3","local_time":"20201228060236","is_ascension_mode":true,"campfire_choices":[{"data":"Cloak And Dagger","floor":6,"key":"SMITH"},{"data":"Phantasmal Killer","floor":15,"key":"SMITH"}],"circlet_count":0,"master_deck":["AscendersBane","Strike_G","Strike_G","Strike_G","Strike_G","Defend_G","Defend_G","Defend_G","Defend_G","Survivor","Neutralize","Sucker Punch","Accuracy","Cloak And Dagger+1","Decay","Reflex","Infinite Blades","Acrobatics","Phantasmal Killer+1"],"relics":["Ring of the Snake","Mercury Hourglass","Eternal Feather"],"acts_visited":["Exordium"],"potions_floor_usage":[14],"damage_taken":[{"damage":0,"enemies":"Small Slimes","floor":1,"turns":5},{"damage":9,"enemies":"2 Louse","floor":4,"turns":3},{"damage":0,"enemies":"Cultist","floor":5,"turns":4},{"damage":7,"enemies":"2 Fungi Beasts","floor":7,"turns":4},{"damage":12,"enemies":"Looter","floor":11,"turns":3},{"damage":7,"enemies":"Lots of Slimes","floor":12,"turns":4},{"damage":15,"enemies":"Gremlin Nob","floor":14,"turns":4},{"damage":11,"enemies":"Hexaghost","floor":16,"turns":9}],"seed_played":"1598586258027107553","potions_obtained":[{"floor":4,"key":"Strength Potion"},{"floor":7,"key":"Regen Potion"}],"is_trial":false,"path_per_floor":["M","?","?","M","M","R","M","$","T","?","M","M","?","E","R","B"],"character_chosen":"THE_SILENT","items_purchased":["Infinite Blades"],"campfire_rested":0,"item_purchase_floors":[8],"current_hp_per_floor":[59,64,64,55,55,55,48,48,48,37,25,18,18,15,24,13,13],"gold":219,"neow_bonus":"TRANSFORM_TWO_CARDS","is_daily":false,"chose_seed":false,"campfire_upgraded":2,"win_rate":0.0,"timestamp":1609102956,"path_taken":["M","?","?","M","M","R","?","$","T","?","M","M","?","E","R","BOSS"],"items_purchased_type":["Card"],"build_version":"2020-12-22","purchased_purges":0,"victory":false,"max_hp_per_floor":[60,65,65,65,65,65,65,65,65,65,65,65,65,65,65,65,65],"relic_stats":{"counters":[8,35],"Eternal Feather":9,"obtain_stats":[{"Eternal Feather":14,"Ring of the Snake":0,"Mercury Hourglass":9},{"Eternal Feather":7,"Ring of the Snake":0,"Mercury Hourglass":4},{"Eternal Feather":26,"Ring of the Snake":0,"Mercury Hourglass":16}],"Ring of the Snake":[16],"Mercury Hourglass":[77]},"card_choices":[{"not_picked":["Dagger Spray","Poisoned Stab"],"picked":"Cloak And Dagger","floor":1},{"not_picked":["Sucker Punch","Poisoned Stab","Finisher"],"picked":"SKIP","floor":4},{"not_picked":["Bane","Quick Slash"],"picked":"Reflex","floor":5},{"not_picked":["Sucker Punch","Flying Knee","Choke"],"picked":"SKIP","floor":7},{"not_picked":["Catalyst","Endless Agony"],"picked":"Acrobatics","floor":11},{"not_picked":["Quick Slash","Sucker Punch","Grand Finale"],"picked":"SKIP","floor":12},{"not_picked":["Backstab","Heel Hook"],"picked":"Phantasmal Killer","floor":14}],"player_experience":313224,"relics_obtained":[{"floor":9,"key":"Mercury Hourglass"},{"floor":14,"key":"Eternal Feather"}],"event_choices":[{"damage_healed":0,"gold_gain":0,"player_choice":"Donut","damage_taken":0,"max_hp_gain":5,"max_hp_loss":0,"event_name":"Big Fish","floor":2,"gold_loss":0},{"damage_healed":0,"gold_gain":0,"player_choice":"Cursed","damage_taken":0,"max_hp_gain":0,"max_hp_loss":0,"event_name":"Wheel of Change","floor":3,"gold_loss":0,"cards_obtained":["Decay"]},{"damage_healed":0,"gold_gain":75,"player_choice":"Gather Gold","damage_taken":11,"max_hp_gain":0,"max_hp_loss":0,"event_name":"World of Goop","floor":10,"gold_loss":0},{"damage_healed":0,"gold_gain":0,"player_choice":"Ignored","damage_taken":0,"max_hp_gain":0,"max_hp_loss":0,"event_name":"Liars Game","floor":13,"gold_loss":0}],"is_beta":false,"boss_relics":[],"items_purged_floors":[],"is_endless":false,"potions_floor_spawned":[4,7,11,12],"killed_by":"Hexaghost","ascension_level":16}}