{"host":"d8d3jqle49sogkjv","time":1609071716,"event":{"mods":["BaseMod","Colored Map","Colored Powertips","Minty Spire (QoL Compilation)","StSLib"],"gold_per_floor":[219,179,195,41,59,90,101,132,132,145,420,2,15,15,15],"floor_reached":14,"playtime":809,"items_purged":["Regret"],"score":171,"play_id":"4633c2d6-d585-4d58-a430-f3f7f5072cab","local_time":"20201227132156","is_ascension_mode":true,"campfire_choices":[],"circlet_count":0,"master_deck":["Strike_B","Strike_B","Strike_B","Strike_B","Defend_B","Defend_B","Defend_B","Defend_B","Zap","Dualcast","Consume","Capacitor","Capacitor","Glacier","Apotheosis","Reboot","Undo"],"relics":["Cracked Core","MealTicket","Shuriken","Eternal Feather"],"acts_visited":["Exordium"],"potions_floor_usage":[2,6,6,10,13,14],"damage_taken":[{"damage":10,"enemies":"Small Slimes","floor":1,"turns":3},{"damage":11,"enemies":"Cultist","floor":3,"turns":4},{"damage":1,"enemies":"Jaw Worm","floor":5,"turns":4},{"damage":3,"enemies":"3 Sentries","floor":6,"turns":8},{"damage":13,"enemies":"Exordium Wildlife","floor":7,"turns":6},{"damage":0,"enemies":"Lagavulin","floor":8,"turns":9},{"damage":23,"enemies":"3 Louse","floor":10,"turns":4},{"damage":12,"enemies":"Gremlin Gang","floor":13,"turns":4},{"damage":16,"enemies":"Gremlin Nob","floor":14,"turns":4}],"seed_played":"4358183216633693935","potions_obtained":[{"floor":2,"key":"Fruit Juice"},{"floor":2,"key":"Strength Potion"},{"floor":2,"key":"Explosive Potion"},{"floor":3,"key":"SkillPotion"},{"floor":6,"key":"PowerPotion"},{"floor":7,"key":"Block Potion"},{"floor":10,"key":"DuplicationPotion"}],"is_trial":false,"path_per_floor":["M","?","M","$","M","E","M","E","T","M","?","$","M","E"],"character_chosen":"DEFECT","items_purchased":["Capacitor","Glacier","Apotheosis","Reboot"],"campfire_rested":0,"item_purchase_floors":[4,4,12,12],"current_hp_per_floor":[58,63,52,52,51,48,35,35,35,12,12,27,15,0,0],"gold":15,"neow_bonus":"HUNDRED_GOLD","is_daily":false,"chose_seed":false,"campfire_upgraded":0,"win_rate":0.0,"timestamp":1609071716,"path_taken":["M","?","M","$","?","E","M","E","T","M","?","$","M","E"],"items_purchased_type":["Card","Card","Card","Card"],"build_version":"2020-12-22","purchased_purges":1,"victory":false,"max_hp_per_floor":[75,80,80,80,80,80,80,80,80,80,80,80,80,80,80],"card_choices":[{"not_picked":["Hologram","Cold Snap"],"picked":"Consume","floor":1},{"not_picked":["Doom and Gloom","Genetic Algorithm"],"picked":"Capacitor","floor":3},{"not_picked":["Blizzard","Cold Snap","Coolheaded"],"picked":"SKIP","floor":5},{"not_picked":["Compile Driver","Heatsinks","Go for the Eyes"],"picked":"SKIP","floor":6},{"not_picked":["Hologram","Compile Driver","Sweeping Beam"],"picked":"SKIP","floor":7},{"not_picked":["Reprogram","Genetic Algorithm","Cold Snap"],"picked":"SKIP","floor":8},{"not_picked":["Rebound","Stack","Leap"],"picked":"SKIP","floor":10},{"not_picked":["Heatsinks","Barrage"],"picked":"Undo","floor":13}],"player_experience":327032,"relics_obtained":[{"floor":6,"key":"MealTicket"},{"floor":8,"key":"Shuriken"},{"floor":9,"key":"Eternal Feather"}],"event_choices":[{"damage_healed":0,"gold_gain":0,"player_choice":"Bought 3 Potions","damage_taken":0,"max_hp_gain":0,"max_hp_loss":0,"event_name":"The Woman in Blue","floor":2,"gold_loss":0},{"damage_healed":0,"gold_gain":275,"player_choice":"Desecrate","damage_taken":0,"max_hp_gain":0,"max_hp_loss":0,"event_name":"Golden Shrine","floor":11,"gold_loss":0,"cards_obtained":["Regret"]}],"is_beta":false,"boss_relics":[],"items_purged_floors":[12],"is_endless":false,"potions_floor_spawned":[3,6,7,10],"killed_by":"Gremlin Nob","ascension_level":7}}