{"host":"5f8ute538gzudddu","time":1609033917,"event":{"mods":["BaseMod","Highlight Path","Minty Spire (QoL Compilation)","Relic Stats","StSLib"],"gold_per_floor":[99,99,24,24,24,24,24,24,24,24,24,24,24,24,24,24,24,24,24,24,24,24,24,24,24,24,24,24,24,24,24,24,24,24,24,24,24,24,24,24,24,24,24,24,24,24,24,24,24,24,24,24],"floor_reached":51,"playtime":2464,"items_purged":[],"score":1784,"play_id":"fad906e3-a35a-4629-b19c-500d4fb4735a","local_time":"20201226175157","is_ascension_mode":true,"campfire_choices":[{"floor":10.0,"key":"REST"},{"data":"Worship","floor":12.0,"key":"SMITH"},{"data":"ReachHeaven","floor":15.0,"key":"SMITH"},{"floor":29.0,"key":"REST"},{"data":"WaveOfTheHand","floor":32.0,"key":"SMITH"},{"floor":41.0,"key":"RECALL"},{"data":"Strike_P+1","floor":44.0,"key":"PURGE"},{"data":"Strike_P+1","floor":49.0,"key":"PURGE"}],"circlet_count":0,"master_deck":["AscendersBane","Defend_P+1","Vigilance+1","EmptyFist+1","ReachHeaven+1","Worship+1","CutThroughFate+1","LessonLearned+1","Sanctity+1","DevaForm+1","InnerPeace+1","CarveReality+1","Brilliance+1","ThirdEye+1","Tantrum+1","Worship+1","CrushJoints+1","Conclude+1","WaveOfTheHand+1","Omniscience+1","Worship+1","Meditate+1","Protect+1","Evaluate+1"],"relics":["Ectoplasm","Pen Nib","White Beast Statue","Vajra","HornCleat","Astrolabe","Orichalcum","Lantern","Bag of Preparation","Strawberry","Red Mask","Empty Cage","Peace Pipe","Whetstone","Shuriken","Question Card"],"acts_visited":["Exordium","TheCity","TheBeyond"],"potions_floor_usage":[51],"damage_taken":[{"damage":9.0,"enemies":"Jaw Worm","floor":1.0,"turns":6.0},{"damage":0.0,"enemies":"Small Slimes","floor":4.0,"turns":2.0},{"damage":8.0,"enemies":"Gremlin Nob","floor":6.0,"turns":3.0},{"damage":0.0,"enemies":"Cultist","floor":7.0,"turns":3.0},{"damage":15.0,"enemies":"3 Sentries","floor":8.0,"turns":7.0},{"damage":0.0,"enemies":"Lagavulin","floor":11.0,"turns":3.0},{"damage":14.0,"enemies":"Exordium Thugs","floor":13.0,"turns":5.0},{"damage":0.0,"enemies":"2 Fungi Beasts","floor":14.0,"turns":2.0},{"damage":17.0,"enemies":"Hexaghost","floor":16.0,"turns":6.0},{"damage":0.0,"enemies":"Spheric Guardian","floor":18.0,"turns":1.0},{"damage":0.0,"enemies":"Chosen","floor":19.0,"turns":3.0},{"damage":10.0,"enemies":"Shelled Parasite and Fungi","floor":20.0,"turns":5.0},{"damage":2.0,"enemies":"Centurion and Healer","floor":22.0,"turns":9.0},{"damage":15.0,"enemies":"Slavers","floor":23.0,"turns":3.0},{"damage":15.0,"enemies":"Book of Stabbing","floor":25.0,"turns":3.0},{"damage":6.0,"enemies":"Snake Plant","floor":28.0,"turns":3.0},{"damage":0.0,"enemies":"Slavers","floor":30.0,"turns":4.0},{"damage":0.0,"enemies":"Masked Bandits","floor":31.0,"turns":2.0},{"damage":7.0,"enemies":"Automaton","floor":33.0,"turns":6.0},{"damage":0.0,"enemies":"Orb Walker","floor":35.0,"turns":2.0},{"damage":0.0,"enemies":"3 Shapes","floor":36.0,"turns":3.0},{"damage":5.0,"enemies":"3 Darklings","floor":38.0,"turns":3.0},{"damage":0.0,"enemies":"Reptomancer","floor":40.0,"turns":2.0},{"damage":7.0,"enemies":"Nemesis","floor":42.0,"turns":3.0},{"damage":0.0,"enemies":"Giant Head","floor":45.0,"turns":4.0},{"damage":6.0,"enemies":"Jaw Worm Horde","floor":46.0,"turns":3.0},{"damage":9.0,"enemies":"4 Shapes","floor":47.0,"turns":4.0},{"damage":6.0,"enemies":"3 Darklings","floor":48.0,"turns":5.0},{"damage":35.0,"enemies":"Donu and Deca","floor":50.0,"turns":7.0},{"damage":10,"enemies":"Time Eater","floor":51,"turns":6}],"seed_played":"7358677797128622430","potions_obtained":[{"floor":1.0,"key":"Fruit Juice"},{"floor":6.0,"key":"SkillPotion"},{"floor":8.0,"key":"Swift Potion"},{"floor":11.0,"key":"Fruit Juice"},{"floor":13.0,"key":"Strength Potion"},{"floor":14.0,"key":"SpeedPotion"},{"floor":16.0,"key":"StancePotion"},{"floor":18.0,"key":"Fire Potion"},{"floor":20.0,"key":"FearPotion"},{"floor":22.0,"key":"Energy Potion"},{"floor":23.0,"key":"Strength Potion"},{"floor":25.0,"key":"AttackPotion"},{"floor":28.0,"key":"SkillPotion"},{"floor":30.0,"key":"BlessingOfTheForge"},{"floor":31.0,"key":"Dexterity Potion"},{"floor":40.0,"key":"PowerPotion"}],"is_trial":false,"path_per_floor":["M","?","?","M","$","E","M","E","T","R","E","R","M","M","R","B",null,"M","M","M","?","M","E","?","E","T","?","M","R","E","?","R","B",null,"M","M","?","M","$","E","R","E","T","R","E","M","M","M","R","B","B"],"character_chosen":"WATCHER","items_purchased":[],"campfire_rested":2,"item_purchase_floors":[],"current_hp_per_floor":[52,32,32,32,32,24,24,9,9,35,35,35,26,26,26,9,61,61,61,51,51,49,34,34,19,19,19,13,36,43,43,43,36,73,73,73,73,68,68,68,68,61,61,61,61,55,46,40,40,5,0,0],"gold":24,"neow_bonus":"BOSS_RELIC","is_daily":false,"chose_seed":false,"campfire_upgraded":3,"win_rate":0.0,"timestamp":1609033917,"path_taken":["M","?","?","?","$","E","?","E","T","R","E","R","M","M","R","BOSS","M","M","M","?","M","E","?","E","T","?","M","R","E","?","R","BOSS","M","M","?","M","$","E","R","E","T","R","E","M","M","?","R","BOSS","BOSS"],"items_purchased_type":[],"build_version":"2020-12-22","purchased_purges":0,"victory":false,"max_hp_per_floor":[68,68,68,68,68,68,68,68,68,73,73,73,78,78,78,78,78,78,78,78,78,78,78,78,78,78,78,78,78,85,85,85,85,85,85,85,85,85,85,85,85,85,85,85,85,85,85,85,85,85,85,85],"relic_stats":{"Peace Pipe":3,"counters":[30,118],"Shuriken":[7],"Astrolabe":["InnerPeace","CarveReality","Brilliance"],"Ectoplasm":702,"Pen Nib":[18],"Bag of Preparation":[30],"Whetstone":[],"Orichalcum":[24],"Question Card":3,"obtain_stats":[{"Lantern":25,"Astrolabe":17,"Vajra":9,"Pen Nib":6,"Bag of Preparation":26,"Whetstone":40,"Orichalcum":23,"Empty Cage":34,"Question Card":45,"White Beast Statue":8,"Peace Pipe":37,"HornCleat":11,"Shuriken":42,"Strawberry":30,"Ectoplasm":0,"Red Mask":31,"PureWater":0},{"Lantern":15,"Astrolabe":9,"Vajra":5,"Pen Nib":3,"Bag of Preparation":15,"Whetstone":23,"Orichalcum":14,"Empty Cage":19,"Question Card":25,"White Beast Statue":5,"Peace Pipe":21,"HornCleat":6,"Shuriken":24,"Strawberry":17,"Ectoplasm":0,"Red Mask":18,"PureWater":0},{"Lantern":61,"Astrolabe":37,"Vajra":21,"Pen Nib":11,"Bag of Preparation":61,"Whetstone":86,"Orichalcum":58,"Empty Cage":76,"Question Card":93,"White Beast Statue":21,"Peace Pipe":81,"HornCleat":24,"Shuriken":89,"Strawberry":68,"Ectoplasm":0,"Red Mask":70,"PureWater":0}]},"card_choices":[{"not_picked":["Weave","CrushJoints"],"picked":"EmptyFist","floor":1.0},{"not_picked":["Consecrate","ThirdEye"],"picked":"ReachHeaven","floor":4.0},{"not_picked":["SashWhip","Sanctity"],"picked":"Worship","floor":6.0},{"not_picked":["CrushJoints","SashWhip"],"picked":"CutThroughFate","floor":7.0},{"not_picked":["ConjureBlade","Fasting2"],"picked":"LessonLearned","floor":8.0},{"not_picked":["Collect","SashWhip"],"picked":"Sanctity","floor":11.0},{"not_picked":["Tantrum","CrushJoints","FlyingSleeves"],"picked":"SKIP","floor":13.0},{"not_picked":["JustLucky","BattleHymn","Halt"],"picked":"SKIP","floor":14.0},{"not_picked":["ConjureBlade","Judgement"],"picked":"DevaForm","floor":16.0},{"not_picked":["SignatureMove","EmptyBody"],"picked":"ThirdEye","floor":18.0},{"not_picked":["Evaluate","SashWhip","Crescendo"],"picked":"SKIP","floor":19.0},{"not_picked":["Evaluate","Conclude"],"picked":"Tantrum+1","floor":20.0},{"not_picked":["FlyingSleeves","WheelKick"],"picked":"CrushJoints+1","floor":22.0},{"not_picked":["Wireheading","Prostrate","Conclude"],"picked":"SKIP","floor":23.0},{"not_picked":["Wireheading","Prostrate"],"picked":"Conclude","floor":23.0},{"not_picked":["Protect","EmptyBody","LessonLearned"],"picked":"SKIP","floor":25.0},{"not_picked":["SandsOfTime","PathToVictory","SashWhip"],"picked":"SKIP","floor":28.0},{"not_picked":["SandsOfTime","Halt","CrushJoints"],"picked":"SKIP","floor":30.0},{"not_picked":["LessonLearned","Alpha"],"picked":"Omniscience","floor":33.0},{"not_picked":["Crescendo+1","EmptyBody","FlurryOfBlows"],"picked":"SKIP","floor":35.0},{"not_picked":["SashWhip+1","JustLucky"],"picked":"BowlingBash","floor":36.0},{"not_picked":["SandsOfTime+1","MentalFortress"],"picked":"Worship+1","floor":38.0},{"not_picked":["Protect","Evaluate+1"],"picked":"Meditate+1","floor":40.0},{"not_picked":["CarveReality","FlurryOfBlows"],"picked":"Protect+1","floor":42.0},{"not_picked":["ConjureBlade","BowlingBash","Worship"],"picked":"SKIP","floor":45.0},{"not_picked":["Consecrate+1","EmptyFist","FollowUp"],"picked":"Evaluate+1","floor":46.0},{"not_picked":["Perseverance","PathToVictory","FlyingSleeves","Crescendo"],"picked":"SKIP","floor":47.0},{"not_picked":["CutThroughFate","Prostrate","Evaluate","JustLucky"],"picked":"SKIP","floor":48.0}],"player_experience":922744,"relics_obtained":[{"floor":6.0,"key":"Pen Nib"},{"floor":8.0,"key":"White Beast Statue"},{"floor":9.0,"key":"Vajra"},{"floor":11.0,"key":"HornCleat"},{"floor":23.0,"key":"Orichalcum"},{"floor":25.0,"key":"Lantern"},{"floor":26.0,"key":"Bag of Preparation"},{"floor":30.0,"key":"Strawberry"},{"floor":31.0,"key":"Red Mask"},{"floor":40.0,"key":"Whetstone"},{"floor":42.0,"key":"Shuriken"},{"floor":45.0,"key":"Question Card"}],"event_choices":[{"damage_healed":0.0,"max_hp_gain":0.0,"max_hp_loss":0.0,"gold_gain":0.0,"event_name":"Shining Light","player_choice":"Entered Light","floor":2.0,"gold_loss":0.0,"damage_taken":20.0,"cards_upgraded":["Strike_P","Defend_P"]},{"cards_removed":["Defend_P"],"damage_healed":0.0,"max_hp_gain":0.0,"max_hp_loss":0.0,"gold_gain":0.0,"event_name":"The Cleric","player_choice":"Card Removal","floor":3.0,"gold_loss":75.0,"damage_taken":0.0},{"damage_healed":0.0,"max_hp_gain":0.0,"max_hp_loss":0.0,"gold_gain":0.0,"event_name":"The Library","player_choice":"Read","floor":21.0,"gold_loss":0.0,"damage_taken":0.0,"cards_obtained":["Worship"]},{"damage_healed":0.0,"max_hp_gain":0.0,"max_hp_loss":0.0,"gold_gain":0.0,"cards_transformed":["Eruption","Strike_P"],"event_name":"Drug Dealer","player_choice":"Became Test Subject","floor":24.0,"gold_loss":0.0,"damage_taken":0.0,"cards_obtained":["WaveOfTheHand","Conclude"]},{"damage_healed":0.0,"max_hp_gain":0.0,"max_hp_loss":0.0,"gold_gain":0.0,"event_name":"Forgotten Altar","player_choice":"Smashed Altar","floor":27.0,"gold_loss":0.0,"damage_taken":0.0,"cards_obtained":["Decay"]},{"damage_healed":0.0,"max_hp_gain":0.0,"max_hp_loss":0.0,"gold_gain":0.0,"event_name":"Masked Bandits","player_choice":"Fought Bandits","floor":31.0,"gold_loss":0.0,"damage_taken":0.0},{"cards_removed":["BowlingBash"],"damage_healed":0.0,"max_hp_gain":0.0,"max_hp_loss":0.0,"gold_gain":0.0,"event_name":"WeMeetAgain","player_choice":"Gave Card","floor":37.0,"gold_loss":0.0,"damage_taken":0.0,"relics_obtained":["Peace Pipe"]}],"is_beta":false,"boss_relics":[{"not_picked":["VioletLotus","Tiny House"],"picked":"Astrolabe"},{"not_picked":["Pandora\u0027s Box","SacredBark"],"picked":"Empty Cage"}],"items_purged_floors":[],"is_endless":false,"potions_floor_spawned":[1,6,8,11,13,14,16,18,19,20,22,23,25,28,30,31,33,35,36,38,40,42,45,46,47,48],"killed_by":"Time Eater","ascension_level":20}}