{"host":"xumidyqji6pg2yy3","time":1609079023,"event":{"mods":["Arknights The Spire","BaseMod","Highlight Path","Minty Spire (QoL Compilation)","StSLib"],"gold_per_floor":[115,290,290,290,313,354,367,292,317,330,353,353,83,102,102,225,225,240,177,202,217,142,142,161,161,214,235,235,235],"floor_reached":28,"playtime":1121,"items_purged":["Doubt","ats:Strike G","ats:Strike V","ats:Emotion Absorption"],"score":247,"play_id":"460c3811-2d0c-42b0-aeb0-815f12c830fc","local_time":"20201227222343","is_ascension_mode":false,"campfire_choices":[{"data":"ats:Neurotoxin","floor":12,"key":"SMITH"},{"data":"ats:Neurotoxin","floor":15,"key":"SMITH"},{"data":"ats:Neurotoxin","floor":23,"key":"SMITH"},{"floor":25,"key":"REST"}],"circlet_count":0,"master_deck":["ats:Strike S","ats:Armor Crushing Shot","ats:Defend","ats:Defend","ats:Defend","ats:Defend","ats:Neurotoxin+1","ats:Sunburst","ats:Explosion Area Strengthen","ats:Poison Spread","ats:Neurotoxin+1","ats:Explosion Area Strengthen","ats:Disruption Kick","ats:Neurotoxin+1"],"relics":["ats:Sanity","NeowsBlessing","Golden Idol","ats:Originium","Oddly Smooth Stone","Toy Ornithopter","Membership Card","Busted Crown","Centennial Puzzle"],"acts_visited":["Exordium","TheCity"],"potions_floor_usage":[16],"damage_taken":[{"damage":0,"enemies":"Cultist","floor":1,"turns":2},{"damage":0,"enemies":"Small Slimes","floor":5,"turns":1},{"damage":0,"enemies":"Lagavulin","floor":6,"turns":3},{"damage":0,"enemies":"2 Louse","floor":7,"turns":2},{"damage":24,"enemies":"Exordium Thugs","floor":10,"turns":3},{"damage":0,"enemies":"2 Fungi Beasts","floor":11,"turns":2},{"damage":7,"enemies":"Exordium Wildlife","floor":14,"turns":3},{"damage":26,"enemies":"The Guardian","floor":16,"turns":8},{"damage":15,"enemies":"3 Byrds","floor":18,"turns":3},{"damage":0,"enemies":"Chosen","floor":20,"turns":4},{"damage":30,"enemies":"Snake Plant","floor":21,"turns":3},{"damage":9,"enemies":"Snecko","floor":24,"turns":3},{"damage":10,"enemies":"Cultist and Chosen","floor":27,"turns":3},{"damage":30,"enemies":"Snake Plant","floor":28,"turns":2}],"seed_played":"-2001813172217399195","potions_obtained":[{"floor":1,"key":"LiquidBronze"},{"floor":5,"key":"ColorlessPotion"},{"floor":7,"key":"SteroidPotion"},{"floor":16,"key":"Regen Potion"}],"is_trial":false,"path_per_floor":["M","?","?","?","M","E","M","$","T","M","M","R","$","M","R","B",null,"M","$","M","M","$","R","M","R","T","M","M"],"character_chosen":"DOCTOR_CLASS","items_purchased":["ats:Neurotoxin","Membership Card"],"campfire_rested":1,"item_purchase_floors":[13,13],"current_hp_per_floor":[72,72,54,54,54,54,54,54,54,30,30,30,30,23,23,2,72,57,57,57,27,27,27,18,39,39,29,0,0],"gold":235,"neow_bonus":"THREE_ENEMY_KILL","is_daily":false,"chose_seed":false,"campfire_upgraded":3,"win_rate":0.0,"timestamp":1609079023,"path_taken":["M","?","?","?","M","E","M","$","T","M","M","R","$","M","R","BOSS","M","$","M","M","?","R","M","R","T","?","M"],"items_purchased_type":["Card","Relic"],"build_version":"2020-12-22","purchased_purges":4,"victory":false,"max_hp_per_floor":[72,72,72,72,72,72,72,72,72,72,72,72,72,72,72,72,72,72,72,72,72,72,72,72,72,72,72,72,72],"card_choices":[{"not_picked":["ats:Magnetic Hammer","ats:Charging Defense"],"picked":"ats:Neurotoxin","floor":1},{"not_picked":["ats:Hammer On","ats:Childhood Dance","ats:Leaping Hammer"],"picked":"SKIP","floor":5},{"not_picked":["ats:Soul Rend","ats:Revitalization"],"picked":"ats:Explosion Area Strengthen","floor":6},{"not_picked":["ats:Explosion Area Strengthen","ats:Chain Hook"],"picked":"ats:Poison Spread","floor":7},{"not_picked":["ats:Red Shift","ats:Flexible Camouflage","ats:Spore Proliferation"],"picked":"SKIP","floor":10},{"not_picked":["ats:Soul Rend","ats:Leaping Hammer","ats:Revitalization"],"picked":"SKIP","floor":11},{"not_picked":["ats:Revitalization","ats:Cat Scratch"],"picked":"ats:Explosion Area Strengthen","floor":14},{"not_picked":["ats:True Silver Slash","ats:Dogmatic Field"],"picked":"ats:Disruption Kick","floor":16},{"not_picked":[],"picked":"ats:Neurotoxin","floor":18},{"not_picked":["ats:Leaping Hammer+1"],"picked":"SKIP","floor":20},{"not_picked":["ats:Explosion Area Strengthen+1"],"picked":"SKIP","floor":21},{"not_picked":["ats:Hammer On"],"picked":"SKIP","floor":24},{"not_picked":["ats:Counter Healing Mode"],"picked":"SKIP","floor":27}],"player_experience":52200,"relics_obtained":[{"floor":6,"key":"ats:Originium"},{"floor":6,"key":"Oddly Smooth Stone"},{"floor":9,"key":"Toy Ornithopter"},{"floor":26,"key":"Centennial Puzzle"}],"event_choices":[{"damage_healed":0,"gold_gain":175,"player_choice":"AGREE","damage_taken":0,"max_hp_gain":0,"max_hp_loss":0,"event_name":"Liars Game","floor":2,"gold_loss":0,"cards_obtained":["Doubt"]},{"damage_healed":0,"gold_gain":0,"player_choice":"Take Damage","damage_taken":18,"relics_obtained":["Golden Idol"],"max_hp_gain":0,"max_hp_loss":0,"event_name":"Golden Idol","floor":3,"gold_loss":0},{"damage_healed":0,"gold_gain":0,"cards_transformed":["ats:Strike C"],"player_choice":"Transformed","damage_taken":0,"max_hp_gain":0,"max_hp_loss":0,"event_name":"Transmorgrifier","floor":4,"gold_loss":0,"cards_obtained":["ats:Sunburst"]}],"is_beta":false,"boss_relics":[{"not_picked":["Coffee Dripper","Fusion Hammer"],"picked":"Busted Crown"}],"items_purged_floors":[8,13,19,22],"is_endless":false,"potions_floor_spawned":[1,5,7,16,18,24],"killed_by":"Snake Plant","ascension_level":0}}