{"host":"5f8ute538gzudddu","time":1609030915,"event":{"mods":["BaseMod","Highlight Path","Minty Spire (QoL Compilation)","Relic Stats","StSLib"],"gold_per_floor":[110,124,49,59,69,97,97,107,185,185,216,216,216,247,247,247,247],"floor_reached":16,"playtime":553,"items_purged":[],"score":294,"play_id":"fa078ad4-fd9e-44fe-bc21-9d83609b842f","local_time":"20201226170155","is_ascension_mode":true,"campfire_choices":[{"data":"SandsOfTime","floor":10,"key":"SMITH"},{"data":"Vigilance","floor":13,"key":"SMITH"},{"data":"Tantrum","floor":15,"key":"SMITH"}],"circlet_count":0,"master_deck":["AscendersBane","Strike_P","Strike_P","Strike_P","Strike_P","Defend_P","Defend_P","Defend_P","Eruption","Vigilance+1","SandsOfTime+1","Tantrum+1","ThirdEye","ThirdEye","ThirdEye"],"relics":["Snecko Eye","Toy Ornithopter","Mummified Hand","Dead Branch","Bag of Preparation"],"acts_visited":["Exordium"],"potions_floor_usage":[6,11,12],"damage_taken":[{"damage":0,"enemies":"Small Slimes","floor":1,"turns":2},{"damage":0,"enemies":"2 Louse","floor":2,"turns":2},{"damage":0,"enemies":"Cultist","floor":4,"turns":2},{"damage":0,"enemies":"Exordium Thugs","floor":5,"turns":2},{"damage":10,"enemies":"3 Sentries","floor":6,"turns":3},{"damage":3,"enemies":"Exordium Wildlife","floor":8,"turns":3},{"damage":4,"enemies":"Lagavulin","floor":11,"turns":4},{"damage":0,"enemies":"Large Slime","floor":12,"turns":2},{"damage":0,"enemies":"3 Sentries","floor":14,"turns":3},{"damage":55,"enemies":"Hexaghost","floor":16,"turns":7}],"seed_played":"-1148847723822615713","potions_obtained":[{"floor":2,"key":"PowerPotion"},{"floor":4,"key":"SmokeBomb"},{"floor":8,"key":"Block Potion"}],"is_trial":false,"path_per_floor":["M","M","?","M","M","E","?","M","T","R","E","M","R","E","R","B"],"character_chosen":"WATCHER","items_purchased":[],"campfire_rested":0,"item_purchase_floors":[],"current_hp_per_floor":[61,61,61,61,61,51,51,48,48,48,49,54,54,54,54,0,0],"gold":247,"neow_bonus":"BOSS_RELIC","is_daily":false,"chose_seed":false,"campfire_upgraded":3,"win_rate":0.0,"timestamp":1609030915,"path_taken":["M","M","?","M","M","E","?","M","T","R","E","M","R","E","R","BOSS"],"items_purchased_type":[],"build_version":"2020-12-22","purchased_purges":0,"victory":false,"max_hp_per_floor":[68,68,68,68,68,68,68,68,68,68,68,68,68,68,68,68,68],"relic_stats":{"counters":[10,30],"Mummified Hand":[0],"Dead Branch":[2],"Snecko Eye":[59,54,34,49],"Bag of Preparation":[2],"obtain_stats":[{"Mummified Hand":9,"Dead Branch":11,"Snecko Eye":0,"Bag of Preparation":14,"PureWater":0,"Toy Ornithopter":6},{"Mummified Hand":6,"Dead Branch":7,"Snecko Eye":0,"Bag of Preparation":9,"PureWater":0,"Toy Ornithopter":5},{"Mummified Hand":14,"Dead Branch":18,"Snecko Eye":0,"Bag of Preparation":23,"PureWater":0,"Toy Ornithopter":11}],"Toy Ornithopter":10},"card_choices":[{"not_picked":["JustLucky","ClearTheMind","FollowUp"],"picked":"SKIP","floor":1},{"not_picked":["EmptyMind","Prostrate"],"picked":"SandsOfTime","floor":2},{"not_picked":["Protect","JustLucky"],"picked":"Tantrum","floor":4},{"not_picked":["WindmillStrike","MentalFortress"],"picked":"ThirdEye","floor":5},{"not_picked":["Consecrate","Establishment","CutThroughFate"],"picked":"SKIP","floor":6},{"not_picked":["Perseverance","BowlingBash"],"picked":"ThirdEye","floor":8},{"not_picked":["Crescendo","EmptyFist"],"picked":"ThirdEye","floor":11},{"not_picked":["EmptyMind","ThirdEye","CutThroughFate"],"picked":"SKIP","floor":14}],"player_experience":922191,"relics_obtained":[{"floor":6,"key":"Toy Ornithopter"},{"floor":9,"key":"Mummified Hand"},{"floor":11,"key":"Dead Branch"},{"floor":14,"key":"Bag of Preparation"}],"event_choices":[{"cards_removed":["Defend_P"],"damage_healed":0,"gold_gain":0,"player_choice":"Card Removal","damage_taken":0,"max_hp_gain":0,"max_hp_loss":0,"event_name":"The Cleric","floor":3,"gold_loss":75},{"damage_healed":0,"gold_gain":0,"player_choice":"Ignored","damage_taken":0,"max_hp_gain":0,"max_hp_loss":0,"event_name":"Liars Game","floor":7,"gold_loss":0}],"is_beta":false,"boss_relics":[],"items_purged_floors":[],"is_endless":false,"potions_floor_spawned":[2,4,8],"killed_by":"Hexaghost","ascension_level":20}}