{"host":"8k64rvi83ijr822k","time":1609041461,"event":{"mods":["BaseMod","Downfall","Googly Eyes","Hermit","Hero for Fun","Minty Spire (QoL Compilation)","Quick Restart","Replay The Spire","Shop Mod","StSLib","The Animator","The Bug Knight","The Construct","The Wild Card","everything is the same but u backflip on backflip"],"gold_per_floor":[99,109,128,128,128,128,8,27,51,326,346,374,137,152,170,189,200,295,295,245,245,35,35,35,49,49,67,17,45,32,47,57,76,87,189,189,139,149,167,177,177,189,189,206,219,219,230,248,248,261,277,277],"floor_reached":53,"playtime":4275,"items_purged":[],"score":768,"play_id":"ef008c49-d826-40a2-b406-2fe5749c410f","local_time":"20201226225741","is_ascension_mode":false,"campfire_choices":[{"data":"Slimebound:OneTwoCombo","floor":20.0,"key":"SMITH"},{"floor":28,"key":"REST"},{"floor":37,"key":"DIG"}],"circlet_count":0,"master_deck":["Slimebound:Strike_Slimebound","Slimebound:Strike_Slimebound","Slimebound:Strike_Slimebound+1","Slimebound:Tackle","Slimebound:Defend_Slimebound","Slimebound:Defend_Slimebound","Slimebound:Defend_Slimebound","Slimebound:Defend_Slimebound+1","Slimebound:Split","Slimebound:CorrosiveSpit","Slimebound:RollThrough","Slimebound:SplitAcid","Slimebound:SplitLeeching","Slimebound:Nibble","Slimebound:LevelUp","Slimebound:SplitMire","Slimebound:LeechEnergy","Slimebound:PressTheAttack","Slimebound:OneTwoCombo+1","expansioncontent:AwakenDeath","Slimebound:SplitBruiser","Slimebound:FirmFortitude","Slimebound:ComboTackle","Slimebound:GoopSpray","Slimebound:OneTwoCombo","Slimebound:MegaLick","Slimebound:SelfFormingGoo+1","expansioncontent:Collect","Poisoned Strike","Slimebound:CheckThePlaybook","Slimebound:Icky","Slimebound:LivingWall+1","Slimebound:SlimeSpikes","Slimebound:SplitLeeching","Slimebound:FormOfPuddle","Slimebound:SplitAcid","Slimebound:FormOfPuddle+1","Slimebound:GrowthPunch","Slimebound:ProtectTheBoss+1","Slimebound:MinionMaster","Slimebound:SplitLeeching+1","Slimebound:FormOfPuddle+1","Slimebound:LivingWall+1","Slimebound:SplitAcid+1","Slimebound:LevelUp+1","Slimebound:SplitBruiser+1","expansioncontent:DecasProtection","Replay:SS_fish_2","Replay:SS_fish_1","Slimebound:SplitMire+1","Slimebound:SplitMire+1","Slimebound:SamplingLick+1","Slimebound:GrowthPunch"],"relics":["Slimebound:AbsorbEndCombat","Slimebound:GreedOozeRelic","Toy Ornithopter","MerchantsRug","Incense Burner","Lantern","Slimebound:TarBlob","Replay:Kaleidoscope","Thread and Needle","Vajra"],"acts_visited":["Exordium","TheCity","TheBeyond"],"potions_floor_usage":[33,35,39,42,44,47,50,52],"damage_taken":[{"damage":9.0,"enemies":"Cultist","floor":2.0,"turns":5.0},{"damage":9.0,"enemies":"2 Louse","floor":3.0,"turns":3.0},{"damage":8.0,"enemies":"downfall:FleeingMerchant","floor":7.0,"turns":4.0},{"damage":12.0,"enemies":"Jaw Worm","floor":8.0,"turns":3.0},{"damage":21.0,"enemies":"2 Fungi Beasts","floor":11.0,"turns":3.0},{"damage":27.0,"enemies":"3 Sentries","floor":12.0,"turns":3.0},{"damage":29.0,"enemies":"downfall:FleeingMerchant","floor":13.0,"turns":4.0},{"damage":4.0,"enemies":"Gremlin Gang","floor":14.0,"turns":2.0},{"damage":10.0,"enemies":"Red Slaver","floor":15.0,"turns":2.0},{"damage":10.0,"enemies":"Lots of Slimes","floor":16.0,"turns":2.0},{"damage":17.0,"enemies":"Blue Slaver","floor":17.0,"turns":2.0},{"damage":72.0,"enemies":"downfall:Defect","floor":18.0,"turns":5.0},{"damage":36.0,"enemies":"downfall:FleeingMerchant","floor":22.0,"turns":3.0},{"damage":21,"enemies":"Replay:Snechameleon","floor":25,"turns":4},{"damage":24,"enemies":"Spheric Guardian","floor":27,"turns":4},{"damage":16,"enemies":"Gremlin Leader","floor":29,"turns":4},{"damage":2,"enemies":"Shell Parasite","floor":31,"turns":2},{"damage":27,"enemies":"Snake Plant","floor":32,"turns":2},{"damage":13,"enemies":"Centurion and Healer","floor":33,"turns":4},{"damage":20,"enemies":"3 Cultists","floor":34,"turns":3},{"damage":36,"enemies":"downfall:Ironclad","floor":35,"turns":7},{"damage":16,"enemies":"Orb Walker","floor":38,"turns":3},{"damage":19,"enemies":"3 Shapes","floor":39,"turns":3},{"damage":30,"enemies":"Transient","floor":40,"turns":5},{"damage":4,"enemies":"4 Shapes","floor":42,"turns":2},{"damage":7,"enemies":"Sphere and 2 Shapes","floor":44,"turns":3},{"damage":20,"enemies":"Spire Growth","floor":45,"turns":2},{"damage":37,"enemies":"Jaw Worm Horde","floor":47,"turns":2},{"damage":36,"enemies":"Maw","floor":48,"turns":5},{"damage":23,"enemies":"4 Shapes","floor":50,"turns":4},{"damage":8,"enemies":"Spire Growth","floor":51,"turns":4},{"damage":31,"enemies":"downfall:Watcher","floor":52,"turns":5}],"seed_played":"6539161526512732687","potions_obtained":[{"floor":1.0,"key":"Explosive Potion"},{"floor":1.0,"key":"CultistPotion"},{"floor":2.0,"key":"SpeedPotion"},{"floor":11.0,"key":"Slimebound:SlimedPotion"},{"floor":16.0,"key":"Energy Potion"},{"floor":17.0,"key":"CultistPotion"},{"floor":18.0,"key":"EssenceOfSteel"},{"floor":29,"key":"DistilledChaos"},{"floor":31,"key":"Strength Potion"},{"floor":32,"key":"SkillPotion"},{"floor":33,"key":"SpeedPotion"},{"floor":35,"key":"Energy Potion"},{"floor":38,"key":"Block Potion"},{"floor":40,"key":"DistilledChaos"},{"floor":41,"key":"Regen Potion"},{"floor":41,"key":"Elixir"},{"floor":41,"key":"FairyPotion"},{"floor":42,"key":"AttackPotion"},{"floor":44,"key":"Dexterity Potion"},{"floor":48,"key":"LifebloodPotion"}],"is_trial":false,"path_per_floor":["R","M","M","?","PTL","PTL","$","M","T","?","M","E","$","M","M","M","M","B",null,"R","?","$","?","?","E","T","M","R","E","$","M","M","M","M","B",null,"R","M","M","M","?","M","T","M","M","?","M","M","T","M","M","B",null],"character_chosen":"SLIMEBOUND","items_purchased":["Slimebound:Nibble","Slimebound:LevelUp","MerchantsRug","expansioncontent:AwakenDeath","Slimebound:SelfFormingGoo+1","Incense Burner","expansioncontent:Collect","Poisoned Strike","Slimebound:FormOfPuddle"],"campfire_rested":1,"item_purchase_floors":[7,7,13,13,22,22,22,22,30],"current_hp_per_floor":[66,61,60,60,60,60,66,62,62,62,53,50,51,51,49,59,50,28,66,66,66,50,50,50,61,61,41,60,60,60,66,39,47,43,52,66,66,60,58,66,66,66,66,66,66,56,47,63,63,59,66,66],"gold":277,"neow_bonus":"TEN_PERCENT_HP_BONUS","is_daily":false,"chose_seed":false,"campfire_upgraded":1,"win_rate":0.0,"timestamp":1609041461,"path_taken":["R","M","M","?","PTL","PTL","$","M","T","?","M","E","$","M","?","?","M","BOSS","R","?","$","?","?","E","T","?","R","E","$","M","M","M","M","BOSS","R","M","M","?","?","M","T","M","?","?","M","M","?","M","M","BOSS"],"items_purchased_type":["Card","Card","Relic","Card","Card","Relic","Card","Card","Card"],"build_version":"2020-12-22","purchased_purges":0,"victory":true,"max_hp_per_floor":[66,66,66,66,66,66,66,66,66,66,66,66,66,66,66,66,66,66,66,66,66,66,66,66,66,66,66,66,66,66,66,66,66,66,66,66,66,66,66,66,66,66,66,66,66,66,66,66,66,66,66,66],"card_choices":[{"not_picked":["Slimebound:Prepare","Slimebound:LevelUp"],"picked":"Slimebound:RollThrough","floor":2.0},{"not_picked":["Slimebound:SpikyOuterGoop","Slimebound:FinishingTackle"],"picked":"Slimebound:SplitAcid","floor":3.0},{"not_picked":["Slimebound:Prepare","Slimebound:RollThrough"],"picked":"Slimebound:SplitLeeching","floor":7.0},{"not_picked":["Slimebound:Dissolve","Slimebound:RainOfGoop"],"picked":"Slimebound:SplitMire","floor":8.0},{"not_picked":["Slimebound:SamplingLick","Slimebound:Schlurp"],"picked":"Slimebound:LeechEnergy","floor":11.0},{"not_picked":["Slimebound:SpikyOuterGoop","Slimebound:LeechEnergy"],"picked":"Slimebound:PressTheAttack","floor":12.0},{"not_picked":["Slimebound:GrowthPunch","Slimebound:SplitLeeching"],"picked":"Slimebound:OneTwoCombo","floor":13.0},{"not_picked":["Slimebound:SlimeBrawl","Slimebound:FlameTackle"],"picked":"Slimebound:SplitBruiser","floor":14.0},{"not_picked":["Slimebound:ViciousTackle","Slimebound:Schlurp"],"picked":"Slimebound:FirmFortitude","floor":15.0},{"not_picked":["Slimebound:DouseInSlime","Slimebound:Chomp"],"picked":"Slimebound:ComboTackle","floor":16.0},{"not_picked":["Slimebound:ComboTackle","Slimebound:Repurpose"],"picked":"Slimebound:GoopSpray","floor":17.0},{"not_picked":["Slimebound:RallyTheTroops","Slimebound:MassFeed"],"picked":"Slimebound:OneTwoCombo","floor":18.0},{"not_picked":["Slimebound:RainOfGoop","Slimebound:SamplingLick"],"picked":"Slimebound:LivingWall+1","floor":25},{"not_picked":["Slimebound:SlimeTap","Slimebound:Replication"],"picked":"Slimebound:SlimeSpikes","floor":27},{"not_picked":["Slimebound:SamplingLick+1","Slimebound:Grow"],"picked":"Slimebound:SplitLeeching","floor":29},{"not_picked":["Slimebound:ViciousTackle","Slimebound:Repurpose"],"picked":"Slimebound:SplitAcid","floor":31},{"not_picked":["Slimebound:LeechingTouch","Slimebound:GoopSpray"],"picked":"Slimebound:FormOfPuddle+1","floor":32},{"not_picked":["Slimebound:ViciousTackle","Slimebound:LeechEnergy"],"picked":"Slimebound:GrowthPunch","floor":33},{"not_picked":["Slimebound:SlimeSpikes+1","Slimebound:RainOfGoop"],"picked":"Slimebound:ProtectTheBoss+1","floor":34},{"not_picked":["Slimebound:MassRepurpose","Slimebound:RallyTheTroops"],"picked":"Slimebound:MinionMaster","floor":35},{"not_picked":["Slimebound:DisruptingSlam","Slimebound:SplitMire"],"picked":"Slimebound:SplitLeeching+1","floor":38},{"not_picked":["Slimebound:Schlurp+1","Slimebound:LeechingTouch+1"],"picked":"Slimebound:FormOfPuddle+1","floor":39},{"not_picked":["Slimebound:LeadByExample","Slimebound:SlimeSpikes+1"],"picked":"Slimebound:LivingWall+1","floor":40},{"not_picked":["Slimebound:RollThrough","Slimebound:PressTheAttack"],"picked":"Slimebound:SplitAcid+1","floor":42},{"not_picked":["Slimebound:ViciousTackle+1","Slimebound:FinishingTackle"],"picked":"Slimebound:LevelUp+1","floor":44},{"not_picked":["Slimebound:SlimeSpikes+1","Slimebound:LeadByExample"],"picked":"Slimebound:SplitBruiser+1","floor":45},{"not_picked":["expansioncontent:SuperHexaguard","expansioncontent:Chronoboost"],"picked":"expansioncontent:DecasProtection","floor":46},{"not_picked":["expansioncontent:DecasProtection","expansioncontent:DarkVoid"],"picked":"Replay:SS_fish_2","floor":46},{"not_picked":["Replay:SS_fish_2","expansioncontent:PolyBeam"],"picked":"Replay:SS_fish_1","floor":46},{"not_picked":["Slimebound:FinishingTackle","Slimebound:SlimeSpikes+1"],"picked":"Slimebound:SplitMire+1","floor":47},{"not_picked":["Slimebound:RollThrough","Slimebound:GoopSpray"],"picked":"Slimebound:SplitMire+1","floor":48},{"not_picked":["Slimebound:FlameTackle+1","Slimebound:Schlurp"],"picked":"Slimebound:SamplingLick+1","floor":50},{"not_picked":["Slimebound:Grow+1","Slimebound:RainOfGoop"],"picked":"Slimebound:GrowthPunch","floor":51}],"player_experience":81071,"relics_obtained":[{"floor":9.0,"key":"Toy Ornithopter"},{"floor":12.0,"key":"Potion Belt"},{"floor":26,"key":"Lantern"},{"floor":29,"key":"Simple Rune"},{"floor":37,"key":"Replay:Kaleidoscope"},{"floor":43,"key":"Thread and Needle"},{"floor":49,"key":"Vajra"}],"event_choices":[{"damage_healed":0.0,"max_hp_gain":0.0,"max_hp_loss":0.0,"gold_gain":0.0,"event_name":"The Library","player_choice":"Read","floor":21.0,"gold_loss":0.0,"damage_taken":0.0,"cards_obtained":["Slimebound:MegaLick"]},{"cards_removed":["Regret"],"damage_healed":0,"gold_gain":0,"player_choice":"Purged","damage_taken":0,"max_hp_gain":0,"max_hp_loss":0,"event_name":"Purifier","floor":24,"gold_loss":0},{"damage_healed":0,"gold_gain":0,"player_choice":"Got Potions","damage_taken":0,"max_hp_gain":0,"max_hp_loss":0,"event_name":"Lab","floor":41,"gold_loss":0}],"is_beta":false,"boss_relics":[{"not_picked":["ReplayTheSpireMod:DimensionalGlitch","Replay:Drink Me"],"picked":"Snecko Eye"},{"not_picked":["SlaversCollar","Replay:Wanted Poster"],"picked":"Slimebound:TarBlob"}],"items_purged_floors":[],"is_endless":false,"potions_floor_spawned":[2,11,16,17,18,29,31,32,33,35,38,40,42,44,48],"ascension_level":0}}