{"host":"3i0tc1zs9k2bo7un","time":1609057730,"event":{"mods":["Act Like it!","Aspiration","BaseMod","Better Synergies","Communication Mod","Gensokyo","Minty Spire (QoL Compilation)","MostiFishMod","Quick Restart","Replay The Spire","StSLib","TestMod","[IsaacMod]ÒÔÈö¼âËþ","¡¾ÒÅÎï¿¨ÅÆ¡¿REMEMod"],"gold_per_floor":[112,112,126,144,154,154,187,8,8,41,308,491,501,216,216,293,293,305,305,318,345,375,418,470,511,511,565,612,31,76,121,121,223,237,255,255,116,164,164,237,237,309,309,395,475,545,552,630,630,714,714],"floor_reached":50,"playtime":2284,"items_purged":["Reprogram","Cold Snap","Hologram","Conserve Battery","Ball Lightning","Ball Lightning+1"],"score":3219,"play_id":"abec6097-2daf-42af-823f-4ea5433dc2eb","local_time":"20201227162850","daily_mods":["SealedDeck","Vintage","Heirloom","Flight","DeadlyEvents","Elite Swarm"],"is_ascension_mode":true,"campfire_choices":[{"data":"Turbo","floor":6.0,"key":"SMITH"},{"data":"ElectricPowerLearning","floor":15.0,"key":"SMITH"},{"data":"1","floor":49.0,"key":"LIFT"}],"circlet_count":70,"master_deck":["AscendersBane","Skim+1","Coolheaded+1","Ball Lightning+1","Turbo+1","ElectricPowerLearning+1","MostiFishMod:IntelligentEquipment+1","MostiFishMod:ActiveDefenseSystem+1","Heatsinks","MostiFishMod:TalkingToTheRain+1","Pot Of Greed+1","Pot Of Greed+1","Recycle+1","MostiFishMod:Distribution+1","MostiFishMod:ReadyAimFire+1","Seek+1","Fission+1","MostiFishMod:ReadyAimFire+1","Creative AI+1","Amplify+1","MostiFishMod:SeaWaves+1","Offering+1","Pot Of Greed+1","MostiFishMod:DawningShadow+1","Adrenaline+1","Adrenaline+1"],"relics":["Cracked Core","DaveBox","testmod-TestBox","HushsDoor","REME_ComplimentaryCards","SteamSale","testmod-TurbochargingSystem","Transparent","EdensBlessing","Onion Ring","SynthV:TestCard","Happy Flower","aspiration:Lifesprig","Pondfish Scales","UnicornStump","testmod-CyclicPeriapt","PunchingBag","testmod-AssaultLearning","HowToJump","Prayer Wheel","SynthV:C4","Replay:Rubber Ducky","BookOfRevelations","OrangePellets","PokeGo","TimeKeys","GuppysCollar","Succubus","Prayer Wheel","aspiration:SeaSaltIceCream","SteamSale","PreservedInsect","Replay:Wax Seal","BrkXgEgg","The Courier","REME_HandOfSuture","Blue Doll","Counterbalance","Technique","Bag of Preparation","BelialBook","Dream Catcher","Frozen Egg 2","Replay:Bandana","ReplayTheSpireMod:Lightbulb","Ancient Tea Set","Replay:Baseball","aspiration:HatOfInfinitePower","Civilization","Omamori","Orichalcum","Tiny Chest","Darkstone Periapt","StrikeDummy","CeramicFish","Pear","Regal Pillow","Oddly Smooth Stone","Garlic","Anchor","aspiration:EnhancedActuators","Centennial Puzzle","Unceasing Top","Toxic Egg 2","Carrot","testmod-OneHitWonder","testmod-IndustrialRevolution","testmod-LifeArmor","testmod-InjuryResistance","TuHaoJin","Sundial","Akabeko","Bottled Tornado","testmod-Brilliant","Boot","Mercury Hourglass","Lizard Tail","ReplayFunnel","TheBean","Pocketwatch","Pen Nib","BookofShadows","aspiration:AnachronicSnailShell","Blood Vial","aspiration:ChemicalBlood","Chameleon Ring","Toy Ornithopter","testmod-Nyarlathotep","AnarchistCookbook","White Beast Statue","DeadEye","Lantern","Bag of Marbles","Shovel","Nunchaku","ReplayTheSpireMod:TigerMarble","Vajra","DeathBook","Meat on the Bone","aspiration:StickyExplosives_weak","testmod-Maize","SalivaCoin","Gremlin Food","Eternal Feather","GnawedLeaf","Kunai","Replay:Bottled Flurry","Geode","DataDisk","Replay:Antivirus Software","Bronze Scales","Replay:Bottled Steam","testmod-Antiphasic","Replay:Mystery Machine","Replay:WaspNest","Potion Belt","War Paint","aspiration:FaultyCoupler","testmod-Justice","testmod-CasingShield","testmod-Acrobat","ReplayTheSpireMod:Ninjato","Cables","Snack Pack","ThornShield","MealTicket","Grinning Jar","Whetstone","Strawberry","Emotion Chip","Replay:Towering Pillar of Hats","GuppysTail","Quantum Egg","aspiration:ArtOfWarUpgrade","Gremlin Horn","Letter Opener","GuppysPaw","Divine Protection","Iron Hammer","Calipers","PillsDrop","Mummified Hand","Replay:Bottled Eggs","D6","DoctorsRemote","InkBottle","ForgetMeNow","testmod-Fortitude","ReplayTheSpireMod:Shallot","aspiration:FrozenJewel","Solar Panel","Replay:Arrowhead","Blue Candle","Mirror","Gambling Chip","aspiration:HummingbirdHeart","testmod-BalancedPeriapt","testmod-InfectionSource","REME_LimitBreaker","Ginger","Matryoshka","aspiration:FetidBarrel","ArrowTower","SatanicBible","Du-Vu Doll","SharpPlug","Prayer Wheel","Shuriken","BFFS","DollysMirror","REME_OnlineShoppingPlatform","Dodecahedron","Molten Egg 2","Golden Egg","aspiration:IroncladSkillbook","MomsKnife","GuppysHead","HornCleat","testmod-Hope","HandDrill","Question Card","Replay:PocketPolymizer","REME_ArchaeologicalTools","Durian","Bottled Lightning","ImprovedEquipment","Replay:Ringing Soul","Ornamental Fan","testmod-BouquetWithThorns","testmod-ArcanaOfDestiny","Singing Bowl","CombinedTypeHook","Pantograph","TheBible","Symbiotic Virus","DaCapo","Replay:Accelerometer","Replay:Kaleidoscope","FossilizedHelix","DianDianMeat","BloodDonationMachine","Prayer Wheel","BlankCard","testmod-Alchemist","Thread and Needle","testmod-EqualTreatment","MoneyPower","Turnip","Incense Burner","Girya","testmod-BlackFramedGlasses","Leech","D4","Mango","testmod-Muramasa","BirthdayGift-Tetrahedron","Replay:Multitool","aspiration:Nostalgia","Replay:M_StaffOfTheSnake","OriginationStaff","TungstenRod","testmod-FatalChain","testmod-Laevatain","testmod-TheFather","testmod-IntensifyImprint","testmod-ObsoleteBoomerang","testmod-RealStoneCalender","aspiration:MysteriousAuxiliaryCore","testmod-D¨¦j¨¤vu","Torii","Void","REME_IWantAll","BionicSphere","CaptainsWheel","Diplopia","Bird Faced Urn","Ice Cream","YumHeart","StoneCalendar","testmod-HeartOfStrike","DianPoetry","testmod-CrystalShield","testmod-ConstraintPeriapt","SentryEyes","Circlet","Gensokyo:EmptyGrave","Prayer Wheel"],"acts_visited":["Gensokyo:Gensokyo","Gensokyo:Gensokyoer","Gensokyo:Gensokyoest"],"potions_floor_usage":[],"damage_taken":[{"damage":7.0,"enemies":"Gensokyo:2_Kodama","floor":1.0,"turns":1.0},{"damage":14.0,"enemies":"Gensokyo:3_Fairies","floor":3.0,"turns":2.0},{"damage":7.0,"enemies":"Gensokyo:Python","floor":4.0,"turns":1.0},{"damage":7.0,"enemies":"Gensokyo:2_Rabbits","floor":5.0,"turns":1.0},{"damage":7.0,"enemies":"Gensokyo:Aya","floor":7.0,"turns":1.0},{"damage":21.0,"enemies":"Gensokyo:Mamizou","floor":10.0,"turns":3.0},{"damage":22.0,"enemies":"Gensokyo:3_Kodama","floor":11.0,"turns":2.0},{"damage":14.0,"enemies":"Gensokyo:Aya","floor":12.0,"turns":2.0},{"damage":7.0,"enemies":"Gensokyo:Kitsune","floor":13.0,"turns":1.0},{"damage":14.0,"enemies":"Gensokyo:Kokoro","floor":16.0,"turns":4.0},{"damage":6.0,"enemies":"Gensokyo:2_Gloops","floor":18.0,"turns":2.0},{"damage":6.0,"enemies":"Gensokyo:CosmicMonolith","floor":20.0,"turns":2.0},{"damage":0.0,"enemies":"Gensokyo:Mirror_and_Dog","floor":22.0,"turns":1.0},{"damage":0.0,"enemies":"Gensokyo:Tenshi","floor":23.0,"turns":1.0},{"damage":0.0,"enemies":"Gensokyo:Koishi","floor":24.0,"turns":1.0},{"damage":0.0,"enemies":"Gensokyo:Reisen","floor":25.0,"turns":1.0},{"damage":0.0,"enemies":"Gensokyo:Koishi","floor":27.0,"turns":1.0},{"damage":0.0,"enemies":"Gensokyo:Tenshi","floor":28.0,"turns":1.0},{"damage":0.0,"enemies":"Gensokyo:Koishi","floor":30.0,"turns":1.0},{"damage":0.0,"enemies":"Gensokyo:Tenshi","floor":31.0,"turns":1.0},{"damage":0.0,"enemies":"Gensokyo:Kaguya","floor":33.0,"turns":1.0},{"damage":0.0,"enemies":"Gensokyo:AncientGuardian","floor":35.0,"turns":1.0},{"damage":0.0,"enemies":"Gensokyo:3_Bats","floor":38.0,"turns":1.0},{"damage":0.0,"enemies":"Gensokyo:Doremy","floor":40.0,"turns":1.0},{"damage":0.0,"enemies":"Gensokyo:Kasen","floor":42.0,"turns":1.0},{"damage":0.0,"enemies":"Gensokyo:Marisa","floor":44.0,"turns":1.0},{"damage":0.0,"enemies":"Gensokyo:Kasen","floor":45.0,"turns":1.0},{"damage":0.0,"enemies":"Gensokyo:Doremy","floor":46.0,"turns":1.0},{"damage":0.0,"enemies":"Gensokyo:Marisa","floor":48.0,"turns":1.0},{"damage":0,"enemies":"Gensokyo:Scarlet_Devils","floor":50,"turns":2}],"seed_played":"-7122199585486360970","potions_obtained":[{"floor":1.0,"key":"Flashbang"},{"floor":3.0,"key":"testmod-TimePotion"},{"floor":4.0,"key":"Adrenaline Potion"},{"floor":22.0,"key":"AttackPotion"},{"floor":23.0,"key":"Weak Potion"},{"floor":38.0,"key":"ColorlessPotion"}],"is_trial":true,"path_per_floor":["M","?","M","M","M","R","E","COS","T","E","M","E","M","$","R","B",null,"M","$","M","$","M","E","E","E","T","E","E","COS","E","E","R","B",null,"M","$","COS","M","$","E","R","E","T","E","E","E","?","E","R","B"],"character_chosen":"DEFECT","items_purchased":["Replay:Rubber Ducky","BookOfRevelations","OrangePellets","GuppysCollar","Succubus","PreservedInsect","Replay:Wax Seal","BrkXgEgg","REME_HandOfSuture","Blue Doll","Counterbalance","Technique","Bag of Preparation","BelialBook","Dream Catcher","Frozen Egg 2","Replay:Bandana","ReplayTheSpireMod:Lightbulb","Ancient Tea Set","Replay:Baseball","aspiration:HatOfInfinitePower","Civilization","Omamori","Orichalcum","Tiny Chest","Darkstone Periapt","StrikeDummy","CeramicFish","Pear","Regal Pillow","Oddly Smooth Stone","Garlic","Anchor","MostiFishMod:TalkingToTheRain+1","aspiration:EnhancedActuators","Centennial Puzzle","Unceasing Top","Toxic Egg 2","Carrot","testmod-OneHitWonder","testmod-IndustrialRevolution","testmod-LifeArmor","testmod-InjuryResistance","TuHaoJin","Sundial","Akabeko","Bottled Tornado","testmod-Brilliant","Boot","Mercury Hourglass","Lizard Tail","ReplayFunnel","TheBean","aspiration:HiddenCompartment","Pocketwatch","Pen Nib","BookofShadows","aspiration:AnachronicSnailShell","Blood Vial","aspiration:ChemicalBlood","Chameleon Ring","Toy Ornithopter","testmod-Nyarlathotep","AnarchistCookbook","White Beast Statue","DeadEye","Lantern","Bag of Marbles","Shovel","Nunchaku","ReplayTheSpireMod:TigerMarble","Vajra","DeathBook","Meat on the Bone","aspiration:StickyExplosives_weak","testmod-Maize","SalivaCoin","Gremlin Food","Eternal Feather","GnawedLeaf","Kunai","Replay:Bottled Flurry","Geode","DataDisk","Replay:Antivirus Software","Bronze Scales","Replay:Bottled Steam","testmod-Antiphasic","Replay:Mystery Machine","Replay:WaspNest","Potion Belt","War Paint","aspiration:FaultyCoupler","testmod-Justice","testmod-CasingShield","testmod-Acrobat","ReplayTheSpireMod:Ninjato","Cables","Snack Pack","ThornShield","MealTicket","Grinning Jar","Whetstone","Strawberry","Emotion Chip","Replay:Towering Pillar of Hats","GuppysTail","Quantum Egg","Art of War","Gremlin Horn","Letter Opener","GuppysPaw","Divine Protection","Iron Hammer","Calipers","PillsDrop","Mummified Hand","Replay:Bottled Eggs","D6","DoctorsRemote","InkBottle","ForgetMeNow","testmod-Fortitude","ReplayTheSpireMod:Shallot","aspiration:FrozenJewel","Solar Panel","Replay:Arrowhead","Blue Candle","Mirror","Gambling Chip","aspiration:HummingbirdHeart","testmod-BalancedPeriapt","testmod-InfectionSource","REME_LimitBreaker","MomsKnife","GuppysHead","testmod-Hope","HandDrill","Question Card","Replay:PocketPolymizer","REME_ArchaeologicalTools","Durian","Bottled Lightning","ImprovedEquipment","Replay:Ringing Soul","Ornamental Fan","testmod-BouquetWithThorns","testmod-ArcanaOfDestiny","Singing Bowl","CombinedTypeHook","Pantograph","TheBible","Symbiotic Virus","DaCapo","Replay:Accelerometer","Replay:Kaleidoscope","FossilizedHelix","DianDianMeat","BloodDonationMachine","Prayer Wheel","BlankCard","testmod-Alchemist","Thread and Needle","testmod-EqualTreatment","MoneyPower","Turnip","Incense Burner","Girya","testmod-BlackFramedGlasses","Leech","D4","Mango","testmod-Muramasa","aspiration:Nostalgia","OriginationStaff","TungstenRod","testmod-FatalChain","testmod-Laevatain","testmod-TheFather","testmod-IntensifyImprint","testmod-ObsoleteBoomerang","testmod-RealStoneCalender","aspiration:MysteriousAuxiliaryCore","testmod-D¨¦j¨¤vu","Torii","Void","REME_IWantAll","BionicSphere","CaptainsWheel","Diplopia","Bird Faced Urn","Ice Cream","YumHeart","StoneCalendar","testmod-HeartOfStrike","DianPoetry","testmod-CrystalShield","testmod-ConstraintPeriapt","SentryEyes","Circlet","Circlet","Circlet","Circlet","Circlet","Circlet","Circlet","Circlet","Circlet","Circlet","Circlet","Circlet","Circlet","Circlet","Circlet","Circlet","Circlet","Circlet","Circlet","Circlet","Circlet","Circlet","Circlet","Circlet","Circlet","Circlet","Circlet","Circlet","Circlet","Circlet","Circlet","Circlet","Circlet","Circlet","Circlet","Circlet","Circlet","Circlet","Circlet","Circlet","Circlet","Circlet","Circlet","Circlet","Circlet","Circlet","Circlet","Circlet","Circlet","Circlet","Circlet","Circlet","Circlet","Circlet","Circlet","Circlet","Circlet","Circlet","Circlet","Circlet","Circlet","Circlet"],"campfire_rested":0,"item_purchase_floors":[14,14,14,17,17,19,19,19,21,21,21,21,21,21,21,21,21,21,21,21,21,21,21,21,21,21,21,21,21,21,21,21,21,21,21,21,21,21,21,21,21,21,21,21,21,21,21,21,21,21,21,21,21,21,21,21,21,21,21,21,21,21,21,21,21,21,21,21,21,21,21,21,21,21,21,21,21,21,21,21,21,21,21,21,21,21,21,21,21,21,21,21,21,21,21,21,21,21,21,21,21,21,21,21,21,21,21,21,21,21,21,21,21,21,21,21,21,21,21,21,21,21,21,21,21,21,21,21,21,21,21,21,21,21,34,34,36,36,36,36,36,36,36,36,36,36,36,36,36,36,36,36,36,36,36,36,36,36,36,36,36,36,36,36,36,36,36,36,36,36,36,36,36,39,39,39,39,39,39,39,39,39,39,39,39,39,39,39,39,39,39,39,39,39,39,39,39,39,39,39,39,39,39,39,39,39,39,39,39,39,39,39,39,39,39,39,39,39,39,39,39,39,39,39,39,39,39,39,39,39,39,39,39,39,39,39,39,39,39,39,39,39,39,39,39,39,39,39,39,39,39,39,39,39,39,39,39,39,39,39,39],"current_hp_per_floor":[71,71,71,71,71,71,71,71,71,71,71,71,71,71,71,71,38,38,38,38,55,55,55,55,55,55,55,55,55,54,54,54,53,49,51,51,51,51,51,51,51,51,51,51,51,51,50,50,50,50,50],"gold":714,"neow_bonus":"","is_daily":false,"chose_seed":false,"campfire_upgraded":2,"win_rate":0.0,"timestamp":1609057730,"path_taken":["M","?","M","M","M","R","E","COS","T","E","M","E","M","$","R","BOSS","M","$","M","$","?","E","E","E","T","E","E","COS","E","E","R","BOSS","M","$","COS","M","$","E","R","E","T","E","E","E","?","E","R","BOSS"],"items_purchased_type":["Relic","Relic","Relic","Relic","Relic","Relic","Relic","Relic","Relic","Relic","Relic","Relic","Relic","Relic","Relic","Relic","Relic","Relic","Relic","Relic","Relic","Relic","Relic","Relic","Relic","Relic","Relic","Relic","Relic","Relic","Relic","Relic","Relic","Card","Relic","Relic","Relic","Relic","Relic","Relic","Relic","Relic","Relic","Relic","Relic","Relic","Relic","Relic","Relic","Relic","Relic","Relic","Relic","Relic","Relic","Relic","Relic","Relic","Relic","Relic","Relic","Relic","Relic","Relic","Relic","Relic","Relic","Relic","Relic","Relic","Relic","Relic","Relic","Relic","Relic","Relic","Relic","Relic","Relic","Relic","Relic","Relic","Relic","Relic","Relic","Relic","Relic","Relic","Relic","Relic","Relic","Relic","Relic","Relic","Relic","Relic","Relic","Relic","Relic","Relic","Relic","Relic","Relic","Relic","Relic","Relic","Relic","Relic","Relic","Relic","Relic","Relic","Relic","Relic","Relic","Relic","Relic","Relic","Relic","Relic","Relic","Relic","Relic","Relic","Relic","Relic","Relic","Relic","Relic","Relic","Relic","Relic","Relic","Relic","Relic","Relic","Relic","Relic","Relic","Relic","Relic","Relic","Relic","Relic","Relic","Relic","Relic","Relic","Relic","Relic","Relic","Relic","Relic","Relic","Relic","Relic","Relic","Relic","Relic","Relic","Relic","Relic","Relic","Relic","Relic","Relic","Relic","Relic","Relic","Relic","Relic","Relic","Relic","Relic","Relic","Relic","Relic","Relic","Relic","Relic","Relic","Relic","Relic","Relic","Relic","Card","Relic","Relic","Relic","Relic","Relic","Relic","Relic","Relic","Relic","Relic","Relic","Relic","Relic","Undefined","Undefined","Undefined","Undefined","Undefined","Undefined","Undefined","Undefined","Undefined","Undefined","Undefined","Undefined","Undefined","Undefined","Undefined","Undefined","Undefined","Undefined","Undefined","Undefined","Undefined","Undefined","Undefined","Undefined","Undefined","Undefined","Undefined","Undefined","Undefined","Undefined","Undefined","Undefined","Undefined","Undefined","Undefined","Undefined","Undefined","Undefined","Undefined","Undefined","Undefined","Undefined","Undefined","Undefined","Undefined","Undefined","Undefined","Undefined","Undefined","Undefined","Undefined","Undefined","Undefined","Undefined","Undefined","Undefined","Undefined","Undefined","Undefined","Undefined","Undefined","Undefined"],"build_version":"2020-12-22","purchased_purges":6,"victory":false,"max_hp_per_floor":[71,71,71,71,71,71,71,71,71,71,71,71,71,71,71,71,38,38,38,38,55,55,55,55,55,55,55,55,55,54,54,54,53,51,51,51,51,51,51,51,51,51,51,51,51,51,50,50,50,50,50],"card_choices":[{"not_picked":["MostiFishMod:Overload","Biased Cognition","MostiFishMod:StarOceanB","Hyperbeam"],"picked":"ElectricPowerLearning","floor":7.0},{"not_picked":["MostiFishMod:InterfaceCompatibility","Meteor Strike","MostiFishMod:ATRI","MostiFishMod:Overload"],"picked":"MostiFishMod:IntelligentEquipment","floor":10.0},{"not_picked":["All For One","Meteor Strike","Amplify","ReplayTheSpireMod:Omega Cannon"],"picked":"MostiFishMod:ActiveDefenseSystem","floor":11.0},{"not_picked":["All For One","MostiFishMod:Prepare","MostiFishMod:InterfaceCompatibility","ReplayRNGCard"],"picked":"ReplayTheSpireMod:Fabricate Wheel","floor":12.0},{"not_picked":["Mirror Shield","MostiFishMod:GoodWordForIt","MostiFishMod:Hijack","MostiFishMod:Exploitation"],"picked":"ReplayTheSpireMod:Fabricate Wheel","floor":16.0},{"not_picked":["REME_Compress","Rebound","Barrage","Self Repair","Beam Cell"],"picked":"SKIP","floor":18.0},{"not_picked":["Glacier","Steam","Compile Driver+1","Hologram+1"],"picked":"Heatsinks","floor":20.0},{"not_picked":["Hologram+1","Conserve Battery+1","Steam+1","Turbo+1"],"picked":"Recycle+1","floor":22.0},{"not_picked":["Core Surge+1","REME_ForAll+1","Rainbow+1","MostiFishMod:Culaccino+1"],"picked":"MostiFishMod:Distribution+1","floor":23.0},{"not_picked":["Biased Cognition+1","Electrodynamics+1","ElectricPowerLearning+1","Machine Learning+1"],"picked":"MostiFishMod:ReadyAimFire+1","floor":24.0},{"not_picked":["MostiFishMod:StarOceanB+1","MostiFishMod:ActiveDefenseSystem+1","Core Surge+1","Multi-Cast+1"],"picked":"Seek+1","floor":25.0},{"not_picked":["MostiFishMod:Hijack+1","Hyperbeam+1","Biased Cognition+1","Meteor Strike+1"],"picked":"ReplayTheSpireMod:Fabricate Wheel+1","floor":27.0},{"not_picked":["MostiFishMod:StarOceanB+1","MostiFishMod:GoodWordForIt+1","MostiFishMod:IntelligentEquipment+1","ReplayTheSpireMod:Omega Cannon+1","MostiFishMod:Exploitation+1"],"picked":"SKIP","floor":28.0},{"not_picked":["Echo Form+1","All For One+1","MostiFishMod:IceShield+1","Buffer+1"],"picked":"Creative AI+1","floor":30.0},{"not_picked":["ElectricPowerLearning+1","MostiFishMod:Culaccino+1","MostiFishMod:TalkingToTheRain+1","Creative AI+1"],"picked":"Amplify+1","floor":31.0},{"not_picked":["Machine Learning+1","Meteor Strike+1","MostiFishMod:ReadyAimFire+1","Thunder Strike+1"],"picked":"MostiFishMod:SeaWaves+1","floor":33.0},{"not_picked":["REME_SelfUpgrade+1","Thunderclap+1","Compile Driver+1","Sweeping Beam+1","Stack+1","ReplayTheSpireMod:LeadingStrike+1"],"picked":"SKIP","floor":35.0},{"not_picked":["Anger+1","Warcry+1","Go for the Eyes+1","Shrug It Off+1","Inflame+1","Stack+1"],"picked":"SKIP","floor":35.0},{"not_picked":["ReplayTheSpireMod:Strike From Hell+1","Steam+1","Chill+1","Anger+1","Havoc+1","Storm+1","REME_TheLastStrike+1"],"picked":"Singing Bowl","floor":38.0},{"not_picked":["Flame Barrier+1","Conserve Battery+1","Run Through+1","Cold Snap+1","ReplayTheSpireMod:Muscle Training+1","ReplaySolidLightProjector+1","Ball Lightning+1"],"picked":"Singing Bowl","floor":38.0},{"not_picked":["ReplayTheSpireMod:Muscle Training+1","White Noise+1","Armaments+1","Pummel+1","Shrug It Off+1","Seeing Red+1","Coolheaded+1"],"picked":"Singing Bowl","floor":38.0},{"not_picked":["Seek+1","Juggernaut+1","Grand Finale+1","Hemogenesis+1","MostiFishMod:FlyOverUtopia+1","Immolate+1"],"picked":"Offering+1","floor":40.0},{"not_picked":["Bullet Time+1","Immolate+1","Biased Cognition+1","MostiFishMod:ATRI+1","MostiFishMod:OrdinaryWorld+1","MostiFishMod:SeaWaves+1","MostiFishMod:FlyOverUtopia+1"],"picked":"Singing Bowl","floor":42.0},{"not_picked":["MostiFishMod:DarkDeal+1","Feed+1","Corruption+1","Fiend Fire+1","Hyperbeam+1","Brutality+1"],"picked":"ReplayTheSpireMod:Fabricate Wheel+1","floor":44.0},{"not_picked":["Seek+1","Fiend Fire+1","Night Terror+1","MostiFishMod:DarkDeal+1","MostiFishMod:Distribution+1","Rainbow+1"],"picked":"MostiFishMod:DawningShadow+1","floor":45.0},{"not_picked":["Die Die Die+1","Creative AI+1","MostiFishMod:Culaccino+1","Corruption+1","Tools of the Trade+1","Buffer+1"],"picked":"Adrenaline+1","floor":46.0},{"not_picked":["MostiFishMod:IntelligentEquipment+1","Bludgeon+1","MostiFishMod:ATRI+1","MostiFishMod:IceShield+1","MostiFishMod:SeaWaves+1","Corruption+1"],"picked":"Adrenaline+1","floor":48.0}],"player_experience":655973,"relics_obtained":[{"floor":1.0,"key":"Onion Ring"},{"floor":1.0,"key":"SynthV:TestCard"},{"floor":3.0,"key":"aspiration:Lifesprig"},{"floor":4.0,"key":"Pondfish Scales"},{"floor":5.0,"key":"UnicornStump"},{"floor":7.0,"key":"testmod-CyclicPeriapt"},{"floor":10.0,"key":"PunchingBag"},{"floor":11.0,"key":"testmod-AssaultLearning"},{"floor":12.0,"key":"HowToJump"},{"floor":13.0,"key":"SynthV:C4"},{"floor":18.0,"key":"aspiration:SeaSaltIceCream"},{"floor":20.0,"key":"The Courier"},{"floor":22.0,"key":"Ginger"},{"floor":23.0,"key":"Matryoshka"},{"floor":24.0,"key":"aspiration:FetidBarrel"},{"floor":25.0,"key":"ArrowTower"},{"floor":26.0,"key":"SatanicBible"},{"floor":26.0,"key":"Du-Vu Doll"},{"floor":27.0,"key":"SharpPlug"},{"floor":28.0,"key":"Shuriken"},{"floor":30.0,"key":"Molten Egg 2"},{"floor":31.0,"key":"Golden Egg"},{"floor":35.0,"key":"HornCleat"},{"floor":38.0,"key":"Replay:Multitool"},{"floor":40.0,"key":"Circlet"},{"floor":42.0,"key":"Circlet"},{"floor":43.0,"key":"Circlet"},{"floor":43.0,"key":"Circlet"},{"floor":44.0,"key":"Circlet"},{"floor":45.0,"key":"Circlet"},{"floor":46.0,"key":"Circlet"},{"floor":48.0,"key":"Circlet"}],"event_choices":[],"is_beta":false,"boss_relics":[{"not_picked":["NightmareShop","BloodWine"],"picked":"TimeKeys"},{"not_picked":[]},{"not_picked":["Snecko Heart","Replay:Ancient Bell"],"picked":"aspiration:IroncladSkillbook"},{"not_picked":[]}],"items_purged_floors":[14,17,19,21,36,39],"is_endless":false,"potions_floor_spawned":[1,3,4,18,22,23,25,27,28,30,31,33,35,38,40,42,44,45,46,48],"killed_by":"Gensokyo:Scarlet_Devils","ascension_level":20}}