{"host":"toh0bbw446wnuexf","time":1609042253,"event":{"mods":["BaseMod","Downfall","Hermit","Minty Spire (QoL Compilation)","Random Character Button","StSLib"],"gold_per_floor":[119,99,49,69,116,116,147,147,215,215,227,73,91,106,106,205,205,218,218,218,235,135,135,135],"floor_reached":23,"playtime":1386,"items_purged":["hermit:Strike_Hermit","hermit:Defend_Hermit"],"score":198,"play_id":"0ea566cb-4731-4842-9cf1-a2bc4d6d8283","local_time":"20201227171053","is_ascension_mode":true,"campfire_choices":[{"data":"hermit:Dive","floor":6,"key":"SMITH"},{"data":"hermit:Headshot","floor":8,"key":"SMITH"},{"data":"hermit:GhostlyPresence","floor":10,"key":"SMITH"},{"floor":15,"key":"REST"}],"circlet_count":0,"master_deck":["hermit:Strike_Hermit","hermit:Strike_Hermit","hermit:Defend_Hermit","hermit:Defend_Hermit","hermit:Defend_Hermit","hermit:Snapshot","hermit:Headshot+1","hermit:Dive+1","hermit:GhostlyPresence+1","hermit:Deadeye"],"relics":["hermit:Momento","Nunchaku","Toy Ornithopter","Kunai","Velvet Choker"],"acts_visited":["Exordium","TheCity"],"potions_floor_usage":[13,16,16],"damage_taken":[{"damage":0,"enemies":"Small Slimes","floor":1,"turns":4},{"damage":6,"enemies":"Jaw Worm","floor":4,"turns":2},{"damage":29,"enemies":"3 Sentries","floor":7,"turns":11},{"damage":0,"enemies":"Cultist","floor":11,"turns":3},{"damage":1,"enemies":"Exordium Wildlife","floor":13,"turns":4},{"damage":0,"enemies":"2 Fungi Beasts","floor":14,"turns":3},{"damage":29,"enemies":"Hexaghost","floor":16,"turns":14},{"damage":4,"enemies":"Chosen","floor":18,"turns":7},{"damage":0,"enemies":"Shell Parasite","floor":21,"turns":5},{"damage":68,"enemies":"Slavers","floor":23,"turns":7}],"seed_played":"9122813483235536760","potions_obtained":[{"floor":4,"key":"hexamod:EctoCoolerPotion"},{"floor":13,"key":"EntropicBrew"},{"floor":14,"key":"SpeedPotion"},{"floor":16,"key":"FearPotion"}],"is_trial":false,"path_per_floor":["M","?","?","M","T","R","E","R","T","R","M","$","M","M","R","B",null,"M","?","?","M","$","E"],"character_chosen":"HERMIT","items_purchased":["hermit:Deadeye"],"campfire_rested":1,"item_purchase_floors":[12],"current_hp_per_floor":[75,75,75,69,69,69,40,40,40,40,40,40,44,44,66,47,75,71,57,57,57,57,0,0],"gold":135,"neow_bonus":"TRANSFORM_CARD","is_daily":false,"chose_seed":false,"campfire_upgraded":3,"win_rate":0.0,"timestamp":1609042253,"path_taken":["M","?","?","M","?","R","E","R","T","R","M","$","M","?","R","BOSS","M","?","?","M","$","E"],"items_purchased_type":["Card"],"build_version":"2020-12-22","purchased_purges":2,"victory":false,"max_hp_per_floor":[75,75,75,75,75,75,75,75,75,75,75,75,75,75,75,75,75,75,80,80,80,80,80,80],"card_choices":[{"not_picked":["hermit:WideOpen","hermit:LowProfile","hermit:NoHoldsBarred"],"picked":"SKIP","floor":1},{"not_picked":["hermit:Glare","hermit:Coalescence"],"picked":"hermit:Dive","floor":4},{"not_picked":["hermit:HoleUp","hermit:EyeOfTheStorm"],"picked":"hermit:GhostlyPresence","floor":7},{"not_picked":["hermit:WideOpen","hermit:GhostlyPresence","hermit:Grudge"],"picked":"SKIP","floor":11},{"not_picked":["hermit:EyeOfTheStorm","hermit:Glare","hermit:Midnight"],"picked":"SKIP","floor":13},{"not_picked":["hermit:Glare","hermit:Purgatory","hermit:ItchyTrigger"],"picked":"SKIP","floor":14},{"not_picked":["hermit:LoneWolf","hermit:Showdown","hermit:LuckOfTheDraw"],"picked":"SKIP","floor":18},{"not_picked":["hermit:ShadowCloak","hermit:Combo","hermit:Showdown"],"picked":"SKIP","floor":21},{"not_picked":["hermit:ShadowCloak","hermit:Combo","hermit:Showdown"],"picked":"SKIP","floor":21}],"player_experience":541091,"relics_obtained":[{"floor":5,"key":"Nunchaku"},{"floor":7,"key":"Toy Ornithopter"},{"floor":9,"key":"Kunai"}],"event_choices":[{"damage_healed":0,"gold_gain":0,"player_choice":"Left Gold","damage_taken":0,"max_hp_gain":0,"max_hp_loss":0,"event_name":"World of Goop","floor":2,"gold_loss":20},{"cards_removed":["hermit:Strike_Hermit"],"damage_healed":0,"gold_gain":0,"player_choice":"Card Removal","damage_taken":0,"max_hp_gain":0,"max_hp_loss":0,"event_name":"The Cleric","floor":3,"gold_loss":50},{"damage_healed":0,"gold_gain":0,"player_choice":"Shed Blood","damage_taken":19,"max_hp_gain":5,"max_hp_loss":0,"event_name":"Forgotten Altar","floor":19,"gold_loss":0},{"damage_healed":0,"gold_gain":0,"player_choice":"Ignored","damage_taken":0,"max_hp_gain":0,"max_hp_loss":0,"event_name":"Ghosts","floor":20,"gold_loss":0}],"is_beta":false,"boss_relics":[{"not_picked":["Coffee Dripper","Snecko Eye"],"picked":"Velvet Choker"}],"items_purged_floors":[12,22],"is_endless":false,"potions_floor_spawned":[4,13,14,16],"killed_by":"Slavers","ascension_level":1}}