{"host":"sq47jrc0rc6pjvhj","time":1609080885,"event":{"mods":["Abigail Mod","AchievementEnabler","Act Like it!","Ascension Reborn","BaseMod","Colored Map","Custom Start","Friendly Minions","Hallownest","Infinite Spire","KOR Keyword Fix","Minty Spire (QoL Compilation)","Prisma Mod","Replay The Spire","StSLib","SuperFastMode","Td1madao Mod","The Animator","The Bug Knight","The Cursed","The Hierophant","The Runesmith"],"gold_per_floor":[126,167,190,206,75,75,117,213,213,271,331,331,342,370,370,521,521,551,551,581,581,724,783,783,577,577,577,618,618,573,573,573,733,733,763,792,792,832,862,862,910,433,488,488,690,690,690,727,738,907,907,907,907],"floor_reached":52,"playtime":2977,"items_purged":["Defend_B+1","Defend_B+1","Defend_B+1","Ball Lightning+1"],"score":205,"play_id":"eedec563-2d15-49f8-9c81-6e9f122410f9","local_time":"20201227235445","is_ascension_mode":true,"campfire_choices":[{"data":"Chaos","floor":6,"key":"SMITH"},{"data":"Hologram","floor":12,"key":"SMITH"},{"data":"Coolheaded","floor":12,"key":"SMITH"},{"data":"BasicCrystalCard","floor":15,"key":"SMITH"},{"data":"infinitespire:Fortify","floor":24,"key":"SMITH"},{"data":"Ball Lightning","floor":24,"key":"SMITH"},{"floor":29,"key":"REST"},{"data":"Zap+1","floor":32,"key":"PURGE"},{"floor":40,"key":"DIG"},{"floor":44,"key":"DIG"},{"data":"infinitespire:Oblivion","floor":46,"key":"SMITH"},{"data":"TheCursedMod:Dregs","floor":47,"key":"PURGE"},{"floor":49,"key":"REST"}],"circlet_count":0,"master_deck":["Dualcast+1","Consume+1","Chaos+1","BasicCrystalCard+1","Trip+1","Coolheaded+1","Hologram+1","BasicCrystalCard+1","Fusion+1","infinitespire:Fortify+1","Echo Form+1","Ball Lightning+1","Cold Snap+1","Double Energy+1","Mirror Shield+1","Darkness+1","infinitespire:Oblivion+1","Loop+1","Conserve Battery+1","Mirror Shield+1"],"relics":["FrozenCore","Black Star","Black Blood","Black Blood","Bag of Marbles","Bag of Marbles","Bag of Preparation","Ring of the Serpent","Bird Faced Urn","Omamori","Medical Kit","Blue Candle","Brimstone","Busted Crown","Busted Crown","Ice Cream","Mummified Hand","Mummified Hand","Question Card","Question Card","Question Card","Question Card","Question Card","Shovel","Peace Pipe","Dream Catcher","Singing Bowl","Replay:Arrowhead","Calipers","CaptainsWheel","CeramicFish","Champion Belt","Ginger","Turnip","Odd Mushroom","Chemical X","Chemical X","Chemical X","ClockworkSouvenir","ClockworkSouvenir","ClockworkSouvenir","ClockworkSouvenir","ClockworkSouvenir","Apod","Apod","Apod","Apod","Apod","Replay:Antivirus Software","DataDisk","DataDisk","DataDisk","DataDisk","DataDisk","DataDisk","DataDisk","DataDisk","DataDisk","DataDisk","Du-Vu Doll","Emotion Chip","Emotion Chip","Emotion Chip","FaceOfCleric","FaceOfCleric","FaceOfCleric","FaceOfCleric","FaceOfCleric","FossilizedHelix","FossilizedHelix","FossilizedHelix","FossilizedHelix","FossilizedHelix","FrozenCore","Golden Idol","Gremlin Horn","Gremlin Horn","Gremlin Horn","HandDrill","HandDrill","HandDrill","Happy Flower","Happy Flower","Happy Flower","HornCleat","HornCleat","HornCleat","HornCleat","HornCleat","Incense Burner","Inserter","Juzu Bracelet","Vajra","Vajra","Vajra","Oddly Smooth Stone","Oddly Smooth Stone","Oddly Smooth Stone","Kunai","Kunai","Kunai","Shuriken","Shuriken","Shuriken","Lantern","Lantern","Lantern","Lantern","Lantern","Magic Flower","Magic Flower","Magic Flower","Matryoshka","MealTicket","Meat on the Bone","Membership Card","Membership Card","Pantograph","Pantograph","Pantograph","Paper Crane","Paper Frog","Potion Belt","Potion Belt","Potion Belt","Potion Belt","Red Mask","Red Mask","Red Mask","Red Skull","Red Skull","Red Skull","Regal Pillow","Regal Pillow","Regal Pillow","Runic Capacitor","Runic Capacitor","Runic Cube","Runic Cube","SacredBark","SacredBark","SacredBark","SacredBark","SacredBark","Sling","Sling","Sling","Sling","Sling","Smiling Mask","Strange Spoon","Sundial","Sundial","Sundial","Symbiotic Virus","Symbiotic Virus","Symbiotic Virus","The Courier","Tingsha","Tingsha","Tingsha","Thread and Needle","Thread and Needle","Thread and Needle","Thread and Needle","Thread and Needle","Torii","Tough Bandages","Tough Bandages","Tough Bandages","Tough Bandages","Tough Bandages","Toy Ornithopter","Toy Ornithopter","Toy Ornithopter","TungstenRod","TungstenRod","TungstenRod","TungstenRod","TungstenRod","TwistedFunnel","WarpedTongs","WarpedTongs","WarpedTongs","White Beast Statue","White Beast Statue","Golden Egg","Replay:Towering Pillar of Hats","HollowMod:LifeEnderRelic","Runesmith:Nanobots","infinitespire:CursedDice","Whetstone","Replay:Rubber Ducky","Juzu Bracelet","Letter Opener","infinitespire:BottledMercury","Turnip","Omamori","Durian","infinitespire:WardingShard","Quantum Egg","Bottled Tornado","Bottled Lightning","Singing Bowl","Toxic Egg 2","Runesmith:Locket","Toy Ornithopter","Potion Belt","Garlic","Cauldron","Tiny Chest","Strawberry","War Paint","infinitespire:FocusingShard","Blue Doll","Replay:Bandana","Bag of Preparation","infinitespire:Beetle Shell","TungstenRod","ReplayTheSpireMod:CursedCoin","WingedGreaves","Unceasing Top","Inserter"],"acts_visited":["Exordium","Hallownest:Greenpath","Hallownest:CityofTears","Hallownest:KingdomsEdge"],"potions_floor_usage":[1,4,10,16,16,23,23,33,33,33,33,35,41,41,41,41,50,50,50,50,50,50,50],"damage_taken":[{"damage":0,"enemies":"Hallownest:2_Tiktiks_and_1_Crawlid","floor":1,"turns":1},{"damage":0,"enemies":"Hallownest:monsterHuskGuard","floor":2,"turns":1},{"damage":0,"enemies":"Hallownest:2_MossCreeps","floor":3,"turns":2},{"damage":0,"enemies":"Hallownest:2_Tiktiks_1_Baldur_1_Crawlid","floor":4,"turns":1},{"damage":0,"enemies":"Hallownest:eliteCrystalGuardian","floor":7,"turns":2},{"damage":0,"enemies":"Hallownest:eliteMossKnight","floor":10,"turns":1},{"damage":0,"enemies":"Hallownest:eliteVengeflyKing","floor":11,"turns":1},{"damage":0,"enemies":"Hallownest:Guard_and_Warrior","floor":14,"turns":1},{"damage":0,"enemies":"Hallownest:BossFalseKnight","floor":16,"turns":2},{"damage":0,"enemies":"Hallownest:2_Mistakes","floor":18,"turns":2},{"damage":0,"enemies":"Hallownest:Guard_and_Sentry","floor":20,"turns":1},{"damage":0,"enemies":"Nightmare","floor":23,"turns":2},{"damage":0,"enemies":"Hallownest:2_Husk_Sentries","floor":28,"turns":1},{"damage":0,"enemies":"Hallownest:BossGrimm","floor":33,"turns":4},{"damage":0,"enemies":"Hallownest:3_Siblings","floor":35,"turns":1},{"damage":0,"enemies":"Hallownest:Shield_Heavy","floor":36,"turns":1},{"damage":0,"enemies":"Hallownest:2_Wandering_and_1_Horned","floor":38,"turns":2},{"damage":0,"enemies":"Nightmare","floor":41,"turns":2},{"damage":0,"enemies":"Hallownest:2_Great","floor":48,"turns":1},{"damage":0,"enemies":"Hallownest:BossHollowKnight","floor":50,"turns":4},{"damage":0,"enemies":"Hallownest:monsterHuskWarrior","floor":52,"turns":1}],"seed_played":"8501986063580820534","potions_obtained":[{"floor":1,"key":"Fruit Juice"},{"floor":1,"key":"Block Potion"},{"floor":2,"key":"SkillPotion"},{"floor":2,"key":"Languid Potion"},{"floor":3,"key":"Fire Potion"},{"floor":4,"key":"infinitespire:BlackPotion"},{"floor":10,"key":"Adrenaline Potion"},{"floor":14,"key":"infinitespire:BlackPotion"},{"floor":18,"key":"PowerPotion"},{"floor":18,"key":"Block Potion"},{"floor":20,"key":"FocusPotion"},{"floor":28,"key":"Dexterity Potion"},{"floor":28,"key":"Fire Potion"},{"floor":35,"key":"Swift Potion"},{"floor":36,"key":"Weak Potion"},{"floor":36,"key":"Energy Potion"},{"floor":38,"key":"Energy Potion"},{"floor":38,"key":"Energy Potion"},{"floor":41,"key":"EntropicBrew"},{"floor":42,"key":"infinitespire:BlackPotion"},{"floor":42,"key":"PowerPotion"},{"floor":42,"key":"Languid Potion"},{"floor":42,"key":"Energy Potion"},{"floor":42,"key":"DuplicationPotion"},{"floor":48,"key":"Fire Potion"},{"floor":48,"key":"Milkshake"},{"floor":50,"key":"ColorlessPotion"}],"is_trial":false,"path_per_floor":["M","M","M","M","$","R","E","?","T","E","E","R","?","M","R","B",null,"M","?","M","?","?","NM","R","$","T","AVR","M","R","?","?","R","B",null,"M","M","?","M","?","R","NM","$","T","R","AVR","R","R","M","R","B",null,"M"],"character_chosen":"DEFECT","items_purchased":["Replay:Towering Pillar of Hats","BasicCrystalCard","Quantum Egg","Ball Lightning+1","Bottled Tornado","Cold Snap","Cauldron","Tiny Chest","Strawberry","War Paint","infinitespire:FocusingShard","Blue Doll","Replay:Bandana","Bag of Preparation"],"campfire_rested":2,"item_purchase_floors":[5,5,25,25,25,25,42,42,42,42,42,42,42,42],"current_hp_per_floor":[103,108,115,122,122,122,129,129,129,134,139,139,139,146,146,157,157,162,162,167,167,167,177,177,177,177,177,182,184,184,184,184,193,193,200,207,207,212,212,212,219,226,226,226,226,226,226,231,231,240,240,240,240],"gold":907,"neow_bonus":"TEN_PERCENT_HP_BONUS","is_daily":false,"chose_seed":false,"campfire_upgraded":7,"win_rate":0.0,"timestamp":1609080885,"path_taken":["M","M","M","M","?","R","E","?","T","E","E","R","?","M","R","BOSS","M","?","M","?","?","NM","R","?","T","AVR","M","R","?","?","R","BOSS","M","M","?","M","?","R","NM","$","T","R","AVR","R","R","M","R","BOSS","M"],"items_purchased_type":["Relic","Card","Relic","Card","Relic","Card","Relic","Relic","Relic","Relic","Relic","Relic","Relic","Relic"],"build_version":"2020-12-22","purchased_purges":4,"victory":false,"max_hp_per_floor":[103,108,115,122,122,122,129,129,129,134,139,139,139,146,146,157,157,162,162,167,167,167,177,177,177,177,177,182,184,184,184,184,193,193,200,207,207,212,212,212,219,226,226,226,226,226,226,231,231,240,240,240,240],"card_choices":[{"not_picked":["Barrage","Self Repair","Panic Button","Consume"],"picked":"Singing Bowl","floor":1},{"not_picked":["Barrage","Turbo","Fission"],"picked":"Chaos","floor":2},{"not_picked":["Panic Button","Rebound","Barrage","Redo"],"picked":"Singing Bowl","floor":3},{"not_picked":["Defragment","Leap","Turbo","Redo"],"picked":"Singing Bowl","floor":4},{"not_picked":["Barrage","Multi-Cast","ReplayTheSpireMod:Calculation Training","Lockon"],"picked":"Singing Bowl","floor":7},{"not_picked":["ReplayTheSpireMod:Repulse","Self Repair","Steam Power"],"picked":"Coolheaded","floor":10},{"not_picked":["Sweeping Beam","Leap","Defragment"],"picked":"Hologram","floor":11},{"not_picked":["Skim","Hologram","Gash","Auto Shields"],"picked":"Singing Bowl","floor":14},{"not_picked":["Multi-Cast","Fission","Thunder Strike","Reboot"],"picked":"Singing Bowl","floor":16},{"not_picked":["Turbo","Go for the Eyes+1","Redo"],"picked":"Ball Lightning","floor":18},{"not_picked":["Redo","Sweeping Beam","BasicCrystalCard+1"],"picked":"Fusion+1","floor":20},{"not_picked":["infinitespire:DeathsTouch","infinitespire:Menacing"],"picked":"infinitespire:Fortify","floor":23},{"not_picked":["ReplayTheSpireMod:GoodbyeWorld","Heatsinks","Time Bomb"],"picked":"Echo Form","floor":23},{"not_picked":["ReplayTheSpireMod:Calculation Training","Beam Cell+1","Cold Snap"],"picked":"Double Energy+1","floor":28},{"not_picked":["Go for the Eyes+1","Ball Lightning","Sunder","Fusion+1"],"picked":"Singing Bowl","floor":29},{"not_picked":["Reboot+1","Seek+1","Fission+1"],"picked":"Mirror Shield+1","floor":33},{"not_picked":["ReplayTheSpireMod:Repulse+1","FIFO Queue+1","Hologram+1","FTL"],"picked":"Singing Bowl","floor":35},{"not_picked":["Turbo+1","Stack+1","Redo+1","ReplaySort+1"],"picked":"Singing Bowl","floor":36},{"not_picked":["Blizzard","Gash","Ball Lightning+1"],"picked":"Darkness+1","floor":38},{"not_picked":["Turbo+1","Hologram+1","Stack+1","Machine Learning"],"picked":"Singing Bowl","floor":41},{"not_picked":["Coolheaded+1","Rebound+1","Melter"],"picked":"Loop+1","floor":48},{"not_picked":["Sunder","Leap+1","Turbo+1"],"picked":"Conserve Battery+1","floor":49},{"not_picked":["Core Surge","Amplify+1","Fission+1"],"picked":"Mirror Shield+1","floor":50}],"player_experience":1191502,"relics_obtained":[{"floor":1,"key":"Golden Egg"},{"floor":7,"key":"HollowMod:LifeEnderRelic"},{"floor":9,"key":"Runesmith:Nanobots"},{"floor":9,"key":"infinitespire:CursedDice"},{"floor":9,"key":"Whetstone"},{"floor":10,"key":"Replay:Rubber Ducky"},{"floor":10,"key":"Juzu Bracelet"},{"floor":11,"key":"Letter Opener"},{"floor":11,"key":"infinitespire:BottledMercury"},{"floor":16,"key":"Turnip"},{"floor":18,"key":"Omamori"},{"floor":23,"key":"Durian"},{"floor":23,"key":"infinitespire:WardingShard"},{"floor":26,"key":"Bottled Lightning"},{"floor":26,"key":"Singing Bowl"},{"floor":33,"key":"Runesmith:Locket"},{"floor":40,"key":"Toy Ornithopter"},{"floor":41,"key":"Potion Belt"},{"floor":41,"key":"Garlic"},{"floor":43,"key":"infinitespire:Beetle Shell"},{"floor":44,"key":"TungstenRod"},{"floor":50,"key":"Unceasing Top"}],"event_choices":[],"is_beta":false,"boss_relics":[{"not_picked":["ReplayTheSpireMod:SealedPack","Busted Crown","Pandora\u0027s Box"]},{"not_picked":["Coffee Dripper","Abe\u0027s Treasure"],"picked":"FrozenCore"},{"not_picked":["Snecko Eye","Black Star"],"picked":"Inserter"}],"items_purged_floors":[5,25,27,45],"is_endless":true,"potions_floor_spawned":[1,2,3,4,14,18,20,28,35,36,38,48],"killed_by":"Hallownest:monsterHuskWarrior","ascension_level":-20}}