{"host":"hhqi7w94rsi31r70","time":1609037298,"event":{"mods":["Act Like it!","BaseMod","Colored Map","GifTheSpireLib","Hallownest","Highlight Path","Minty Spire (QoL Compilation)","Robot Space Explorer","Shade Mod","StSLib","The Hierophant","The Saiyan","The Servant 0.9.4","[地精首领爬塔]The Maniac"],"gold_per_floor":[117,117,128,78,78,78,88,88,88,88,98,98,122,137,137,267,267,290,315,315,315,101,101,118,118,118,118,138,169,169,179,179,278,278,288,8,58,58,112,131,131,145,213,213,223,235,254,154,154,154],"floor_reached":51,"playtime":2362,"items_purged":["Strike_S","Strike_S","Strike_S"],"score":777,"play_id":"596d2254-db7a-4e55-b03c-1b595ff322f8","local_time":"20201227104818","is_ascension_mode":true,"campfire_choices":[{"data":"LightFlow","floor":6,"key":"SMITH"},{"data":"Rearm","floor":8,"key":"SMITH"},{"data":"KidneyShot","floor":10,"key":"SMITH"},{"data":"InstantArmor","floor":15,"key":"SMITH"},{"data":"Sunlight","floor":23,"key":"SMITH"},{"data":"SoulSculpture","floor":25,"key":"SMITH"},{"data":"MurderousAura","floor":27,"key":"SMITH"},{"data":"Contraction","floor":32,"key":"SMITH"},{"data":"TheWorld","floor":41,"key":"SMITH"},{"data":"LightFlow","floor":44,"key":"SMITH"},{"data":"Defy","floor":49,"key":"SMITH"}],"circlet_count":0,"master_deck":["Defend_S","Defend_S","Defend_S","Defend_S","KidneyShot","Exchange","Rearm+1","KidneyShot+1","LightFlow+1","BottledTime","ShatteredReality","InstantArmor+1","Sunlight+1","MurderousAura+1","SoulSculpture+1","Starlight+1","Contraction+1","LightFlow+1","Defy+1","Impatience","ShiftingGears+1","TheWorld+1","GearUp+1","Contraction"],"relics":["SplendidAttire","MealTicket","Regal Pillow","Bloody Idol","Nunchaku","Red Mask","PreservedInsect","StoneMask","Sling","Lizard Tail","Turnip","The Courier"],"acts_visited":["Exordium","TheCity","TheBeyond"],"potions_floor_usage":[16,16,16,24,33,33,46,47,50],"damage_taken":[{"damage":2,"enemies":"2 Louse","floor":1,"turns":4},{"damage":4,"enemies":"Cultist","floor":3,"turns":3},{"damage":0,"enemies":"Small Slimes","floor":7,"turns":3},{"damage":1,"enemies":"Looter","floor":11,"turns":2},{"damage":0,"enemies":"Red Slaver","floor":13,"turns":1},{"damage":0,"enemies":"Blue Slaver","floor":14,"turns":2},{"damage":9,"enemies":"Hexaghost","floor":16,"turns":8},{"damage":6,"enemies":"2 Thieves","floor":18,"turns":3},{"damage":0,"enemies":"3 Byrds","floor":19,"turns":3},{"damage":0,"enemies":"3 Cultists","floor":24,"turns":2},{"damage":17,"enemies":"Snake Plant","floor":28,"turns":3},{"damage":0,"enemies":"Masked Bandits","floor":29,"turns":2},{"damage":0,"enemies":"Cultist and Chosen","floor":31,"turns":3},{"damage":24,"enemies":"Automaton","floor":33,"turns":7},{"damage":2,"enemies":"Orb Walker","floor":35,"turns":2},{"damage":2,"enemies":"Mind Bloom Boss Battle","floor":37,"turns":6},{"damage":20,"enemies":"2 Orb Walkers","floor":39,"turns":3},{"damage":0,"enemies":"3 Shapes","floor":40,"turns":2},{"damage":0,"enemies":"Transient","floor":42,"turns":5},{"damage":0,"enemies":"Jaw Worm Horde","floor":45,"turns":2},{"damage":2,"enemies":"Writhing Mass","floor":46,"turns":4},{"damage":40,"enemies":"4 Shapes","floor":47,"turns":4},{"damage":110,"enemies":"Awakened One","floor":50,"turns":24}],"seed_played":"1106259707346793215","potions_obtained":[{"floor":3,"key":"SkillPotion"},{"floor":11,"key":"Ancient Potion"},{"floor":13,"key":"Ancient Potion"},{"floor":18,"key":"LiquidMemories"},{"floor":24,"key":"Strength Potion"},{"floor":31,"key":"Block Potion"},{"floor":33,"key":"GamblersBrew"},{"floor":39,"key":"PowerPotion"},{"floor":45,"key":"SpeedPotion"},{"floor":47,"key":"AttackPotion"}],"is_trial":false,"path_per_floor":["M","?","M","?","?","R","M","R","T","R","M","?","M","M","R","B",null,"M","M","?","?","$","R","M","R","T","R","M","?","?","M","R","B",null,"M","$","?","?","?","M","R","M","T","R","M","M","M","$","R","B",null],"character_chosen":"THE_SERVANT","items_purchased":["MurderousAura","Defy","Sling"],"campfire_rested":0,"item_purchase_floors":[22,36,36],"current_hp_per_floor":[63,63,59,59,59,59,59,59,59,59,58,42,42,42,42,33,65,59,59,59,59,65,65,65,65,65,65,53,58,58,63,63,44,65,66,66,67,67,58,72,72,73,73,73,76,77,54,69,69,12],"gold":154,"neow_bonus":"RANDOM_COMMON_RELIC","is_daily":false,"chose_seed":false,"campfire_upgraded":11,"win_rate":0.0,"timestamp":1609037298,"path_taken":["M","?","?","?","?","R","M","R","T","R","?","?","M","M","R","BOSS","M","M","?","?","$","R","M","R","T","R","M","?","?","M","R","BOSS","M","$","?","?","?","M","R","M","T","R","M","?","M","?","R","BOSS"],"items_purchased_type":["Card","Card","Relic"],"build_version":"2020-12-22","purchased_purges":3,"victory":true,"max_hp_per_floor":[65,65,65,65,65,65,65,65,65,65,65,65,65,65,65,65,65,65,65,65,65,65,65,65,65,65,65,65,65,65,65,65,65,65,66,66,67,67,69,72,72,73,73,73,76,77,81,81,81,85],"card_choices":[{"not_picked":["DoubleEdge","ReturningBlade","Spin"],"picked":"SKIP","floor":1},{"not_picked":["FastForward","Defy"],"picked":"Rearm","floor":3},{"not_picked":["Unruled","TimeWarp"],"picked":"BottledTime","floor":7},{"not_picked":["Rewind","Revamp"],"picked":"ShatteredReality","floor":11},{"not_picked":["Unruled","DualDimension"],"picked":"InstantArmor","floor":13},{"not_picked":["DualDimension","FanOfKnives","Potential"],"picked":"SKIP","floor":14},{"not_picked":["TrueSight","Deny"],"picked":"Sunlight","floor":16},{"not_picked":["Spin","Replace","Comet+1"],"picked":"SKIP","floor":18},{"not_picked":["Unruled","Alleviate+1","DoubleEdge"],"picked":"SKIP","floor":19},{"not_picked":["Rearm+1","Revamp+1"],"picked":"SoulSculpture","floor":24},{"not_picked":["Sabotage+1","Gouge"],"picked":"Starlight+1","floor":28},{"not_picked":["Comet+1","DualDimension"],"picked":"Contraction","floor":31},{"not_picked":["Deny","SoulSculpture"],"picked":"LightFlow","floor":33},{"not_picked":["RealityMarble","WasteNot","FanOfKnives"],"picked":"SKIP","floor":35},{"not_picked":["Magnetism","Dark Shackles"],"picked":"Impatience","floor":38},{"not_picked":["InstantArmor","Rearm+1"],"picked":"ShiftingGears+1","floor":39},{"not_picked":["TimeWarp+1","Spin"],"picked":"TheWorld","floor":40},{"not_picked":["Replace+1","MoonPhase"],"picked":"GearUp+1","floor":42},{"not_picked":["StarChef","TimeWarp","Replace"],"picked":"SKIP","floor":45},{"not_picked":["DoubleEdge+1","Ricochet+1"],"picked":"Contraction","floor":46},{"not_picked":["Rewind+1","DoubleEdge","Gouge"],"picked":"SKIP","floor":47}],"player_experience":491019,"relics_obtained":[{"floor":9,"key":"Regal Pillow"},{"floor":26,"key":"Nunchaku"},{"floor":29,"key":"Red Mask"},{"floor":37,"key":"Lizard Tail"},{"floor":39,"key":"Turnip"},{"floor":43,"key":"The Courier"}],"event_choices":[{"damage_healed":0,"gold_gain":0,"player_choice":"Bought 0 Potions","damage_taken":0,"max_hp_gain":0,"max_hp_loss":0,"event_name":"The Woman in Blue","floor":2,"gold_loss":0},{"cards_removed":["Strike_S"],"damage_healed":0,"gold_gain":0,"player_choice":"Card Removal","damage_taken":0,"max_hp_gain":0,"max_hp_loss":0,"event_name":"The Cleric","floor":4,"gold_loss":50},{"damage_healed":0,"gold_gain":0,"player_choice":"2 cards matched","damage_taken":0,"max_hp_gain":0,"max_hp_loss":0,"event_name":"Match and Keep!","floor":5,"gold_loss":0,"cards_obtained":["KidneyShot","LightFlow"]},{"damage_healed":0,"gold_gain":0,"player_choice":"Take Damage","damage_taken":16,"relics_obtained":["Golden Idol"],"max_hp_gain":0,"max_hp_loss":0,"event_name":"Golden Idol","floor":12,"gold_loss":0},{"damage_healed":0,"gold_gain":0,"player_choice":"Gave Idol","damage_taken":0,"relics_obtained":["Bloody Idol"],"max_hp_gain":0,"max_hp_loss":0,"event_name":"Forgotten Altar","floor":20,"relics_lost":["Golden Idol"],"gold_loss":0},{"damage_healed":0,"gold_gain":0,"player_choice":"Ignored","damage_taken":0,"max_hp_gain":0,"max_hp_loss":0,"event_name":"Vampires","floor":21,"gold_loss":0},{"damage_healed":0,"gold_gain":0,"player_choice":"Fought Bandits","damage_taken":0,"max_hp_gain":0,"max_hp_loss":0,"event_name":"Masked Bandits","floor":29,"gold_loss":0},{"damage_healed":0,"gold_gain":0,"player_choice":"Opened","damage_taken":0,"relics_obtained":["PreservedInsect"],"max_hp_gain":0,"max_hp_loss":0,"event_name":"The Mausoleum","floor":30,"gold_loss":0},{"damage_healed":0,"gold_gain":0,"player_choice":"Fight","damage_taken":0,"max_hp_gain":0,"max_hp_loss":0,"event_name":"MindBloom","floor":37,"gold_loss":0},{"damage_healed":0,"gold_gain":0,"player_choice":"Memory 1","damage_taken":0,"max_hp_gain":0,"max_hp_loss":0,"event_name":"SensoryStone","floor":38,"gold_loss":0},{"damage_healed":0,"gold_gain":0,"player_choice":"Fight","damage_taken":0,"max_hp_gain":0,"max_hp_loss":0,"event_name":"Mysterious Sphere","floor":39,"gold_loss":0}],"is_beta":false,"boss_relics":[{"not_picked":["Empty Cage","Astrolabe"],"picked":"SplendidAttire"},{"not_picked":["Velvet Choker","Philosopher\u0027s Stone"],"picked":"StoneMask"}],"items_purged_floors":[22,36,48],"is_endless":false,"potions_floor_spawned":[3,11,13,18,24,31,33,39,45,47],"ascension_level":3}}