{"host":"szp1d6dso4pv7ddl","time":1609109456,"event":{"mods":["AchievementEnabler","Alarm Clock","BaseMod","Bestiary","Block Reminder","Colored Map","Colored Powertips","Curses Come First","Displayed Cursed Tome","Highlight Path","Minty Spire (QoL Compilation)","Permanent Neow","Quick Restart","Relic Sorter","Relic Stats","StSLib","Synergy Search"],"gold_per_floor":[114,114,114,64,78,103,113,143,143,157,167,242,25,25,25,101,101,113,113,13,0,0,0,35,35,35,61,24,39,66,85,85,158,158,172,172,185,204,217,247,247,247,247,262,282,295,326,326,326,326,326],"floor_reached":50,"playtime":3146,"items_purged":["Strike_G","Strike_G"],"score":1015,"play_id":"c6841699-addd-463c-934a-3cc107746fd7","local_time":"20201227145056","is_ascension_mode":true,"campfire_choices":[{"floor":15.0,"key":"REST"},{"floor":23.0,"key":"REST"},{"floor":25.0,"key":"REST"},{"floor":32.0,"key":"REST"},{"floor":41.0,"key":"REST"},{"floor":49.0,"key":"REST"}],"circlet_count":0,"master_deck":["AscendersBane","Strike_G","Strike_G+1","Strike_G+1","Defend_G","Defend_G","Defend_G","Defend_G","Defend_G","Survivor","Neutralize","Poisoned Stab","Tactician","Dagger Throw","Dagger Throw","Prepared+1","Prepared+1","Corpse Explosion+1","Tactician+1","Dagger Throw","Noxious Fumes+1","Escape Plan+1","Adrenaline+1","Bouncing Flask+1","Backflip+1","Blur+1","Dash","Leg Sweep+1","Underhanded Strike"],"relics":["Ring of the Snake","Ornamental Fan","NeowsBlessing","Toxic Egg 2","Mercury Hourglass","Frozen Egg 2","Pocketwatch","Fusion Hammer","Whetstone","Singing Bowl","Tiny Chest","Ancient Tea Set","Busted Crown","Shovel","Gremlin Horn","Dead Branch"],"acts_visited":["Exordium","TheCity","TheBeyond"],"potions_floor_usage":[50],"damage_taken":[{"damage":0.0,"enemies":"Small Slimes","floor":1.0,"turns":1.0},{"damage":0.0,"enemies":"Cultist","floor":5.0,"turns":1.0},{"damage":0.0,"enemies":"3 Sentries","floor":6.0,"turns":1.0},{"damage":0.0,"enemies":"2 Louse","floor":7.0,"turns":2.0},{"damage":24.0,"enemies":"Gremlin Nob","floor":8.0,"turns":4.0},{"damage":8.0,"enemies":"Exordium Thugs","floor":10.0,"turns":2.0},{"damage":0.0,"enemies":"Exordium Wildlife","floor":11.0,"turns":2.0},{"damage":13.0,"enemies":"Slime Boss","floor":16.0,"turns":5.0},{"damage":27.0,"enemies":"Spheric Guardian","floor":18.0,"turns":4.0},{"damage":11.0,"enemies":"Book of Stabbing","floor":24.0,"turns":4.0},{"damage":10.0,"enemies":"Gremlin Leader","floor":27.0,"turns":7.0},{"damage":10.0,"enemies":"Shell Parasite","floor":29.0,"turns":3.0},{"damage":1.0,"enemies":"Centurion and Healer","floor":31.0,"turns":5.0},{"damage":22.0,"enemies":"Automaton","floor":33.0,"turns":10.0},{"damage":0.0,"enemies":"Orb Walker","floor":35.0,"turns":3.0},{"damage":1.0,"enemies":"3 Shapes","floor":37.0,"turns":2.0},{"damage":8.0,"enemies":"Writhing Mass","floor":38.0,"turns":6.0},{"damage":7.0,"enemies":"Transient","floor":39.0,"turns":5.0},{"damage":27.0,"enemies":"Nemesis","floor":40.0,"turns":9.0},{"damage":0.0,"enemies":"4 Shapes","floor":44.0,"turns":3.0},{"damage":12.0,"enemies":"Writhing Mass","floor":45.0,"turns":6.0},{"damage":3.0,"enemies":"Transient","floor":46.0,"turns":5.0},{"damage":33.0,"enemies":"Giant Head","floor":47.0,"turns":8.0},{"damage":67,"enemies":"Donu and Deca","floor":50,"turns":7}],"seed_played":"4412528427804396954","potions_obtained":[{"floor":1.0,"key":"Poison Potion"},{"floor":8.0,"key":"Block Potion"},{"floor":18.0,"key":"AttackPotion"},{"floor":33.0,"key":"LiquidMemories"},{"floor":35.0,"key":"LiquidBronze"},{"floor":36.0,"key":"Fruit Juice"},{"floor":36.0,"key":"DuplicationPotion"}],"is_trial":false,"path_per_floor":["M","$","?","$","M","E","M","E","T","M","M","?","$","T","R","B",null,"M","?","$","?","$","R","E","R","T","E","$","M","T","M","R","B",null,"M","?","M","M","M","E","R","T","T","M","M","M","E","?","R","B"],"character_chosen":"THE_SILENT","items_purchased":["Dagger Throw","Noxious Fumes+1","Escape Plan+1","Dash"],"campfire_rested":6,"item_purchase_floors":[4,13,13,28],"current_hp_per_floor":[63,63,63,63,63,63,63,39,39,31,31,20,20,20,41,28,60,33,33,33,33,33,54,43,64,64,56,56,46,46,45,66,46,67,69,74,75,69,64,39,65,65,65,67,57,56,25,25,54,0,0],"gold":326,"neow_bonus":"THREE_ENEMY_KILL","is_daily":false,"chose_seed":false,"campfire_upgraded":0,"win_rate":0.0,"timestamp":1609109456,"path_taken":["M","$","?","$","M","E","M","E","T","?","M","?","?","?","R","BOSS","M","?","$","?","?","R","E","R","T","E","$","M","?","M","R","BOSS","M","?","M","M","?","E","R","?","T","M","M","?","E","?","R","BOSS"],"items_purchased_type":["Card","Card","Card","Card"],"build_version":"2020-12-22","purchased_purges":2,"victory":false,"max_hp_per_floor":[70,70,70,70,70,70,70,70,70,70,70,70,70,70,70,70,70,70,70,70,70,70,70,70,70,70,72,72,72,72,72,72,74,74,76,81,83,85,87,89,89,89,89,91,93,95,97,97,97,97,97],"relic_stats":{"Singing Bowl":22,"Gremlin Horn":[3,3],"counters":[24,105],"Dead Branch":[2],"Whetstone":["Strike_G","Strike_G"],"Mercury Hourglass":[328],"Busted Crown":18,"Shovel":0,"Ornamental Fan":[48],"Tiny Chest":1,"obtain_stats":[{"NeowsBlessing":0,"Singing Bowl":26,"Gremlin Horn":42,"Dead Branch":47,"Whetstone":24,"Frozen Egg 2":9,"Ancient Tea Set":30,"Mercury Hourglass":8,"Busted Crown":34,"Shovel":40,"Ornamental Fan":43,"Tiny Chest":27,"Fusion Hammer":17,"Toxic Egg 2":6,"Ring of the Snake":0,"Pocketwatch":14},{"NeowsBlessing":0,"Singing Bowl":10,"Gremlin Horn":19,"Dead Branch":23,"Whetstone":10,"Frozen Egg 2":5,"Ancient Tea Set":12,"Mercury Hourglass":5,"Busted Crown":14,"Shovel":19,"Ornamental Fan":19,"Tiny Chest":11,"Fusion Hammer":8,"Toxic Egg 2":3,"Ring of the Snake":0,"Pocketwatch":7},{"NeowsBlessing":0,"Singing Bowl":26,"Gremlin Horn":76,"Dead Branch":98,"Whetstone":26,"Frozen Egg 2":9,"Ancient Tea Set":36,"Mercury Hourglass":9,"Busted Crown":51,"Shovel":76,"Ornamental Fan":76,"Tiny Chest":33,"Fusion Hammer":18,"Toxic Egg 2":3,"Ring of the Snake":0,"Pocketwatch":13}],"Ring of the Snake":[48],"Pocketwatch":[33]},"card_choices":[{"not_picked":["Flechettes","Slice"],"picked":"Poisoned Stab","floor":1.0},{"not_picked":["Prepared","Cloak And Dagger"],"picked":"Dagger Throw","floor":5.0},{"not_picked":["Deadly Poison+1","Deflect+1"],"picked":"Prepared+1","floor":6.0},{"not_picked":["Deflect+1","Bane"],"picked":"Prepared+1","floor":7.0},{"not_picked":["Catalyst+1","Cloak And Dagger+1"],"picked":"Corpse Explosion+1","floor":8.0},{"not_picked":["Outmaneuver+1","Deadly Poison+1"],"picked":"Tactician+1","floor":10.0},{"not_picked":["Blur+1","Underhanded Strike"],"picked":"Dagger Throw","floor":11.0},{"not_picked":["Grand Finale","Venomology+1"],"picked":"Adrenaline+1","floor":16.0},{"not_picked":["Deadly Poison+1","Poisoned Stab"],"picked":"Bouncing Flask+1","floor":18.0},{"not_picked":["Finisher","Dodge and Roll+1"],"picked":"Blur+1","floor":24.0},{"not_picked":["Calculated Gamble+1","Expertise+1","Outmaneuver+1"],"picked":"Singing Bowl","floor":27.0},{"not_picked":["Prepared+1","Cloak And Dagger+1"],"picked":"Leg Sweep+1","floor":29.0},{"not_picked":["Bouncing Flask+1","Cloak And Dagger+1"],"picked":"Underhanded Strike","floor":31.0},{"not_picked":["Die Die Die","Doppelganger+1","Grand Finale"],"picked":"Singing Bowl","floor":33.0},{"not_picked":["Dagger Spray"],"picked":"Singing Bowl","floor":35.0},{"not_picked":["Slice"],"picked":"Singing Bowl","floor":37.0},{"not_picked":["Dodge and Roll+1"],"picked":"Singing Bowl","floor":38.0},{"not_picked":["Setup+1"],"picked":"Singing Bowl","floor":39.0},{"not_picked":["Skewer+1"],"picked":"Singing Bowl","floor":40.0},{"not_picked":["Deflect+1"],"picked":"Singing Bowl","floor":44.0},{"not_picked":["Dagger Spray"],"picked":"Singing Bowl","floor":45.0},{"not_picked":["Outmaneuver+1"],"picked":"Singing Bowl","floor":46.0},{"not_picked":["Dodge and Roll+1"],"picked":"Singing Bowl","floor":47.0}],"player_experience":1033435,"relics_obtained":[{"floor":6.0,"key":"Toxic Egg 2"},{"floor":8.0,"key":"Mercury Hourglass"},{"floor":9.0,"key":"Frozen Egg 2"},{"floor":14.0,"key":"Pocketwatch"},{"floor":24.0,"key":"Whetstone"},{"floor":26.0,"key":"Singing Bowl"},{"floor":27.0,"key":"Tiny Chest"},{"floor":30.0,"key":"Ancient Tea Set"},{"floor":40.0,"key":"Shovel"},{"floor":42.0,"key":"Gremlin Horn"},{"floor":43.0,"key":"Ornamental Fan"},{"floor":47.0,"key":"Dead Branch"}],"event_choices":[{"damage_healed":0.0,"max_hp_gain":0.0,"max_hp_loss":0.0,"gold_gain":0.0,"event_name":"Match and Keep!","player_choice":"1 cards matched","floor":3.0,"gold_loss":0.0,"damage_taken":0.0,"cards_obtained":["Tactician"]},{"damage_healed":0.0,"max_hp_gain":0.0,"max_hp_loss":0.0,"gold_gain":75.0,"event_name":"World of Goop","player_choice":"Gather Gold","floor":12.0,"gold_loss":0.0,"damage_taken":11.0},{"damage_healed":0.0,"max_hp_gain":0.0,"max_hp_loss":0.0,"gold_gain":0.0,"event_name":"The Library","player_choice":"Read","floor":19.0,"gold_loss":0.0,"damage_taken":0.0,"cards_obtained":["Backflip"]},{"damage_healed":0.0,"max_hp_gain":0.0,"max_hp_loss":0.0,"gold_gain":0.0,"event_name":"Masked Bandits","player_choice":"Paid Fearfully","floor":21.0,"gold_loss":13.0,"damage_taken":0.0},{"damage_healed":0.0,"max_hp_gain":0.0,"max_hp_loss":0.0,"gold_gain":0.0,"event_name":"Lab","player_choice":"Got Potions","floor":36.0,"gold_loss":0.0,"damage_taken":0.0},{"damage_healed":0.0,"max_hp_gain":0.0,"max_hp_loss":0.0,"gold_gain":0.0,"event_name":"Mysterious Sphere","player_choice":"Ignored","floor":48.0,"gold_loss":0.0,"damage_taken":0.0}],"is_beta":false,"boss_relics":[{"not_picked":["Runic Pyramid","Empty Cage"],"picked":"Fusion Hammer"},{"not_picked":["Sozu","SlaversCollar"],"picked":"Busted Crown"}],"items_purged_floors":[13,20],"is_endless":false,"potions_floor_spawned":[1,8,18,33,35,39,44],"killed_by":"Donu and Deca","ascension_level":13}}