{"host":"6z6y4ky8uzsz1dpj","time":1609037138,"event":{"mods":["AchievementEnabler","BaseMod","BetterRewards","Challenge The Spire","Colored Map","Hubris","Minty Spire (QoL Compilation)","Quick Restart","Replay The Spire","StSLib"],"gold_per_floor":[110,110,110,123,137,137,151,180,228,228,269,269,269,277,277],"floor_reached":14,"playtime":438,"items_purged":[],"score":123,"play_id":"11c5bd2f-ac0b-4a7e-9ab8-b83bb24ea8b3","local_time":"20201226214538","is_ascension_mode":true,"campfire_choices":[{"data":"Fire Breathing","floor":6,"key":"SMITH"},{"data":"Armaments","floor":12,"key":"SMITH"}],"circlet_count":0,"master_deck":["Strike_R","Strike_R","Strike_R","Strike_R","Strike_R","Defend_R","Defend_R","Defend_R","Defend_R+1","Bash","Fire Breathing+1","Metallicize","Spot Weakness","Iron Wave","Burning Pact","Armaments+1","Hemogenesis"],"relics":["Burning Blood","Du-Vu Doll","hubris:Zylophone","Blue Candle","Blue Doll","Replay:Bandana","Garlic"],"acts_visited":["Exordium"],"potions_floor_usage":[7,11,14],"damage_taken":[{"damage":12,"enemies":"Jaw Worm","floor":1,"turns":2},{"damage":6,"enemies":"Cultist","floor":4,"turns":5},{"damage":7,"enemies":"2 Louse","floor":5,"turns":4},{"damage":17,"enemies":"2 Fungi Beasts","floor":7,"turns":4},{"damage":49,"enemies":"Gremlin Nob","floor":8,"turns":5},{"damage":6,"enemies":"3 Sentries","floor":11,"turns":4},{"damage":0,"enemies":"Gremlin Nob","floor":14,"turns":4}],"seed_played":"-4242549889418700220","potions_obtained":[{"floor":4,"key":"Strength Potion"},{"floor":8,"key":"Adrenaline Potion"},{"floor":11,"key":"SkillPotion"}],"is_trial":false,"path_per_floor":["M","$","?","M","M","R","M","E","T","?","E","R","?","E"],"character_chosen":"IRONCLAD","items_purchased":["Fire Breathing","hubris:Zylophone"],"campfire_rested":0,"item_purchase_floors":[0,0],"current_hp_per_floor":[66,66,66,66,65,65,54,11,11,11,11,11,11,16,16],"gold":277,"neow_bonus":"","is_daily":false,"chose_seed":false,"campfire_upgraded":2,"win_rate":0.0,"timestamp":1609037138,"path_taken":["M","$","?","M","M","R","?","E","T","?","E","R","?","E"],"items_purchased_type":["Card","Relic"],"build_version":"2020-12-22","purchased_purges":0,"victory":false,"max_hp_per_floor":[80,80,80,80,80,80,80,80,80,80,80,80,80,80,80],"card_choices":[{"not_picked":["Pommel Strike","Shrug It Off"],"picked":"Metallicize","floor":1},{"not_picked":["True Grit","Sentinel"],"picked":"Spot Weakness","floor":4},{"not_picked":["Combust","Pommel Strike"],"picked":"Iron Wave","floor":5},{"not_picked":["Life Link","Entrench"],"picked":"Burning Pact","floor":7},{"not_picked":["Hemokinesis","Anger"],"picked":"Armaments","floor":8},{"not_picked":["Intimidate","Feed"],"picked":"Hemogenesis","floor":11}],"player_experience":195394,"relics_obtained":[{"floor":3,"key":"Blue Candle"},{"floor":8,"key":"Blue Doll"},{"floor":9,"key":"Replay:Bandana"},{"floor":11,"key":"Garlic"}],"event_choices":[{"damage_healed":0,"gold_gain":0,"player_choice":"Relic","damage_taken":0,"max_hp_gain":0,"max_hp_loss":0,"event_name":"Wheel of Change","floor":3,"gold_loss":0},{"damage_healed":0,"gold_gain":0,"player_choice":"Fled","damage_taken":0,"max_hp_gain":0,"max_hp_loss":0,"event_name":"Scrap Ooze","floor":13,"gold_loss":0}],"is_beta":false,"boss_relics":[],"items_purged_floors":[],"is_endless":false,"potions_floor_spawned":[4,8,11],"killed_by":"Gremlin Nob","ascension_level":5}}