{"host":"7s1wik188rwhc0qq","time":1609040882,"event":{"mods":["AchievementEnabler","BaseMod","Better Third Choice","Colored Map","Colored Powertips","DeckTracker","Downfall","Minty Spire (QoL Compilation)","Permanent Neow","Quick Restart","Remove Card Discount Mod","StSLib"],"gold_per_floor":[119,119,129,140,100,128,128,154,154,154,173,190,224,238,238,333,333,345,345,23,41,56,81,91,121,147,164,184,184,196,208,208,303,303,316,55,67,80,92,124,135,151,151,165,176,176,176,176,176,176,176,176,15,49,49],"floor_reached":56,"playtime":4379,"items_purged":["Strike_P","Strike_P+1","Strike_P+1","LessonLearned+1","WheelKick+1","FlyingSleeves","Eruption+1","Crescendo+1","Conclude+1","EmptyMind","TalkToTheHand+1"],"score":1249,"play_id":"a26d0ea2-2ec1-4a92-91b5-0874b909d828","local_time":"20201226204802","is_ascension_mode":false,"campfire_choices":[{"data":"Judgement","floor":7,"key":"SMITH"},{"data":"WheelKick","floor":10,"key":"SMITH"},{"data":"PathToVictory","floor":15,"key":"SMITH"},{"floor":29,"key":"REST"},{"floor":32,"key":"REST"},{"floor":47,"key":"REST"},{"floor":49,"key":"RECALL"},{"data":"Protect","floor":52,"key":"SMITH"}],"circlet_count":0,"master_deck":["Defend_P","Defend_P+1","Defend_P","Defend_P","Vigilance+1","PathToVictory+1","Judgement+1","Consecrate+1","FearNoEvil","PathToVictory+1","ClearTheMind","Sanctity+1","PathToVictory","PathToVictory+1","ThirdEye+1","Vault","LikeWater+1","LikeWater+1","Evaluate+1","PathToVictory+1","EmptyMind+1","PathToVictory+1","Protect","EmptyBody+1","Protect+1","Impatience","Fasting2+1"],"relics":["HolyWater","Lantern","The Courier","Pocketwatch","Bag of Preparation","Frozen Egg 2","Centennial Puzzle","InkBottle","Orichalcum","SlaversCollar","Frozen Eye","Dream Catcher","Potion Belt","Art of War","Anchor"],"acts_visited":["Exordium","TheCity","TheBeyond","TheEnding"],"potions_floor_usage":[6,16,23,30,54,55,55,55,55],"damage_taken":[{"damage":0,"enemies":"2 Louse","floor":1,"turns":2},{"damage":0,"enemies":"Cultist","floor":3,"turns":2},{"damage":3,"enemies":"Jaw Worm","floor":4,"turns":3},{"damage":14,"enemies":"Gremlin Nob","floor":6,"turns":3},{"damage":5,"enemies":"3 Sentries","floor":8,"turns":5},{"damage":0,"enemies":"Exordium Thugs","floor":11,"turns":2},{"damage":0,"enemies":"Looter","floor":12,"turns":2},{"damage":0,"enemies":"Gremlin Nob","floor":13,"turns":2},{"damage":0,"enemies":"Large Slime","floor":14,"turns":3},{"damage":24,"enemies":"Hexaghost","floor":16,"turns":8},{"damage":10,"enemies":"3 Byrds","floor":18,"turns":2},{"damage":0,"enemies":"2 Thieves","floor":21,"turns":4},{"damage":12,"enemies":"Snake Plant","floor":22,"turns":3},{"damage":13,"enemies":"Slavers","floor":23,"turns":7},{"damage":0,"enemies":"Sentry and Sphere","floor":24,"turns":2},{"damage":26,"enemies":"Book of Stabbing","floor":25,"turns":4},{"damage":13,"enemies":"Cultist and Chosen","floor":27,"turns":7},{"damage":3,"enemies":"3 Cultists","floor":28,"turns":4},{"damage":7,"enemies":"Centurion and Healer","floor":30,"turns":2},{"damage":6,"enemies":"Snecko","floor":31,"turns":5},{"damage":9,"enemies":"Collector","floor":33,"turns":5},{"damage":5,"enemies":"Orb Walker","floor":35,"turns":3},{"damage":14,"enemies":"3 Shapes","floor":37,"turns":7},{"damage":2,"enemies":"3 Darklings","floor":38,"turns":4},{"damage":6,"enemies":"4 Shapes","floor":39,"turns":2},{"damage":14,"enemies":"Reptomancer","floor":40,"turns":8},{"damage":16,"enemies":"Spire Growth","floor":41,"turns":7},{"damage":2,"enemies":"Maw","floor":42,"turns":6},{"damage":7,"enemies":"Sphere and 2 Shapes","floor":44,"turns":6},{"damage":0,"enemies":"4 Shapes","floor":45,"turns":6},{"damage":46,"enemies":"Time Eater","floor":50,"turns":11},{"damage":3,"enemies":"Shield and Spear","floor":54,"turns":6},{"damage":58,"enemies":"The Heart","floor":55,"turns":8}],"seed_played":"3023811004592782461","potions_obtained":[{"floor":4,"key":"FairyPotion"},{"floor":5,"key":"StancePotion"},{"floor":5,"key":"LiquidBronze"},{"floor":8,"key":"Dexterity Potion"},{"floor":12,"key":"Explosive Potion"},{"floor":14,"key":"Block Potion"},{"floor":16,"key":"Explosive Potion"},{"floor":23,"key":"Block Potion"},{"floor":30,"key":"DuplicationPotion"},{"floor":31,"key":"ColorlessPotion"},{"floor":35,"key":"StancePotion"},{"floor":44,"key":"Explosive Potion"}],"is_trial":false,"path_per_floor":["M","?","M","M","?","E","R","E","T","R","M","M","E","M","R","B",null,"M","?","$","M","M","E","M","E","T","M","M","R","M","M","R","B",null,"M","$","M","M","M","E","M","M","T","M","M","?","R","T","R","B",null,"R","$","E","B",null],"character_chosen":"WATCHER","items_purchased":["Bag of Preparation","Frozen Egg 2","LikeWater+1","Frozen Eye","Evaluate","EmptyMind","Fasting2+1","PowerPotion","Fire Potion"],"campfire_rested":3,"item_purchase_floors":[20,20,36,36,36,36,53,53,53],"current_hp_per_floor":[72,72,72,69,69,55,55,50,50,50,50,50,50,50,50,26,72,62,82,82,82,70,57,57,31,31,18,15,39,32,26,50,41,82,77,77,63,61,55,41,25,23,23,16,16,16,40,40,40,24,82,82,82,79,21],"gold":49,"neow_bonus":"UPGRADE_CARD","is_daily":false,"chose_seed":false,"campfire_upgraded":4,"win_rate":0.0,"timestamp":1609040882,"path_taken":["M","?","M","M","?","E","R","E","T","R","M","M","E","M","R","BOSS","M","?","$","M","?","E","M","E","T","M","M","R","M","M","R","BOSS","M","$","M","M","M","E","M","M","T","M","M","?","R","?","R","BOSS","R","$","E","BOSS"],"items_purchased_type":["Relic","Relic","Card","Relic","Card","Card","Card","Potion","Potion"],"build_version":"2020-12-22","purchased_purges":11,"victory":true,"max_hp_per_floor":[72,72,72,72,72,72,72,72,72,72,72,72,72,72,72,72,72,72,82,82,82,82,82,82,82,82,82,82,82,82,82,82,82,82,82,82,82,82,82,82,82,82,82,82,82,82,82,82,82,82,82,82,82,82,82],"card_choices":[{"not_picked":["Study","Halt"],"picked":"FlyingSleeves","floor":1},{"not_picked":["Evaluate","Vengeance"],"picked":"Conclude","floor":3},{"not_picked":["Consecrate","ThirdEye"],"picked":"PathToVictory","floor":4},{"not_picked":["FollowUp","WindmillStrike"],"picked":"Judgement","floor":6},{"not_picked":["WaveOfTheHand","Prostrate"],"picked":"Crescendo","floor":8},{"not_picked":["CutThroughFate","CrushJoints","FlyingSleeves"],"picked":"SKIP","floor":11},{"not_picked":["FlyingSleeves","SashWhip"],"picked":"Consecrate","floor":12},{"not_picked":["Sanctity","Brilliance"],"picked":"LessonLearned","floor":13},{"not_picked":["CrushJoints","FlyingSleeves"],"picked":"FearNoEvil","floor":14},{"not_picked":["Devotion","LessonLearned"],"picked":"Omniscience","floor":16},{"not_picked":["SignatureMove","BowlingBash","WaveOfTheHand"],"picked":"SKIP","floor":18},{"not_picked":["EmptyFist","Halt+1"],"picked":"PathToVictory+1","floor":21},{"not_picked":["SashWhip","CutThroughFate"],"picked":"ClearTheMind","floor":22},{"not_picked":["JustLucky+1","CrushJoints+1"],"picked":"Sanctity+1","floor":23},{"not_picked":["MasterReality+1","EmptyFist"],"picked":"PathToVictory","floor":24},{"not_picked":["MasterReality+1","SignatureMove"],"picked":"TalkToTheHand","floor":25},{"not_picked":["CarveReality","ClearTheMind"],"picked":"PathToVictory+1","floor":27},{"not_picked":["Consecrate+1","FlurryOfBlows","CutThroughFate+1"],"picked":"SKIP","floor":28},{"not_picked":["FlyingSleeves","Worship"],"picked":"ThirdEye","floor":30},{"not_picked":["CrushJoints","JustLucky","Crescendo"],"picked":"SKIP","floor":31},{"not_picked":["CrushJoints","JustLucky","Crescendo"],"picked":"SKIP","floor":31},{"not_picked":["Devotion+1","Blasphemy"],"picked":"Vault","floor":33},{"not_picked":["ClearTheMind+1","SashWhip+1"],"picked":"LikeWater+1","floor":35},{"not_picked":["Nirvana+1","WaveOfTheHand+1"],"picked":"PathToVictory+1","floor":37},{"not_picked":["Consecrate+1","BattleHymn+1"],"picked":"EmptyMind+1","floor":38},{"not_picked":["FlurryOfBlows+1","Sanctity"],"picked":"PathToVictory","floor":39},{"not_picked":["Pray+1","Perseverance+1","Vengeance"],"picked":"SKIP","floor":40},{"not_picked":["Consecrate","Evaluate"],"picked":"Protect","floor":41},{"not_picked":["DeceiveReality","Swivel+1"],"picked":"EmptyBody+1","floor":42},{"not_picked":["Worship+1","SignatureMove+1"],"picked":"Protect","floor":44},{"not_picked":["EmptyFist+1","Nirvana+1","CarveReality+1"],"picked":"SKIP","floor":45},{"not_picked":["Dark Shackles","expansioncontent:Sear"],"picked":"Impatience","floor":46},{"not_picked":["Evaluate","Halt","ConjureBlade"],"picked":"SKIP","floor":54}],"player_experience":109557,"relics_obtained":[{"floor":6,"key":"Lantern"},{"floor":8,"key":"The Courier"},{"floor":13,"key":"Pocketwatch"},{"floor":23,"key":"Centennial Puzzle"},{"floor":25,"key":"InkBottle"},{"floor":26,"key":"Orichalcum"},{"floor":40,"key":"Dream Catcher"},{"floor":43,"key":"Potion Belt"},{"floor":48,"key":"Art of War"},{"floor":54,"key":"Anchor"}],"event_choices":[{"damage_healed":0,"gold_gain":0,"cards_transformed":["Strike_P"],"player_choice":"Change","damage_taken":0,"max_hp_gain":0,"max_hp_loss":0,"event_name":"Living Wall","floor":2,"gold_loss":0,"cards_obtained":["WheelKick"]},{"damage_healed":0,"gold_gain":0,"player_choice":"Bought 3 Potions","damage_taken":0,"max_hp_gain":0,"max_hp_loss":0,"event_name":"The Woman in Blue","floor":5,"gold_loss":0},{"cards_removed":["Omniscience"],"damage_healed":10,"gold_gain":0,"player_choice":"Offered Rare","damage_taken":0,"max_hp_gain":10,"max_hp_loss":0,"event_name":"Bonfire Elementals","floor":19,"gold_loss":0},{"damage_healed":0,"gold_gain":0,"player_choice":"Memory 1","damage_taken":0,"max_hp_gain":0,"max_hp_loss":0,"event_name":"SensoryStone","floor":46,"gold_loss":0}],"is_beta":false,"boss_relics":[{"not_picked":["Snecko Eye","Empty Cage"],"picked":"HolyWater"},{"not_picked":["Philosopher\u0027s Stone","Tiny House"],"picked":"SlaversCollar"}],"items_purged_floors":[20,36,36,53,53,53,53,53,53,53,53],"is_endless":false,"potions_floor_spawned":[4,8,12,13,14,16,22,23,30,31,35,37,41,44],"ascension_level":0}}