{"host":"m77rrhbqzv44va4v","time":1609088285,"event":{"mods":["AchievementEnabler","BaseMod","Colored Map","DeckTracker","Keyboard Shortcuts","Minty Spire (QoL Compilation)","StSLib","SuperFastMode","everything is the same but u backflip on backflip"],"gold_per_floor":[109,119,119,119,143,143,157,191,242,242,6,6,25,25,25,156,156,170,189,214,214,214],"floor_reached":21,"playtime":586,"items_purged":["Strike_B"],"score":244,"play_id":"c96386de-434b-413b-8220-ff4be9a643b5","local_time":"20201228015805","is_ascension_mode":true,"campfire_choices":[{"data":"Go for the Eyes","floor":6,"key":"SMITH"},{"data":"Dualcast","floor":10,"key":"SMITH"},{"data":"Seek","floor":12,"key":"SMITH"},{"data":"Barrage","floor":15,"key":"SMITH"}],"circlet_count":0,"master_deck":["Strike_B","Strike_B","Strike_B","Defend_B","Defend_B","Defend_B","Zap","Dualcast+1","FTL","Cold Snap","Go for the Eyes+1","Cold Snap","Skim","Seek+1","Barrage+1","Multi-Cast","Loop","Genetic Algorithm+1","Consume"],"relics":["FrozenCore","NeowsBlessing","Golden Idol","Matryoshka","Oddly Smooth Stone","Tiny Chest"],"acts_visited":["Exordium","TheCity"],"potions_floor_usage":[8,20],"damage_taken":[{"damage":0.0,"enemies":"Cultist","floor":1.0,"turns":1.0},{"damage":0.0,"enemies":"Jaw Worm","floor":2.0,"turns":1.0},{"damage":0,"enemies":"Small Slimes","floor":5,"turns":1},{"damage":10,"enemies":"2 Fungi Beasts","floor":7,"turns":3},{"damage":8,"enemies":"Lagavulin","floor":8,"turns":5},{"damage":16,"enemies":"Lots of Slimes","floor":13,"turns":3},{"damage":2,"enemies":"Hexaghost","floor":16,"turns":9},{"damage":6,"enemies":"Shell Parasite","floor":18,"turns":8},{"damage":17,"enemies":"Spheric Guardian","floor":19,"turns":7},{"damage":33,"enemies":"Snecko","floor":20,"turns":8},{"damage":14,"enemies":"Snake Plant","floor":21,"turns":4}],"seed_played":"-7615747828731533225","potions_obtained":[{"floor":2.0,"key":"DuplicationPotion"},{"floor":7,"key":"CultistPotion"},{"floor":16,"key":"LiquidMemories"}],"is_trial":false,"path_per_floor":["M","M","?","?","M","R","M","E","T","R","$","R","M","?","R","B",null,"M","M","M","M"],"character_chosen":"DEFECT","items_purchased":["Seek"],"campfire_rested":0,"item_purchase_floors":[11],"current_hp_per_floor":[68,68,73,53,53,53,43,35,35,35,35,35,19,19,19,17,64,58,41,8,0,0],"gold":214,"neow_bonus":"THREE_ENEMY_KILL","is_daily":false,"chose_seed":false,"campfire_upgraded":4,"win_rate":0.0,"timestamp":1609088285,"path_taken":["M","?","?","?","M","R","M","E","T","R","$","R","M","?","R","BOSS","M","M","M","?"],"items_purchased_type":["Card"],"build_version":"2020-12-22","purchased_purges":1,"victory":false,"max_hp_per_floor":[75,75,80,80,80,80,80,80,80,80,80,80,80,80,80,80,80,80,80,80,80,80],"card_choices":[{"not_picked":["Rebound","Go for the Eyes"],"picked":"FTL","floor":1.0},{"not_picked":["Go for the Eyes","Gash"],"picked":"Cold Snap","floor":2.0},{"not_picked":["Cold Snap","Hologram"],"picked":"Go for the Eyes","floor":5},{"not_picked":["Gash","Stack"],"picked":"Cold Snap","floor":7},{"not_picked":["Leap","Hyperbeam"],"picked":"Skim","floor":8},{"not_picked":["Steam","Cold Snap"],"picked":"Barrage","floor":13},{"not_picked":["All For One","Reboot"],"picked":"Multi-Cast","floor":16},{"not_picked":["Rebound","Stack"],"picked":"Loop","floor":18},{"not_picked":["Reinforced Body","Auto Shields"],"picked":"Genetic Algorithm+1","floor":19},{"not_picked":["Go for the Eyes","Cold Snap+1"],"picked":"Consume","floor":20}],"player_experience":808390,"relics_obtained":[{"floor":8,"key":"Matryoshka"},{"floor":9,"key":"Oddly Smooth Stone"},{"floor":9,"key":"Tiny Chest"}],"event_choices":[{"damage_healed":0.0,"max_hp_gain":5.0,"max_hp_loss":0.0,"gold_gain":0.0,"event_name":"Big Fish","player_choice":"Donut","floor":3.0,"gold_loss":0.0,"damage_taken":0.0},{"damage_healed":0.0,"max_hp_gain":0.0,"max_hp_loss":0.0,"gold_gain":0.0,"event_name":"Golden Idol","player_choice":"Take Damage","floor":4.0,"gold_loss":0.0,"damage_taken":20.0,"relics_obtained":["Golden Idol"]},{"cards_removed":["Defend_B"],"damage_healed":0,"gold_gain":0,"player_choice":"Offered Basic","damage_taken":0,"max_hp_gain":0,"max_hp_loss":0,"event_name":"Bonfire Elementals","floor":14,"gold_loss":0}],"is_beta":false,"boss_relics":[{"not_picked":["Velvet Choker","SlaversCollar"],"picked":"FrozenCore"}],"items_purged_floors":[11],"is_endless":false,"potions_floor_spawned":[2,7,16],"killed_by":"Snake Plant","ascension_level":7}}