{"host":"w4b7hmige5bnqipq","time":1609104961,"event":{"mods":["BaseMod","Minty Spire (QoL Compilation)","Rare Cards Sparkle","SuperFastMode","everything is the same but u backflip on backflip","slay the spire mod where everything is the same but ironclad has a cowboy hat"],"gold_per_floor":[114,126,201,351,276,307,319,354,354,36,36,51,69,81,81,152,152,162,162,162,178,189,189,203,203,258,272,304,304,316,316,316],"floor_reached":31,"playtime":1251,"items_purged":[],"score":538,"play_id":"de61336a-ef54-4157-b124-35bd0cf8fb74","local_time":"20201228063601","is_ascension_mode":true,"campfire_choices":[{"floor":11.0,"key":"REST"},{"data":"Bouncing Flask","floor":15.0,"key":"SMITH"},{"data":"Calculated Gamble","floor":23,"key":"SMITH"},{"data":"Cloak And Dagger","floor":29,"key":"SMITH"}],"circlet_count":0,"master_deck":["AscendersBane","Defend_G","Defend_G","Defend_G","Defend_G","Defend_G","Survivor","Neutralize","Bouncing Flask+1","Dagger Spray","Reflex","Deadly Poison","Tactician","Dagger Throw","Well Laid Plans","Grand Finale","Envenom+1","Accuracy+1","Blur+1","Blade Dance","Heel Hook","Quick Slash","Prepared","Calculated Gamble+1","Blur+1","Cloak And Dagger+1","Prepared+1"],"relics":["Ring of the Snake","Orichalcum","Strawberry","Gremlin Horn","InkBottle","FossilizedHelix","Astrolabe","Centennial Puzzle","Question Card"],"acts_visited":["Exordium","TheCity"],"potions_floor_usage":[22],"damage_taken":[{"damage":0.0,"enemies":"2 Louse","floor":1.0,"turns":4.0},{"damage":3.0,"enemies":"Small Slimes","floor":2.0,"turns":4.0},{"damage":18.0,"enemies":"Lagavulin","floor":6.0,"turns":8.0},{"damage":4.0,"enemies":"Jaw Worm","floor":7.0,"turns":3.0},{"damage":29.0,"enemies":"3 Sentries","floor":8.0,"turns":10.0},{"damage":0.0,"enemies":"Blue Slaver","floor":12.0,"turns":3.0},{"damage":2.0,"enemies":"Lots of Slimes","floor":13.0,"turns":3.0},{"damage":0.0,"enemies":"3 Louse","floor":14.0,"turns":3.0},{"damage":18.0,"enemies":"Hexaghost","floor":16.0,"turns":9.0},{"damage":0.0,"enemies":"Spheric Guardian","floor":18.0,"turns":3.0},{"damage":13,"enemies":"3 Byrds","floor":21,"turns":4},{"damage":22,"enemies":"Snake Plant","floor":22,"turns":4},{"damage":0,"enemies":"3 Cultists","floor":24,"turns":3},{"damage":11,"enemies":"Sentry and Sphere","floor":27,"turns":4},{"damage":66,"enemies":"Gremlin Leader","floor":28,"turns":9},{"damage":0,"enemies":"Snecko","floor":30,"turns":5},{"damage":16,"enemies":"Chosen and Byrds","floor":31,"turns":5}],"seed_played":"578176471064850993","potions_obtained":[{"floor":1.0,"key":"SkillPotion"},{"floor":8.0,"key":"SneckoOil"},{"floor":12.0,"key":"Dexterity Potion"},{"floor":16.0,"key":"FearPotion"},{"floor":22,"key":"FairyPotion"},{"floor":24,"key":"FairyPotion"}],"is_trial":false,"path_per_floor":["M","M","?","?","?","E","M","E","T","$","R","M","M","M","R","B",null,"M","?","?","M","M","R","M","?","T","M","E","R","M","M"],"character_chosen":"THE_SILENT","items_purchased":["FossilizedHelix"],"campfire_rested":1,"item_purchase_floors":[10],"current_hp_per_floor":[59,56,45,45,45,34,30,1,1,1,22,22,20,20,20,2,55,55,55,55,42,20,20,20,20,20,9,5,5,5,0,0],"gold":316,"neow_bonus":"RANDOM_COMMON_RELIC","is_daily":false,"chose_seed":false,"campfire_upgraded":3,"win_rate":0.0,"timestamp":1609104961,"path_taken":["M","M","?","?","?","E","M","E","T","$","R","M","M","M","R","BOSS","M","?","?","M","?","R","M","?","T","M","E","R","M","?"],"items_purchased_type":["Relic"],"build_version":"2020-12-22","purchased_purges":0,"victory":false,"max_hp_per_floor":[66,66,66,66,66,73,73,73,73,73,73,73,73,73,73,73,73,73,73,73,73,73,73,73,73,73,73,73,73,73,73,73],"card_choices":[{"not_picked":["Escape Plan","Concentrate"],"picked":"Bouncing Flask","floor":1.0},{"not_picked":["Deflect","Quick Slash"],"picked":"Dagger Spray","floor":2.0},{"not_picked":["Skewer","Deadly Poison"],"picked":"Reflex","floor":6.0},{"not_picked":["Flechettes","PiercingWail"],"picked":"Deadly Poison","floor":7.0},{"not_picked":["Bouncing Flask","Dodge and Roll"],"picked":"Tactician","floor":8.0},{"not_picked":["Underhanded Strike","Slice","Dagger Spray"],"picked":"SKIP","floor":12.0},{"not_picked":["Riddle With Holes","Blade Dance"],"picked":"Dagger Throw","floor":13.0},{"not_picked":["Flechettes","Deadly Poison"],"picked":"Well Laid Plans","floor":14.0},{"not_picked":["A Thousand Cuts","Envenom"],"picked":"Grand Finale","floor":16.0},{"not_picked":["Prepared","Noxious Fumes"],"picked":"Blade Dance","floor":18.0},{"not_picked":["Concentrate","Dagger Throw"],"picked":"Prepared","floor":21},{"not_picked":["Terror","Choke"],"picked":"Calculated Gamble","floor":22},{"not_picked":["Noxious Fumes","Blade Dance","Dodge and Roll"],"picked":"SKIP","floor":24},{"not_picked":["Blade Dance","Poisoned Stab","Bane"],"picked":"SKIP","floor":27},{"not_picked":["Noxious Fumes","Poisoned Stab"],"picked":"Cloak And Dagger","floor":28},{"not_picked":["Accuracy","Infinite Blades","Caltrops"],"picked":"Prepared+1","floor":30}],"player_experience":433645,"relics_obtained":[{"floor":6.0,"key":"Strawberry"},{"floor":8.0,"key":"Gremlin Horn"},{"floor":9.0,"key":"InkBottle"},{"floor":26,"key":"Centennial Puzzle"},{"floor":28,"key":"Question Card"}],"event_choices":[{"damage_healed":0.0,"max_hp_gain":0.0,"max_hp_loss":0.0,"gold_gain":75.0,"event_name":"World of Goop","player_choice":"Gather Gold","floor":3.0,"gold_loss":0.0,"damage_taken":11.0},{"damage_healed":0.0,"max_hp_gain":0.0,"max_hp_loss":0.0,"gold_gain":150.0,"event_name":"Liars Game","player_choice":"AGREE","floor":4.0,"gold_loss":0.0,"damage_taken":0.0,"cards_obtained":["Doubt"]},{"cards_removed":["Doubt"],"damage_healed":0.0,"max_hp_gain":0.0,"max_hp_loss":0.0,"gold_gain":0.0,"event_name":"The Cleric","player_choice":"Card Removal","floor":5.0,"gold_loss":75.0,"damage_taken":0.0},{"damage_healed":0.0,"max_hp_gain":0.0,"max_hp_loss":0.0,"gold_gain":0.0,"cards_transformed":["Strike_G","Strike_G"],"event_name":"Drug Dealer","player_choice":"Became Test Subject","floor":19.0,"gold_loss":0.0,"damage_taken":0.0,"cards_obtained":["Heel Hook","Quick Slash"]},{"damage_healed":0.0,"max_hp_gain":0.0,"max_hp_loss":0.0,"gold_gain":0.0,"event_name":"Cursed Tome","player_choice":"Ignored","floor":20.0,"gold_loss":0.0,"damage_taken":0.0},{"damage_healed":0,"gold_gain":0,"player_choice":"Copied","damage_taken":0,"max_hp_gain":0,"max_hp_loss":0,"event_name":"Duplicator","floor":25,"gold_loss":0,"cards_obtained":["Blur"]}],"is_beta":false,"boss_relics":[{"not_picked":["Philosopher\u0027s Stone","Ectoplasm"],"picked":"Astrolabe"}],"items_purged_floors":[],"is_endless":false,"potions_floor_spawned":[1,8,12,13,16,22,24,27],"killed_by":"Chosen and Byrds","ascension_level":20}}