{"host":"34w8p723gpcx9kua","time":1609107514,"event":{"mods":["Act Like it!","BaseMod","ChefMod","Colored Map","Colored Powertips","Googly Eyes","Hallownest","Lobotomy","Minty Spire (QoL Compilation)","Prisma Mod","StSLib","The IronCluck","The Marked","Yakumo Yukari mod"],"gold_per_floor":[118,118,118,118,129,159,159,171,171,72,19,37,37,57,57,152,152,171,171,171,188,188,188,214,214,514,514,533,580,500,455,455,560,560,571,633,248,248,148,148,165,165,165,177,114,29,44,67,67,67],"floor_reached":51,"playtime":4509,"items_purged":["Decay","Hallownest:curseDreamersLament","Writhe"],"score":661,"play_id":"1c4a4053-e031-4267-8ba5-9c10dea4a905","local_time":"20201227221834","is_ascension_mode":false,"campfire_choices":[{"data":"PrismaMod:IllyaPoisoningPhantasm","floor":7,"key":"SMITH"},{"floor":13,"key":"REST"},{"data":"PrismaMod:IllyaUncommonDefend","floor":15,"key":"SMITH"},{"floor":23,"key":"REST"},{"floor":25,"key":"REST"},{"floor":27,"key":"REST"},{"floor":32,"key":"REST"},{"floor":40,"key":"REST"},{"floor":42,"key":"REST"},{"floor":49,"key":"REST"}],"circlet_count":0,"master_deck":["PrismaMod:IllyaCommonAttack","PrismaMod:IllyaCommonAttack","PrismaMod:IllyaCommonDefend","PrismaMod:IllyaCommonAttack","PrismaMod:IllyaCommonDefend","PrismaMod:IllyaCommonDefend","PrismaMod:IllyaCommonAttack","PrismaMod:IllyaCommonDefend","PrismaMod:IllyaUncommonAttack","PrismaMod:IllyaUncommonDefend","PrismaMod:IllyaInstallAlterEgo","PrismaMod:IllyaPoisoningPhantasm+1","PrismaMod:IllyaUncommonDefend+1","PrismaMod:IllyaHassanGift+1","PrismaMod:IllyaBlindPoisonToss+1","PrismaMod:IllyaStunPoison+1","PrismaMod:IllyaUncommonDefend+1","PrismaMod:IllyaUberAttackChannel+1","PrismaMod:IllyaBlindPoisonToss+1","PrismaMod:IllyaBoysLove+1","PrismaMod:IllyaRubysPotion+1","Hallownest:skillCityofTearsMap+1","PrismaMod:IllyaAssassinRevenge+1","Master of Strategy+1","PrismaMod:IllyaGrailKun+1","Hallownest:skillKingdomsEdgeMap+1"],"relics":["PrismaMod:PrismaZwei","Hallownest:TeacherSealRelic","Molten Egg 2","Toxic Egg 2","Fusion Hammer","Pen Nib","Old Coin","FossilizedHelix","Membership Card","Hallownest:SoulVesselRelic","Gambling Chip","PreservedInsect"],"acts_visited":["Exordium","Hallownest:Greenpath","Hallownest:CityofTears"],"potions_floor_usage":[33,33,33,35,36,36,36,50,50],"damage_taken":[{"damage":2,"enemies":"Hallownest:monsterHuskGuard","floor":1,"turns":6},{"damage":4,"enemies":"Hallownest:2_MossCreeps","floor":5,"turns":10},{"damage":15,"enemies":"Hallownest:eliteCrystalGuardian","floor":6,"turns":8},{"damage":5,"enemies":"Hallownest:monsterHuskWarrior","floor":8,"turns":6},{"damage":13,"enemies":"Hallownest:Guard_and_Warrior","floor":12,"turns":7},{"damage":0,"enemies":"Hallownest:monsterAspidMother","floor":14,"turns":5},{"damage":29,"enemies":"Hallownest:BossHornet","floor":16,"turns":9},{"damage":4,"enemies":"Hallownest:3_Youths","floor":18,"turns":6},{"damage":3,"enemies":"Hallownest:Flukemon_and_Top","floor":21,"turns":5},{"damage":1,"enemies":"Hallownest:Nosk","floor":24,"turns":6},{"damage":6,"enemies":"Hallownest:3_Mistakes","floor":28,"turns":5},{"damage":2,"enemies":"Hallownest:Glutton_and_Coward","floor":29,"turns":4},{"damage":23,"enemies":"Hallownest:BossSoulMaster","floor":33,"turns":8},{"damage":17,"enemies":"Hallownest:2_Littles","floor":35,"turns":4},{"damage":55,"enemies":"Hallownest:2_Primals","floor":36,"turns":4},{"damage":0,"enemies":"Hallownest:3_Siblings","floor":41,"turns":6},{"damage":0,"enemies":"Hallownest:Shield_Sturdy","floor":44,"turns":4},{"damage":0,"enemies":"Hallownest:Slobbering_and_Violent","floor":47,"turns":6},{"damage":75,"enemies":"Hallownest:BossHollowKnight","floor":50,"turns":8}],"seed_played":"1230733704682070924","potions_obtained":[{"floor":5,"key":"Energy Potion"},{"floor":8,"key":"SteroidPotion"},{"floor":12,"key":"CultistPotion"},{"floor":24,"key":"EntropicBrew"},{"floor":35,"key":"ColorlessPotion"},{"floor":36,"key":"Swift Potion"},{"floor":47,"key":"Strength Potion"}],"is_trial":false,"path_per_floor":["M","?","?","?","M","E","R","M","T","$","$","M","R","M","R","B",null,"M","?","?","M","?","R","E","R","T","R","M","M","?","?","R","B",null,"M","?","$","?","?","R","M","R","T","M","$","?","M","T","R","B",null],"character_chosen":"ILLYA","items_purchased":["PrismaMod:IllyaHassanGift+1","PrismaMod:IllyaBlindPoisonToss+1","Master of Strategy+1","Membership Card"],"campfire_rested":8,"item_purchase_floors":[10,11,37,37],"current_hp_per_floor":[73,82,82,82,78,63,63,58,58,58,58,45,70,70,70,41,84,80,84,84,81,77,84,83,84,84,84,78,76,76,76,84,61,84,72,27,27,27,27,50,55,78,78,79,79,79,79,79,79,4],"gold":67,"neow_bonus":"TRANSFORM_TWO_CARDS","is_daily":false,"chose_seed":false,"campfire_upgraded":2,"win_rate":0.0,"timestamp":1609107514,"path_taken":["M","?","?","?","M","E","R","M","T","?","$","?","R","M","R","BOSS","M","?","?","M","?","R","E","R","T","R","?","M","?","?","R","BOSS","M","?","$","?","?","R","M","R","T","?","$","?","M","?","R","BOSS"],"items_purchased_type":["Card","Card","Card","Relic"],"build_version":"2020-12-22","purchased_purges":3,"victory":true,"max_hp_per_floor":[75,84,84,84,84,84,84,84,84,84,84,84,84,84,84,84,84,84,84,84,84,84,84,84,84,84,84,84,84,84,84,84,84,84,84,84,84,79,79,79,79,79,79,79,79,79,79,79,79,79],"card_choices":[{"not_picked":["PrismaMod:IllyaPoisonBomb","PrismaMod:IllyaSaphire"],"picked":"PrismaMod:IllyaUncommonDefend","floor":1},{"not_picked":["PrismaMod:IllyaBlindPoisonToss","PrismaMod:IllyaAOECommonAttack"],"picked":"PrismaMod:IllyaRussianRoulette","floor":5},{"not_picked":["PrismaMod:IllyaPoisonBomb+1","PrismaMod:IllyaRussianRoulette"],"picked":"PrismaMod:IllyaPoisonBlock","floor":6},{"not_picked":["PrismaMod:IllyaEvokeAll+1","PrismaMod:IllyaMinorRapidFire+1","PrismaMod:IllyaMaid"],"picked":"SKIP","floor":8},{"not_picked":["PrismaMod:IllyaUberChannel+1","PrismaMod:IllyaUncommonEvoke+1"],"picked":"PrismaMod:IllyaStunPoison+1","floor":12},{"not_picked":["PrismaMod:IllyaReinForce+1","PrismaMod:IllyaMinorZwei+1"],"picked":"PrismaMod:IllyaUncommonDefend+1","floor":14},{"not_picked":["PrismaMod:IllyaCarnivalDefend+1","PrismaMod:IllyaInstallSaber"],"picked":"PrismaMod:IllyaUberAttackChannel+1","floor":16},{"not_picked":["PrismaMod:IllyaUncommonEvoke+1","PrismaMod:IllyaMaid+1"],"picked":"PrismaMod:IllyaBlindPoisonToss+1","floor":18},{"not_picked":["PrismaMod:IllyaReinForce+1","PrismaMod:IllyaTestament+1","PrismaMod:IllyaCheapChannelDefend+1"],"picked":"SKIP","floor":21},{"not_picked":["PrismaMod:IllyaHassanGift+1","PrismaMod:IllyaEvokeAll+1"],"picked":"PrismaMod:IllyaBoysLove+1","floor":24},{"not_picked":["PrismaMod:IllyaMinorZwei+1","PrismaMod:IllyaUncommonAttack+1","PrismaMod:IllyaUberChannel+1"],"picked":"SKIP","floor":28},{"not_picked":["PrismaMod:IllyaCheapChannelPoison+1","PrismaMod:IllyaRussianRoulette+1"],"picked":"PrismaMod:IllyaRubysPotion+1","floor":29},{"not_picked":["PrismaMod:IllyaUpgradeOrbs+1","PrismaMod:IllyaBoysLove+1"],"picked":"PrismaMod:IllyaAssassinRevenge+1","floor":35},{"not_picked":["PrismaMod:IllyaUpgradeOrbs+1","PrismaMod:IllyaCheapChannelAttack+1","PrismaMod:IllyaStunPoison+1"],"picked":"SKIP","floor":41},{"not_picked":["PrismaMod:IllyaStunPoison+1","PrismaMod:IllyaGun+1"],"picked":"PrismaMod:IllyaGrailKun+1","floor":44},{"not_picked":["PrismaMod:IllyaCarnivalAttack+1","PrismaMod:IllyaBlindPoisonToss+1","PrismaMod:IllyaUncommonAttack+1"],"picked":"SKIP","floor":47}],"player_experience":22687,"relics_obtained":[{"floor":6,"key":"Molten Egg 2"},{"floor":9,"key":"Toxic Egg 2"},{"floor":24,"key":"Pen Nib"},{"floor":26,"key":"Old Coin"},{"floor":36,"key":"FossilizedHelix"},{"floor":43,"key":"Gambling Chip"},{"floor":48,"key":"PreservedInsect"}],"event_choices":[],"is_beta":false,"boss_relics":[{"not_picked":["Ectoplasm","Tiny House"],"picked":"Fusion Hammer"},{"not_picked":["Calling Bell","Black Star"],"picked":"PrismaMod:PrismaZwei"}],"items_purged_floors":[10,37,45],"is_endless":false,"potions_floor_spawned":[5,8,12,14,16,18,24,29,35,36,47],"ascension_level":0}}