{"host":"r2b8ojg4o4pyvjvq","time":1609098691,"event":{"mods":["BaseMod","Colored Map","Downfall","Highlight Path","Hubris","Marisa????????","Minty Spire (QoL Compilation)","Quick Restart","Replay The Spire","StSLib","SuperFastMode"],"gold_per_floor":[113,113,123,67,85,85,110,110,133,133,133,162,172,192,192,268,268,283,283,283,293,307,307,307,307],"floor_reached":24,"playtime":525,"items_purged":[],"score":340,"play_id":"525f8ecf-d4bf-443a-8e1c-ba2a1a816a5a","local_time":"20201227205131","is_ascension_mode":true,"campfire_choices":[{"data":"Twin Strike","floor":6,"key":"SMITH"},{"data":"Flex","floor":10,"key":"SMITH"},{"data":"Rampage","floor":15,"key":"SMITH"},{"data":"Flame Barrier","floor":23,"key":"SMITH"}],"circlet_count":0,"master_deck":["AscendersBane","Strike_R","Strike_R","Strike_R","Strike_R","Defend_R","Defend_R+1","Defend_R+1","Defend_R","Bash+1","Twin Strike+1","Clothesline+1","Flex+1","Cleave","Rampage+1","Pommel Strike","Demon Form","Spot Weakness+1","Flame Barrier+1","Headbutt"],"relics":["Burning Blood","War Paint","Mirror","Anchor","FaceOfCleric","hubris:SlimyHat","hubris:ScarierMask"],"acts_visited":["Exordium","TheCity"],"potions_floor_usage":[7,16,16,24],"damage_taken":[{"damage":9,"enemies":"2 Louse","floor":1,"turns":4},{"damage":6,"enemies":"Cultist","floor":3,"turns":3},{"damage":2,"enemies":"Small Slimes","floor":5,"turns":3},{"damage":12,"enemies":"Gremlin Nob","floor":7,"turns":3},{"damage":1,"enemies":"Replay:BlueRogue","floor":12,"turns":3},{"damage":10,"enemies":"Gremlin Gang","floor":13,"turns":4},{"damage":3,"enemies":"Blue Slaver","floor":14,"turns":2},{"damage":23,"enemies":"Fading Forest","floor":16,"turns":11},{"damage":2,"enemies":"Chosen","floor":18,"turns":3},{"damage":18,"enemies":"Spheric Guardian","floor":21,"turns":5},{"damage":6,"enemies":"3 Cultists","floor":22,"turns":5},{"damage":76,"enemies":"Book of Stabbing","floor":24,"turns":5}],"seed_played":"-3926299736374301877","potions_obtained":[{"floor":5,"key":"champ:CounterPotion"},{"floor":7,"key":"Energy Potion"},{"floor":12,"key":"Block Potion"},{"floor":22,"key":"DuplicationPotion"}],"is_trial":false,"path_per_floor":["M","?","M","?","M","R","E","?","T","R","?","E","M","M","R","B",null,"M","?","?","M","M","R","E"],"character_chosen":"IRONCLAD","items_purchased":[],"campfire_rested":0,"item_purchase_floors":[],"current_hp_per_floor":[69,69,69,69,73,73,67,67,67,67,67,73,70,74,74,66,80,85,85,85,74,75,75,0,0],"gold":307,"neow_bonus":"REMOVE_CARD","is_daily":false,"chose_seed":false,"campfire_upgraded":4,"win_rate":0.0,"timestamp":1609098691,"path_taken":["M","?","?","?","?","R","E","?","T","R","?","E","M","?","R","BOSS","M","?","?","M","M","R","E"],"items_purchased_type":[],"build_version":"2020-12-22","purchased_purges":0,"victory":false,"max_hp_per_floor":[80,80,80,80,80,80,80,80,80,80,80,81,82,83,83,84,84,85,85,85,86,87,87,87,87],"card_choices":[{"not_picked":["Havoc","Bloodletting"],"picked":"Twin Strike","floor":1},{"not_picked":["Searing Blow","Clash"],"picked":"Clothesline","floor":3},{"not_picked":["Perfected Strike","Power Through","Clothesline"],"picked":"SKIP","floor":5},{"not_picked":["Dual Wield","Cleave"],"picked":"Flex","floor":7},{"not_picked":["Perfected Strike","ReplayTheSpireMod:LeadingStrike"],"picked":"Cleave","floor":12},{"not_picked":["Power Through","Iron Wave"],"picked":"Rampage","floor":13},{"not_picked":["Thunderclap","Body Slam"],"picked":"Pommel Strike","floor":14},{"not_picked":["Feed","Limit Break"],"picked":"Demon Form","floor":16},{"not_picked":["Armaments","Pummel"],"picked":"Spot Weakness+1","floor":18},{"not_picked":["Inflame","Run Through","Thunderclap+1"],"picked":"SKIP","floor":21},{"not_picked":["Body Slam","Flex"],"picked":"Headbutt","floor":22}],"player_experience":482680,"relics_obtained":[{"floor":7,"key":"Mirror"},{"floor":9,"key":"Anchor"},{"floor":12,"key":"hubris:SlimyHat"}],"event_choices":[{"damage_healed":0,"gold_gain":0,"player_choice":"Upgraded","damage_taken":0,"max_hp_gain":0,"max_hp_loss":0,"event_name":"Upgrade Shrine","floor":2,"gold_loss":0,"cards_upgraded":["Bash"]},{"damage_healed":0,"gold_gain":0,"player_choice":"Paid Gold","damage_taken":0,"relics_obtained":["War Paint"],"max_hp_gain":0,"max_hp_loss":0,"event_name":"WeMeetAgain","floor":4,"gold_loss":56},{"damage_healed":0,"gold_gain":0,"player_choice":"Grow","damage_taken":0,"max_hp_gain":0,"max_hp_loss":0,"event_name":"Living Wall","floor":8,"gold_loss":0,"cards_upgraded":["Clothesline"]},{"damage_healed":0,"gold_gain":0,"player_choice":"Trade","damage_taken":0,"relics_obtained":["FaceOfCleric"],"max_hp_gain":0,"max_hp_loss":0,"event_name":"FaceTrader","floor":11,"gold_loss":0},{"damage_healed":0,"gold_gain":0,"player_choice":"Read","damage_taken":0,"max_hp_gain":0,"max_hp_loss":0,"event_name":"The Library","floor":19,"gold_loss":0,"cards_obtained":["Flame Barrier"]}],"is_beta":false,"boss_relics":[{"not_picked":["Velvet Choker","Astrolabe"],"picked":"hubris:ScarierMask"}],"items_purged_floors":[],"is_endless":false,"potions_floor_spawned":[5,7,12,22],"killed_by":"Book of Stabbing","ascension_level":13}}