{"host":"rqd50iigewdjy74u","time":1609071194,"event":{"mods":["AchievementEnabler","BaseMod","BetterRewards","Custom Start","Minty Spire (QoL Compilation)","StSLib"],"gold_per_floor":[219,219,219,237,253,253,253,280,315,351,383,409,421,448,460,472,472],"floor_reached":16,"playtime":433,"items_purged":[],"score":102,"play_id":"69fc4be2-03e2-43cb-b78d-3516ed54920d","local_time":"20201227061314","is_ascension_mode":false,"campfire_choices":[{"data":"Eruption","floor":7,"key":"SMITH"},{"data":"WindmillStrike","floor":15,"key":"SMITH"}],"circlet_count":0,"master_deck":["Strike_P","Strike_P","Strike_P","Strike_P","Defend_P","Defend_P","Defend_P","Eruption+1","Vigilance","Tantrum","Consecrate","WindmillStrike+1","SignatureMove","Halt","InnerPeace","FlurryOfBlows"],"relics":["PureWater","MawBank","Potion Belt","Toy Ornithopter"],"acts_visited":["Exordium"],"potions_floor_usage":[11,16,16,16],"damage_taken":[{"damage":10,"enemies":"2 Louse","floor":1,"turns":2},{"damage":0,"enemies":"Small Slimes","floor":4,"turns":2},{"damage":1,"enemies":"Jaw Worm","floor":5,"turns":2},{"damage":19,"enemies":"3 Sentries","floor":8,"turns":3},{"damage":3,"enemies":"Gremlin Gang","floor":11,"turns":2},{"damage":10,"enemies":"Looter","floor":12,"turns":2},{"damage":0,"enemies":"3 Louse","floor":14,"turns":2},{"damage":42,"enemies":"The Guardian","floor":16,"turns":4}],"seed_played":"-8994238139084370208","potions_obtained":[{"floor":1,"key":"Explosive Potion"},{"floor":4,"key":"SteroidPotion"},{"floor":5,"key":"Fire Potion"},{"floor":14,"key":"BlessingOfTheForge"}],"is_trial":false,"path_per_floor":["M","?","?","M","M","?","R","E","T","T","M","M","?","M","R","B"],"character_chosen":"WATCHER","items_purchased":[],"campfire_rested":0,"item_purchase_floors":[],"current_hp_per_floor":[62,55,55,55,54,59,59,40,40,40,37,27,20,20,20,0,0],"gold":472,"neow_bonus":"HUNDRED_GOLD","is_daily":false,"chose_seed":false,"campfire_upgraded":2,"win_rate":0.0,"timestamp":1609071194,"path_taken":["M","?","?","M","M","?","R","E","T","?","M","M","?","M","R","BOSS"],"items_purchased_type":[],"build_version":"2020-12-22","purchased_purges":0,"victory":false,"max_hp_per_floor":[72,72,72,72,72,77,77,77,77,77,77,77,77,77,77,77,77],"card_choices":[{"not_picked":["BowlingBash","Perseverance"],"picked":"Tantrum","floor":1},{"not_picked":["Protect","Wireheading"],"picked":"Consecrate","floor":4},{"not_picked":["EmptyFist","Tantrum"],"picked":"WindmillStrike","floor":5},{"not_picked":["EmptyBody","WreathOfFlame"],"picked":"SignatureMove","floor":8},{"not_picked":["Indignation","Worship"],"picked":"Halt","floor":11},{"not_picked":["Adaptation","Consecrate"],"picked":"InnerPeace","floor":12},{"not_picked":["Indignation","BowlingBash"],"picked":"FlurryOfBlows","floor":14}],"player_experience":121832,"relics_obtained":[{"floor":8,"key":"MawBank"},{"floor":9,"key":"Potion Belt"}],"event_choices":[{"cards_removed":["Defend_P"],"damage_healed":0,"gold_gain":0,"player_choice":"Card Removal","damage_taken":7,"max_hp_gain":0,"max_hp_loss":0,"event_name":"Golden Wing","floor":2,"gold_loss":0},{"damage_healed":0,"gold_gain":0,"player_choice":"Ignored","damage_taken":0,"max_hp_gain":0,"max_hp_loss":0,"event_name":"Liars Game","floor":3,"gold_loss":0},{"damage_healed":0,"gold_gain":0,"player_choice":"Donut","damage_taken":0,"max_hp_gain":5,"max_hp_loss":0,"event_name":"Big Fish","floor":6,"gold_loss":0},{"damage_healed":0,"gold_gain":0,"player_choice":"Success","damage_taken":7,"relics_obtained":["Toy Ornithopter"],"max_hp_gain":0,"max_hp_loss":0,"event_name":"Scrap Ooze","floor":13,"gold_loss":0}],"is_beta":false,"boss_relics":[],"items_purged_floors":[],"is_endless":false,"potions_floor_spawned":[1,4,5,14],"killed_by":"The Guardian","ascension_level":0}}