{"host":"hkfd27larxvbrzdx","time":1609046529,"event":{"mods":["AchievementEnabler","BaseMod","Minty Spire (QoL Compilation)"],"gold_per_floor":[19,119,138,149,166,166,18,48,48,48,123,123,150,163,163,268,268,268,96,96,36,36,36,36,36,36,36,36,36,36,36,36,36,36,36,36,36,36,36,36,36,36,36,36,36,36,36,36,36,36],"floor_reached":51,"playtime":5467,"items_purged":["Strike_R","Strike_R"],"score":825,"play_id":"4c3185b8-0765-4681-aa00-65f02d5e6cbb","local_time":"20201227132209","is_ascension_mode":true,"campfire_choices":[{"data":"Disarm","floor":6,"key":"SMITH"},{"data":"Evolve","floor":10,"key":"SMITH"},{"data":"Shrug It Off","floor":12,"key":"SMITH"},{"data":"Heavy Blade","floor":15,"key":"SMITH"},{"data":"Whirlwind","floor":23,"key":"SMITH"},{"data":"Twin Strike","floor":25,"key":"SMITH"},{"data":"Bash","floor":27,"key":"SMITH"},{"data":"Defend_R","floor":32,"key":"SMITH"},{"data":"Inflame","floor":40,"key":"SMITH"},{"data":"Defend_R","floor":47,"key":"SMITH"},{"floor":49,"key":"REST"}],"circlet_count":0,"master_deck":["Strike_R","Strike_R","Defend_R","Defend_R+1","Defend_R+1","Defend_R+1","Bash+1","Disarm+1","Shrug It Off+1","Twin Strike+1","Spot Weakness+1","Evolve+1","Heavy Blade+1","Warcry+1","Whirlwind+1","Body Slam+1","Battle Trance+1","Inflame+1","Rampage+1","Shrug It Off+1"],"relics":["Burning Blood","Thread and Needle","War Paint","Toy Ornithopter","Centennial Puzzle","Ectoplasm","Regal Pillow","Mercury Hourglass","Bag of Preparation","Sozu","Old Coin","Question Card","Shuriken","Red Skull"],"acts_visited":["Exordium","TheCity","TheBeyond"],"potions_floor_usage":[29,31,33,33,50],"damage_taken":[{"damage":0,"enemies":"Jaw Worm","floor":1,"turns":4},{"damage":0,"enemies":"Cultist","floor":3,"turns":3},{"damage":0,"enemies":"2 Louse","floor":4,"turns":4},{"damage":7,"enemies":"Blue Slaver","floor":5,"turns":4},{"damage":13,"enemies":"Lagavulin","floor":8,"turns":9},{"damage":0,"enemies":"Red Slaver","floor":14,"turns":4},{"damage":12,"enemies":"Hexaghost","floor":16,"turns":10},{"damage":0,"enemies":"Chosen","floor":18,"turns":4},{"damage":15,"enemies":"2 Thieves","floor":21,"turns":4},{"damage":21,"enemies":"Gremlin Leader","floor":24,"turns":5},{"damage":18,"enemies":"Shelled Parasite and Fungi","floor":28,"turns":3},{"damage":8,"enemies":"Snake Plant","floor":29,"turns":3},{"damage":0,"enemies":"Snecko","floor":30,"turns":3},{"damage":7,"enemies":"Centurion and Healer","floor":31,"turns":3},{"damage":41,"enemies":"Automaton","floor":33,"turns":10},{"damage":0,"enemies":"Orb Walker","floor":35,"turns":2},{"damage":2,"enemies":"3 Darklings","floor":36,"turns":3},{"damage":3,"enemies":"Maw","floor":37,"turns":5},{"damage":7,"enemies":"4 Shapes","floor":38,"turns":3},{"damage":26,"enemies":"Mind Bloom Boss Battle","floor":39,"turns":5},{"damage":6,"enemies":"Spire Growth","floor":45,"turns":3},{"damage":19,"enemies":"Reptomancer","floor":46,"turns":3},{"damage":7,"enemies":"Sphere and 2 Shapes","floor":48,"turns":3},{"damage":35,"enemies":"Awakened One","floor":50,"turns":9}],"seed_played":"5754547450824351188","potions_obtained":[{"floor":1,"key":"AttackPotion"},{"floor":5,"key":"Dexterity Potion"},{"floor":14,"key":"Swift Potion"},{"floor":16,"key":"LiquidMemories"},{"floor":28,"key":"BloodPotion"},{"floor":29,"key":"Explosive Potion"},{"floor":31,"key":"Strength Potion"}],"is_trial":false,"path_per_floor":["M","?","M","M","M","R","$","E","T","R","?","R","T","M","R","B",null,"M","$","T","M","?","R","E","R","T","R","M","M","M","M","R","B",null,"M","M","M","M","?","R","?","T","T","?","M","E","R","M","R","B",null],"character_chosen":"IRONCLAD","items_purchased":["Spot Weakness","Whirlwind"],"campfire_rested":1,"item_purchase_floors":[7,19],"current_hp_per_floor":[80,80,80,80,79,79,79,72,72,72,61,61,61,67,67,61,80,80,80,80,71,71,71,56,56,56,56,44,63,69,73,73,48,80,80,80,80,79,59,59,59,59,59,59,59,46,46,45,80,51],"gold":36,"neow_bonus":"ONE_RARE_RELIC","is_daily":false,"chose_seed":false,"campfire_upgraded":10,"win_rate":0.0,"timestamp":1609046529,"path_taken":["M","?","?","M","M","R","$","E","T","R","?","R","?","M","R","BOSS","M","?","?","M","?","R","E","R","T","R","?","M","M","M","R","BOSS","M","M","M","M","?","R","?","?","T","?","?","E","R","M","R","BOSS"],"items_purchased_type":["Card","Card"],"build_version":"2020-12-22","purchased_purges":2,"victory":true,"max_hp_per_floor":[80,80,80,80,80,80,80,80,80,80,80,80,80,80,80,80,80,80,80,80,80,80,80,80,80,80,80,80,80,80,80,80,80,80,80,80,80,80,80,80,80,80,80,80,80,80,80,80,80,80],"card_choices":[{"not_picked":["Heavy Blade","Armaments"],"picked":"Disarm","floor":1},{"not_picked":["Shockwave","Rage"],"picked":"Shrug It Off","floor":3},{"not_picked":["Headbutt","Hemokinesis","Clothesline"],"picked":"SKIP","floor":4},{"not_picked":["Ghostly Armor","Headbutt"],"picked":"Twin Strike","floor":5},{"not_picked":["Armaments","Body Slam"],"picked":"Evolve","floor":8},{"not_picked":["Clothesline","Pommel Strike"],"picked":"Heavy Blade","floor":14},{"not_picked":["Body Slam","Pommel Strike+1"],"picked":"Warcry+1","floor":18},{"not_picked":["Carnage+1","Wild Strike","Armaments"],"picked":"SKIP","floor":21},{"not_picked":["Evolve","Perfected Strike"],"picked":"Body Slam+1","floor":24},{"not_picked":["Infernal Blade","Clash","Iron Wave"],"picked":"SKIP","floor":28},{"not_picked":["Headbutt","Flex","Body Slam"],"picked":"SKIP","floor":29},{"not_picked":["Sword Boomerang","Anger","Berserk"],"picked":"SKIP","floor":30},{"not_picked":["Flex","Clash"],"picked":"Battle Trance+1","floor":31},{"not_picked":["Dark Embrace","Pommel Strike","Iron Wave+1"],"picked":"SKIP","floor":35},{"not_picked":["Pommel Strike","Heavy Blade+1"],"picked":"Inflame","floor":36},{"not_picked":["Infernal Blade+1","Blood for Blood"],"picked":"Rampage+1","floor":37},{"not_picked":["Wild Strike","Body Slam+1","Anger+1"],"picked":"SKIP","floor":38},{"not_picked":["Armaments","Juggernaut","Sever Soul+1"],"picked":"Shrug It Off+1","floor":45},{"not_picked":["Seeing Red","Whirlwind","Combust","Rupture"],"picked":"SKIP","floor":46},{"not_picked":["True Grit","Clothesline","Cleave","Searing Blow+1"],"picked":"SKIP","floor":48}],"player_experience":101912,"relics_obtained":[{"floor":8,"key":"War Paint"},{"floor":9,"key":"Toy Ornithopter"},{"floor":13,"key":"Centennial Puzzle"},{"floor":20,"key":"Regal Pillow"},{"floor":24,"key":"Mercury Hourglass"},{"floor":26,"key":"Bag of Preparation"},{"floor":39,"key":"Old Coin"},{"floor":42,"key":"Question Card"},{"floor":43,"key":"Shuriken"},{"floor":46,"key":"Red Skull"}],"event_choices":[{"damage_healed":0,"gold_gain":100,"player_choice":"Pray","damage_taken":0,"max_hp_gain":0,"max_hp_loss":0,"event_name":"Golden Shrine","floor":2,"gold_loss":0},{"damage_healed":0,"gold_gain":75,"player_choice":"Gather Gold","damage_taken":11,"max_hp_gain":0,"max_hp_loss":0,"event_name":"World of Goop","floor":11,"gold_loss":0},{"damage_healed":0,"gold_gain":0,"player_choice":"Ignored","damage_taken":0,"max_hp_gain":0,"max_hp_loss":0,"event_name":"The Mausoleum","floor":22,"gold_loss":0},{"damage_healed":0,"gold_gain":0,"player_choice":"Fight","damage_taken":0,"max_hp_gain":0,"max_hp_loss":0,"event_name":"MindBloom","floor":39,"gold_loss":0},{"damage_healed":0,"gold_gain":0,"player_choice":"Ignored","damage_taken":0,"max_hp_gain":0,"max_hp_loss":0,"event_name":"Mysterious Sphere","floor":41,"gold_loss":0},{"cards_removed":["Strike_R"],"damage_healed":0,"gold_gain":0,"player_choice":"Card Removal","damage_taken":0,"max_hp_gain":0,"max_hp_loss":0,"event_name":"Wheel of Change","floor":44,"gold_loss":0}],"is_beta":false,"boss_relics":[{"not_picked":["Fusion Hammer","Empty Cage"],"picked":"Ectoplasm"},{"not_picked":["Tiny House","Runic Dome"],"picked":"Sozu"}],"items_purged_floors":[7,19],"is_endless":false,"potions_floor_spawned":[1,5,14,16,28,29,30,31,37,38,46,48],"ascension_level":3}}