{"host":"daa8jqyg4gqfaysm","time":1609085013,"event":{"mods":["BaseMod","Colored Powertips","Minty Spire (QoL Compilation)","StSLib"],"gold_per_floor":[118,138,138,138,153,153,185,185,185,185,202,167,167,177,177,254,254,274,274,274,288,288,288,321,321,321,321,321],"floor_reached":27,"playtime":605,"items_purged":[],"score":458,"play_id":"2a23cee5-3f13-4f10-a8bc-8ee13afbefb8","local_time":"20201228000333","is_ascension_mode":true,"campfire_choices":[{"data":"Chaos","floor":6.0,"key":"SMITH"},{"floor":10.0,"key":"REST"},{"data":"Core Surge","floor":13.0,"key":"SMITH"},{"data":"Go for the Eyes","floor":15.0,"key":"SMITH"},{"data":"Lockon","floor":23,"key":"SMITH"},{"floor":25,"key":"REST"}],"circlet_count":0,"master_deck":["AscendersBane","Strike_B+1","Defend_B","Defend_B","Defend_B","Defend_B+1","Zap","Dualcast","Hello World","Go for the Eyes+1","Chaos+1","Conserve Battery","Ball Lightning","Core Surge+1","Undo","Machine Learning","Barrage+1","Lockon+1","Echo Form"],"relics":["Cracked Core","Girya","Philosopher\u0027s Stone","Potion Belt","Mercury Hourglass"],"acts_visited":["Exordium","TheCity"],"potions_floor_usage":[27],"damage_taken":[{"damage":0.0,"enemies":"Small Slimes","floor":1.0,"turns":3.0},{"damage":7.0,"enemies":"Jaw Worm","floor":2.0,"turns":4.0},{"damage":0.0,"enemies":"2 Louse","floor":5.0,"turns":3.0},{"damage":20.0,"enemies":"3 Sentries","floor":7.0,"turns":7.0},{"damage":0.0,"enemies":"Red Slaver","floor":11.0,"turns":3.0},{"damage":7.0,"enemies":"Blue Slaver","floor":14.0,"turns":3.0},{"damage":13.0,"enemies":"The Guardian","floor":16.0,"turns":13.0},{"damage":13,"enemies":"Chosen","floor":18,"turns":6},{"damage":12,"enemies":"2 Thieves","floor":21,"turns":4},{"damage":66,"enemies":"Gremlin Leader","floor":24,"turns":8},{"damage":33,"enemies":"Slavers","floor":27,"turns":1}],"seed_played":"-7428608800422900110","potions_obtained":[{"floor":1.0,"key":"Fire Potion"},{"floor":2.0,"key":"FairyPotion"},{"floor":14.0,"key":"EssenceOfDarkness"}],"is_trial":false,"path_per_floor":["M","M","?","?","M","R","E","?","T","R","M","?","R","M","R","B",null,"M","?","?","M","?","R","E","R","T","E"],"character_chosen":"DEFECT","items_purchased":[],"campfire_rested":2,"item_purchase_floors":[],"current_hp_per_floor":[46,39,62,55,55,55,35,14,14,35,35,52,52,45,45,32,61,48,62,62,50,44,44,5,26,26,0,0],"gold":321,"neow_bonus":"TRANSFORM_TWO_CARDS","is_daily":false,"chose_seed":false,"campfire_upgraded":4,"win_rate":0.0,"timestamp":1609085013,"path_taken":["M","M","?","?","M","R","E","?","T","R","?","?","R","M","R","BOSS","M","?","?","M","?","R","E","R","T","E"],"items_purchased_type":[],"build_version":"2020-12-22","purchased_purges":0,"victory":false,"max_hp_per_floor":[71,71,71,71,71,71,71,71,71,71,71,71,71,71,71,71,71,71,71,71,71,71,71,71,71,71,71,71],"card_choices":[{"not_picked":["Hello World","Tempest"],"picked":"Chaos","floor":1.0},{"not_picked":["Blizzard","Sweeping Beam"],"picked":"Conserve Battery","floor":2.0},{"not_picked":["Beam Cell","Chill"],"picked":"Ball Lightning","floor":5.0},{"not_picked":["Redo","Rebound"],"picked":"Core Surge","floor":7.0},{"not_picked":["Ball Lightning","Redo","Conserve Battery"],"picked":"SKIP","floor":11.0},{"not_picked":["Rebound","Force Field"],"picked":"Undo","floor":14.0},{"not_picked":["Creative AI","Meteor Strike"],"picked":"Machine Learning","floor":16.0},{"not_picked":["Aggregate","Sunder"],"picked":"Barrage+1","floor":18},{"not_picked":["Beam Cell","Go for the Eyes"],"picked":"Lockon","floor":21},{"not_picked":["Loop","Go for the Eyes"],"picked":"Echo Form","floor":24}],"player_experience":741015,"relics_obtained":[{"floor":7.0,"key":"Girya"},{"floor":24,"key":"Potion Belt"},{"floor":26,"key":"Mercury Hourglass"}],"event_choices":[{"damage_healed":23.0,"max_hp_gain":0.0,"max_hp_loss":0.0,"gold_gain":0.0,"event_name":"Big Fish","player_choice":"Banana","floor":3.0,"gold_loss":0.0,"damage_taken":0.0},{"cards_removed":["Strike_B"],"damage_healed":0.0,"max_hp_gain":0.0,"max_hp_loss":0.0,"gold_gain":0.0,"event_name":"Golden Wing","player_choice":"Card Removal","floor":4.0,"gold_loss":0.0,"damage_taken":7.0},{"damage_healed":0.0,"max_hp_gain":0.0,"max_hp_loss":0.0,"gold_gain":0.0,"event_name":"Shining Light","player_choice":"Entered Light","floor":8.0,"gold_loss":0.0,"damage_taken":21.0,"cards_upgraded":["Defend_B","Strike_B"]},{"damage_healed":17.0,"max_hp_gain":0.0,"max_hp_loss":0.0,"gold_gain":0.0,"event_name":"The Cleric","player_choice":"Healed","floor":12.0,"gold_loss":35.0,"damage_taken":0.0},{"damage_healed":14,"gold_gain":0,"player_choice":"Heal","damage_taken":0,"max_hp_gain":0,"max_hp_loss":0,"event_name":"The Library","floor":19,"gold_loss":0},{"damage_healed":0,"gold_gain":0,"player_choice":"Ignored","damage_taken":0,"max_hp_gain":0,"max_hp_loss":0,"event_name":"Vampires","floor":20,"gold_loss":0},{"damage_healed":0,"gold_gain":0,"player_choice":"","damage_taken":6,"max_hp_gain":0,"max_hp_loss":0,"event_name":"Knowing Skull","floor":22,"potions_obtained":[],"gold_loss":0,"cards_obtained":[]}],"is_beta":false,"boss_relics":[{"not_picked":["Busted Crown","Empty Cage"],"picked":"Philosopher\u0027s Stone"}],"items_purged_floors":[],"is_endless":false,"potions_floor_spawned":[1,2,14,18,21],"killed_by":"Slavers","ascension_level":20}}