{"host":"7nu0fnckee4tlfez","time":1609088526,"event":{"mods":["2.2 Compatiblity","AchievementEnabler","Astrologer","BaseMod","CapriCore","Colored Map","Downfall","Lobotomy","LobotomyExtend","Marisa£¨Ùöéë¡¡Øª×âÞÞ£©","Minty Spire (QoL Compilation)","StSLib","SuperFastMode","The Immortal"],"gold_per_floor":[110,120,134,209,223,223,252,252,300,59,59,59,59,75,75,180,180,199,199,199],"floor_reached":19,"playtime":600,"items_purged":[],"score":192,"play_id":"5341e030-633f-4e3f-98df-bb8b8d5ed221","local_time":"20201228020206","is_ascension_mode":false,"campfire_choices":[{"data":"Clothesline","floor":6,"key":"SMITH"},{"data":"Metallicize","floor":11,"key":"SMITH"},{"data":"Body Slam","floor":13,"key":"SMITH"},{"data":"Body Slam","floor":15,"key":"SMITH"}],"circlet_count":0,"master_deck":["Strike_R","Strike_R","Strike_R","Strike_R","Defend_R","Defend_R","Defend_R","Defend_R","Bash","Metallicize+1","SpiderBud","Body Slam+1","VoidDream","Cleave","OldLady","Clothesline+1","Freischutz","Body Slam+1","Ghostly Armor+1","ShyLook","Feed","LittleHelper"],"relics":["Black Blood","CogitoBucket","RabbitCall","LetterFromLob","Meat on the Bone","Oddly Smooth Stone","Bronze Scales","Toxic Egg 2","LuminousBracelet","Gaze_r"],"acts_visited":["Exordium","TheCity"],"potions_floor_usage":[],"damage_taken":[{"damage":2,"enemies":"2 Louse","floor":1,"turns":3},{"damage":2,"enemies":"Small Slimes","floor":2,"turns":3},{"damage":12,"enemies":"Jaw Worm","floor":3,"turns":4},{"damage":1,"enemies":"3 Louse","floor":5,"turns":3},{"damage":15,"enemies":"3 Sentries","floor":7,"turns":8},{"damage":2,"enemies":"Gremlin Gang","floor":14,"turns":4},{"damage":60,"enemies":"Hexaghost","floor":16,"turns":11},{"damage":21,"enemies":"Chosen","floor":18,"turns":7},{"damage":8,"enemies":"Chosen","floor":19,"turns":4}],"seed_played":"1257618751986771829","potions_obtained":[{"floor":16,"key":"Strength Potion"},{"floor":18,"key":"Energy Potion"}],"is_trial":false,"path_per_floor":["M","M","M","?","M","R","E","?","T","$","R","?","R","M","R","B",null,"M","?"],"character_chosen":"IRONCLAD","items_purchased":["Toxic Egg 2"],"campfire_rested":0,"item_purchase_floors":[10],"current_hp_per_floor":[80,80,74,63,68,68,59,47,47,47,47,40,40,71,71,59,95,91,99,99],"gold":199,"neow_bonus":"","is_daily":false,"chose_seed":false,"campfire_upgraded":4,"win_rate":0.0,"timestamp":1609088526,"path_taken":["M","M","M","?","M","R","E","?","T","$","R","?","R","M","R","BOSS","M","?"],"items_purchased_type":["Relic"],"build_version":"2020-12-22","purchased_purges":0,"victory":false,"max_hp_per_floor":[80,80,80,80,80,80,80,80,80,80,80,80,80,95,95,95,95,98,101,101],"card_choices":[{"not_picked":["Scorched","Scarecrow","PunishingBird"],"picked":"Singing Bowl","floor":1},{"not_picked":["Heavy Blade","Power Through"],"picked":"Metallicize","floor":1},{"not_picked":["PunishingBird","Murderer"],"picked":"SpiderBud","floor":2},{"not_picked":["Flex","Cleave"],"picked":"Body Slam","floor":2},{"not_picked":["VoidDream","Scorched","FairyFestival"],"picked":"Singing Bowl","floor":3},{"not_picked":["SingingMachine","Murderer"],"picked":"VoidDream","floor":3},{"not_picked":["Havoc","Carnage"],"picked":"Cleave","floor":3},{"not_picked":["MHz","UniverseFragment","Scorched"],"picked":"Singing Bowl","floor":5},{"not_picked":["PunishingBird","Bloodbath"],"picked":"OldLady","floor":5},{"not_picked":["Demon Form","Warcry"],"picked":"Clothesline","floor":5},{"not_picked":["WallGazer","MHz","BeautyBeast"],"picked":"Singing Bowl","floor":7},{"not_picked":["Wellcheers","HappyTeddy"],"picked":"Freischutz","floor":7},{"not_picked":["Warcry","Anger"],"picked":"Body Slam","floor":7},{"not_picked":["BeautyBeast","CrumblingArmor","BigBadWolf"],"picked":"Singing Bowl","floor":14},{"not_picked":["Fire Breathing","Clash"],"picked":"Ghostly Armor+1","floor":14},{"not_picked":["WallGazer","Scarecrow","FieryBird"],"picked":"Singing Bowl","floor":16},{"not_picked":["OSAHOGD","CherryBlossoms"],"picked":"ShyLook","floor":16},{"not_picked":["Immolate","Limit Break+1"],"picked":"Feed","floor":16},{"not_picked":["CherryBlossoms","Alriune","FairyFestival"],"picked":"Singing Bowl","floor":18},{"not_picked":["Bloodbath","WallGazer"],"picked":"LittleHelper","floor":18},{"not_picked":["Clash","Flex+1","Anger"],"picked":"SKIP","floor":18}],"player_experience":58157,"relics_obtained":[{"floor":1,"key":"LetterFromLob"},{"floor":7,"key":"Meat on the Bone"},{"floor":9,"key":"Bronze Scales"}],"event_choices":[{"damage_healed":0,"gold_gain":75,"player_choice":"Gather Gold","damage_taken":11,"max_hp_gain":0,"max_hp_loss":0,"event_name":"World of Goop","floor":4,"gold_loss":0},{"damage_healed":0,"gold_gain":0,"player_choice":"Success","damage_taken":12,"relics_obtained":["Oddly Smooth Stone"],"max_hp_gain":0,"max_hp_loss":0,"event_name":"Scrap Ooze","floor":8,"gold_loss":0},{"cards_removed":["Strike_R"],"damage_healed":0,"gold_gain":0,"player_choice":"Card Removal","damage_taken":7,"max_hp_gain":0,"max_hp_loss":0,"event_name":"Golden Wing","floor":12,"gold_loss":0}],"is_beta":false,"boss_relics":[{"not_picked":["Runic Pyramid","Snecko Eye"],"picked":"Black Blood"}],"items_purged_floors":[],"is_endless":false,"potions_floor_spawned":[5,16,18],"killed_by":"Chosen","ascension_level":0}}