{"host":"qc1sjgtdjonvdsd8","time":1609055169,"event":{"mods":["BaseMod","Colored Map","Colored Powertips","Curses Come First","Downfall","Minty Spire (QoL Compilation)","Replay The Spire","StSLib","The Cursed","The Disciple","The Necromancer","The Servant 0.9.4"],"gold_per_floor":[115,115,125,135,154,154,166,166,189,189,200,72,72,140,140,241,241,254,164,177,189,42,42,42,42],"floor_reached":24,"playtime":2461,"items_purged":[],"score":188,"play_id":"576ab765-2fab-459a-92cf-04ad02da81d7","local_time":"20201226234609","is_ascension_mode":false,"campfire_choices":[{"data":"TheCursedMod:Grudge","floor":6,"key":"SMITH"},{"data":"TheCursedMod:EmpowerCircles","floor":13,"key":"SMITH"},{"floor":15,"key":"REST"},{"floor":23,"key":"REST"}],"circlet_count":0,"master_deck":["TheCursedMod:Strike_TheCursed+1","TheCursedMod:Strike_TheCursed","TheCursedMod:Defend_TheCursed","TheCursedMod:Defend_TheCursed","TheCursedMod:Defend_TheCursed","TheCursedMod:Defend_TheCursed","TheCursedMod:CursedWand","TheCursedMod:CleanUpWorkshop","TheCursedMod:Dregs","Sadistic Nature","TheCursedMod:CircleOfCorruption","expansioncontent:LastStand","TheCursedMod:RapidMovement","TheCursedMod:SpitefulPray","TheCursedMod:Grudge+1","TheCursedMod:SpitefulPlan","TheCursedMod:SmokeScreen","TheCursedMod:CircleOfCorruption","TheCursedMod:EmpowerCircles+1","TheCursedMod:SurpriseAttack","TheCursedMod:CollectTribute","TheCursedMod:CursedAmulet+1","TheCursedMod:ReleasedKnowledge","TheCursedMod:CollectTribute"],"relics":["TheCursedMod:BlackMagic101","Replay:Accelerometer","Sozu","DollysMirror"],"acts_visited":["Exordium","TheCity"],"potions_floor_usage":[11,16,16],"damage_taken":[{"damage":0,"enemies":"Cultist","floor":1,"turns":4},{"damage":6,"enemies":"Jaw Worm","floor":3,"turns":5},{"damage":2,"enemies":"Small Slimes","floor":4,"turns":3},{"damage":2,"enemies":"3 Louse","floor":5,"turns":3},{"damage":2,"enemies":"Blue Slaver","floor":7,"turns":6},{"damage":0,"enemies":"Large Slime","floor":11,"turns":5},{"damage":33,"enemies":"Hexaghost","floor":16,"turns":14},{"damage":32,"enemies":"Chosen","floor":18,"turns":6},{"damage":8,"enemies":"Spheric Guardian","floor":20,"turns":5},{"damage":23,"enemies":"Snake Plant","floor":21,"turns":5},{"damage":34,"enemies":"Snecko","floor":24,"turns":6}],"seed_played":"-5339267223275580979","potions_obtained":[{"floor":3,"key":"Swift Potion"},{"floor":5,"key":"ColorlessPotion"},{"floor":14,"key":"BlessingOfTheForge"}],"is_trial":false,"path_per_floor":["M","?","M","M","M","R","M","?","T","?","M","$","R","?","R","B",null,"M","?","M","M","$","R","M"],"character_chosen":"THE_CURSED","items_purchased":["TheCursedMod:CircleOfCorruption","TheCursedMod:EmpowerCircles","DollysMirror"],"campfire_rested":2,"item_purchase_floors":[12,12,22],"current_hp_per_floor":[75,75,69,67,65,65,63,56,56,56,56,56,56,38,60,27,75,43,43,35,12,12,34,0,0],"gold":42,"neow_bonus":"RANDOM_COLORLESS_2","is_daily":false,"chose_seed":false,"campfire_upgraded":2,"win_rate":0.0,"timestamp":1609055169,"path_taken":["M","?","?","M","M","R","M","?","T","?","M","$","R","?","R","BOSS","M","?","?","M","$","R","M"],"items_purchased_type":["Card","Card","Relic"],"build_version":"2020-12-22","purchased_purges":0,"victory":false,"max_hp_per_floor":[75,75,75,75,75,75,75,75,75,75,75,75,75,75,75,75,75,75,75,75,75,75,75,75,75],"card_choices":[{"not_picked":["Crow Ritual","Metamorphosis"],"picked":"Sadistic Nature","floor":0},{"not_picked":["TheCursedMod:CursedShiv","TheCursedMod:AshesToAshes"],"picked":"TheCursedMod:CircleOfCorruption","floor":1},{"not_picked":["TheCursedMod:WearCloak","TheCursedMod:TacticalStrike"],"picked":"TheCursedMod:RapidMovement","floor":3},{"not_picked":["TheCursedMod:CircleOfAmplification","TheCursedMod:DoubleShield"],"picked":"TheCursedMod:SpitefulPray","floor":4},{"not_picked":["TheCursedMod:CircleOfFlame","TheCursedMod:SaltUponWound"],"picked":"TheCursedMod:Grudge","floor":5},{"not_picked":["TheCursedMod:CursedArmor","TheCursedMod:CursedAmulet"],"picked":"TheCursedMod:SpitefulPlan","floor":7},{"not_picked":["TheCursedMod:PrepareRite","TheCursedMod:Torture"],"picked":"TheCursedMod:SmokeScreen","floor":11},{"not_picked":["TheCursedMod:VitalStrike","TheCursedMod:ForbiddenAlchemy"],"picked":"TheCursedMod:SurpriseAttack","floor":14},{"not_picked":["TheCursedMod:VoidForm","TheCursedMod:DarkBarrier"],"picked":"TheCursedMod:CollectTribute","floor":16},{"not_picked":["TheCursedMod:VitalStrike+1","TheCursedMod:CursedShiv"],"picked":"TheCursedMod:CursedAmulet+1","floor":18},{"not_picked":["TheCursedMod:SurpriseAttack+1","TheCursedMod:CursedMace"],"picked":"TheCursedMod:ReleasedKnowledge","floor":20},{"not_picked":["TheCursedMod:CircleOfBlood","TheCursedMod:BlessingInDisguise","TheCursedMod:RavingStaff"],"picked":"SKIP","floor":21}],"player_experience":232366,"relics_obtained":[{"floor":14,"key":"Replay:Accelerometer"}],"event_choices":[{"damage_healed":0,"gold_gain":0,"player_choice":"1 cards matched","damage_taken":0,"max_hp_gain":0,"max_hp_loss":0,"event_name":"Match and Keep!","floor":2,"gold_loss":0,"cards_obtained":["expansioncontent:LastStand"]},{"cards_removed":["Replay:Hysterical Blindness"],"damage_healed":0,"gold_gain":0,"player_choice":"Card Removal","damage_taken":7,"max_hp_gain":0,"max_hp_loss":0,"event_name":"Golden Wing","floor":8,"gold_loss":0},{"cards_removed":["TheCursedMod:Strike_TheCursed"],"damage_healed":0,"gold_gain":0,"player_choice":"Forget","damage_taken":0,"max_hp_gain":0,"max_hp_loss":0,"event_name":"Living Wall","floor":10,"gold_loss":0},{"cards_removed":["TheCursedMod:Strike_TheCursed"],"damage_healed":0,"gold_gain":0,"player_choice":"Upgrade and Remove","damage_taken":0,"max_hp_gain":0,"max_hp_loss":0,"event_name":"Designer","floor":19,"gold_loss":90,"cards_upgraded":["TheCursedMod:Strike_TheCursed"]}],"is_beta":false,"boss_relics":[{"not_picked":["TheCursedMod:FourLeafCloverCharm","ChewingGum"],"picked":"Sozu"}],"items_purged_floors":[],"is_endless":false,"potions_floor_spawned":[3,5,18,21],"killed_by":"Snecko","ascension_level":0}}