{"host":"1a84zblnbc53ppiq","time":1609081623,"event":{"mods":["2.2 Compatiblity","AchievementEnabler","Ascension Reborn","Ascension Unlocker","Aspiration","BaseMod","Beaked The Cultist","Better Note","Better Third Choice","Better Vampires","BetterRewards","Colored Map","Conspire","Custom Start","Downfall","Friendly Minions","GifTheSpireLib","Hubris","Infinite Spire","Marisa????????","Marked Mod","Minty Spire (QoL Compilation)","Rare Cards Sparkle","Remilia??????","Replay The Spire","StSLib","Stuff the Spire","Synergy Search","Td1madao Mod","The Administrix","The Bug Knight","The Disciple","The Dragon Tamer","The Gatherer","The Hierophant","The IronCluck","The Mystic","The Necromancer","The Servant 0.9.4","The Spell Scribe","The Vixen","TheFirefly","TheSwordswoman","Thieving Mod"],"gold_per_floor":[111,123,136,116,139,181,181,215,312,337,7,21,41,65,65,190,190,203,203,203,219,233,263,263,281,672,688,702,715,731,761,761,885,885,977,865,946,1037,1037,1154,1263,1263,1293,1416,1568,1710,1865,2027,2027,2027],"floor_reached":51,"playtime":3265,"items_purged":[],"score":1423,"play_id":"fc127a41-b123-4517-8e86-f0b635a413c0","local_time":"20201227160703","is_ascension_mode":true,"metric_token":2835,"campfire_choices":[{"floor":7,"key":"REST"},{"data":"DTMod:ResonanceForm","floor":15,"key":"SMITH"},{"floor":24,"key":"REST"},{"floor":32,"key":"REST"},{"floor":42,"key":"REST"},{"floor":49,"key":"REST"}],"dtmod_dragon_data":[40,50,1,3,10,3],"circlet_count":0,"master_deck":["DTMod:Strike+1","DTMod:Strike+1","DTMod:Strike+1","DTMod:DoubleHit+1","DTMod:TargetDefense+1","DTMod:TargetDefense+1","DTMod:TargetDefense+1","DTMod:TargetDefense+1","DTMod:SwitchingTactic+1","DTMod:HeatWave+1","DTMod:QuickFly+1","DTMod:TauntingStrike+1","DTMod:BalancedStrike+1","DTMod:Observe","DTMod:Punisher+1","DTMod:ComboAttack","DTMod:Training+1","DTMod:DarkBreath","DTMod:FlameSlash","DTMod:QuickFly","DTMod:MaximumCharge+1","DTMod:ResonanceForm+1","DTMod:Harmonize","DTMod:WarmUp","infinitespire:Starlight","DTMod:BreakAttack+1","DTMod:Astonish+1","DTMod:Cover+1","DTMod:Hide+1","DTMod:InvisibleFlame","DTMod:Haste","DTMod:BlueScale+1","DTMod:EchoTactic","DTMod:DragonDance","DTMod:Training+1","DTMod:Outburst"],"relics":["DTMod:PactStone","NeowsBlessing","StuffTheSpire:OldFever","hubris:64BitClover","Whetstone","aspiration:StickyExplosives_weak","infinitespire:WardingShard","Nunchaku","hubris:HerbalPaste","hubris:Potato","Fusion Hammer","conspire:SpecialSausage","aspiration:EmptySkull","White Beast Statue","conspire:TopHat","ReplayTheSpireMod:Lightbulb","Old Coin","Ancient Tea Set","conspire:InfiniteJournal","Bird Faced Urn","hubris:Metronome","infinitespire:EvilPickle","conspire:SlowCooker","ReplayFunnel","Membership Card","hubris:ToyBattleship","hubris:BundleOfHerbs","hubris:Icosahedron","aspiration:EmptySkull","Potion Belt","DTMod:BasicTextbook","Pocketwatch","Anchor","conspire:DeflatedDodgeball"],"acts_visited":["Exordium","TheCity","TheBeyond"],"potions_floor_usage":[36,40,46,50,50],"damage_taken":[{"damage":0,"enemies":"conspire:RoseBush","floor":1,"turns":1},{"damage":0,"enemies":"Cultist","floor":2,"turns":1},{"damage":0,"enemies":"2 Louse","floor":3,"turns":1},{"damage":0,"enemies":"Blue Slaver","floor":5,"turns":2},{"damage":0,"enemies":"Gremlin Nob","floor":6,"turns":4},{"damage":1,"enemies":"3 Sentries","floor":8,"turns":5},{"damage":0,"enemies":"Exordium Thugs","floor":10,"turns":3},{"damage":0,"enemies":"conspire:2 RoseBushes","floor":12,"turns":2},{"damage":0,"enemies":"2 Fungi Beasts","floor":13,"turns":1},{"damage":0,"enemies":"Exordium Wildlife","floor":14,"turns":2},{"damage":0,"enemies":"Slime Boss","floor":16,"turns":4},{"damage":0,"enemies":"Chosen","floor":18,"turns":3},{"damage":0,"enemies":"Sentry and Sphere","floor":21,"turns":4},{"damage":0,"enemies":"Cultist and Chosen","floor":22,"turns":3},{"damage":0,"enemies":"Replay:Snechameleon","floor":23,"turns":4},{"damage":0,"enemies":"Snake Plant","floor":25,"turns":3},{"damage":0,"enemies":"conspire:HollyBat","floor":27,"turns":4},{"damage":0,"enemies":"Shelled Parasite and Fungi","floor":28,"turns":3},{"damage":0,"enemies":"Snake Plant","floor":29,"turns":2},{"damage":0,"enemies":"conspire:HollyBat","floor":30,"turns":6},{"damage":0,"enemies":"Book of Stabbing","floor":31,"turns":4},{"damage":0,"enemies":"Pondfish","floor":33,"turns":6},{"damage":9,"enemies":"3 Darklings","floor":35,"turns":4},{"damage":0,"enemies":"Orb Walker","floor":37,"turns":2},{"damage":0,"enemies":"4 Shapes","floor":38,"turns":3},{"damage":0,"enemies":"Giant Head","floor":40,"turns":4},{"damage":0,"enemies":"Maw","floor":41,"turns":4},{"damage":0,"enemies":"3 Darklings","floor":44,"turns":2},{"damage":0,"enemies":"HollowMod:StalkingDevout","floor":45,"turns":5},{"damage":0,"enemies":"Writhing Mass","floor":46,"turns":3},{"damage":0,"enemies":"Jaw Worm Horde","floor":47,"turns":4},{"damage":0,"enemies":"4 Shapes","floor":48,"turns":4},{"damage":0,"enemies":"Awakened One","floor":50,"turns":6}],"seed_played":"-7817216063384729056","potions_obtained":[{"floor":1,"key":"Elixir"},{"floor":3,"key":"champ:CounterPotion"},{"floor":4,"key":"LiquidBronze"},{"floor":5,"key":"Venom Potion"},{"floor":14,"key":"ThievingMod:ThievingPotion"},{"floor":29,"key":"FairyPotion"},{"floor":37,"key":"EssenceOfSteel"},{"floor":38,"key":"PowerPotion"},{"floor":40,"key":"FairyPotion"},{"floor":44,"key":"Adrenaline Potion"},{"floor":45,"key":"PowerPotion"},{"floor":46,"key":"SteroidPotion"},{"floor":48,"key":"Energy Potion"}],"is_trial":false,"path_per_floor":["M","M","M","?","M","E","R","E","T","M","$","M","M","M","R","B",null,"M","?","AVR","M","M","E","R","M","T","M","M","M","M","E","R","B",null,"M","$","M","M","?","E","M","R","T","M","E","M","M","M","R","B",null],"character_chosen":"THE_DT","items_purchased":["DTMod:Training+1","DTMod:DarkBreath","DTMod:FlameSlash","Nunchaku","hubris:HerbalPaste","hubris:BundleOfHerbs"],"campfire_rested":5,"item_purchase_floors":[11,11,11,11,11,36],"current_hp_per_floor":[45,45,45,45,45,45,45,44,44,44,44,45,45,45,45,45,45,45,45,45,45,45,45,45,45,45,45,45,45,45,45,45,45,45,37,37,40,45,45,45,45,45,45,45,45,45,45,45,45,45],"gold":2027,"neow_bonus":"THREE_ENEMY_KILL","is_daily":false,"chose_seed":false,"campfire_upgraded":1,"win_rate":0.0,"timestamp":1609081623,"path_taken":["M","M","M","?","M","E","R","E","T","M","$","M","?","M","R","BOSS","M","?","AVR","M","M","E","R","M","T","M","M","M","M","E","R","BOSS","M","$","M","M","?","E","M","R","T","M","E","M","M","M","R","BOSS"],"items_purchased_type":["Card","Card","Card","Relic","Relic","Relic"],"build_version":"2020-12-22","purchased_purges":0,"victory":true,"max_hp_per_floor":[45,45,45,45,45,45,45,45,45,45,45,45,45,45,45,45,45,45,45,45,45,45,45,45,45,45,45,45,45,45,45,45,45,45,45,45,45,45,45,45,45,45,45,45,45,45,45,45,45,45],"card_choices":[{"not_picked":["DTMod:Threaten","DTMod:CalculatedDefense"],"picked":"DTMod:HeatWave+1","floor":1},{"not_picked":["DTMod:Threaten","DTMod:BizarreTactic+1"],"picked":"DTMod:QuickFly+1","floor":2},{"not_picked":["DTMod:BreakAttack","DTMod:Conduct"],"picked":"DTMod:TauntingStrike","floor":3},{"not_picked":["DTMod:CalculatedDefense","DTMod:GhostSkin"],"picked":"DTMod:BalancedStrike","floor":5},{"not_picked":["DTMod:Adaptation","DTMod:BizarreTactic"],"picked":"DTMod:Observe","floor":6},{"not_picked":["DTMod:LowKick","DTMod:BuildUp"],"picked":"DTMod:Punisher+1","floor":8},{"not_picked":["DTMod:BizarreTactic","DTMod:ShieldDrain"],"picked":"DTMod:ComboAttack","floor":10},{"not_picked":["DTMod:BizarreTactic","DTMod:RunningTactic"],"picked":"DTMod:QuickFly","floor":12},{"not_picked":["DTMod:StarRain","DTMod:GhostSkin"],"picked":"DTMod:MaximumCharge+1","floor":13},{"not_picked":["DTMod:BurningForce","DTMod:DarkBreath"],"picked":"DTMod:ResonanceForm","floor":14},{"not_picked":["DTMod:EchoTactic","DTMod:ShadowImage"],"picked":"DTMod:Harmonize","floor":16},{"not_picked":["DTMod:BlazingStrike","DTMod:FlameSlash+1"],"picked":"DTMod:WarmUp","floor":18},{"not_picked":["DTMod:BuildUp","DTMod:Training+1"],"picked":"DTMod:BreakAttack+1","floor":21},{"not_picked":["DTMod:Punisher+1","DTMod:Feint+1","DTMod:FlameSlash+1"],"picked":"SKIP","floor":22},{"not_picked":["DTMod:PurifyingFlame","DTMod:Haste"],"picked":"DTMod:Astonish+1","floor":23},{"not_picked":["DTMod:MasterPlan+1","DTMod:MagicField+1","DTMod:Punisher+1"],"picked":"SKIP","floor":25},{"not_picked":["DTMod:Punisher+1","DTMod:BurningForce"],"picked":"DTMod:Cover+1","floor":27},{"not_picked":["DTMod:MagicField","DTMod:Conduct+1"],"picked":"DTMod:Hide+1","floor":28},{"not_picked":["DTMod:Punisher","DTMod:BurningEnergy"],"picked":"DTMod:InvisibleFlame","floor":29},{"not_picked":["DTMod:WarmUp","DTMod:BizarreTactic+1"],"picked":"DTMod:Haste","floor":30},{"not_picked":["DTMod:ComboAttack+1","DTMod:BurningForce+1"],"picked":"DTMod:BlueScale+1","floor":31},{"not_picked":["DTMod:Inferno","DTMod:ShadowImage"],"picked":"DTMod:EchoTactic","floor":33},{"not_picked":["DTMod:CleansingStrike+1","DTMod:PurifyingFlame+1","DTMod:Punisher+1"],"picked":"SKIP","floor":35},{"not_picked":["DTMod:Adaptation+1","DTMod:Weaken+1"],"picked":"DTMod:Training+1","floor":37},{"not_picked":["DTMod:CrossStep+1","DTMod:ComboAttack+1","DTMod:BizarreTactic+1"],"picked":"SKIP","floor":38},{"not_picked":["DTMod:QuickFly","DTMod:Feint","DTMod:Cover+1"],"picked":"SKIP","floor":40},{"not_picked":["DTMod:BlazingStrike+1","DTMod:TagTeam+1","DTMod:MagicField+1"],"picked":"SKIP","floor":41},{"not_picked":["DTMod:HeatWave+1","DTMod:TagTeam+1","DTMod:Training"],"picked":"SKIP","floor":44},{"not_picked":["DTMod:HeatWave+1","DTMod:MaximumCharge+1","DTMod:CrossStep"],"picked":"SKIP","floor":45},{"not_picked":["DTMod:RecklessFlurry+1","DTMod:BizarreTactic+1","DTMod:Hide+1"],"picked":"SKIP","floor":46},{"not_picked":["DTMod:ComboAttack","DTMod:QuickFly+1"],"picked":"DTMod:Outburst","floor":47},{"not_picked":["DTMod:CalculatedDefense+1","DTMod:FlameSlash","DTMod:MasterPlan+1"],"picked":"SKIP","floor":48}],"player_experience":146819,"relics_obtained":[{"floor":3,"key":"StuffTheSpire:OldFever"},{"floor":6,"key":"hubris:64BitClover"},{"floor":8,"key":"Whetstone"},{"floor":9,"key":"aspiration:StickyExplosives_weak"},{"floor":9,"key":"infinitespire:WardingShard"},{"floor":16,"key":"hubris:Potato"},{"floor":21,"key":"White Beast Statue"},{"floor":21,"key":"conspire:TopHat"},{"floor":23,"key":"ReplayTheSpireMod:Lightbulb"},{"floor":26,"key":"Old Coin"},{"floor":26,"key":"Ancient Tea Set"},{"floor":29,"key":"conspire:InfiniteJournal"},{"floor":31,"key":"Bird Faced Urn"},{"floor":33,"key":"hubris:Metronome"},{"floor":35,"key":"ReplayFunnel"},{"floor":40,"key":"aspiration:EmptySkull"},{"floor":43,"key":"Potion Belt"},{"floor":43,"key":"DTMod:BasicTextbook"},{"floor":45,"key":"Pocketwatch"},{"floor":46,"key":"Anchor"},{"floor":47,"key":"conspire:DeflatedDodgeball"}],"event_choices":[{"damage_healed":0,"gold_gain":0,"player_choice":"Bought 1 Potion","damage_taken":0,"max_hp_gain":0,"max_hp_loss":0,"event_name":"The Woman in Blue","floor":4,"gold_loss":0},{"cards_removed":["DTMod:Strike"],"damage_healed":0,"gold_gain":0,"player_choice":"Card Removal","damage_taken":0,"max_hp_gain":0,"max_hp_loss":0,"event_name":"Wheel of Change","floor":19,"gold_loss":0}],"is_beta":false,"boss_relics":[{"not_picked":["aspiration:FutureDiary","Replay:Ancient Bell"],"picked":"Fusion Hammer"},{"not_picked":["Replay:Grab Bag","Snecko Eye"],"picked":"conspire:SlowCooker"}],"items_purged_floors":[],"is_endless":false,"potions_floor_spawned":[1,3,5,6,12,14,22,23,25,27,28,29,30,31,35,37,38,40,41,44,45,46,47,48],"ascension_level":0}}