{"host":"gttgmv2wah99hzdm","time":1609033570,"event":{"mods":["AchievementEnabler","BaseMod","Bestiary","Block Reminder","Filter the Spire","Highlight Path","Minty Spire (QoL Compilation)","Permanent Neow","Random Character Button","Relic Stats","StSLib"],"gold_per_floor":[119,119,139,289,135,135,135,135],"floor_reached":7,"playtime":351,"items_purged":["Doubt"],"score":76,"play_id":"26982000-c091-4690-b09a-d08d49f2f315","local_time":"20201226194610","is_ascension_mode":true,"campfire_choices":[{"data":"Compile Driver","floor":6,"key":"SMITH"}],"circlet_count":0,"master_deck":["AscendersBane","Strike_B","Strike_B","Strike_B","Strike_B","Defend_B","Defend_B","Defend_B","Defend_B","Zap","Dualcast","Static Discharge","Compile Driver+1"],"relics":["Nuclear Battery","Golden Idol"],"acts_visited":["Exordium"],"potions_floor_usage":[7],"damage_taken":[{"damage":17,"enemies":"Small Slimes","floor":1,"turns":5},{"damage":7,"enemies":"Jaw Worm","floor":3,"turns":3},{"damage":48,"enemies":"Gremlin Nob","floor":7,"turns":3}],"seed_played":"-7065985851234760714","potions_obtained":[],"is_trial":false,"path_per_floor":["M","?","M","?","$","R","E"],"character_chosen":"DEFECT","items_purchased":["DistilledChaos"],"campfire_rested":0,"item_purchase_floors":[5],"current_hp_per_floor":[47,47,40,40,40,40,0,0],"gold":135,"neow_bonus":"BOSS_RELIC","is_daily":false,"chose_seed":false,"campfire_upgraded":1,"win_rate":0.0,"timestamp":1609033570,"path_taken":["M","?","M","?","$","R","E"],"items_purchased_type":["Potion"],"build_version":"2020-12-22","purchased_purges":1,"victory":false,"max_hp_per_floor":[71,64,64,64,64,64,64,64],"relic_stats":{"counters":[3,11],"Golden Idol":4,"obtain_stats":[{"Golden Idol":2,"Cracked Core":0,"Nuclear Battery":0},{"Golden Idol":1,"Cracked Core":0,"Nuclear Battery":0},{"Golden Idol":5,"Cracked Core":0,"Nuclear Battery":0}]},"card_choices":[{"not_picked":["Conserve Battery","Darkness"],"picked":"Static Discharge","floor":1},{"not_picked":["Redo","Stack"],"picked":"Compile Driver","floor":3}],"player_experience":976314,"relics_obtained":[],"event_choices":[{"damage_healed":0,"gold_gain":0,"player_choice":"Lose Max HP","damage_taken":0,"relics_obtained":["Golden Idol"],"max_hp_gain":0,"max_hp_loss":7,"event_name":"Golden Idol","floor":2,"gold_loss":0},{"damage_healed":0,"gold_gain":150,"player_choice":"AGREE","damage_taken":0,"max_hp_gain":0,"max_hp_loss":0,"event_name":"Liars Game","floor":4,"gold_loss":0,"cards_obtained":["Doubt"]}],"is_beta":false,"boss_relics":[],"items_purged_floors":[5],"is_endless":false,"potions_floor_spawned":[],"killed_by":"Gremlin Nob","ascension_level":19}}