{"host":"bjzqjr1ycgj8gt55","time":1609030329,"event":{"mods":["BaseMod","Better Altar","Better Match","Better Sensory Stone","Better Skull","Better Third Choice","Better Vampires","Block Reminder","Colored Map","Colored Powertips","Duelist Mod","GifTheSpireLib","Hermit","Infinite Spire","Minty Spire (QoL Compilation)","Rare Cards Sparkle","Red Circlet Mod","Shop Mod","Spicy Shops","StSLib","The Cursed","TheVacant","Waifu the Spire","everything is the same but u backflip on backflip","slay the spire mod where everything is the same but ironclad has a cowboy hat"],"gold_per_floor":[113,113,113,113,113,144,144,173,244,261,436,458,8,27,27,144,144,161,180,180,35,134,134,134,134,134,147,147,182,204,234,234,338,338,360,360,360,360,416,416,445,445,470,499,517,534,549,570,570,580,580,580,25,58,94,94],"floor_reached":55,"playtime":1915,"items_purged":["Doubt","Writhe"],"score":721,"play_id":"b41cbf43-c5db-4e98-a03a-ec74b1ecff0f","local_time":"20201226185209","is_ascension_mode":false,"campfire_choices":[{"floor":7,"key":"REST"},{"data":"theVacant:VoidForm","floor":15,"key":"SMITH"},{"floor":23,"key":"RECALL"},{"data":"theVacant:Showdown","floor":28,"key":"SMITH"},{"floor":32,"key":"REST"},{"floor":40,"key":"REST"},{"data":"infinitespire:TheBestDefense","floor":42,"key":"SMITH"},{"data":"theVacant:Husk","floor":49,"key":"SMITH"},{"data":"theVacant:ForgeSoul","floor":52,"key":"SMITH"}],"circlet_count":0,"master_deck":["theVacant:VacantStarterStrike+1","theVacant:VacantStarterStrike+1","theVacant:VacantStarterStrike+1","theVacant:VacantStarterStrike+1","theVacant:VacantStarterDefend+1","theVacant:VacantStarterDefend+1","theVacant:VacantStarterDefend+1","theVacant:VacantStarterDefend+1","theVacant:Release+1","theVacant:Crunch+1","theVacant:Snowball+1","Panacea","theVacant:Yeet","theVacant:Dig","theVacant:VoidForm+1","theVacant:Recover","theVacant:Showdown+1","theVacant:Recover","theVacant:ShutAway+1","Clumsy","theVacant:ShriekingBlast","theVacant:Threat+1","theVacant:ForgeSoul+1","CurseOfTheBell","theVacant:CleanseSoul+1","infinitespire:TheBestDefense+1","theVacant:Sneeze","theDuelist:CurseDarkness","theVacant:EyePoke+1","theVacant:EyePoke","theVacant:Sneeze","theVacant:Husk+1","theVacant:Threat","theVacant:Gloom","Mayhem","theVacant:Dig"],"relics":["theVacant:BrassGoblet","infinitespire:Midas Blood","Whetstone","Ice Cream","Cursed Key","ClockworkSouvenir","MutagenicStrength","Juzu Bracelet","Ornamental Fan","Bottled Lightning","Matryoshka","Calling Bell","Pen Nib","Pear","Turnip","SlaversCollar","infinitespire:Beetle Shell","Thread and Needle","infinitespire:CheckeredPen","MealTicket","Regal Pillow","Mango","Bag of Preparation","Letter Opener","Bag of Marbles"],"acts_visited":["Exordium","TheCity","TheBeyond","TheEnding"],"potions_floor_usage":[29,31,39,50,55,55],"damage_taken":[{"damage":0,"enemies":"Cultist","floor":1,"turns":3},{"damage":32,"enemies":"Gremlin Nob","floor":6,"turns":5},{"damage":8,"enemies":"Lagavulin","floor":8,"turns":5},{"damage":1,"enemies":"2 Louse","floor":10,"turns":2},{"damage":3,"enemies":"Jaw Worm","floor":12,"turns":3},{"damage":2,"enemies":"Blue Slaver","floor":14,"turns":3},{"damage":28,"enemies":"The Guardian","floor":16,"turns":8},{"damage":3,"enemies":"Chosen","floor":18,"turns":3},{"damage":24,"enemies":"2 Thieves","floor":19,"turns":3},{"damage":4,"enemies":"Snecko","floor":27,"turns":4},{"damage":2,"enemies":"Slavers","floor":29,"turns":3},{"damage":3,"enemies":"Snake Plant","floor":30,"turns":2},{"damage":10,"enemies":"Gremlin Leader","floor":31,"turns":3},{"damage":63,"enemies":"Automaton","floor":33,"turns":7},{"damage":19,"enemies":"3 Darklings","floor":35,"turns":2},{"damage":12,"enemies":"Mind Bloom Boss Battle","floor":39,"turns":4},{"damage":0,"enemies":"Reptomancer","floor":41,"turns":4},{"damage":15,"enemies":"Giant Head","floor":44,"turns":6},{"damage":0,"enemies":"3 Shapes","floor":45,"turns":3},{"damage":13,"enemies":"Spire Growth","floor":46,"turns":5},{"damage":0,"enemies":"Writhing Mass","floor":47,"turns":1},{"damage":2,"enemies":"Maw","floor":48,"turns":5},{"damage":15,"enemies":"infinitespire:MassOfShapes","floor":50,"turns":1},{"damage":79,"enemies":"Shield and Spear","floor":54,"turns":4},{"damage":69,"enemies":"The Heart","floor":55,"turns":3}],"seed_played":"3369809905875691180","potions_obtained":[{"floor":1,"key":"Weak Potion"},{"floor":6,"key":"DuplicationPotion"},{"floor":16,"key":"Weak Potion"},{"floor":19,"key":"LiquidBronze"},{"floor":31,"key":"BlessingOfTheForge"},{"floor":35,"key":"Explosive Potion"},{"floor":45,"key":"DuplicationPotion"},{"floor":48,"key":"infinitespire:BlackPotion"}],"is_trial":false,"path_per_floor":["M","?","?","$","?","E","R","E","T","M","?","M","$","M","R","B",null,"M","M","?","$","?","R","?","?","T","M","R","E","M","E","R","B",null,"M","?","?","AVR","?","R","E","R","T","E","M","M","M","M","R","B",null,"R","$","E","B"],"character_chosen":"THE_VACANT","items_purchased":["Ice Cream","theVacant:Recover","ClockworkSouvenir","theVacant:Gloom","Mayhem","Bag of Preparation","theVacant:Dig","Letter Opener"],"campfire_rested":3,"item_purchase_floors":[13,13,21,53,53,53,53,53],"current_hp_per_floor":[80,80,80,80,85,53,78,70,70,69,69,66,66,64,64,54,85,84,60,60,60,60,60,60,60,60,64,64,62,59,52,77,23,95,76,76,76,76,64,92,92,92,92,97,97,93,93,103,103,88,105,105,105,31,0,0],"gold":94,"neow_bonus":"UPGRADE_CARD","is_daily":false,"chose_seed":false,"campfire_upgraded":5,"win_rate":0.0,"timestamp":1609030329,"path_taken":["M","?","?","$","?","E","R","E","T","M","?","?","$","M","R","BOSS","M","M","?","$","?","R","?","?","T","M","R","E","M","E","R","BOSS","M","?","?","AVR","?","R","E","R","T","E","M","M","M","M","R","BOSS","R","$","E","BOSS"],"items_purchased_type":["Relic","Card","Relic","Card","Card","Relic","Card","Relic"],"build_version":"2020-12-22","purchased_purges":2,"victory":false,"max_hp_per_floor":[80,80,80,80,85,85,85,85,85,85,85,85,85,85,85,85,85,85,85,85,85,85,85,85,85,85,85,85,85,85,85,85,85,95,95,95,95,95,95,95,95,95,95,109,107,107,107,105,105,105,105,105,105,105,105,105],"card_choices":[{"not_picked":["theVacant:Sneeze","theVacant:Thoughtseize"],"picked":"theVacant:Snowball","floor":1},{"not_picked":["Flash of Steel","Metamorphosis"],"picked":"Panacea","floor":2},{"not_picked":["theVacant:Thoughtseize","theVacant:EmbraceDarkness"],"picked":"theVacant:Yeet","floor":6},{"not_picked":["theVacant:Reconnect","theVacant:Cower","theVacant:Thoughtseize"],"picked":"SKIP","floor":8},{"not_picked":["theVacant:Barrage","theVacant:CursedBlast"],"picked":"theVacant:Dig","floor":10},{"not_picked":["theVacant:BellToll","theVacant:GraveWave"],"picked":"theVacant:VoidForm","floor":12},{"not_picked":["theVacant:Thoughtseize","theVacant:Immaterialize"],"picked":"theVacant:Jab","floor":14},{"not_picked":["theVacant:Exorcise","theVacant:FromNothing"],"picked":"theVacant:Showdown","floor":16},{"not_picked":["theVacant:BattleScars","theVacant:CursedBlast"],"picked":"theVacant:Recover","floor":18},{"not_picked":["theVacant:Jab","theVacant:MindBreak"],"picked":"theVacant:ShutAway+1","floor":19},{"not_picked":["theVacant:Spinshield","theVacant:Thoughtseize"],"picked":"theVacant:ShriekingBlast","floor":27},{"not_picked":["theVacant:Spinshield+1","theVacant:CursedBlast+1","theVacant:Acceptance"],"picked":"SKIP","floor":29},{"not_picked":["theVacant:Thoughtseize","theVacant:Whip","theVacant:BattleScars+1"],"picked":"SKIP","floor":30},{"not_picked":["theVacant:WaitInWrath","theVacant:Barrage"],"picked":"theVacant:Threat+1","floor":31},{"not_picked":["theVacant:MindBreak","theVacant:TimeSkip"],"picked":"theVacant:ForgeSoul","floor":33},{"not_picked":["theVacant:Spinshield","theVacant:FranticBlow+1"],"picked":"theVacant:CleanseSoul+1","floor":35},{"not_picked":["theVacant:FranticBlow+1","theVacant:BattleScars"],"picked":"theVacant:Sneeze","floor":41},{"not_picked":["theVacant:SpiritOrb+1","theVacant:GraveDigger+1"],"picked":"theVacant:EyePoke+1","floor":44},{"not_picked":["theVacant:Cower","theVacant:Whip"],"picked":"theVacant:EyePoke","floor":45},{"not_picked":["theVacant:Fling","theVacant:ShriekingBlast"],"picked":"theVacant:Sneeze","floor":46},{"not_picked":["theVacant:GraveDigger+1","theVacant:BattleScars+1"],"picked":"theVacant:Husk","floor":47},{"not_picked":["theVacant:CursedBlast+1","theVacant:FromNothing"],"picked":"theVacant:Threat","floor":48},{"not_picked":["theVacant:Jab","theVacant:Whip","theVacant:EyePoke+1"],"picked":"SKIP","floor":54}],"player_experience":121260,"relics_obtained":[{"floor":6,"key":"infinitespire:Midas Blood"},{"floor":8,"key":"Whetstone"},{"floor":26,"key":"Ornamental Fan"},{"floor":29,"key":"Bottled Lightning"},{"floor":31,"key":"Matryoshka"},{"floor":34,"key":"Pen Nib"},{"floor":34,"key":"Pear"},{"floor":34,"key":"Turnip"},{"floor":39,"key":"Thread and Needle"},{"floor":41,"key":"infinitespire:CheckeredPen"},{"floor":43,"key":"MealTicket"},{"floor":43,"key":"Regal Pillow"},{"floor":44,"key":"Mango"},{"floor":54,"key":"Bag of Marbles"}],"event_choices":[{"damage_healed":0,"gold_gain":1,"player_choice":"1","damage_taken":0,"max_hp_gain":0,"max_hp_loss":0,"event_name":"betterStone:BetterStone","floor":2,"gold_loss":0},{"damage_healed":0,"gold_gain":0,"player_choice":"Leave","damage_taken":0,"max_hp_gain":0,"max_hp_loss":0,"event_name":"The Cleric","floor":3,"gold_loss":0},{"damage_healed":0,"gold_gain":0,"player_choice":"Donut","damage_taken":0,"max_hp_gain":5,"max_hp_loss":0,"event_name":"Big Fish","floor":5,"gold_loss":0},{"damage_healed":0,"gold_gain":175,"player_choice":"AGREE","damage_taken":261,"max_hp_gain":0,"max_hp_loss":0,"event_name":"betterThird:BetterSerpent","floor":11,"gold_loss":0},{"damage_healed":0,"gold_gain":0,"player_choice":"Simplicity","damage_taken":0,"max_hp_gain":0,"max_hp_loss":8,"event_name":"betterThird:BetterWriting","floor":20,"gold_loss":0},{"damage_healed":0,"gold_gain":99,"player_choice":"Steal","damage_taken":0,"max_hp_gain":0,"max_hp_loss":0,"event_name":"betterThird:BetterNest","floor":22,"gold_loss":0},{"damage_healed":0,"gold_gain":0,"player_choice":"Inject Mutagens","damage_taken":0,"relics_obtained":["MutagenicStrength"],"max_hp_gain":0,"max_hp_loss":0,"event_name":"Drug Dealer","floor":24,"gold_loss":0},{"damage_healed":0,"gold_gain":0,"player_choice":"Opened","damage_taken":0,"relics_obtained":["Juzu Bracelet"],"max_hp_gain":0,"max_hp_loss":0,"event_name":"The Mausoleum","floor":25,"gold_loss":0,"cards_obtained":["Writhe"]},{"cards_removed":["theVacant:Jab"],"damage_healed":0,"gold_gain":0,"player_choice":"Removed Attack","damage_taken":0,"max_hp_gain":0,"max_hp_loss":0,"event_name":"Falling","floor":36,"gold_loss":0},{"damage_healed":0,"gold_gain":0,"player_choice":"Fight","damage_taken":0,"max_hp_gain":0,"max_hp_loss":0,"event_name":"MindBloom","floor":39,"gold_loss":0}],"is_beta":false,"boss_relics":[{"not_picked":["SacredBark","Black Star"],"picked":"Cursed Key"},{"not_picked":["Runic Dome","Velvet Choker"],"picked":"Calling Bell"}],"items_purged_floors":[13,38],"is_endless":false,"potions_floor_spawned":[1,6,16,19,31,35,45,47,48],"killed_by":"The Heart","ascension_level":0}}