{"host":"y89x8uui45kcjy42","time":1609111974,"event":{"mods":["2.2 Compatiblity","BaseMod","CapriCore","Colored Map","Colored Powertips","Custom Start","Friendly Minions","Highlight Path","Keyboard Shortcuts","Minty Spire (QoL Compilation)","Relic Stats","Slay the Relics Exporter","StSLib","SuperFastMode","Waifu the Spire"],"gold_per_floor":[116,133,208,208,218,231,248,275,325,325,352,352,159,170,170,243,243,259,276,290,290,290,290],"floor_reached":22,"playtime":816,"items_purged":["Strike_R"],"score":376,"play_id":"ceb97563-edda-4b1d-b365-b06068eceab3","local_time":"20201228083254","is_ascension_mode":true,"campfire_choices":[{"data":"Hemokinesis","floor":10,"key":"SMITH"},{"data":"Shrug It Off","floor":15,"key":"SMITH"}],"circlet_count":0,"master_deck":["Strike_R+1","Strike_R","Defend_R","Defend_R","Defend_R","Bash+1","Demon Form+1","Sentinel","Shrug It Off","Hemokinesis+1","Shrug It Off+1","Disarm+1","Feel No Pain","Reaper","Pommel Strike","Seeing Red+1","Evolve+1"],"relics":["Black Blood","Odd Mushroom","Nunchaku","Kunai","Toxic Egg 2","Sozu"],"acts_visited":["Exordium","TheCity"],"potions_floor_usage":[7,11],"damage_taken":[{"damage":4,"enemies":"Small Slimes","floor":1,"turns":3},{"damage":5,"enemies":"2 Louse","floor":2,"turns":5},{"damage":7,"enemies":"Jaw Worm","floor":5,"turns":5},{"damage":16,"enemies":"2 Fungi Beasts","floor":6,"turns":5},{"damage":25,"enemies":"Exordium Wildlife","floor":7,"turns":6},{"damage":20,"enemies":"The Mushroom Lair","floor":8,"turns":5},{"damage":11,"enemies":"Lagavulin","floor":11,"turns":7},{"damage":13,"enemies":"Blue Slaver","floor":14,"turns":5},{"damage":26,"enemies":"The Guardian","floor":16,"turns":10},{"damage":24,"enemies":"3 Byrds","floor":18,"turns":6},{"damage":22,"enemies":"Shell Parasite","floor":19,"turns":5},{"damage":43,"enemies":"Snake Plant","floor":20,"turns":5},{"damage":41,"enemies":"Shelled Parasite and Fungi","floor":22,"turns":3}],"seed_played":"7996261138967492473","potions_obtained":[{"floor":1,"key":"GamblersBrew"},{"floor":2,"key":"Block Potion"},{"floor":6,"key":"Strength Potion"},{"floor":8,"key":"FairyPotion"}],"is_trial":false,"path_per_floor":["M","M","?","?","M","M","M","?","T","R","E","T","$","M","R","B",null,"M","M","M","?","M"],"character_chosen":"IRONCLAD","items_purchased":["Disarm+1","Feel No Pain"],"campfire_rested":0,"item_purchase_floors":[13,13],"current_hp_per_floor":[82,82,71,71,76,72,59,51,51,51,52,52,52,51,51,37,71,74,64,33,9,0,0],"gold":290,"neow_bonus":"UPGRADE_CARD","is_daily":false,"chose_seed":false,"campfire_upgraded":2,"win_rate":0.0,"timestamp":1609111974,"path_taken":["M","M","?","?","M","M","?","?","T","R","E","?","?","M","R","BOSS","M","M","M","?","M"],"items_purchased_type":["Card","Card"],"build_version":"2020-12-22","purchased_purges":1,"victory":false,"max_hp_per_floor":[82,82,82,82,82,82,82,82,82,82,82,82,82,82,82,82,82,82,82,82,87,87,87],"relic_stats":{"Sozu":0,"Nunchaku":[4],"counters":[13,70],"Black Blood":136,"Kunai":[2],"obtain_stats":[{"Sozu":17,"Nunchaku":9,"Black Blood":0,"Kunai":11,"Odd Mushroom":8,"Toxic Egg 2":12,"Burning Blood":0},{"Sozu":9,"Nunchaku":6,"Black Blood":0,"Kunai":7,"Odd Mushroom":6,"Toxic Egg 2":7,"Burning Blood":0},{"Sozu":51,"Nunchaku":29,"Black Blood":0,"Kunai":36,"Odd Mushroom":29,"Toxic Egg 2":36,"Burning Blood":0}]},"card_choices":[{"not_picked":["Second Wind","Cleave"],"picked":"Sentinel","floor":1},{"not_picked":["Disarm","Anger"],"picked":"Shrug It Off","floor":2},{"not_picked":["True Grit","Warcry"],"picked":"Hemokinesis","floor":5},{"not_picked":["True Grit","Iron Wave"],"picked":"Shrug It Off","floor":6},{"not_picked":["Iron Wave","Flex","Sword Boomerang"],"picked":"SKIP","floor":7},{"not_picked":["Carnage","Hemokinesis","Shrug It Off"],"picked":"SKIP","floor":11},{"not_picked":["Corruption","Armaments+1","Body Slam"],"picked":"SKIP","floor":14},{"not_picked":["Fiend Fire","Double Tap+1"],"picked":"Reaper","floor":16},{"not_picked":["Flex+1","Metallicize"],"picked":"Pommel Strike","floor":18},{"not_picked":["Metallicize","Headbutt"],"picked":"Seeing Red+1","floor":19},{"not_picked":["Blood for Blood+1","Headbutt"],"picked":"Evolve+1","floor":20}],"player_experience":514431,"relics_obtained":[{"floor":8,"key":"Odd Mushroom"},{"floor":9,"key":"Nunchaku"},{"floor":11,"key":"Kunai"},{"floor":12,"key":"Toxic Egg 2"}],"event_choices":[{"damage_healed":0,"gold_gain":75,"player_choice":"Gather Gold","damage_taken":11,"max_hp_gain":0,"max_hp_loss":0,"event_name":"World of Goop","floor":3,"gold_loss":0},{"cards_removed":["Strike_R"],"damage_healed":0,"gold_gain":0,"player_choice":"Forget","damage_taken":0,"max_hp_gain":0,"max_hp_loss":0,"event_name":"Living Wall","floor":4,"gold_loss":0},{"damage_healed":0,"gold_gain":0,"player_choice":"Fought Mushrooms","damage_taken":0,"max_hp_gain":0,"max_hp_loss":0,"event_name":"Mushrooms","floor":8,"gold_loss":0},{"damage_healed":0,"gold_gain":0,"player_choice":"Shed Blood","damage_taken":29,"max_hp_gain":5,"max_hp_loss":0,"event_name":"Forgotten Altar","floor":21,"gold_loss":0}],"is_beta":false,"boss_relics":[{"not_picked":["Astrolabe","Cursed Key"],"picked":"Sozu"}],"items_purged_floors":[13],"is_endless":false,"potions_floor_spawned":[1,2,6,8],"killed_by":"Shelled Parasite and Fungi","ascension_level":20}}