{"host":"rvgqag7mtxu5qaaz","time":1609104772,"event":{"mods":["AchievementEnabler","BaseMod","Downfall","Hermit","Hubris","Minty Spire (QoL Compilation)","Replay The Spire","StSLib","SuperFastMode","The Animator","The Construct","The Cursed","The Disciple","The Necromancer"],"gold_per_floor":[118,137,148,148,148,75,118,6,31,32,32,2,17,192,192,103,103,25,25,53,53,53,53,67,67],"floor_reached":24,"playtime":1212,"items_purged":["Regret"],"score":242,"play_id":"582c79a9-3233-4960-a70b-4d11add2dcb5","local_time":"20201227163252","is_ascension_mode":false,"campfire_choices":[{"floor":11,"key":"REST"},{"floor":15,"key":"DIG"},{"floor":23,"key":"REST"}],"circlet_count":0,"master_deck":["Defend_W","Defend_W","Defend_W","Negative_Energy_Arrows","Bone_Wall","Death_March_Dance","Spectral_Walk","Siphon_Strength","Bone_Armory","Blood_Shield","Summon_Lich","Summon_Undead","ReplayTheSpireMod:IOU","ReplayTheSpireMod:IOU","expansioncontent:AwakenDeath","Summon_Undead_Army","ReplayTheSpireMod:IOU","Death_Coil","Whirlwind_of_Bones","Doubt","Skeleton_Dragon","Consume_Illness+1","RitualDagger","Bone_Armor+1","Blood_Magic","Summon_Lich","Bite","Bite","Bite","Bite","Bite"],"relics":["Vampire_Amulet","hubris:Icosahedron","Replay:Bandana","Pen Nib","Replay:Wax Seal","Toxic Egg 2","Membership Card","Snack Pack","hubris:HollowSoul"],"acts_visited":["Exordium","TheCity"],"potions_floor_usage":[16,16,18],"damage_taken":[{"damage":2,"enemies":"Small Slimes","floor":1,"turns":5},{"damage":11,"enemies":"Jaw Worm","floor":2,"turns":10},{"damage":12,"enemies":"Cultist","floor":3,"turns":6},{"damage":45,"enemies":"Lagavulin","floor":7,"turns":7},{"damage":13,"enemies":"Blue Slaver","floor":13,"turns":5},{"damage":30,"enemies":"Slime Boss","floor":16,"turns":11},{"damage":62,"enemies":"Shell Parasite","floor":18,"turns":11},{"damage":42,"enemies":"Spheric Guardian","floor":20,"turns":6},{"damage":33,"enemies":"Gremlin Leader","floor":24,"turns":3}],"seed_played":"8419702452322606517","potions_obtained":[{"floor":2,"key":"BlessingOfTheForge"},{"floor":3,"key":"Dexterity Potion"},{"floor":7,"key":"DuplicationPotion"}],"is_trial":false,"path_per_floor":["M","M","M","?","?","$","E","$","T","$","R","$","M","?","R","B",null,"M","?","M","?","?","R","E"],"character_chosen":"NECROMANCER","items_purchased":["Bone_Armory","Summon_Lich","Summon_Undead","Toxic Egg 2","expansioncontent:AwakenDeath","Summon_Undead_Army","Membership Card","Energy Potion","Death_Coil"],"campfire_rested":2,"item_purchase_floors":[6,8,8,10,10,10,12,12,12],"current_hp_per_floor":[82,73,63,63,63,63,20,20,20,20,44,44,33,33,33,11,82,22,16,24,24,24,41,0,0],"gold":67,"neow_bonus":"TEN_PERCENT_HP_BONUS","is_daily":false,"chose_seed":false,"campfire_upgraded":0,"win_rate":0.0,"timestamp":1609104772,"path_taken":["M","M","M","?","?","?","E","$","T","?","R","$","?","?","R","BOSS","M","?","M","?","?","R","E"],"items_purchased_type":["Card","Card","Card","Relic","Card","Card","Relic","Potion","Card"],"build_version":"2020-12-22","purchased_purges":1,"victory":false,"max_hp_per_floor":[82,82,82,82,82,82,82,82,82,82,82,82,82,82,82,82,82,82,82,82,82,57,57,57,57],"card_choices":[{"not_picked":["Necromantic_Selection","Epidemic"],"picked":"Death_March_Dance","floor":1},{"not_picked":["Epidemic","Death_March_Dance"],"picked":"Spectral_Walk","floor":2},{"not_picked":["Bone_Armor","Toxic_Smoke_Screen"],"picked":"Siphon_Strength","floor":3},{"not_picked":["Summon_Undead","Finger_Of_Death"],"picked":"Blood_Shield","floor":7},{"not_picked":["Shackles_Of_Pain+1","Negative_Energy_Mist+1"],"picked":"Whirlwind_of_Bones","floor":13},{"not_picked":["Grasp_Heart","Hellfire"],"picked":"Skeleton_Dragon","floor":16},{"not_picked":["Bone_Spikes","Plague_Bolt"],"picked":"Consume_Illness+1","floor":18},{"not_picked":["Strike_from_Beyond","Consume_Illness+1"],"picked":"Bone_Armor+1","floor":20}],"player_experience":315077,"relics_obtained":[{"floor":7,"key":"Pen Nib"},{"floor":9,"key":"Replay:Wax Seal"},{"floor":15,"key":"Snack Pack"}],"event_choices":[{"damage_healed":0,"gold_gain":0,"player_choice":"Box","damage_taken":0,"relics_obtained":["Replay:Bandana"],"max_hp_gain":0,"max_hp_loss":0,"event_name":"Big Fish","floor":5,"gold_loss":0,"cards_obtained":["Regret"]},{"damage_healed":0,"gold_gain":175,"player_choice":"AGREE","damage_taken":0,"max_hp_gain":0,"max_hp_loss":0,"event_name":"Liars Game","floor":14,"gold_loss":0,"cards_obtained":["Doubt"]},{"damage_healed":0,"gold_gain":0,"player_choice":"Joined the Cult","damage_taken":6,"max_hp_gain":0,"max_hp_loss":0,"event_name":"Nest","floor":19,"gold_loss":0,"cards_obtained":["RitualDagger"]},{"damage_healed":0,"gold_gain":0,"cards_transformed":["Strike_W","Defend_W"],"player_choice":"Became Test Subject","damage_taken":0,"max_hp_gain":0,"max_hp_loss":0,"event_name":"Drug Dealer","floor":21,"gold_loss":0,"cards_obtained":["Blood_Magic","Summon_Lich"]},{"damage_healed":0,"gold_gain":0,"player_choice":"Became a vampire","damage_taken":0,"max_hp_gain":0,"max_hp_loss":25,"event_name":"Vampires","floor":22,"gold_loss":0,"cards_obtained":["Bite","Bite","Bite","Bite","Bite"]}],"is_beta":false,"boss_relics":[{"not_picked":["construct:ClawGrip","Velvet Choker"],"picked":"hubris:HollowSoul"}],"items_purged_floors":[12],"is_endless":false,"potions_floor_spawned":[2,3,7],"killed_by":"Gremlin Leader","ascension_level":0}}