{"host":"qwv9nni2x0umspiu","time":1609036320,"event":{"mods":["BaseMod","Downfall","Minty Spire (QoL Compilation)","Replay The Spire","StSLib","The Hierophant","Wandering Minibosses"],"gold_per_floor":[114,114,114,114,189,218,218,252,306,306,318,328,329,330,330,349,349,352,328,341,488,333,360,360,395,444,471,589,589,589,589,589,656,656,668,678,678,683,583,617,63,97,97,154,447,459,471,477,489,501,483,495,507,257,272,0,0],"floor_reached":56,"playtime":3330,"items_purged":["hierophant:Strike_Hierophant","hierophant:Strike_Hierophant","hierophant:Defend_Hierophant","hierophant:Strike_Hierophant"],"score":1925,"play_id":"b773198e-c9be-4391-ab0d-0aac5ec1f0bc","local_time":"20201226183200","is_ascension_mode":true,"campfire_choices":[{"data":"hierophant:ChurchCoffers","floor":7.0,"key":"SMITH"},{"data":"hierophant:Punish","floor":15.0,"key":"SMITH"},{"floor":24.0,"key":"REST"},{"data":"hierophant:Upheaval","floor":29.0,"key":"SMITH"},{"floor":32.0,"key":"REST"},{"data":"hierophant:HammerAndAnvil","floor":46,"key":"SMITH"},{"floor":49,"key":"RECALL"},{"data":"hierophant:HammerAndAnvil","floor":53,"key":"SMITH"}],"circlet_count":0,"master_deck":["AscendersBane","hierophant:Strike_Hierophant","hierophant:Punish+1","hierophant:Defend_Hierophant","hierophant:Defend_Hierophant+1","hierophant:ChurchCoffers+1","hierophant:Community+1","hierophant:HammerAndAnvil+1","hierophant:Smite","hierophant:HammerAndAnvil+1","hierophant:DivineIntervention+1","hierophant:Zeal+1","hierophant:ArchangelShield+1","hierophant:Upheaval+1","hierophant:Encroach+1","Replay:SS_forest_6+1","hierophant:ChurchCoffers+1"],"relics":["hierophant:PropheticMaskRelic","NeowsBlessing","Replay:Baseball","Girya","Gremlin Food","SlaversCollar","Frozen Egg 2","Replay:Mystery Machine","Tiny Chest","Replay:Bronze Core","Iron Hammer","Pantograph","Membership Card","Potion Belt","MawBank","Nunchaku","wanderingMiniBosses:LockLocket","DollysMirror","Replay:Wax Seal"],"acts_visited":["Exordium","TheCity","TheBeyond","TheEnding"],"potions_floor_usage":[56,56,56,56],"damage_taken":[{"damage":0.0,"enemies":"Small Slimes","floor":1.0,"turns":1.0},{"damage":0.0,"enemies":"Lagavulin","floor":6.0,"turns":1.0},{"damage":0.0,"enemies":"3 Sentries","floor":8.0,"turns":1.0},{"damage":0.0,"enemies":"2 Louse","floor":11.0,"turns":2.0},{"damage":9.0,"enemies":"Jaw Worm","floor":12.0,"turns":3.0},{"damage":6.0,"enemies":"Looter","floor":13.0,"turns":4.0},{"damage":0.0,"enemies":"Red Slaver","floor":14.0,"turns":3.0},{"damage":32.0,"enemies":"Fading Forest","floor":16.0,"turns":13.0},{"damage":1.0,"enemies":"Shell Parasite","floor":18.0,"turns":3.0},{"damage":14.0,"enemies":"2 Thieves","floor":19.0,"turns":4.0},{"damage":0.0,"enemies":"Centurion and Healer","floor":20.0,"turns":3.0},{"damage":14.0,"enemies":"Shelled Parasite and Fungi","floor":21.0,"turns":5.0},{"damage":20.0,"enemies":"Replay:Snechameleon","floor":23.0,"turns":5.0},{"damage":0.0,"enemies":"Gremlin Leader","floor":25.0,"turns":3.0},{"damage":10.0,"enemies":"Replay:Snechameleon","floor":27.0,"turns":4.0},{"damage":12.0,"enemies":"Chosen and Byrds","floor":28.0,"turns":5.0},{"damage":0.0,"enemies":"Champ","floor":33.0,"turns":2.0},{"damage":8.0,"enemies":"Orb Walker","floor":35.0,"turns":4.0},{"damage":0.0,"enemies":"3 Darklings","floor":36.0,"turns":2.0},{"damage":27.0,"enemies":"Writhing Mass","floor":38.0,"turns":5.0},{"damage":20.0,"enemies":"Nemesis","floor":40.0,"turns":7.0},{"damage":0.0,"enemies":"Giant Head","floor":42.0,"turns":4.0},{"damage":5,"enemies":"4 Shapes","floor":45,"turns":4},{"damage":0,"enemies":"Sphere and 2 Shapes","floor":48,"turns":3},{"damage":25,"enemies":"Replay:Hell Engine","floor":50,"turns":3},{"damage":17,"enemies":"Awakened One","floor":51,"turns":6},{"damage":0,"enemies":"Shield and Spear","floor":55,"turns":3},{"damage":96,"enemies":"The Heart","floor":56,"turns":8}],"seed_played":"260545985335551794","potions_obtained":[{"floor":6.0,"key":"SkillPotion"},{"floor":12.0,"key":"Adrenaline Potion"},{"floor":13.0,"key":"SpeedPotion"},{"floor":16.0,"key":"Adrenaline Potion"},{"floor":19.0,"key":"Languid Potion"},{"floor":21.0,"key":"Cursed Concoction"},{"floor":25.0,"key":"Reflective Coating"},{"floor":31.0,"key":"LiquidBronze"},{"floor":36.0,"key":"FearPotion"},{"floor":48,"key":"Weak Potion"},{"floor":55,"key":"DistilledChaos"}],"is_trial":false,"path_per_floor":["M","?","?","$","?","E","R","E","T","?","M","M","M","M","R","B",null,"M","M","M","M","$","E","R","E","T","E","M","R","?","?","R","B",null,"M","M","?","M","$","E","$","E","T","T","M","R","?","M","R","B","B",null,"R","$","E","B"],"character_chosen":"HIEROPHANT","items_purchased":["hierophant:Upheaval","Pantograph","Membership Card","DollysMirror","Ancient Potion","hexamod:EctoCoolerPotion","ColorlessPotion"],"campfire_rested":2,"item_purchase_floors":[22,41,41,54,54,54,54],"current_hp_per_floor":[68,68,45,45,34,34,34,34,34,34,34,25,19,19,19,25,63,62,48,48,34,34,14,36,36,36,26,14,14,14,14,36,36,65,57,57,57,30,30,10,10,22,22,22,29,29,29,41,41,41,49,69,69,69,69,0,0],"gold":0,"neow_bonus":"THREE_ENEMY_KILL","is_daily":false,"chose_seed":false,"campfire_upgraded":5,"win_rate":0.0,"timestamp":1609036320,"path_taken":["M","?","?","$","?","E","R","E","T","?","M","M","M","M","R","BOSS","M","M","M","M","$","E","R","E","T","E","M","R","?","?","R","BOSS","M","M","?","M","$","E","$","E","T","?","M","R","?","M","R","BOSS","BOSS","R","$","E","BOSS"],"items_purchased_type":["Card","Relic","Relic","Relic","Potion","Potion","Potion"],"build_version":"2020-12-22","purchased_purges":4,"victory":false,"max_hp_per_floor":[75,75,75,75,75,75,75,75,75,75,75,75,75,75,75,75,75,75,75,75,75,75,75,75,75,75,75,75,75,75,75,75,75,75,75,75,75,75,75,75,75,75,75,75,75,75,75,75,75,75,75,75,75,75,75,75,75],"card_choices":[{"not_picked":["hierophant:Zeal","hierophant:Empathy"],"picked":"hierophant:Community","floor":1.0},{"not_picked":["hierophant:PassingBell","hierophant:FaithHealing"],"picked":"hierophant:HammerAndAnvil","floor":6.0},{"not_picked":["hierophant:Shelter","hierophant:MirrorShield"],"picked":"hierophant:Smite","floor":8.0},{"not_picked":["hierophant:DisplayOfPower","hierophant:Remorse","hierophant:ArchangelShield"],"picked":"SKIP","floor":11.0},{"not_picked":["hierophant:FlamingChariot","hierophant:PassingBell","hierophant:Embezzle"],"picked":"SKIP","floor":12.0},{"not_picked":["hierophant:RustyCrate","hierophant:Empathy"],"picked":"hierophant:HammerAndAnvil","floor":13.0},{"not_picked":["hierophant:RustyCrate","hierophant:Bribe","hierophant:ThreeLashes"],"picked":"SKIP","floor":14.0},{"not_picked":["hierophant:DeathKnell","hierophant:WrathOfGod"],"picked":"hierophant:DivineIntervention","floor":16.0},{"not_picked":["hierophant:RepressedViolence+1","hierophant:Sermon"],"picked":"hierophant:Zeal","floor":18.0},{"not_picked":["hierophant:OrnateBuckler","hierophant:FlamingChariot","hierophant:LocustPlague"],"picked":"SKIP","floor":19.0},{"not_picked":["hierophant:OrnateBuckler","hierophant:AuricBeam","hierophant:Bribe"],"picked":"SKIP","floor":20.0},{"not_picked":["hierophant:HolyVerse","hierophant:RustyCrate"],"picked":"hierophant:ArchangelShield+1","floor":21.0},{"not_picked":["hierophant:ThreeLashes","hierophant:Rebuild"],"picked":"hierophant:Encroach+1","floor":23.0},{"not_picked":["hierophant:HolyVerse","hierophant:PristineSoul","hierophant:Community+1"],"picked":"SKIP","floor":25.0},{"not_picked":["hierophant:HolyVerse","hierophant:HammerAndAnvil","hierophant:Rebuild"],"picked":"SKIP","floor":27.0},{"not_picked":["hierophant:Flagellation","hierophant:Cornucopia","hierophant:RecallFunds"],"picked":"SKIP","floor":28.0},{"not_picked":["hierophant:Encroach+1","hierophant:Upheaval","hierophant:FlamingChariot"],"picked":"SKIP","floor":35.0},{"not_picked":["hierophant:Glossolalia+1","hierophant:MorningPrayer","hierophant:ConvertCurrency"],"picked":"SKIP","floor":36.0},{"not_picked":["Panache+1","Flash of Steel"],"picked":"Replay:SS_forest_6+1","floor":37.0},{"not_picked":["hierophant:FlamingChariot","hierophant:PassingBell","hierophant:Doomsaying"],"picked":"SKIP","floor":38.0},{"not_picked":["hierophant:PassingBell+1","hierophant:Purify","hierophant:HolyVerse"],"picked":"SKIP","floor":40.0},{"not_picked":["hierophant:HammerAndAnvil","hierophant:ThreeLashes","hierophant:Martyrdom+1"],"picked":"SKIP","floor":42.0},{"not_picked":["hierophant:Endure","hierophant:Doomsaying","hierophant:Remorse"],"picked":"SKIP","floor":45},{"not_picked":["hierophant:RepressedViolence+1","hierophant:Mercenaries+1","hierophant:FlamingChariot"],"picked":"SKIP","floor":48},{"not_picked":["hierophant:FaithHealing+1","hierophant:Determination+1","hierophant:Zeal"],"picked":"SKIP","floor":55},{"not_picked":["hierophant:FaithHealing+1","hierophant:Determination+1","hierophant:Zeal"],"picked":"SKIP","floor":55}],"player_experience":1310706,"relics_obtained":[{"floor":6.0,"key":"Replay:Baseball"},{"floor":8.0,"key":"Girya"},{"floor":9.0,"key":"Gremlin Food"},{"floor":23.0,"key":"Frozen Egg 2"},{"floor":25.0,"key":"Replay:Mystery Machine"},{"floor":27.0,"key":"Tiny Chest"},{"floor":40.0,"key":"Iron Hammer"},{"floor":42.0,"key":"Potion Belt"},{"floor":43.0,"key":"MawBank"},{"floor":44.0,"key":"Nunchaku"},{"floor":45,"key":"wanderingMiniBosses:LockLocket"},{"floor":55,"key":"Replay:Wax Seal"}],"event_choices":[{"damage_healed":0.0,"max_hp_gain":0.0,"max_hp_loss":0.0,"gold_gain":0.0,"event_name":"Shining Light","player_choice":"Entered Light","floor":3.0,"gold_loss":0.0,"damage_taken":23.0,"cards_upgraded":["hierophant:Community","hierophant:Defend_Hierophant"]},{"damage_healed":0.0,"max_hp_gain":0.0,"max_hp_loss":0.0,"gold_gain":75.0,"event_name":"World of Goop","player_choice":"Gather Gold","floor":5.0,"gold_loss":0.0,"damage_taken":11.0},{"cards_removed":["hierophant:Defend_Hierophant"],"damage_healed":0.0,"max_hp_gain":0.0,"max_hp_loss":0.0,"gold_gain":0.0,"event_name":"Purifier","player_choice":"Purged","floor":10.0,"gold_loss":0.0,"damage_taken":0.0},{"damage_healed":0.0,"max_hp_gain":0.0,"max_hp_loss":0.0,"gold_gain":0.0,"event_name":"Lab","player_choice":"Got Potions","floor":31.0,"gold_loss":0.0,"damage_taken":0.0},{"damage_healed":0.0,"max_hp_gain":0.0,"max_hp_loss":0.0,"gold_gain":0.0,"event_name":"SensoryStone","player_choice":"Memory 1","floor":37.0,"gold_loss":0.0,"damage_taken":0.0},{"damage_healed":0,"gold_gain":0,"player_choice":"Ignored","damage_taken":0,"max_hp_gain":0,"max_hp_loss":0,"event_name":"The Moai Head","floor":47,"gold_loss":0}],"is_beta":false,"boss_relics":[{"not_picked":["Busted Crown","Philosopher\u0027s Stone"],"picked":"SlaversCollar"},{"not_picked":["Empty Cage","Cursed Key"],"picked":"Replay:Bronze Core"}],"items_purged_floors":[22,39,41,54],"is_endless":false,"potions_floor_spawned":[6,12,13,16,19,21,25,36,38,48,55],"killed_by":"The Heart","ascension_level":20}}