{"host":"bq4pt811tk9yrmjl","time":1609031473,"event":{"mods":["AchievementEnabler","BaseMod","Colored Map","Colored Powertips","Defuse TimeMaze Blight","Hermit","Minty Spire (QoL Compilation)","StSLib","SuperFastMode","UnlockEverythingMod"],"gold_per_floor":[114,289,289,305,380,380,415,472,526,542,542,555,54,68,68,68,68],"floor_reached":16,"playtime":290,"items_purged":[],"score":131,"play_id":"22cba11c-ccc0-4282-8a8e-76b26540786b","local_time":"20201226231113","is_ascension_mode":true,"campfire_choices":[{"data":"hermit:Shortfuse","floor":6.0,"key":"SMITH"},{"floor":15,"key":"REST"}],"circlet_count":0,"master_deck":["hermit:Strike_Hermit","hermit:Strike_Hermit","hermit:Strike_Hermit","hermit:Strike_Hermit","hermit:Defend_Hermit","hermit:Defend_Hermit","hermit:Defend_Hermit","hermit:Defend_Hermit","hermit:Snapshot","hermit:Covet","hermit:Shortfuse+1","hermit:Coalescence","hermit:FlashPowder","hermit:Maintenance"],"relics":["hermit:Momento","NeowsBlessing","Question Card","Potion Belt","Membership Card","Bird Faced Urn","Unceasing Top"],"acts_visited":["Exordium"],"potions_floor_usage":[14,16,16,16,16,16],"damage_taken":[{"damage":0.0,"enemies":"Jaw Worm","floor":1.0,"turns":1.0},{"damage":0.0,"enemies":"2 Louse","floor":4.0,"turns":1.0},{"damage":0.0,"enemies":"Gremlin Nob","floor":7.0,"turns":1.0},{"damage":34.0,"enemies":"Lagavulin Event","floor":8.0,"turns":7.0},{"damage":0.0,"enemies":"Cultist","floor":10.0,"turns":2.0},{"damage":0,"enemies":"Looter","floor":12,"turns":3},{"damage":0,"enemies":"2 Fungi Beasts","floor":14,"turns":3},{"damage":40,"enemies":"Slime Boss","floor":16,"turns":12}],"seed_played":"-8093179290254111692","potions_obtained":[{"floor":3.0,"key":"Ancient Potion"},{"floor":3.0,"key":"hermit:Eclipse"},{"floor":3.0,"key":"Dexterity Potion"},{"floor":12,"key":"DistilledChaos"},{"floor":14,"key":"Weak Potion"}],"is_trial":false,"path_per_floor":["M","?","?","M","?","R","E","?","T","M","?","M","$","M","R","B"],"character_chosen":"HERMIT","items_purchased":["Membership Card","Bird Faced Urn","EntropicBrew","Unceasing Top"],"campfire_rested":1,"item_purchase_floors":[13,13,13,13],"current_hp_per_floor":[75,75,75,75,64,64,64,30,30,30,30,30,30,30,52,12,12],"gold":68,"neow_bonus":"THREE_ENEMY_KILL","is_daily":false,"chose_seed":false,"campfire_upgraded":1,"win_rate":0.0,"timestamp":1609031473,"path_taken":["M","?","?","?","?","R","E","?","T","M","?","?","$","M","R","BOSS"],"items_purchased_type":["Relic","Relic","Potion","Relic"],"build_version":"2020-12-22","purchased_purges":0,"victory":false,"max_hp_per_floor":[75,75,75,75,75,75,75,75,75,75,75,75,75,75,75,75,75],"card_choices":[{"not_picked":["hermit:Dive","hermit:FullyLoaded"],"picked":"hermit:Shortfuse","floor":1.0},{"not_picked":["hermit:Vantage","hermit:Roulette","hermit:ItchyTrigger"],"picked":"SKIP","floor":4.0},{"not_picked":["hermit:Spite","hermit:LowProfile","hermit:Manifest"],"picked":"SKIP","floor":7.0},{"not_picked":["hermit:HoleUp","hermit:WideOpen","hermit:ItchyTrigger"],"picked":"hermit:Coalescence","floor":8.0},{"not_picked":["hermit:Snipe","hermit:Coalescence","hermit:Manifest"],"picked":"hermit:FlashPowder","floor":10.0},{"not_picked":["hermit:Scavenge","hermit:Quickdraw","hermit:Roulette"],"picked":"hermit:Maintenance","floor":12},{"not_picked":["hermit:HighCaliber","hermit:SprayPray","hermit:HoleUp","hermit:Purgatory"],"picked":"SKIP","floor":14}],"player_experience":121885,"relics_obtained":[{"floor":7.0,"key":"Question Card"},{"floor":8.0,"key":"Potion Belt"}],"event_choices":[{"damage_healed":0.0,"max_hp_gain":0.0,"max_hp_loss":0.0,"gold_gain":175.0,"event_name":"Liars Game","player_choice":"AGREE","floor":2.0,"gold_loss":0.0,"damage_taken":0.0,"cards_obtained":["Doubt"]},{"damage_healed":0.0,"max_hp_gain":0.0,"max_hp_loss":0.0,"gold_gain":0.0,"event_name":"Lab","player_choice":"Got Potions","floor":3.0,"gold_loss":0.0,"damage_taken":0.0},{"damage_healed":0.0,"max_hp_gain":0.0,"max_hp_loss":0.0,"gold_gain":75.0,"event_name":"World of Goop","player_choice":"Gather Gold","floor":5.0,"gold_loss":0.0,"damage_taken":11.0},{"damage_healed":0.0,"max_hp_gain":0.0,"max_hp_loss":0.0,"gold_gain":0.0,"event_name":"Dead Adventurer","player_choice":"Searched \u00271\u0027 times","floor":8.0,"gold_loss":0.0,"damage_taken":0.0},{"cards_removed":["Doubt"],"damage_healed":0.0,"max_hp_gain":0.0,"max_hp_loss":0.0,"gold_gain":0.0,"event_name":"Fountain of Cleansing","player_choice":"Removed Curses","floor":11.0,"gold_loss":0.0,"damage_taken":0.0}],"is_beta":false,"boss_relics":[],"items_purged_floors":[],"is_endless":false,"potions_floor_spawned":[4,12,14],"killed_by":"Slime Boss","ascension_level":1}}