{"host":"7uuqqk35leady37t","time":1609048879,"event":{"mods":["BaseMod","Downfall","Marisa£®ÏF”Í°°ƒß¿Ì…≥£©","Minty Spire (QoL Compilation)","StSLib","The Bug Knight","The Servant 0.9.4","Waifu the Spire","Yuri Mod","[IsaacMod]“‘»ˆº‚À˛"],"gold_per_floor":[112,131,144,164,181,211,211,236,236,236,361,396,396,409,409,409,409],"floor_reached":16,"playtime":668,"items_purged":[],"score":149,"play_id":"3f4d98c2-2fc5-4210-9df5-ad79e52fbc7e","local_time":"20201227140119","is_ascension_mode":false,"campfire_choices":[{"data":"yuri:MirrorInsanity","floor":7.0,"key":"SMITH"},{"data":"yuri:SeeingDouble","floor":15.0,"key":"SMITH"}],"circlet_count":0,"master_deck":["yuri:yuriStrike","yuri:yuriStrike","yuri:yuriStrike","yuri:yuriStrike","yuri:yuriStrike","yuri:yuriDefend+1","yuri:yuriDefend","yuri:yuriDefend","yuri:yuriDefend","yuri:yuriDefend+1","yuri:Oolong","yuri:yuriStab","DoctorFetus","Metamorphosis","yuri:SturdyUniform","yuri:yuriHeavyStrike","yuri:ThrowingKnives","yuri:yuriQuickStrike","yuri:WickedSlash","yuri:MirrorInsanity+1","yuri:TeaSet","yuri:HoldBack+1","yuri:SeeingDouble+1","yuri:HeavierStrike"],"relics":["yuri:yuriKnife","HushsDoor","PillsDrop","InkBottle","War Paint","Frozen Egg 2","Golden Idol","TheBean"],"acts_visited":["Exordium"],"potions_floor_usage":[16],"damage_taken":[{"damage":8.0,"enemies":"2 Louse","floor":1.0,"turns":3.0},{"damage":2.0,"enemies":"Small Slimes","floor":2.0,"turns":3.0},{"damage":5.0,"enemies":"Cultist","floor":3.0,"turns":4.0},{"damage":16.0,"enemies":"Exordium Thugs","floor":4.0,"turns":3.0},{"damage":0.0,"enemies":"Large Slime","floor":5.0,"turns":4.0},{"damage":16.0,"enemies":"3 Sentries","floor":6.0,"turns":4.0},{"damage":2.0,"enemies":"Gremlin Nob","floor":8.0,"turns":3.0},{"damage":27.0,"enemies":"Lagavulin","floor":12.0,"turns":6.0},{"damage":2.0,"enemies":"Gremlin Gang","floor":13.0,"turns":3.0},{"damage":6.0,"enemies":"3 Louse","floor":14.0,"turns":2.0},{"damage":23,"enemies":"The Guardian","floor":16,"turns":5}],"seed_played":"-8376770932281867575","potions_obtained":[{"floor":1.0,"key":"SmokeBomb"},{"floor":3.0,"key":"Strength Potion"},{"floor":4.0,"key":"Ancient Potion"},{"floor":6.0,"key":"Fire Potion"},{"floor":14.0,"key":"SpeedPotion"}],"is_trial":false,"path_per_floor":["M","M","M","M","M","E","R","E","T","?","?","E","M","M","R","B"],"character_chosen":"YURI","items_purchased":[],"campfire_rested":0,"item_purchase_floors":[],"current_hp_per_floor":[68,70,67,55,59,47,47,45,45,45,45,22,24,18,18,0,0],"gold":409,"neow_bonus":"RANDOM_COLORLESS_2","is_daily":false,"chose_seed":false,"campfire_upgraded":2,"win_rate":0.0,"timestamp":1609048879,"path_taken":["M","M","M","M","M","E","R","E","T","?","?","E","M","M","R","BOSS"],"items_purchased_type":[],"build_version":"2020-12-22","purchased_purges":0,"victory":false,"max_hp_per_floor":[72,72,67,67,67,67,67,67,67,62,62,62,62,62,62,62,62],"card_choices":[{"not_picked":[],"picked":"DoctorFetus","floor":0.0},{"not_picked":["Sadistic Nature","Panache"],"picked":"Metamorphosis","floor":0.0},{"not_picked":["yuri:UntestedCode","yuri:TPose"],"picked":"yuri:SturdyUniform","floor":1.0},{"not_picked":["Bomb","yuri:CalmingAura"],"picked":"yuri:yuriHeavyStrike","floor":2.0},{"not_picked":["yuri:InduceGlitch","yuri:Stalk"],"picked":"yuri:ThrowingKnives","floor":3.0},{"not_picked":["Bomb","yuri:InduceGlitch"],"picked":"yuri:yuriQuickStrike","floor":4.0},{"not_picked":["yuri:Stalk","yuri:RecklessStrike"],"picked":"yuri:WickedSlash","floor":5.0},{"not_picked":["yuri:MultiDip","yuri:Stare"],"picked":"yuri:MirrorInsanity","floor":6.0},{"not_picked":["yuri:Stare","yuri:AdaptiveAI"],"picked":"yuri:TeaSet","floor":8.0},{"not_picked":["yuri:BookRed+1","yuri:BookGreen+1"],"picked":"yuri:HoldBack+1","floor":11.0},{"not_picked":["yuri:DebugCard","yuri:ThrowingKnives"],"picked":"yuri:SeeingDouble","floor":12.0},{"not_picked":["yuri:GreenTea","yuri:Skip"],"picked":"yuri:HeavierStrike","floor":14.0}],"player_experience":11461,"relics_obtained":[{"floor":6.0,"key":"InkBottle"},{"floor":8.0,"key":"War Paint"},{"floor":9.0,"key":"Frozen Egg 2"},{"floor":12.0,"key":"TheBean"}],"event_choices":[{"damage_healed":0.0,"max_hp_gain":0.0,"max_hp_loss":5.0,"gold_gain":0.0,"event_name":"Golden Idol","player_choice":"Lose Max HP","floor":10.0,"gold_loss":0.0,"damage_taken":0.0,"relics_obtained":["Golden Idol"]}],"is_beta":false,"boss_relics":[],"items_purged_floors":[],"is_endless":false,"potions_floor_spawned":[1,3,4,6,13,14],"killed_by":"The Guardian","ascension_level":0}}