{"host":"vfjw5z5u57sxa51v","time":1609031862,"event":{"mods":["AchievementEnabler","Act Like it!","Aspiration","BaseMod","Better Altar","Better Match","Better Note","Better Sensory Stone","Better Skull","Better Synergies","Better Third Choice","BetterRewards","CCEM","Colored Map","Conspire","Downfall","Duelist Mod","Ekko","GifTheSpireLib","GungeonMod","Halation","Hallownest","Highlight Path","Hubris","Hunter ??","Infinite Spire","Jedi Mod","Minty Spire (QoL Compilation)","Permanent Neow","Replay The Spire","Shade Mod","Shop Mod","Spicy Shops","StSLib","Stuff the Spire","The Bug Knight","The Death Knight","The Mystic","The Necromancer","The Runesmith","The Servant 0.9.4","Unceasing Turn Reminder","everything is the same but u backflip on backflip"],"gold_per_floor":[263,263,283,36,53,53,53,83,118,118,0,16,16,16,16,136,199,225,291,34,58,58,101,101,121,121,121,155,155,155],"floor_reached":29,"playtime":1794,"items_purged":[],"score":268,"play_id":"89e19054-1a3b-4c44-a1c8-d845bb1f2e07","local_time":"20201227021742","is_ascension_mode":false,"campfire_choices":[{"data":"DemoMod:HuntsMan","floor":6.0,"key":"SMITH"},{"data":"DemoMod:MachoBrace","floor":10,"key":"SMITH"},{"floor":15,"key":"REST"},{"floor":24,"key":"REST"}],"circlet_count":0,"master_deck":["conspire:GhostlyStrike","conspire:GhostlyStrike","conspire:GhostlyDefend","conspire:GhostlyDefend","conspire:GhostlyDefend","conspire:GhostlyDefend","DemoMod:Roll","DemoMod:ManualReload","DemoMod:RustySidearm+1","DemoMod:CrossBow","DemoMod:TripleGun","DemoMod:BulletBore","DemoMod:TeaPot","DemoMod:HuntsMan+1","DemoMod:FortunesFavor","DemoMod:MachoBrace+1","Enlightenment","DemoMod:SniperShot","DemoMod:FinishedGun","DemoMod:SniperShot","DemoMod:BattleInHaste+1","DemoMod:ProbeStrike+1","DemoMod:HungryBullets","DemoMod:ZorGun","DemoMod:CursedBullets","DemoMod:GunShield"],"relics":["DemoMod:Dog","StuffTheSpire:ForceGauntlet","hubris:Icosahedron","jedi:cryingmask","StuffTheSpire:Gunfinga","Golden Idol","Tiny House","CCEMRelics:TinyMinotavrHorn","jedi:arcanewood","conspire:Dentures"],"acts_visited":["Exordium","TheCity"],"potions_floor_usage":[16,21,21],"damage_taken":[{"damage":5.0,"enemies":"Small Slimes","floor":1.0,"turns":5.0},{"damage":0.0,"enemies":"Cultist","floor":3.0,"turns":3.0},{"damage":0.0,"enemies":"2 Louse","floor":5.0,"turns":2.0},{"damage":24,"enemies":"3 Sentries","floor":8,"turns":8},{"damage":3,"enemies":"Lots of Slimes","floor":9,"turns":5},{"damage":0,"enemies":"Lots of Slimes","floor":12,"turns":4},{"damage":24,"enemies":"Slime Boss","floor":16,"turns":8},{"damage":13,"enemies":"Chosen","floor":18,"turns":3},{"damage":0,"enemies":"Spheric Guardian","floor":19,"turns":1},{"damage":20,"enemies":"Snecko","floor":21,"turns":4},{"damage":31,"enemies":"Nightmare","floor":23,"turns":5},{"damage":0,"enemies":"Snake Plant","floor":25,"turns":2},{"damage":24,"enemies":"Sentry and Sphere","floor":28,"turns":4},{"damage":22,"enemies":"Snecko","floor":29,"turns":3}],"seed_played":"5183377223220631666","potions_obtained":[{"floor":1.0,"key":"SkillPotion"},{"floor":3.0,"key":"SpeedPotion"},{"floor":16,"key":"Fire Potion"},{"floor":17,"key":"AttackPotion"},{"floor":19,"key":"Dexterity Potion"}],"is_trial":false,"path_per_floor":["M","?","M","$","M","R","?","E","T","R","?","M","?","?","R","B",null,"M","M","$","M","?","NM","R","M","T","?","M","M"],"character_chosen":"HUNTRESS","items_purchased":["StuffTheSpire:ForceGauntlet","CCEMRelics:TinyMinotavrHorn"],"campfire_rested":2,"item_purchase_floors":[4,20],"current_hp_per_floor":[65,65,65,65,65,65,65,41,38,38,44,44,44,44,65,41,75,62,62,62,42,42,11,33,33,33,41,17,0,0],"gold":155,"neow_bonus":"HUNDRED_GOLD","is_daily":false,"chose_seed":false,"campfire_upgraded":2,"win_rate":0.0,"timestamp":1609031862,"path_taken":["M","?","?","?","?","R","?","E","T","R","?","M","?","?","R","BOSS","M","M","$","M","?","NM","R","M","T","?","?","M"],"items_purchased_type":["Relic","Relic"],"build_version":"2020-12-22","purchased_purges":0,"victory":false,"max_hp_per_floor":[70,70,70,70,70,70,70,70,70,70,76,76,76,70,70,70,75,75,75,75,75,75,75,75,75,75,75,75,75,75],"card_choices":[{"not_picked":["DemoMod:ConditionalReflex","DemoMod:Camera"],"picked":"DemoMod:TripleGun","floor":1.0},{"not_picked":["DemoMod:RadGun","DemoMod:AC15"],"picked":"DemoMod:TeaPot","floor":3.0},{"not_picked":["DemoMod:HighKaliber","DemoMod:GunShield"],"picked":"DemoMod:HuntsMan","floor":5.0},{"not_picked":["DemoMod:MachoBrace","DemoMod:HuntsMan"],"picked":"DemoMod:FortunesFavor","floor":8},{"not_picked":["DemoMod:PotionOfGunFriendShip","DemoMod:CursedBullets"],"picked":"DemoMod:MachoBrace","floor":9},{"not_picked":["DemoMod:FeignSurrender","DemoMod:MegaHand"],"picked":"DemoMod:SniperShot","floor":12},{"not_picked":["DemoMod:Slinger","DemoMod:BlackHoleGun"],"picked":"DemoMod:FinishedGun","floor":16},{"not_picked":["DemoMod:StickyCrossBow","DemoMod:FastSwitch"],"picked":"DemoMod:SniperShot","floor":17},{"not_picked":["DemoMod:HuntsMan","DemoMod:StickyCrossBow"],"picked":"DemoMod:BattleInHaste+1","floor":18},{"not_picked":["DemoMod:DoubleSwitch","DemoMod:HardPowerCard"],"picked":"DemoMod:ProbeStrike+1","floor":19},{"not_picked":["DemoMod:MachoBrace","DemoMod:Unity"],"picked":"DemoMod:HungryBullets","floor":21},{"not_picked":["DemoMod:BoxingGlove","DemoMod:ConditionalReflex+1"],"picked":"DemoMod:ZorGun","floor":23},{"not_picked":["DemoMod:BattleInHaste","DemoMod:FortunesFavor"],"picked":"DemoMod:CursedBullets","floor":25},{"not_picked":["DemoMod:TeaPot","DemoMod:FastSwitch"],"picked":"DemoMod:GunShield","floor":28}],"player_experience":50043,"relics_obtained":[{"floor":8,"key":"jedi:cryingmask"},{"floor":9,"key":"StuffTheSpire:Gunfinga"},{"floor":23,"key":"jedi:arcanewood"},{"floor":26,"key":"conspire:Dentures"}],"event_choices":[{"damage_healed":0.0,"max_hp_gain":0.0,"max_hp_loss":0.0,"gold_gain":0.0,"cards_transformed":["DemoMod:Strike_Huntress"],"event_name":"Transmorgrifier","player_choice":"Transformed","floor":2.0,"gold_loss":0.0,"damage_taken":0.0,"cards_obtained":["DemoMod:BulletBore"]},{"damage_healed":0,"gold_gain":0,"player_choice":"RENOUNCE","damage_taken":118,"max_hp_gain":0,"max_hp_loss":0,"event_name":"betterThird:BetterSerpent","floor":11,"gold_loss":118,"cards_obtained":["Enlightenment"]},{"damage_healed":0,"gold_gain":0,"player_choice":"Agree","damage_taken":0,"max_hp_gain":0,"max_hp_loss":0,"event_name":"conspire:LoneGhost","floor":13,"gold_loss":0},{"damage_healed":0,"gold_gain":0,"player_choice":"Lose Max HP","damage_taken":0,"relics_obtained":["Golden Idol"],"max_hp_gain":0,"max_hp_loss":6,"event_name":"Golden Idol","floor":14,"gold_loss":0},{"damage_healed":0,"gold_gain":0,"player_choice":"Ignored","damage_taken":0,"max_hp_gain":0,"max_hp_loss":0,"event_name":"betterNote:BetterNote","floor":22,"gold_loss":0,"cards_obtained":["conspire:Charge"]}],"is_beta":false,"boss_relics":[{"not_picked":["CCEMRelics:TransientCore","Coffee Dripper"],"picked":"Tiny House"}],"items_purged_floors":[],"is_endless":true,"potions_floor_spawned":[1,3,16,19],"killed_by":"Snecko","ascension_level":0}}