{"host":"kw4o7b3ro2ktmmbe","time":1609052526,"event":{"mods":["BaseMod","Evolution","Minty Spire (QoL Compilation)","StSLib","The Caster"],"gold_per_floor":[116,136,155,174,174,174,174,174,174,174,191,208,208,58,58,159,159,159],"floor_reached":17,"playtime":2376,"items_purged":[],"score":172,"play_id":"273dc3f9-7af5-4214-bc79-47243028669d","local_time":"20201227200206","is_ascension_mode":false,"campfire_choices":[{"data":"caster:BurnItDown","floor":6.0,"key":"SMITH"},{"data":"caster:Meteor","floor":10.0,"key":"SMITH"},{"data":"caster:WallOfSwords","floor":13.0,"key":"SMITH"},{"data":"caster:WallOfRocks","floor":15.0,"key":"SMITH"}],"circlet_count":0,"master_deck":["caster:Meteor+1","caster:DivertFocus","caster:strike","caster:strike","caster:strike","caster:defend","caster:defend","caster:defend","caster:defend","caster:defend","caster:BurnItDown+1","caster:Grimoire","caster:WallOfRocks+1","caster:NaturalChaos","Pain","caster:WallOfSwords+1","caster:SunGoddessAmaterasu"],"relics":["caster:MagicBook","EVO:Axolotl","WarpedTongs","Vajra","Pear","Vajra","Velvet Choker"],"acts_visited":["Exordium","TheCity"],"potions_floor_usage":[16,16,16,16,16],"damage_taken":[{"damage":0.0,"enemies":"2 Louse","floor":1.0,"turns":2.0},{"damage":1.0,"enemies":"Jaw Worm","floor":2.0,"turns":5.0},{"damage":2.0,"enemies":"Cultist","floor":3.0,"turns":4.0},{"damage":6.0,"enemies":"Red Slaver","floor":4.0,"turns":5.0},{"damage":5.0,"enemies":"Large Slime","floor":11.0,"turns":8.0},{"damage":4.0,"enemies":"Looter","floor":12.0,"turns":4.0},{"damage":37,"enemies":"Slime Boss","floor":16,"turns":17}],"seed_played":"5855163570410080469","potions_obtained":[{"floor":3.0,"key":"Strength Potion"},{"floor":12.0,"key":"EntropicBrew"}],"is_trial":false,"path_per_floor":["M","M","M","M","?","R","?","?","T","R","M","M","R","$","R","B",null],"character_chosen":"THE_CASTER","items_purchased":["Vajra"],"campfire_rested":0,"item_purchase_floors":[14],"current_hp_per_floor":[70,69,67,61,61,61,61,61,71,71,70,70,70,70,70,37,80,80],"gold":159,"neow_bonus":"TEN_PERCENT_HP_BONUS","is_daily":false,"chose_seed":false,"campfire_upgraded":4,"win_rate":0.0,"timestamp":1609052526,"path_taken":["M","M","M","M","?","R","?","?","T","R","?","M","R","$","R","BOSS"],"items_purchased_type":["Relic"],"build_version":"2020-12-22","purchased_purges":0,"victory":false,"max_hp_per_floor":[70,70,70,70,70,70,70,70,80,80,80,80,80,80,80,80,80,80],"card_choices":[{"not_picked":["caster:WallOfSwords","caster:FlashFrost"],"picked":"caster:BurnItDown","floor":1.0},{"not_picked":["caster:FrigidBeam","caster:GlacialShield"],"picked":"caster:Grimoire","floor":2.0},{"not_picked":["caster:StaticField","caster:DiablosFlame"],"picked":"caster:WallOfRocks","floor":3.0},{"not_picked":["caster:Sleet","caster:WallOfAsh","caster:Fireball"],"picked":"SKIP","floor":4.0},{"not_picked":["caster:Enfeeble","caster:MagicWeapon","caster:Accumulation"],"picked":"SKIP","floor":11.0},{"not_picked":["caster:FlashFrost","caster:Sultry"],"picked":"caster:WallOfSwords","floor":12.0},{"not_picked":["caster:Demi","caster:Ramuh"],"picked":"caster:SunGoddessAmaterasu","floor":16}],"player_experience":1761903,"relics_obtained":[{"floor":9.0,"key":"Pear"}],"event_choices":[{"damage_healed":0.0,"max_hp_gain":0.0,"max_hp_loss":0.0,"gold_gain":0.0,"cards_transformed":["caster:strike"],"event_name":"Living Wall","player_choice":"Change","floor":5.0,"gold_loss":0.0,"damage_taken":0.0,"cards_obtained":["caster:NaturalChaos"]},{"damage_healed":0.0,"max_hp_gain":0.0,"max_hp_loss":0.0,"gold_gain":0.0,"event_name":"Accursed Blacksmith","player_choice":"Rummage","floor":7.0,"gold_loss":0.0,"damage_taken":0.0,"relics_obtained":["WarpedTongs"],"cards_obtained":["Pain"]}],"is_beta":false,"boss_relics":[{"not_picked":["Runic Dome","Runic Pyramid"],"picked":"Velvet Choker"}],"items_purged_floors":[],"is_endless":false,"potions_floor_spawned":[3,12],"ascension_level":0}}