{"host":"vhvm1b4sel61ztfv","time":1609027272,"event":{"mods":["BaseMod","BetterRewards","Displayed Cursed Tome","Minty Spire (QoL Compilation)","Replay The Spire","StSLib","The Blue Laboratory"],"gold_per_floor":[156,192,234,234,288,390,438,25,25,25,109,217,328,418,418,730,730,790,835,472,472,235,337,436,436,436,541,649,649,649,709,709,1021,1121,1166,531,531,585,663,663,759,834,834,948,948,981,770,770,770,770],"floor_reached":51,"playtime":4154,"items_purged":["Replay:Battleflow"],"score":1127,"play_id":"9e48f506-ff27-4225-8e68-1c7152260115","local_time":"20201226190112","daily_mods":["Draft","Vintage","Heirloom","Time Dilation","Flight","DeadlyEvents","Elite Swarm","Lethality","Midas"],"is_ascension_mode":false,"campfire_choices":[{"floor":10,"key":"REST"},{"floor":15,"key":"REST"},{"floor":25,"key":"REST"},{"floor":29,"key":"REST"},{"floor":32,"key":"REST"},{"floor":40,"key":"REST"},{"data":"1","floor":45,"key":"LIFT"},{"data":"2","floor":49,"key":"LIFT"}],"circlet_count":0,"master_deck":["Perseverance","ClearTheMind","EmptyFist","ThirdEye","Consecrate","CutThroughFate","ThirdEye","FollowUp","Weave+1","Swivel","WindmillStrike","Prostrate","BattleHymn","EmptyBody","DevaForm","Crescendo","Wallop","Establishment","ConjureBlade","DeusExMachina","Devotion","Weave+1","MasterReality","Wish","Vault+1","ConjureBlade+1","Replay:AllIn+1","Ragnarok","Wireheading"],"relics":["PureWater","Ice Cream","HornCleat","Replay:Baseball","Replay:Kaleidoscope","FaceOfCleric","Strawberry","Bottled Lightning","MawBank","Pear","Question Card","CeramicFish","Pondfish Scales","Kunai","Regal Pillow","SacredBark","Bottled Flame","Meat on the Bone","Turnip","DollysMirror","Replay:Ringing Soul","Yang","The Courier","Pantograph","Toxic Egg 2","Enchiridion","Replay:WaspNest","Replay:Wanted Poster","Vajra","Blue Doll","Bag of Marbles","Girya","Boot","Calipers","Mummified Hand","Ancient Tea Set","Replay:Bottled Eggs","Centennial Puzzle","TeardropLocket","Damaru"],"acts_visited":["Exordium","TheCity","TheBeyond"],"potions_floor_usage":[6,16,24,24,38,44,50],"damage_taken":[{"damage":0,"enemies":"Jaw Worm","floor":1,"turns":3},{"damage":0,"enemies":"Cultist","floor":2,"turns":2},{"damage":0,"enemies":"Small Slimes","floor":3,"turns":2},{"damage":1,"enemies":"Looter","floor":5,"turns":2},{"damage":5,"enemies":"3 Sentries","floor":6,"turns":4},{"damage":12,"enemies":"Gremlin Gang","floor":7,"turns":2},{"damage":0,"enemies":"Gremlin Nob","floor":11,"turns":2},{"damage":0,"enemies":"Lagavulin","floor":12,"turns":2},{"damage":1,"enemies":"Replay:BlueRogue","floor":13,"turns":3},{"damage":0,"enemies":"Lagavulin","floor":14,"turns":3},{"damage":9,"enemies":"Fading Forest","floor":16,"turns":9},{"damage":10,"enemies":"2 Thieves","floor":18,"turns":3},{"damage":0,"enemies":"Spheric Guardian","floor":19,"turns":3},{"damage":2,"enemies":"Book of Stabbing","floor":23,"turns":3},{"damage":50,"enemies":"Gremlin Leader","floor":24,"turns":3},{"damage":22,"enemies":"Slavers","floor":27,"turns":4},{"damage":0,"enemies":"Gremlin Leader","floor":28,"turns":6},{"damage":15,"enemies":"Shelled Parasite and Fungi","floor":31,"turns":4},{"damage":11,"enemies":"Automaton","floor":33,"turns":6},{"damage":10,"enemies":"Orb Walker","floor":35,"turns":3},{"damage":32,"enemies":"3 Darklings","floor":38,"turns":4},{"damage":9,"enemies":"R_Hoarder","floor":39,"turns":7},{"damage":0,"enemies":"Reptomancer","floor":41,"turns":4},{"damage":0,"enemies":"R_Hoarder","floor":42,"turns":5},{"damage":9,"enemies":"Reptomancer","floor":44,"turns":5},{"damage":16,"enemies":"Maw","floor":46,"turns":4},{"damage":24,"enemies":"Time Eater","floor":50,"turns":5}],"seed_played":"-6614370523090411196","potions_obtained":[{"floor":2,"key":"blueLaboratory:FruitPunch"},{"floor":6,"key":"Doom Potion"},{"floor":7,"key":"SkillPotion"},{"floor":12,"key":"BottledMiracle"},{"floor":18,"key":"blueLaboratory:FaithlessPotion"},{"floor":28,"key":"FearPotion"},{"floor":41,"key":"EssenceOfSteel"},{"floor":46,"key":"Languid Potion"}],"is_trial":true,"path_per_floor":["M","M","M","?","M","E","M","$","T","R","E","E","E","E","R","B",null,"M","M","$","?","$","E","E","R","T","E","E","R","?","M","R","B",null,"M","$","?","M","E","R","E","E","T","E","R","M","$","?","R","B",null],"character_chosen":"WATCHER","items_purchased":["Crescendo","Wallop","blueLaboratory:FrostheartPotion","Pear","Turnip","DollysMirror","blueLaboratory:PressurePotion","Strength Potion","Blue Doll","Bag of Marbles","Girya","Boot","blueLaboratory:EpiphanyPotion","Damaru","Wireheading","blueLaboratory:PhilterOfMotion"],"campfire_rested":6,"item_purchase_floors":[8,8,8,8,20,22,22,22,36,36,36,36,36,47,47,47],"current_hp_per_floor":[72,72,72,72,79,77,66,76,76,94,95,96,96,97,98,99,99,90,91,91,91,91,93,59,106,106,85,89,114,98,84,115,108,119,110,110,98,67,71,122,126,127,127,122,122,107,110,110,110,105],"gold":770,"neow_bonus":"","is_daily":false,"chose_seed":false,"campfire_upgraded":0,"win_rate":0.0,"timestamp":1609027272,"path_taken":["M","M","M","?","M","E","?","$","T","R","E","E","E","E","R","BOSS","M","?","$","?","$","E","E","R","T","E","?","R","?","M","R","BOSS","M","$","?","M","?","R","E","E","T","?","R","?","$","?","R","BOSS"],"items_purchased_type":["Card","Card","Potion","Relic","Relic","Relic","Potion","Potion","Relic","Relic","Relic","Relic","Potion","Relic","Card","Potion"],"build_version":"2020-12-22","purchased_purges":1,"victory":true,"max_hp_per_floor":[72,72,72,72,80,83,84,94,94,94,95,96,97,98,98,99,99,100,101,101,101,101,105,109,109,109,110,114,114,114,115,115,119,119,120,120,120,121,122,122,126,127,127,131,131,132,135,128,128,129],"card_choices":[{"not_picked":["Protect","WreathOfFlame"],"picked":"Perseverance","floor":0},{"not_picked":["ThirdEye","FlyingSleeves"],"picked":"ClearTheMind","floor":0},{"not_picked":["EmptyMind","Evaluate"],"picked":"EmptyFist","floor":0},{"not_picked":["WindmillStrike","Replay:BluntJabs"],"picked":"ThirdEye","floor":0},{"not_picked":["EmptyBody","WindmillStrike"],"picked":"Consecrate","floor":0},{"not_picked":["ThirdEye","CrushJoints"],"picked":"CutThroughFate","floor":0},{"not_picked":["JustLucky","CutThroughFate"],"picked":"ThirdEye","floor":0},{"not_picked":["Worship","CrushJoints"],"picked":"FollowUp","floor":0},{"not_picked":["Prostrate","Consecrate"],"picked":"Weave","floor":0},{"not_picked":["ReachHeaven","JustLucky"],"picked":"Swivel","floor":0},{"not_picked":["Replay:Battleflow","CrushJoints"],"picked":"WindmillStrike","floor":0},{"not_picked":["Indignation","Replay:AtTheReady"],"picked":"Prostrate","floor":0},{"not_picked":["ThirdEye","ClearTheMind"],"picked":"Replay:Battleflow","floor":0},{"not_picked":["SashWhip","EmptyFist"],"picked":"BattleHymn","floor":0},{"not_picked":["CutThroughFate","CrushJoints"],"picked":"EmptyBody","floor":0},{"not_picked":["Scrawl","Brilliance"],"picked":"DevaForm","floor":6},{"not_picked":["Replay:LoomingThreat","Scrawl","LessonLearned"],"picked":"Establishment","floor":11},{"not_picked":["Replay:AllIn","Alpha","Establishment"],"picked":"ConjureBlade","floor":12},{"not_picked":["SpiritShield","Wish","Alpha"],"picked":"DeusExMachina","floor":13},{"not_picked":["Judgement","Alpha","Replay:LoomingThreat"],"picked":"Devotion","floor":14},{"not_picked":["Devotion","Replay:LoomingThreat","Omniscience"],"picked":"MasterReality","floor":23},{"not_picked":["Replay:AllIn","Devotion","Replay:LoomingThreat"],"picked":"Wish","floor":24},{"not_picked":["Scrawl","SpiritShield","Vault","ConjureBlade"],"picked":"SKIP","floor":27},{"not_picked":["Wish+1","LessonLearned","DevaForm"],"picked":"Vault+1","floor":28},{"not_picked":["Vault+1","Alpha+1","Brilliance"],"picked":"ConjureBlade+1","floor":33},{"not_picked":["LessonLearned","Establishment","DevaForm","ConjureBlade+1"],"picked":"SKIP","floor":39},{"not_picked":["Replay:LoomingThreat","Wish+1","Brilliance"],"picked":"Replay:AllIn+1","floor":41},{"not_picked":["Establishment","DevaForm","LessonLearned","Judgement+1"],"picked":"SKIP","floor":42},{"not_picked":["Judgement+1","Alpha+1","Blasphemy+1"],"picked":"Ragnarok","floor":44}],"player_experience":76679,"relics_obtained":[{"floor":1,"key":"HornCleat"},{"floor":2,"key":"Replay:Baseball"},{"floor":3,"key":"Replay:Kaleidoscope"},{"floor":5,"key":"Strawberry"},{"floor":6,"key":"Bottled Lightning"},{"floor":7,"key":"MawBank"},{"floor":9,"key":"Question Card"},{"floor":11,"key":"CeramicFish"},{"floor":12,"key":"Pondfish Scales"},{"floor":13,"key":"Kunai"},{"floor":14,"key":"Regal Pillow"},{"floor":18,"key":"Bottled Flame"},{"floor":19,"key":"Meat on the Bone"},{"floor":23,"key":"Replay:Ringing Soul"},{"floor":24,"key":"Yang"},{"floor":26,"key":"The Courier"},{"floor":27,"key":"Pantograph"},{"floor":28,"key":"Toxic Egg 2"},{"floor":31,"key":"Replay:WaspNest"},{"floor":35,"key":"Vajra"},{"floor":38,"key":"Calipers"},{"floor":39,"key":"Mummified Hand"},{"floor":41,"key":"Ancient Tea Set"},{"floor":42,"key":"Replay:Bottled Eggs"},{"floor":43,"key":"Centennial Puzzle"},{"floor":46,"key":"TeardropLocket"}],"event_choices":[{"damage_healed":0,"gold_gain":0,"player_choice":"Trade","damage_taken":0,"relics_obtained":["FaceOfCleric"],"max_hp_gain":0,"max_hp_loss":0,"event_name":"FaceTrader","floor":4,"gold_loss":0},{"damage_healed":0,"gold_gain":0,"player_choice":"Ignored","damage_taken":0,"max_hp_gain":0,"max_hp_loss":0,"event_name":"Vampires","floor":21,"gold_loss":0},{"damage_healed":0,"gold_gain":0,"player_choice":"Obtained Book","damage_taken":16,"max_hp_gain":0,"max_hp_loss":0,"event_name":"Cursed Tome","floor":30,"gold_loss":0},{"damage_healed":0,"gold_gain":0,"player_choice":"Damaged","damage_taken":12,"max_hp_gain":0,"max_hp_loss":0,"event_name":"Wheel of Change","floor":37,"gold_loss":0},{"damage_healed":0,"gold_gain":0,"player_choice":"Max HP","damage_taken":0,"max_hp_gain":0,"max_hp_loss":7,"event_name":"Winding Halls","floor":48,"gold_loss":0}],"is_beta":false,"boss_relics":[{"not_picked":["Ring of Chaos","Honey Jar"],"picked":"SacredBark"},{"not_picked":["Kintsugi","Cursed Key"],"picked":"Replay:Wanted Poster"}],"items_purged_floors":[20],"is_endless":false,"potions_floor_spawned":[2,6,7,12,13,18,19,28,38,41,46],"ascension_level":0}}