{"host":"5cnm2qapaqj5mmu7","time":1609084054,"event":{"mods":["BaseMod","Bestiary","Colored Map","Minty Spire (QoL Compilation)","StSLib"],"gold_per_floor":[110,60,60,85,100,133,208,383,433,468,479,479,512,522,522,627,677,695,645,570,144,244,244,272,272,272,272,290,306,324,324,324],"floor_reached":31,"playtime":1430,"items_purged":["Strike_R","Strike_R"],"score":337,"play_id":"46473e0a-704d-4c5e-aaf9-898c847f95d1","local_time":"20201227164734","is_ascension_mode":true,"campfire_choices":[{"floor":12.0,"key":"REST"},{"data":"Heavy Blade","floor":15.0,"key":"SMITH"},{"data":"Bash","floor":23.0,"key":"SMITH"},{"data":"Uppercut","floor":25.0,"key":"SMITH"},{"data":"1","floor":27.0,"key":"LIFT"}],"circlet_count":0,"master_deck":["Strike_R","Strike_R+1","Defend_R","Defend_R","Defend_R","Defend_R","Bash+1","Inflame","Heavy Blade+1","Twin Strike","Doubt","Headbutt","Warcry","Cleave","Demon Form","Battle Trance","Thunderclap","Reaper","Uppercut+1","Flex","Dropkick"],"relics":["Burning Blood","Smiling Mask","Paper Frog","Regal Pillow","Darkstone Periapt","Toy Ornithopter","Sundial","Ginger","Tiny House","Question Card","Meat on the Bone","Girya"],"acts_visited":["Exordium","TheCity"],"potions_floor_usage":[31],"damage_taken":[{"damage":1.0,"enemies":"Cultist","floor":1.0,"turns":3.0},{"damage":14.0,"enemies":"Jaw Worm","floor":5.0,"turns":3.0},{"damage":29.0,"enemies":"Gremlin Nob","floor":6.0,"turns":4.0},{"damage":40.0,"enemies":"3 Sentries","floor":10.0,"turns":9.0},{"damage":0.0,"enemies":"2 Louse","floor":11.0,"turns":2.0},{"damage":32.0,"enemies":"Gremlin Nob","floor":13.0,"turns":4.0},{"damage":9.0,"enemies":"2 Fungi Beasts","floor":14.0,"turns":4.0},{"damage":18.0,"enemies":"Slime Boss","floor":16.0,"turns":7.0},{"damage":12.0,"enemies":"Chosen","floor":18.0,"turns":3.0},{"damage":42.0,"enemies":"Gremlin Leader","floor":24.0,"turns":7.0},{"damage":35.0,"enemies":"Spheric Guardian","floor":28.0,"turns":5.0},{"damage":42.0,"enemies":"3 Cultists","floor":29.0,"turns":5.0},{"damage":60.0,"enemies":"Sentry and Sphere","floor":30.0,"turns":6.0},{"damage":31,"enemies":"Shelled Parasite and Fungi","floor":31,"turns":2}],"seed_played":"-3862613356924798688","potions_obtained":[{"floor":5.0,"key":"GamblersBrew"},{"floor":14.0,"key":"LiquidBronze"},{"floor":16.0,"key":"SpeedPotion"},{"floor":17.0,"key":"Fruit Juice"},{"floor":18.0,"key":"Energy Potion"}],"is_trial":false,"path_per_floor":["M","$","T","T","M","E","?","?","T","E","M","R","E","M","R","B",null,"M","$","?","$","?","R","E","R","T","R","M","M","M","M"],"character_chosen":"IRONCLAD","items_purchased":["Reaper","Question Card","Uppercut"],"campfire_rested":1,"item_purchase_floors":[21,21,21],"current_hp_per_floor":[80,80,80,80,72,49,38,44,44,10,16,56,30,27,27,15,96,90,90,90,90,90,90,60,60,60,60,43,46,21,0,0],"gold":324,"neow_bonus":"RANDOM_COMMON_RELIC","is_daily":false,"chose_seed":false,"campfire_upgraded":3,"win_rate":0.0,"timestamp":1609084054,"path_taken":["M","$","?","?","M","E","?","?","T","E","M","R","E","M","R","BOSS","M","$","?","$","?","R","E","R","T","R","M","M","?","M"],"items_purchased_type":["Card","Relic","Card"],"build_version":"2020-12-22","purchased_purges":2,"victory":false,"max_hp_per_floor":[80,80,80,80,80,80,80,86,86,86,86,86,86,86,86,86,96,96,96,96,96,96,96,96,96,96,96,96,96,96,96,96],"card_choices":[{"not_picked":["Wild Strike","Pommel Strike"],"picked":"Inflame","floor":1.0},{"not_picked":["Sentinel","Shockwave"],"picked":"Heavy Blade","floor":5.0},{"not_picked":["Heavy Blade","Intimidate"],"picked":"Twin Strike","floor":6.0},{"not_picked":["Reckless Charge","Twin Strike"],"picked":"Headbutt","floor":10.0},{"not_picked":["Hemokinesis","Battle Trance"],"picked":"Warcry","floor":11.0},{"not_picked":["Havoc","Searing Blow","Second Wind"],"picked":"SKIP","floor":13.0},{"not_picked":["Body Slam","Flex"],"picked":"Cleave","floor":14.0},{"not_picked":["Exhume","Feed"],"picked":"Demon Form","floor":16.0},{"not_picked":["Cleave","Seeing Red"],"picked":"Battle Trance","floor":17.0},{"not_picked":["Warcry+1","Hemokinesis"],"picked":"Thunderclap","floor":18.0},{"not_picked":["Thunderclap","Shrug It Off","Ghostly Armor"],"picked":"Flex","floor":24.0},{"not_picked":["Armaments","Iron Wave+1","Clothesline","Pummel"],"picked":"SKIP","floor":28.0},{"not_picked":["Headbutt","Heavy Blade","Sword Boomerang","Armaments"],"picked":"SKIP","floor":29.0},{"not_picked":["Warcry","Anger+1","True Grit"],"picked":"Dropkick","floor":30.0}],"player_experience":531376,"relics_obtained":[{"floor":3.0,"key":"Paper Frog"},{"floor":4.0,"key":"Regal Pillow"},{"floor":6.0,"key":"Darkstone Periapt"},{"floor":9.0,"key":"Toy Ornithopter"},{"floor":10.0,"key":"Sundial"},{"floor":13.0,"key":"Ginger"},{"floor":24.0,"key":"Meat on the Bone"},{"floor":26.0,"key":"Girya"}],"event_choices":[{"damage_healed":0.0,"max_hp_gain":0.0,"max_hp_loss":0.0,"gold_gain":75.0,"event_name":"World of Goop","player_choice":"Gather Gold","floor":7.0,"gold_loss":0.0,"damage_taken":11.0},{"damage_healed":0.0,"max_hp_gain":0.0,"max_hp_loss":0.0,"gold_gain":175.0,"event_name":"Liars Game","player_choice":"AGREE","floor":8.0,"gold_loss":0.0,"damage_taken":0.0,"cards_obtained":["Doubt"]},{"cards_removed":["Strike_R"],"damage_healed":0.0,"max_hp_gain":0.0,"max_hp_loss":0.0,"gold_gain":0.0,"event_name":"Beggar","player_choice":"Gave Gold","floor":20.0,"gold_loss":75.0,"damage_taken":0.0},{"damage_healed":0.0,"max_hp_gain":0.0,"max_hp_loss":0.0,"gold_gain":100.0,"event_name":"Golden Shrine","player_choice":"Pray","floor":22.0,"gold_loss":0.0,"damage_taken":0.0}],"is_beta":false,"boss_relics":[{"not_picked":["Velvet Choker","Coffee Dripper"],"picked":"Tiny House"}],"items_purged_floors":[2,19],"is_endless":false,"potions_floor_spawned":[5,14,16,18],"killed_by":"Shelled Parasite and Fungi","ascension_level":3}}