{"host":"oy4pyvr762z5n0bb","time":1609045547,"event":{"mods":["AchievementEnabler","BaseMod","Colored Map","Colored Powertips","Googly Eyes","Key Reminder","Minty Spire (QoL Compilation)","Quick Restart","Relic Sorter","StSLib","SuperFastMode","Unceasing Turn Reminder","slay the spire mod where everything is the same but ironclad has a cowboy hat"],"gold_per_floor":[116,127,138,152,44,44,69,69,69,100,115,115,290,290,290,290,290],"floor_reached":16,"playtime":233,"items_purged":["Strike_P"],"score":127,"play_id":"261392ef-3531-49b2-8924-f9fefabed244","local_time":"20201226210547","is_ascension_mode":true,"campfire_choices":[{"data":"Ragnarok","floor":6,"key":"SMITH"},{"floor":15,"key":"REST"}],"circlet_count":0,"master_deck":["Strike_P","Strike_P","Strike_P","Defend_P","Defend_P","Defend_P","Defend_P","Eruption","Vigilance","FlurryOfBlows","Indignation","FollowUp","Ragnarok+1","FearNoEvil","ForeignInfluence","Establishment","WheelKick","CrushJoints"],"relics":["PureWater","NeowsBlessing","Art of War","Frozen Egg 2","Eternal Feather"],"acts_visited":["Exordium"],"potions_floor_usage":[7,10],"damage_taken":[{"damage":0,"enemies":"Cultist","floor":1,"turns":1},{"damage":0,"enemies":"Small Slimes","floor":2,"turns":1},{"damage":0,"enemies":"Jaw Worm","floor":3,"turns":1},{"damage":12,"enemies":"Looter","floor":4,"turns":3},{"damage":22,"enemies":"Lagavulin","floor":7,"turns":7},{"damage":10,"enemies":"3 Sentries","floor":10,"turns":3},{"damage":12,"enemies":"2 Fungi Beasts","floor":11,"turns":2},{"damage":2,"enemies":"The Guardian","floor":16,"turns":4}],"seed_played":"5313228244023004383","potions_obtained":[{"floor":4,"key":"SkillPotion"},{"floor":7,"key":"Fire Potion"}],"is_trial":false,"path_per_floor":["M","M","M","M","$","R","E","?","T","E","M","?","?","?","R","B"],"character_chosen":"WATCHER","items_purchased":["FearNoEvil"],"campfire_rested":1,"item_purchase_floors":[5],"current_hp_per_floor":[72,72,72,60,60,60,38,38,38,28,16,16,16,16,46,44,44],"gold":290,"neow_bonus":"THREE_ENEMY_KILL","is_daily":false,"chose_seed":false,"campfire_upgraded":1,"win_rate":0.0,"timestamp":1609045547,"path_taken":["M","M","M","?","$","R","E","?","T","E","?","?","?","?","R","BOSS"],"items_purchased_type":["Card"],"build_version":"2020-12-22","purchased_purges":1,"victory":false,"max_hp_per_floor":[72,72,72,72,72,72,72,72,72,72,72,72,72,72,72,72,72],"card_choices":[{"not_picked":["ClearTheMind","Evaluate"],"picked":"FlurryOfBlows","floor":1},{"not_picked":["EmptyBody","ThirdEye"],"picked":"Indignation","floor":2},{"not_picked":["Sanctity","PathToVictory"],"picked":"FollowUp","floor":3},{"not_picked":["WheelKick","FlurryOfBlows"],"picked":"Ragnarok","floor":4},{"not_picked":["Prostrate","BowlingBash"],"picked":"ForeignInfluence","floor":7},{"not_picked":["DeceiveReality","Prostrate"],"picked":"WheelKick","floor":10},{"not_picked":["Fasting2+1","Collect"],"picked":"CrushJoints","floor":11}],"player_experience":587665,"relics_obtained":[{"floor":7,"key":"Art of War"},{"floor":9,"key":"Frozen Egg 2"},{"floor":10,"key":"Eternal Feather"}],"event_choices":[{"damage_healed":0,"gold_gain":0,"player_choice":"1 cards matched","damage_taken":0,"max_hp_gain":0,"max_hp_loss":0,"event_name":"Match and Keep!","floor":8,"gold_loss":0,"cards_obtained":["Establishment"]},{"damage_healed":0,"gold_gain":0,"player_choice":"Searched \u00271\u0027 times","damage_taken":0,"max_hp_gain":0,"max_hp_loss":0,"event_name":"Dead Adventurer","floor":12,"gold_loss":0},{"damage_healed":0,"gold_gain":175,"player_choice":"AGREE","damage_taken":0,"max_hp_gain":0,"max_hp_loss":0,"event_name":"Liars Game","floor":13,"gold_loss":0,"cards_obtained":["Doubt"]},{"cards_removed":["Doubt"],"damage_healed":0,"gold_gain":0,"player_choice":"Purged","damage_taken":0,"max_hp_gain":0,"max_hp_loss":0,"event_name":"Purifier","floor":14,"gold_loss":0}],"is_beta":false,"boss_relics":[],"items_purged_floors":[5],"is_endless":false,"potions_floor_spawned":[4,7],"killed_by":"The Guardian","ascension_level":3}}