{"host":"n9qtmgye2hz5t4ok","time":1609093017,"event":{"mods":["Act Like it!","BaseMod","Colored Map","Colored Powertips","Downfall","Gensokyo","Marisa????????","Minty Spire (QoL Compilation)","StSLib","The Cursed","The Servant 0.9.4"],"gold_per_floor":[69000,67826,67840,67852,67043,67043,67056,67056,67083,67117,67117],"floor_reached":10,"playtime":994,"items_purged":["Strike_B"],"score":68,"play_id":"b89c8be4-4e19-4518-bc7d-284a2a8eb5d0","local_time":"20201227191657","is_ascension_mode":false,"campfire_choices":[{"data":"expansioncontent:Corrupt","floor":6,"key":"SMITH"}],"circlet_count":0,"master_deck":["Strike_B","Strike_B","Strike_B","Defend_B","Defend_B","Defend_B","Defend_B","Zap","Dualcast","Sweeping Beam","Gensokyo:LittleGreenMen","Gensokyo:BlemishedSteel","Gensokyo:LochNessMonster","hexamod:ThirdSeal","Static Discharge","expansioncontent:Corrupt+1","Melter","CutThroughFate","Pain","SatelliteIllusion"],"relics":["Cracked Core","TheAbacus","Chemical X","PrismaticShard","HandDrill","Toolbox","Juzu Bracelet","Bag of Marbles","Medical Kit","Gensokyo:LunaticRedEyes","Lantern","Potion Belt"],"acts_visited":["Exordium"],"potions_floor_usage":[],"damage_taken":[{"damage":0,"enemies":"Gensokyo:3_Fairies","floor":1,"turns":4},{"damage":0,"enemies":"Gensokyo:Python","floor":3,"turns":2},{"damage":0,"enemies":"Gensokyo:2_Kodama","floor":4,"turns":1},{"damage":9,"enemies":"Gensokyo:Gryphon_and_Rabbit","floor":7,"turns":2},{"damage":9,"enemies":"Gensokyo:Mamizou","floor":10,"turns":7}],"seed_played":"-3301266045516771451","potions_obtained":[{"floor":3,"key":"PotionOfCapacity"},{"floor":10,"key":"ColorlessPotion"}],"is_trial":false,"path_per_floor":["M","COS","M","M","$","R","M","?","T","E"],"character_chosen":"DEFECT","items_purchased":["Juzu Bracelet","Bag of Marbles","Medical Kit","Static Discharge","expansioncontent:Corrupt","Melter"],"campfire_rested":0,"item_purchase_floors":[5,5,5,5,5,5],"current_hp_per_floor":[82,82,82,82,82,82,73,73,73,64,64],"gold":67117,"neow_bonus":"TEN_PERCENT_HP_BONUS","is_daily":false,"chose_seed":false,"campfire_upgraded":1,"win_rate":0.0,"timestamp":1609093017,"path_taken":["M","COS","M","M","$","R","M","?","T","E"],"items_purchased_type":["Relic","Relic","Relic","Card","Card","Card"],"build_version":"2020-12-22","purchased_purges":1,"victory":false,"max_hp_per_floor":[82,82,82,82,82,82,82,82,82,82,82],"card_choices":[{"not_picked":["Hologram","Streamline"],"picked":"Sweeping Beam","floor":1},{"not_picked":["Guardian:Reroute","Guardian:ShieldCharger","Blade Dance"],"picked":"SKIP","floor":3},{"not_picked":["Doom and Gloom","TheCursedMod:CircleOfBlood"],"picked":"hexamod:ThirdSeal","floor":4},{"not_picked":["Slimebound:SplitLeeching","hexamod:FastForward"],"picked":"CutThroughFate","floor":7},{"not_picked":["Slimebound:ViciousTackle","champ:PerfectedStrike","hexamod:ThirdSeal"],"picked":"SKIP","floor":7},{"not_picked":["hexamod:SwordOfDarkness","EmptyBody"],"picked":"SatelliteIllusion","floor":10},{"not_picked":["Chrysalis","EmptyMind","TheCursedMod:ReleasedStrength"],"picked":"SKIP","floor":10}],"player_experience":42400,"relics_obtained":[{"floor":9,"key":"Lantern"},{"floor":10,"key":"Potion Belt"}],"event_choices":[],"is_beta":false,"boss_relics":[],"items_purged_floors":[5],"is_endless":false,"potions_floor_spawned":[3,10],"killed_by":"Gensokyo:Mamizou","ascension_level":0}}