{"host":"pgi3pq8mxxq8gitr","time":1609054405,"event":{"mods":["AchievementEnabler","BaseMod","Better Match","Better Note","Googly Eyes","Minty Spire (QoL Compilation)","Quick Restart","Rare Cards Sparkle","StSLib"],"gold_per_floor":[119,294,294,312,145,145,171,171,171,171,188,213,213,245,245,341,341,357,370,46,145,156,156,156],"floor_reached":23,"playtime":798,"items_purged":["Normality"],"score":244,"play_id":"e2efe12c-6e20-4860-a9ab-d3e3a96fa45d","local_time":"20201227023325","is_ascension_mode":true,"campfire_choices":[{"data":"Bouncing Flask","floor":6,"key":"SMITH"},{"data":"Jack Of All Trades","floor":8,"key":"SMITH"},{"data":"Deadly Poison","floor":13,"key":"SMITH"},{"data":"Deadly Poison","floor":15,"key":"SMITH"}],"circlet_count":0,"master_deck":["Strike_G","Strike_G","Strike_G","Strike_G","Strike_G","Defend_G","Defend_G","Defend_G","Defend_G","Defend_G","Survivor","Neutralize","Sucker Punch","Dagger Throw","Bouncing Flask+1","Jack Of All Trades+1","Deadly Poison+1","Deflect","Deadly Poison+1","Backflip","After Image+1","Noxious Fumes+1","Dagger Throw+1","Bouncing Flask","Apotheosis","Noxious Fumes+1"],"relics":["Ring of the Snake","NeowsBlessing","Mercury Hourglass","Frozen Egg 2","Shuriken","Juzu Bracelet","Black Star"],"acts_visited":["Exordium","TheCity"],"potions_floor_usage":[12,12,16,16,22,22,23],"damage_taken":[{"damage":0,"enemies":"Cultist","floor":1,"turns":1},{"damage":0,"enemies":"2 Louse","floor":4,"turns":1},{"damage":0,"enemies":"Gremlin Nob","floor":7,"turns":1},{"damage":1,"enemies":"Jaw Worm","floor":11,"turns":3},{"damage":3,"enemies":"3 Sentries","floor":12,"turns":6},{"damage":4,"enemies":"Gremlin Nob","floor":14,"turns":3},{"damage":17,"enemies":"Hexaghost","floor":16,"turns":8},{"damage":20,"enemies":"2 Thieves","floor":18,"turns":5},{"damage":14,"enemies":"3 Byrds","floor":19,"turns":4},{"damage":7,"enemies":"Centurion and Healer","floor":22,"turns":6},{"damage":30,"enemies":"Book of Stabbing","floor":23,"turns":5}],"seed_played":"4518578295139254842","potions_obtained":[{"floor":10,"key":"SteroidPotion"},{"floor":10,"key":"EntropicBrew"},{"floor":10,"key":"GhostInAJar"},{"floor":12,"key":"CultistPotion"},{"floor":14,"key":"EssenceOfSteel"},{"floor":18,"key":"AttackPotion"},{"floor":19,"key":"SkillPotion"},{"floor":22,"key":"Block Potion"}],"is_trial":false,"path_per_floor":["M","?","?","M","$","R","E","R","T","?","M","E","R","E","R","B",null,"M","M","$","?","M","E"],"character_chosen":"THE_SILENT","items_purchased":["Bouncing Flask","Jack Of All Trades","Bouncing Flask","Apotheosis"],"campfire_rested":0,"item_purchase_floors":[5,5,20,20],"current_hp_per_floor":[70,70,70,70,70,70,70,70,70,70,69,66,66,62,62,45,70,50,36,36,36,29,0,0],"gold":156,"neow_bonus":"THREE_ENEMY_KILL","is_daily":false,"chose_seed":false,"campfire_upgraded":4,"win_rate":0.0,"timestamp":1609054405,"path_taken":["M","?","?","M","$","R","E","R","T","?","M","E","R","E","R","BOSS","M","M","$","?","M","E"],"items_purchased_type":["Card","Card","Card","Card"],"build_version":"2020-12-22","purchased_purges":1,"victory":false,"max_hp_per_floor":[70,70,70,70,70,70,70,70,70,70,70,70,70,70,70,70,70,70,70,70,70,70,70,70],"card_choices":[{"not_picked":["Acrobatics","Dagger Spray"],"picked":"Sucker Punch","floor":1},{"not_picked":["Calculated Gamble","Malaise"],"picked":"Dagger Throw","floor":4},{"not_picked":["Outmaneuver","Endless Agony"],"picked":"Deadly Poison","floor":7},{"not_picked":["All Out Attack","Cloak And Dagger"],"picked":"Deflect","floor":11},{"not_picked":["Dash","Slice"],"picked":"Deadly Poison","floor":12},{"not_picked":["Sucker Punch","Footwork+1"],"picked":"Backflip","floor":14},{"not_picked":["Malaise","Doppelganger"],"picked":"After Image+1","floor":16},{"not_picked":["Distraction","Bane"],"picked":"Noxious Fumes+1","floor":18},{"not_picked":["Finisher","Prepared+1"],"picked":"Dagger Throw+1","floor":19},{"not_picked":["Quick Slash","Escape Plan"],"picked":"Noxious Fumes+1","floor":22}],"player_experience":65331,"relics_obtained":[{"floor":7,"key":"Mercury Hourglass"},{"floor":9,"key":"Frozen Egg 2"},{"floor":12,"key":"Shuriken"},{"floor":14,"key":"Juzu Bracelet"}],"event_choices":[{"damage_healed":0,"gold_gain":175,"player_choice":"AGREE","damage_taken":0,"max_hp_gain":0,"max_hp_loss":0,"event_name":"Liars Game","floor":2,"gold_loss":0,"cards_obtained":["Doubt"]},{"damage_healed":0,"gold_gain":0,"cards_transformed":["Doubt"],"player_choice":"Change","damage_taken":0,"max_hp_gain":0,"max_hp_loss":0,"event_name":"Living Wall","floor":3,"gold_loss":0,"cards_obtained":["Normality"]},{"damage_healed":0,"gold_gain":0,"player_choice":"Got Potions","damage_taken":0,"max_hp_gain":0,"max_hp_loss":0,"event_name":"Lab","floor":10,"gold_loss":0},{"damage_healed":0,"gold_gain":99,"player_choice":"Stole From Cult","damage_taken":0,"max_hp_gain":0,"max_hp_loss":0,"event_name":"Nest","floor":21,"gold_loss":0}],"is_beta":false,"boss_relics":[{"not_picked":["Philosopher\u0027s Stone","Velvet Choker"],"picked":"Black Star"}],"items_purged_floors":[20],"is_endless":false,"potions_floor_spawned":[12,14,18,19,22],"killed_by":"Book of Stabbing","ascension_level":1}}