{"host":"hgkb2zpbo2dcws21","time":1609062202,"event":{"mods":["AchievementEnabler","BaseMod","Colored Map","Colored Powertips","Custom Start","DeckTracker","KOR Keyword Fix","Minty Spire (QoL Compilation)","Relic Stats","StSLib","SuperFastMode"],"gold_per_floor":[119,269,269,286,286,286,318,331,331,331,341,352,139,173,173,173,173],"floor_reached":16,"playtime":281,"items_purged":["Strike_P"],"score":243,"play_id":"64bcdffe-dfaf-498f-8bb1-d8a4a5e9a5d7","local_time":"20201227184322","is_ascension_mode":true,"campfire_choices":[{"data":"Eruption","floor":6,"key":"SMITH"},{"data":"MentalFortress","floor":10,"key":"SMITH"},{"data":"Indignation","floor":15,"key":"SMITH"}],"circlet_count":0,"master_deck":["AscendersBane","Strike_P","Strike_P","Strike_P","Defend_P","Defend_P","Defend_P","Defend_P","Eruption+1","Vigilance","MentalFortress+1","Indignation+1","BowlingBash","Sanctity","FearNoEvil","Flash of Steel"],"relics":["PureWater","NeowsBlessing","Darkstone Periapt","Omamori","Anchor","Kunai"],"acts_visited":["Exordium"],"potions_floor_usage":[16],"damage_taken":[{"damage":0,"enemies":"2 Louse","floor":1,"turns":1},{"damage":0,"enemies":"Jaw Worm","floor":4,"turns":1},{"damage":0,"enemies":"3 Sentries","floor":7,"turns":2},{"damage":0,"enemies":"Cultist","floor":8,"turns":2},{"damage":4,"enemies":"Looter","floor":11,"turns":5},{"damage":0,"enemies":"Exordium Wildlife","floor":12,"turns":3},{"damage":28,"enemies":"Gremlin Nob","floor":14,"turns":4},{"damage":22,"enemies":"Hexaghost","floor":16,"turns":9}],"seed_played":"8451951434885740772","potions_obtained":[{"floor":1,"key":"Block Potion"},{"floor":8,"key":"BottledMiracle"}],"is_trial":false,"path_per_floor":["M","?","?","M","?","R","E","M","T","R","M","M","$","E","R","B"],"character_chosen":"WATCHER","items_purchased":["FearNoEvil","Flash of Steel"],"campfire_rested":0,"item_purchase_floors":[13,13],"current_hp_per_floor":[61,61,50,50,50,50,50,50,50,50,46,46,46,18,18,0,0],"gold":173,"neow_bonus":"THREE_ENEMY_KILL","is_daily":false,"chose_seed":false,"campfire_upgraded":3,"win_rate":0.0,"timestamp":1609062202,"path_taken":["M","?","?","M","?","R","E","M","T","R","?","M","$","E","R","BOSS"],"items_purchased_type":["Card","Card"],"build_version":"2020-12-22","purchased_purges":1,"victory":false,"max_hp_per_floor":[68,68,68,68,68,68,68,68,68,68,68,68,68,68,68,68,68],"relic_stats":{"Darkstone Periapt":0,"counters":[8,27],"Kunai":[4],"obtain_stats":[{"Darkstone Periapt":3,"Anchor":9,"NeowsBlessing":0,"Omamori":7,"Kunai":14,"PureWater":0},{"Darkstone Periapt":1,"Anchor":4,"NeowsBlessing":0,"Omamori":3,"Kunai":7,"PureWater":0},{"Darkstone Periapt":1,"Anchor":6,"NeowsBlessing":0,"Omamori":4,"Kunai":18,"PureWater":0}]},"card_choices":[{"not_picked":["Crescendo","Consecrate"],"picked":"MentalFortress","floor":1},{"not_picked":["SashWhip","WreathOfFlame"],"picked":"Indignation","floor":4},{"not_picked":["DevaForm","Consecrate"],"picked":"BowlingBash","floor":7},{"not_picked":["Pray","Consecrate","Crescendo"],"picked":"SKIP","floor":8},{"not_picked":["ClearTheMind","CrushJoints","EmptyMind"],"picked":"SKIP","floor":11},{"not_picked":["ThirdEye","Prostrate"],"picked":"Sanctity","floor":12},{"not_picked":["Blasphemy","Weave","Consecrate"],"picked":"SKIP","floor":14}],"player_experience":1110683,"relics_obtained":[{"floor":7,"key":"Omamori"},{"floor":9,"key":"Anchor"},{"floor":14,"key":"Kunai"}],"event_choices":[{"damage_healed":0,"gold_gain":150,"player_choice":"AGREE","damage_taken":0,"max_hp_gain":0,"max_hp_loss":0,"event_name":"Liars Game","floor":2,"gold_loss":0,"cards_obtained":["Doubt"]},{"damage_healed":0,"gold_gain":0,"player_choice":"Success","damage_taken":11,"relics_obtained":["Darkstone Periapt"],"max_hp_gain":0,"max_hp_loss":0,"event_name":"Scrap Ooze","floor":3,"gold_loss":0},{"cards_removed":["Doubt"],"damage_healed":0,"gold_gain":0,"player_choice":"Removed Curses","damage_taken":0,"max_hp_gain":0,"max_hp_loss":0,"event_name":"Fountain of Cleansing","floor":5,"gold_loss":0}],"is_beta":false,"boss_relics":[],"items_purged_floors":[13],"is_endless":false,"potions_floor_spawned":[1,8,11,12],"killed_by":"Hexaghost","ascension_level":16}}