{"host":"mjmsgaxkb56jw5c5","time":1609095196,"event":{"mods":["Aspiration","BaseMod","Colored Powertips","Conspire","Downfall","Hubris","Minty Spire (QoL Compilation)","Replay The Spire","StSLib","The Jungle"],"gold_per_floor":[117,40,60,77,97,97,116,116,139,139,152,162,196,196,196,301,301,311,144,211,151,151,183,183,209,286,286,303,336,24,44,44,143,143,162,89,89,42,58,58,92,92,92],"floor_reached":42,"playtime":1974,"items_purged":["Rainbow"],"score":610,"play_id":"6cd9624c-5f4e-4854-94a4-356a53b76ded","local_time":"20201227195316","is_ascension_mode":true,"campfire_choices":[{"data":"Gash","floor":6.0,"key":"SMITH"},{"data":"Creative AI","floor":8.0,"key":"SMITH"},{"data":"Go for the Eyes","floor":10.0,"key":"SMITH"},{"data":"Bash","floor":15.0,"key":"SMITH"},{"data":"Go for the Eyes","floor":24.0,"key":"SMITH"},{"floor":27.0,"key":"REST"},{"floor":32.0,"key":"DIG"},{"data":"ReplayGash","floor":40,"key":"SMITH"}],"circlet_count":0,"master_deck":["Hyperbeam+1","Strike_B","Strike_B","Strike_B","Strike_B","Defend_B","Defend_B","Defend_B","Defend_B","Zap","Go for the Eyes+1","Creative AI+1","Gash+1","Go for the Eyes+1","Bash+1","Juggernaut","FTL","Beam Cell","Rebound","Rebound","Rebound","Go for the Eyes","All For One","ReplayGash+1","Hologram","Go for the Eyes+1","Parasite"],"relics":["Bag of Preparation","Anchor","Iron Core","conspire:SeveredTorchhead","MealTicket","conspire:DecoderRing","Juzu Bracelet","Singing Bowl","Chameleon Ring","Lantern","Orrery","conspire:Dentures","hubris:ScarierMask","Replay:Bottled Snecko"],"acts_visited":["Exordium","TheCity","TheBeyond"],"potions_floor_usage":[33,39,41,41,41],"damage_taken":[{"damage":3.0,"enemies":"conspire:RoseBush","floor":1.0,"turns":1.0},{"damage":2.0,"enemies":"Jaw Worm","floor":3.0,"turns":2.0},{"damage":0.0,"enemies":"Small Slimes","floor":4.0,"turns":1.0},{"damage":3.0,"enemies":"Blue Slaver","floor":5.0,"turns":2.0},{"damage":0.0,"enemies":"Large Slime","floor":7.0,"turns":3.0},{"damage":0.0,"enemies":"2 Fungi Beasts","floor":11.0,"turns":1.0},{"damage":4.0,"enemies":"Blue Slaver","floor":12.0,"turns":2.0},{"damage":14.0,"enemies":"Gremlin Nob","floor":13.0,"turns":4.0},{"damage":26.0,"enemies":"Hexaghost","floor":16.0,"turns":7.0},{"damage":33.0,"enemies":"Shell Parasite","floor":18.0,"turns":6.0},{"damage":0.0,"enemies":"Gremlin Leader","floor":23.0,"turns":5.0},{"damage":27.0,"enemies":"Book of Stabbing","floor":25.0,"turns":4.0},{"damage":0.0,"enemies":"Chosen","floor":28.0,"turns":3.0},{"damage":17.0,"enemies":"Gremlin Leader","floor":29.0,"turns":5.0},{"damage":0.0,"enemies":"Centurion and Healer","floor":31.0,"turns":2.0},{"damage":71,"enemies":"conspire:MysteriousRune","floor":33,"turns":9},{"damage":0,"enemies":"3 Darklings","floor":35,"turns":2},{"damage":17,"enemies":"3 Shapes","floor":39,"turns":3},{"damage":73,"enemies":"Nemesis","floor":41,"turns":7},{"damage":0,"enemies":"Writhing Mass","floor":42,"turns":2}],"seed_played":"8800229077495323893","potions_obtained":[{"floor":3.0,"key":"sneckomod:MuddlingPotion"},{"floor":12.0,"key":"Explosive Potion"},{"floor":16.0,"key":"Swift Potion"},{"floor":20.0,"key":"Block Potion"},{"floor":20.0,"key":"Block Potion"},{"floor":23.0,"key":"champ:CounterPotion"},{"floor":29.0,"key":"Regen Potion"},{"floor":37,"key":"LifebloodPotion"},{"floor":37,"key":"Fruit Juice"},{"floor":37,"key":"Dexterity Potion"},{"floor":39,"key":"Adrenaline Potion"}],"is_trial":false,"path_per_floor":["M","$","M","M","M","R","M","R","T","R","M","M","E","?","R","B",null,"M","$","?","?","?","E","R","E","T","R","M","E","$","M","R","B",null,"M","$","?","$","M","R","E","M"],"character_chosen":"DEFECT","items_purchased":["Creative AI","FTL","Beam Cell","Lantern","Orrery","ReplayGash","Hologram"],"campfire_rested":1,"item_purchase_floors":[2,19,19,30,30,36,38],"current_hp_per_floor":[72,72,70,70,67,67,67,67,67,67,67,63,49,49,49,23,75,42,42,42,42,42,42,42,15,15,37,37,22,43,45,45,2,85,87,87,87,87,72,72,6,6,6],"gold":92,"neow_bonus":"ONE_RANDOM_RARE_CARD","is_daily":false,"chose_seed":false,"campfire_upgraded":6,"win_rate":0.0,"timestamp":1609095196,"path_taken":["M","$","?","M","M","R","M","R","T","R","M","M","E","?","R","BOSS","M","$","?","?","?","E","R","E","T","R","M","E","?","M","R","BOSS","M","$","?","?","M","R","E","M"],"items_purchased_type":["Card","Card","Card","Relic","Relic","Card","Card"],"build_version":"2020-12-22","purchased_purges":1,"victory":false,"max_hp_per_floor":[75,75,75,75,75,75,75,75,75,75,75,75,75,75,75,75,75,75,75,75,75,75,75,75,75,75,75,75,77,83,85,85,85,85,87,87,87,87,89,89,96,96,96],"card_choices":[{"not_picked":["Turbo","Conserve Battery"],"picked":"Go for the Eyes","floor":1.0},{"not_picked":["Stack","Steam","Hologram"],"picked":"SKIP","floor":3.0},{"not_picked":["Beam Cell","Doom and Gloom"],"picked":"Gash","floor":4.0},{"not_picked":["Steam","Reinforced Body","Doom and Gloom"],"picked":"SKIP","floor":5.0},{"not_picked":["Redo","Coolheaded","Barrage"],"picked":"SKIP","floor":7.0},{"not_picked":["Hello World","Self Repair"],"picked":"Go for the Eyes","floor":11.0},{"not_picked":["Meteor Strike","Leap","Conserve Battery"],"picked":"SKIP","floor":12.0},{"not_picked":["Stack","Cold Snap","Chaos"],"picked":"SKIP","floor":13.0},{"not_picked":["Fission","Thunder Strike"],"picked":"Juggernaut","floor":16.0},{"not_picked":["Skim","Rip and Tear","Steam"],"picked":"SKIP","floor":18.0},{"not_picked":["Buffer","Stack","Multi-Cast"],"picked":"SKIP","floor":23.0},{"not_picked":["Ball Lightning+1","hubris:Ukulele","ReplayTheSpireMod:Dual Polarity"],"picked":"SKIP","floor":25.0},{"not_picked":["Leap","Compile Driver"],"picked":"Rebound","floor":28.0},{"not_picked":["Turbo","Go for the Eyes","Defragment"],"picked":"Singing Bowl","floor":29.0},{"not_picked":["Cold Snap","Hologram","Undo"],"picked":"Singing Bowl","floor":30.0},{"not_picked":["Hologram","Barrage","Loop"],"picked":"Singing Bowl","floor":30.0},{"not_picked":["Ball Lightning","Coolheaded","ReplayTheSpireMod:Omega Cannon"],"picked":"Singing Bowl","floor":30.0},{"not_picked":["Sweeping Beam","Doom and Gloom"],"picked":"Rebound","floor":30.0},{"not_picked":["Core Surge","Hologram+1"],"picked":"Go for the Eyes","floor":30.0},{"not_picked":["Hologram+1","Panic Button","BasicCrystalCard"],"picked":"Singing Bowl","floor":31.0},{"not_picked":["Offering","Mirror Shield"],"picked":"All For One","floor":33},{"not_picked":["Self Repair","Barrage","Conserve Battery"],"picked":"Singing Bowl","floor":35},{"not_picked":["Barrage+1","Cold Snap","Stack+1"],"picked":"Singing Bowl","floor":39},{"not_picked":["Panic Button","Sweeping Beam"],"picked":"Go for the Eyes+1","floor":41}],"player_experience":216037,"relics_obtained":[{"floor":9.0,"key":"Bag of Preparation"},{"floor":13.0,"key":"Anchor"},{"floor":20.0,"key":"MealTicket"},{"floor":23.0,"key":"conspire:DecoderRing"},{"floor":25.0,"key":"Juzu Bracelet"},{"floor":26.0,"key":"Singing Bowl"},{"floor":29.0,"key":"Chameleon Ring"},{"floor":32.0,"key":"conspire:Dentures"},{"floor":41,"key":"Replay:Bottled Snecko"}],"event_choices":[{"damage_healed":0,"gold_gain":0,"player_choice":"Got Potions","damage_taken":0,"max_hp_gain":0,"max_hp_loss":0,"event_name":"Lab","floor":37,"gold_loss":0}],"is_beta":false,"boss_relics":[{"not_picked":["Busted Crown","Philosopher\u0027s Stone"],"picked":"conspire:SeveredTorchhead"},{"not_picked":["hubris:VirtuousBlindfold","Replay:Fungal Core"],"picked":"hubris:ScarierMask"}],"items_purged_floors":[19],"is_endless":false,"potions_floor_spawned":[3,12,16,23,29,39],"killed_by":"Writhing Mass","ascension_level":2}}