{"host":"o7j6aatxjwpw1421","time":1609055921,"event":{"mods":["2.2 Compatiblity","AchievementEnabler","BaseMod","Colored Map","DeckTracker","Highlight Path","Keyboard Shortcuts","Minty Spire (QoL Compilation)","Permanent Neow","Quick Restart","StSLib","SuperFastMode","everything is the same but u backflip on backflip"],"gold_per_floor":[359,371,224,224,239,239,254,281,281,300,60,74,129,144,144,221,221,233,148,148,165,175,175,18,18,18,35,64,76,86,101,101,177,177,190,190,202,32,1031,1031,1056,1070,1093,1110,1126,97,116,161,161,161],"floor_reached":51,"playtime":3169,"items_purged":["Injury","Strike_R","Strike_R"],"score":1346,"play_id":"eefa6bae-db10-4c81-aabd-2ef10c0eeb27","local_time":"20201227165841","is_ascension_mode":true,"campfire_choices":[{"data":"Wild Strike","floor":6.0,"key":"SMITH"},{"floor":15.0,"key":"REST"},{"data":"Offering","floor":23.0,"key":"SMITH"},{"floor":32.0,"key":"REST"},{"floor":40.0,"key":"REST"},{"floor":49,"key":"REST"}],"circlet_count":0,"master_deck":["AscendersBane","Strike_R","Strike_R","Defend_R","Defend_R","Defend_R","Defend_R","Bash","Wild Strike+1","Fire Breathing","Cleave","Shrug It Off","Uppercut","Second Wind","Master of Strategy","Evolve","Armaments","Whirlwind","Dark Embrace","Fiend Fire","CurseOfTheBell","Offering+1","Power Through","Second Wind","Reaper","Reckless Charge","Armaments+1","Seeing Red","Normality","Normality","Demon Form","Parasite","Warcry+1","Pummel","Body Slam","Blind","Berserk"],"relics":["Burning Blood","Question Card","Ice Cream","Du-Vu Doll","Calling Bell","Regal Pillow","Gremlin Horn","Dead Branch","Singing Bowl","Bag of Preparation","Self Forming Clay","Bottled Lightning","Fusion Hammer","Red Skull","Bag of Marbles","Medical Kit","Pear","Potion Belt","Charon\u0027s Ashes"],"acts_visited":["Exordium","TheCity","TheBeyond"],"potions_floor_usage":[42,48,50,50,50],"damage_taken":[{"damage":4.0,"enemies":"Small Slimes","floor":1.0,"turns":4.0},{"damage":0.0,"enemies":"Cultist","floor":2.0,"turns":3.0},{"damage":0.0,"enemies":"2 Louse","floor":5.0,"turns":2.0},{"damage":5.0,"enemies":"2 Fungi Beasts","floor":7.0,"turns":3.0},{"damage":24.0,"enemies":"Gremlin Nob","floor":8.0,"turns":4.0},{"damage":11.0,"enemies":"Exordium Wildlife","floor":10.0,"turns":4.0},{"damage":9.0,"enemies":"Large Slime","floor":12.0,"turns":5.0},{"damage":31.0,"enemies":"Lagavulin Event","floor":13.0,"turns":5.0},{"damage":18.0,"enemies":"Exordium Thugs","floor":14.0,"turns":5.0},{"damage":38.0,"enemies":"Slime Boss","floor":16.0,"turns":7.0},{"damage":5.0,"enemies":"Chosen","floor":18.0,"turns":5.0},{"damage":20.0,"enemies":"Spheric Guardian","floor":21.0,"turns":4.0},{"damage":3.0,"enemies":"Centurion and Healer","floor":22.0,"turns":4.0},{"damage":0.0,"enemies":"Snecko","floor":27.0,"turns":2.0},{"damage":44.0,"enemies":"Book of Stabbing","floor":28.0,"turns":6.0},{"damage":6.0,"enemies":"3 Cultists","floor":29.0,"turns":1.0},{"damage":26.0,"enemies":"Snake Plant","floor":30.0,"turns":2.0},{"damage":3.0,"enemies":"Chosen and Byrds","floor":31.0,"turns":6.0},{"damage":22.0,"enemies":"Champ","floor":33.0,"turns":13.0},{"damage":0.0,"enemies":"3 Shapes","floor":35.0,"turns":2.0},{"damage":24.0,"enemies":"3 Darklings","floor":37.0,"turns":3.0},{"damage":12.0,"enemies":"Nemesis","floor":41.0,"turns":5.0},{"damage":6,"enemies":"Writhing Mass","floor":42,"turns":4},{"damage":23,"enemies":"4 Shapes","floor":44,"turns":3},{"damage":31,"enemies":"Spire Growth","floor":45,"turns":5},{"damage":14,"enemies":"Transient","floor":47,"turns":5},{"damage":6,"enemies":"2 Orb Walkers","floor":48,"turns":3},{"damage":50,"enemies":"Time Eater","floor":50,"turns":7}],"seed_played":"-7859382963783583412","potions_obtained":[{"floor":1.0,"key":"Energy Potion"},{"floor":5.0,"key":"FearPotion"},{"floor":8.0,"key":"BlessingOfTheForge"},{"floor":10.0,"key":"LiquidBronze"},{"floor":14.0,"key":"Regen Potion"},{"floor":18.0,"key":"BloodPotion"},{"floor":21.0,"key":"GamblersBrew"},{"floor":30.0,"key":"LiquidMemories"},{"floor":41.0,"key":"Energy Potion"},{"floor":42,"key":"PowerPotion"},{"floor":48,"key":"Swift Potion"}],"is_trial":false,"path_per_floor":["M","M","$","?","M","R","M","E","T","M","$","M","?","M","R","B",null,"M","?","?","M","M","R","$","?","T","M","E","M","M","M","R","B",null,"M","?","M","$","?","R","E","M","T","M","M","$","M","?","R","B",null],"character_chosen":"IRONCLAD","items_purchased":["Fire Breathing","Master of Strategy","Evolve","Bag of Preparation","Seeing Red","Medical Kit","Pear","Potion Belt","BloodPotion","DuplicationPotion","Pummel","Body Slam","Blind"],"campfire_rested":4,"item_purchase_floors":[3,11,11,24,38,46,46,46,46,46,46,46,46],"current_hp_per_floor":[70,75,75,75,75,75,75,57,57,52,52,49,24,12,34,17,61,62,62,62,50,53,53,53,53,53,61,23,25,23,26,65,49,75,83,83,73,73,73,85,79,87,87,89,64,74,66,87,101,76],"gold":161,"neow_bonus":"TWO_FIFTY_GOLD","is_daily":false,"chose_seed":false,"campfire_upgraded":2,"win_rate":0.0,"timestamp":1609055921,"path_taken":["M","M","$","?","M","R","M","E","T","M","?","M","?","M","R","BOSS","M","?","?","M","M","R","$","?","T","M","E","M","M","M","R","BOSS","M","?","M","?","?","R","E","?","T","M","M","$","M","?","R","BOSS"],"items_purchased_type":["Card","Card","Card","Relic","Card","Relic","Relic","Relic","Potion","Potion","Card","Card","Card"],"build_version":"2020-12-22","purchased_purges":3,"victory":true,"max_hp_per_floor":[75,75,75,75,75,75,75,75,75,75,75,75,75,75,75,75,75,75,75,75,77,77,77,77,77,77,79,79,81,83,83,83,83,83,85,85,85,85,85,85,85,87,87,89,89,99,99,101,101,101],"card_choices":[{"not_picked":["Warcry","Clothesline","Headbutt"],"picked":"SKIP","floor":1.0},{"not_picked":["Twin Strike","Rupture"],"picked":"Wild Strike","floor":2.0},{"not_picked":["Flex","Brutality","Clash"],"picked":"SKIP","floor":5.0},{"not_picked":["Pommel Strike","Warcry"],"picked":"Shrug It Off","floor":7.0},{"not_picked":["Flex","Armaments"],"picked":"Uppercut","floor":8.0},{"not_picked":["Twin Strike","Sever Soul","Heavy Blade"],"picked":"Second Wind","floor":10.0},{"not_picked":["Clothesline","True Grit","Pommel Strike"],"picked":"Armaments","floor":12.0},{"not_picked":["Perfected Strike","Spot Weakness","Anger"],"picked":"Whirlwind","floor":13.0},{"not_picked":["Pummel","Body Slam","Warcry"],"picked":"Dark Embrace","floor":14.0},{"not_picked":["Feed","Bludgeon","Limit Break"],"picked":"Fiend Fire","floor":16.0},{"not_picked":["Evolve+1","Clothesline","Shrug It Off","Twin Strike"],"picked":"SKIP","floor":18.0},{"not_picked":["Pommel Strike","Clash","Armaments","Metallicize"],"picked":"Singing Bowl","floor":21.0},{"not_picked":["Fire Breathing","Twin Strike","Thunderclap"],"picked":"Offering","floor":22.0},{"not_picked":["Flame Barrier","Carnage+1","Clothesline","Body Slam"],"picked":"Singing Bowl","floor":27.0},{"not_picked":["Rampage","Iron Wave","Havoc","Thunderclap"],"picked":"SKIP","floor":28.0},{"not_picked":["Power Through","Dual Wield","Clash+1","Headbutt"],"picked":"Singing Bowl","floor":29.0},{"not_picked":["Heavy Blade","Feed","Iron Wave","Fire Breathing"],"picked":"Singing Bowl","floor":30.0},{"not_picked":["Iron Wave","Shrug It Off+1","Thunderclap"],"picked":"Second Wind","floor":31.0},{"not_picked":["Bludgeon","Fiend Fire","Feed"],"picked":"Reaper","floor":33.0},{"not_picked":["Wild Strike","Hemokinesis","Cleave","Twin Strike"],"picked":"Singing Bowl","floor":35.0},{"not_picked":["Metallicize","Dark Embrace+1","Warcry"],"picked":"Armaments+1","floor":37.0},{"not_picked":["Inflame","Combust","True Grit"],"picked":"Demon Form","floor":41.0},{"not_picked":["Perfected Strike","Heavy Blade","Uppercut","Shrug It Off"],"picked":"Singing Bowl","floor":42},{"not_picked":["Flex","Heavy Blade","Pummel","Flame Barrier"],"picked":"Singing Bowl","floor":44},{"not_picked":["Burning Pact","Metallicize","Searing Blow"],"picked":"Warcry+1","floor":45},{"not_picked":["Clash","Sword Boomerang","Spot Weakness+1"],"picked":"Berserk","floor":47},{"not_picked":["Clothesline","Wild Strike+1","Anger","Perfected Strike+1"],"picked":"Singing Bowl","floor":48}],"player_experience":390529,"relics_obtained":[{"floor":8.0,"key":"Question Card"},{"floor":9.0,"key":"Ice Cream"},{"floor":17.0,"key":"Regal Pillow"},{"floor":17.0,"key":"Gremlin Horn"},{"floor":17.0,"key":"Dead Branch"},{"floor":26.0,"key":"Self Forming Clay"},{"floor":28.0,"key":"Bottled Lightning"},{"floor":41.0,"key":"Red Skull"},{"floor":43,"key":"Bag of Marbles"},{"floor":48,"key":"Charon\u0027s Ashes"}],"event_choices":[{"damage_healed":0.0,"max_hp_gain":0.0,"max_hp_loss":0.0,"gold_gain":0.0,"cards_transformed":["Strike_R"],"event_name":"Transmorgrifier","player_choice":"Transformed","floor":4.0,"gold_loss":0.0,"damage_taken":0.0,"cards_obtained":["Cleave"]},{"damage_healed":0.0,"max_hp_gain":0.0,"max_hp_loss":0.0,"gold_gain":0.0,"event_name":"Dead Adventurer","player_choice":"Searched \u00272\u0027 times","floor":13.0,"gold_loss":0.0,"damage_taken":0.0,"relics_obtained":["Du-Vu Doll"]},{"damage_healed":0.0,"max_hp_gain":0.0,"max_hp_loss":0.0,"gold_gain":0.0,"event_name":"Addict","player_choice":"Obtained Relic","floor":19.0,"gold_loss":85.0,"damage_taken":0.0,"relics_obtained":["Singing Bowl"]},{"damage_healed":0.0,"max_hp_gain":0.0,"max_hp_loss":0.0,"gold_gain":0.0,"event_name":"The Mausoleum","player_choice":"Ignored","floor":20.0,"gold_loss":0.0,"damage_taken":0.0},{"damage_healed":0.0,"max_hp_gain":0.0,"max_hp_loss":0.0,"gold_gain":0.0,"event_name":"The Library","player_choice":"Read","floor":25.0,"gold_loss":0.0,"damage_taken":0.0,"cards_obtained":["Power Through"]},{"damage_healed":0.0,"max_hp_gain":0.0,"max_hp_loss":0.0,"gold_gain":0.0,"event_name":"Match and Keep!","player_choice":"1 cards matched","floor":36.0,"gold_loss":0.0,"damage_taken":0.0,"cards_obtained":["Reckless Charge"]},{"damage_healed":0.0,"max_hp_gain":0.0,"max_hp_loss":0.0,"gold_gain":999.0,"event_name":"MindBloom","player_choice":"Gold","floor":39.0,"gold_loss":0.0,"damage_taken":0.0,"cards_obtained":["Normality","Normality"]},{"damage_healed":0,"gold_gain":0,"player_choice":"Fight","damage_taken":0,"max_hp_gain":0,"max_hp_loss":0,"event_name":"Mysterious Sphere","floor":48,"gold_loss":0}],"is_beta":false,"boss_relics":[{"not_picked":["Philosopher\u0027s Stone","Velvet Choker"],"picked":"Calling Bell"},{"not_picked":["Empty Cage","Sozu"],"picked":"Fusion Hammer"}],"items_purged_floors":[3,38,46],"is_endless":false,"potions_floor_spawned":[1,5,8,10,14,18,21,30,41,42,45,48],"ascension_level":15}}