{"host":"fhwr1fuluf6086fh","time":1609040755,"event":{"mods":["2.2 Compatiblity","Act Like it!","BaseMod","Elementarium","Hermit","Minty Spire (QoL Compilation)","Robot Space Explorer","StSLib","The Blue Laboratory","The Dragon Tamer","The Factory","The Hierophant","TheLocksmith"],"gold_per_floor":[119,131,131,151,171,171,206,229,229,242,132,161,161,161,161,261,261,235,235,258,278,360,360,396,378,378,378,409,432,390,68,68,188,188,209,235,247,247,250,284,284,307,330,64,64,100,100,135,135,57],"floor_reached":51,"playtime":36906,"items_purged":["hierophant:Strike_Hierophant","hierophant:Strike_Hierophant"],"score":1051,"play_id":"6c457d7e-a3dc-43b5-abc5-4830d43af340","local_time":"20201226224555","is_ascension_mode":true,"campfire_choices":[{"data":"hierophant:Defend_Hierophant","floor":6,"key":"SMITH"},{"data":"hierophant:ArchangelShield","floor":13,"key":"SMITH"},{"data":"hierophant:ArchangelShield","floor":15,"key":"SMITH"},{"data":"hierophant:Rebuild","floor":23,"key":"SMITH"},{"floor":27,"key":"REST"},{"data":"hierophant:ChurchCoffers","floor":32,"key":"SMITH"},{"data":"hierophant:Kindle","floor":41,"key":"SMITH"},{"data":"hierophant:ArchangelShield","floor":45,"key":"SMITH"},{"floor":49,"key":"REST"}],"circlet_count":0,"master_deck":["hierophant:Strike_Hierophant+1","hierophant:Punish","hierophant:Defend_Hierophant+1","hierophant:Defend_Hierophant","hierophant:Defend_Hierophant","hierophant:Defend_Hierophant","hierophant:ChurchCoffers+1","hierophant:Kindle+1","hierophant:Rebuild+1","hierophant:ThreeLashes+1","hierophant:ThreeLashes","hierophant:OrnateBuckler","hierophant:Blessing","hierophant:FlamingChariot","hierophant:MorningPrayer","hierophant:ArchangelShield+1","hierophant:ArchangelShield+1","hierophant:AuricForm","CurseOfTheBell","hierophant:HammerAndAnvil+1","hierophant:OrnateBuckler","hierophant:FieryStrike","hierophant:ArchangelShield+1","hierophant:Alms+1","hierophant:Shelter+1","hierophant:Embezzle+1","hierophant:SolarFlare","hierophant:Kindle+1","hierophant:ThreeLashes+1","hierophant:ThreeLashes","Parasite","hierophant:Exaltation+1","hierophant:Bribe","hierophant:ArchangelShield+1","hierophant:OrnateBuckler+1","hierophant:ThreeLashes+1"],"relics":["hierophant:PropheticMaskRelic","Nunchaku","Bag of Preparation","Strawberry","Calling Bell","Vajra","Kunai","Thread and Needle","Question Card","hierophant:DonationBoxRelic","Darkstone Periapt","Du-Vu Doll","Pear","MealTicket","Busted Crown","Blue Candle","Bottled Flame","Regal Pillow","Whetstone","Oddly Smooth Stone"],"acts_visited":["Exordium","TheCity","TheBeyond"],"potions_floor_usage":[16,16,24,29,40,50,50,50],"damage_taken":[{"damage":7,"enemies":"Jaw Worm","floor":1,"turns":7},{"damage":0,"enemies":"Cultist","floor":2,"turns":4},{"damage":0,"enemies":"Small Slimes","floor":4,"turns":1},{"damage":6,"enemies":"Exordium Wildlife","floor":5,"turns":3},{"damage":19,"enemies":"Gremlin Nob","floor":7,"turns":4},{"damage":18,"enemies":"Exordium Thugs","floor":8,"turns":5},{"damage":0,"enemies":"2 Fungi Beasts","floor":10,"turns":3},{"damage":5,"enemies":"Lagavulin","floor":12,"turns":7},{"damage":0,"enemies":"Slime Boss","floor":16,"turns":7},{"damage":3,"enemies":"2 Thieves","floor":18,"turns":5},{"damage":11,"enemies":"Shell Parasite","floor":20,"turns":6},{"damage":2,"enemies":"Centurion and Healer","floor":21,"turns":12},{"damage":39,"enemies":"Slavers","floor":24,"turns":8},{"damage":0,"enemies":"3 Cultists","floor":25,"turns":3},{"damage":22,"enemies":"Book of Stabbing","floor":28,"turns":10},{"damage":4,"enemies":"Snake Plant","floor":29,"turns":5},{"damage":8,"enemies":"Gremlin Leader","floor":30,"turns":5},{"damage":29,"enemies":"Champ","floor":33,"turns":11},{"damage":0,"enemies":"3 Darklings","floor":35,"turns":5},{"damage":0,"enemies":"3 Shapes","floor":36,"turns":4},{"damage":0,"enemies":"Spire Growth","floor":37,"turns":5},{"damage":1,"enemies":"Writhing Mass","floor":39,"turns":7},{"damage":8,"enemies":"Reptomancer","floor":40,"turns":6},{"damage":9,"enemies":"Nemesis","floor":42,"turns":3},{"damage":1,"enemies":"3 Darklings","floor":46,"turns":5},{"damage":8,"enemies":"Giant Head","floor":48,"turns":8},{"damage":2,"enemies":"Awakened One","floor":50,"turns":12}],"seed_played":"-1556240318881523494","potions_obtained":[{"floor":2,"key":"blueLaboratory:AbyssPotion"},{"floor":4,"key":"Fire Potion"},{"floor":10,"key":"GamblersBrew"},{"floor":12,"key":"Weak Potion"},{"floor":24,"key":"blueLaboratory:FruitPreserves"},{"floor":28,"key":"Regen Potion"},{"floor":33,"key":"LiquidMemories"},{"floor":37,"key":"EntropicBrew"},{"floor":40,"key":"blueLaboratory:BubblePotion"},{"floor":48,"key":"Block Potion"}],"is_trial":false,"path_per_floor":["M","M","?","M","M","R","E","M","T","M","$","E","R","?","R","B",null,"M","?","M","M","T","R","E","M","T","R","E","M","E","$","R","B",null,"M","M","M","?","M","E","R","E","T","$","R","M","?","E","R","B",null],"character_chosen":"HIEROPHANT","items_purchased":["hierophant:ArchangelShield","MealTicket","hierophant:SolarFlare","hierophant:Bribe","hierophant:ArchangelShield","Whetstone"],"campfire_rested":2,"item_purchase_floors":[11,31,31,44,44,44],"current_hp_per_floor":[61,61,61,61,55,55,36,25,25,32,32,41,41,41,41,48,75,75,75,64,62,62,62,30,37,37,59,44,61,70,70,70,48,85,85,85,85,85,90,89,89,80,80,91,91,91,91,83,91,91],"gold":57,"neow_bonus":"THREE_RARE_CARDS","is_daily":false,"chose_seed":false,"campfire_upgraded":7,"win_rate":0.0,"timestamp":1609040755,"path_taken":["M","M","?","M","M","R","E","M","T","?","$","E","R","?","R","BOSS","M","?","M","M","?","R","E","M","T","R","E","M","E","$","R","BOSS","M","M","M","?","M","E","R","E","T","?","R","?","?","E","R","BOSS"],"items_purchased_type":["Card","Relic","Card","Card","Card","Relic"],"build_version":"2020-12-22","purchased_purges":2,"victory":true,"max_hp_per_floor":[68,68,68,68,68,68,68,68,68,68,68,75,75,75,75,75,75,75,75,75,75,75,75,75,75,75,75,75,75,85,85,85,85,85,85,85,85,85,91,91,91,91,91,91,91,91,91,91,91,91],"card_choices":[{"not_picked":["hierophant:Levitation","hierophant:Batter"],"picked":"hierophant:Kindle","floor":0},{"not_picked":["hierophant:AuricBeam","hierophant:PassingBell"],"picked":"hierophant:Rebuild","floor":1},{"not_picked":["hierophant:Remorse","hierophant:Smite"],"picked":"hierophant:ThreeLashes","floor":2},{"not_picked":["hierophant:AuricShield","hierophant:Purify"],"picked":"hierophant:ThreeLashes","floor":4},{"not_picked":["hierophant:RustyCrate","hierophant:FaithHealing"],"picked":"hierophant:OrnateBuckler","floor":5},{"not_picked":["hierophant:Refuge","hierophant:AuricShield"],"picked":"hierophant:Blessing","floor":7},{"not_picked":["hierophant:Purify","hierophant:SealAway"],"picked":"hierophant:FlamingChariot","floor":8},{"not_picked":["hierophant:Blessing","hierophant:HammerAndAnvil"],"picked":"hierophant:MorningPrayer","floor":10},{"not_picked":["hierophant:RustyCrate","hierophant:Zeal"],"picked":"hierophant:ArchangelShield","floor":12},{"not_picked":["hierophant:MintersHammer","hierophant:Generosity"],"picked":"hierophant:AuricForm","floor":16},{"not_picked":["hierophant:Smite+1","hierophant:Zeal"],"picked":"hierophant:HammerAndAnvil+1","floor":18},{"not_picked":["hierophant:Doubloon","hierophant:Smite"],"picked":"hierophant:OrnateBuckler","floor":20},{"not_picked":["hierophant:RustyCrate+1","hierophant:Smite","hierophant:HolyVerse"],"picked":"SKIP","floor":21},{"not_picked":["hierophant:Flagellation","hierophant:AuricForm","hierophant:Smite+1"],"picked":"hierophant:FieryStrike","floor":24},{"not_picked":["hierophant:HolyVerse","hierophant:AuricBeam","hierophant:MorningPrayer"],"picked":"hierophant:ArchangelShield+1","floor":25},{"not_picked":["hierophant:Community","hierophant:DeathKnell","hierophant:Prophecy"],"picked":"hierophant:Alms+1","floor":28},{"not_picked":["hierophant:PassingBell","hierophant:HolyVerse+1","hierophant:PristineSoul"],"picked":"hierophant:Shelter+1","floor":29},{"not_picked":["hierophant:Mercenaries","hierophant:Smite+1","hierophant:HolyVerse"],"picked":"hierophant:Embezzle+1","floor":30},{"not_picked":["hierophant:Anathema","hierophant:Invocation","hierophant:Generosity"],"picked":"hierophant:Kindle","floor":33},{"not_picked":["hierophant:PassingBell","hierophant:MorningPrayer"],"picked":"SKIP","floor":35},{"not_picked":["hierophant:PassingBell"],"picked":"hierophant:ThreeLashes+1","floor":36},{"not_picked":["hierophant:DisplayOfPower","hierophant:MorningPrayer"],"picked":"SKIP","floor":37},{"not_picked":["hierophant:HolyVerse"],"picked":"hierophant:Exaltation+1","floor":39},{"not_picked":["hierophant:TollTheBells+1","hierophant:Flagellation+1"],"picked":"SKIP","floor":40},{"not_picked":["hierophant:Zeal","hierophant:EyeForCoin"],"picked":"SKIP","floor":42},{"not_picked":["hierophant:Doubloon+1"],"picked":"hierophant:OrnateBuckler+1","floor":46},{"not_picked":["hierophant:Mercenaries+1"],"picked":"hierophant:ThreeLashes+1","floor":48}],"player_experience":825830,"relics_obtained":[{"floor":7,"key":"Nunchaku"},{"floor":9,"key":"Bag of Preparation"},{"floor":12,"key":"Strawberry"},{"floor":17,"key":"Vajra"},{"floor":17,"key":"Kunai"},{"floor":17,"key":"Thread and Needle"},{"floor":22,"key":"Question Card"},{"floor":24,"key":"hierophant:DonationBoxRelic"},{"floor":26,"key":"Darkstone Periapt"},{"floor":28,"key":"Du-Vu Doll"},{"floor":30,"key":"Pear"},{"floor":40,"key":"Blue Candle"},{"floor":42,"key":"Bottled Flame"},{"floor":43,"key":"Regal Pillow"},{"floor":48,"key":"Oddly Smooth Stone"}],"event_choices":[{"damage_healed":0,"gold_gain":0,"player_choice":"Upgraded","damage_taken":0,"max_hp_gain":0,"max_hp_loss":0,"event_name":"Upgrade Shrine","floor":3,"gold_loss":0,"cards_upgraded":["hierophant:Kindle"]},{"cards_removed":["hierophant:Strike_Hierophant"],"damage_healed":0,"gold_gain":0,"player_choice":"Forget","damage_taken":0,"max_hp_gain":0,"max_hp_loss":0,"event_name":"Living Wall","floor":14,"gold_loss":0},{"damage_healed":0,"gold_gain":0,"player_choice":"Ignored","damage_taken":0,"max_hp_gain":0,"max_hp_loss":0,"event_name":"Ghosts","floor":19,"gold_loss":0},{"damage_healed":0,"gold_gain":0,"player_choice":"1 cards matched","damage_taken":0,"max_hp_gain":0,"max_hp_loss":0,"event_name":"Match and Keep!","floor":38,"gold_loss":0,"cards_obtained":["hierophant:ThreeLashes"]},{"damage_healed":0,"gold_gain":0,"player_choice":"Ignored","damage_taken":0,"max_hp_gain":0,"max_hp_loss":0,"event_name":"Fountain of Cleansing","floor":47,"gold_loss":0}],"is_beta":false,"boss_relics":[{"not_picked":["Snecko Eye","Ectoplasm"],"picked":"Calling Bell"},{"not_picked":["Coffee Dripper","Sozu"],"picked":"Busted Crown"}],"items_purged_floors":[11,31],"is_endless":false,"potions_floor_spawned":[2,4,10,12,24,28,33,37,40,42,48],"ascension_level":1}}