{"host":"newqdrzxfhh2im9e","time":1609094757,"event":{"mods":["AchievementEnabler","BaseMod","BetterRewards","Block Reminder","Colored Map","Jorbs\u0027s Wanderer Trilogy","Minty Spire (QoL Compilation)","Rare Cards Sparkle","Shop Mod","StSLib"],"gold_per_floor":[110,5,5,17,35,35,60,75,146,164,164,182,198,198,198,299,299,314,314,81,81,92,92,108,108,108],"floor_reached":25,"playtime":707,"items_purged":[],"score":246,"play_id":"ffde7406-7410-4c73-86b3-1256c1a50579","local_time":"20201227104557","is_ascension_mode":true,"campfire_choices":[{"data":"Core Surge","floor":6,"key":"SMITH"},{"floor":11,"key":"REST"},{"floor":15,"key":"REST"},{"floor":23,"key":"REST"}],"circlet_count":0,"master_deck":["Strike_B","Strike_B","Strike_B","Strike_B","Defend_B","Defend_B","Defend_B","Defend_B","Zap","Dualcast","Darkness","Heatsinks","Melter","Conserve Battery","Core Surge+1","Ball Lightning","Tempest","Core Surge","Static Discharge","Redo","Fission+1","CurseOfTheBell","Defragment+1","Capacitor"],"relics":["Cracked Core","Oddly Smooth Stone","CultistMask","Torii","Mummified Hand","Calling Bell","Potion Belt","Darkstone Periapt","Bird Faced Urn","MealTicket"],"acts_visited":["Exordium","TheCity"],"potions_floor_usage":[7,10,16,22,24],"damage_taken":[{"damage":0,"enemies":"Jaw Worm","floor":1,"turns":3},{"damage":0,"enemies":"Cultist","floor":4,"turns":3},{"damage":0,"enemies":"2 Louse","floor":5,"turns":3},{"damage":28,"enemies":"Lagavulin","floor":7,"turns":5},{"damage":11,"enemies":"Looter","floor":8,"turns":2},{"damage":21,"enemies":"Exordium Thugs","floor":10,"turns":4},{"damage":0,"enemies":"Large Slime","floor":12,"turns":3},{"damage":9,"enemies":"Blue Slaver","floor":13,"turns":2},{"damage":15,"enemies":"The Guardian","floor":16,"turns":9},{"damage":32,"enemies":"Shell Parasite","floor":18,"turns":6},{"damage":23,"enemies":"2 Thieves","floor":22,"turns":3},{"damage":39,"enemies":"Centurion and Healer","floor":24,"turns":5},{"damage":22,"enemies":"Gremlin Leader","floor":25,"turns":2}],"seed_played":"3932453658389792986","potions_obtained":[{"floor":1,"key":"Strength Potion"},{"floor":8,"key":"DuplicationPotion"},{"floor":12,"key":"FearPotion"},{"floor":18,"key":"AttackPotion"},{"floor":22,"key":"Fire Potion"}],"is_trial":false,"path_per_floor":["M","$","?","M","M","R","E","M","T","M","R","M","M","?","R","B",null,"M","?","$","?","M","R","M","E"],"character_chosen":"DEFECT","items_purchased":["Heatsinks","Melter","MealTicket","Capacitor"],"campfire_rested":3,"item_purchase_floors":[2,2,20,20],"current_hp_per_floor":[75,75,75,75,75,75,47,36,36,15,37,37,28,33,57,42,80,52,37,37,37,18,43,12,0,0],"gold":108,"neow_bonus":"RANDOM_COMMON_RELIC","is_daily":false,"chose_seed":false,"campfire_upgraded":1,"win_rate":0.0,"timestamp":1609094757,"path_taken":["M","$","?","M","?","R","E","M","T","M","R","M","?","?","R","BOSS","M","?","$","?","M","R","?","E"],"items_purchased_type":["Card","Card","Relic","Card"],"build_version":"2020-12-22","purchased_purges":0,"victory":false,"max_hp_per_floor":[75,75,75,75,75,75,75,75,75,75,75,75,75,80,80,80,80,80,85,85,85,85,85,85,85,85],"card_choices":[{"not_picked":["Cold Snap","Redo"],"picked":"Darkness","floor":1},{"not_picked":["Ball Lightning","Compile Driver"],"picked":"Conserve Battery","floor":4},{"not_picked":["Streamline","Ball Lightning"],"picked":"Core Surge","floor":5},{"not_picked":["Redo","Streamline"],"picked":"Ball Lightning","floor":7},{"not_picked":["Conserve Battery","Leap"],"picked":"Tempest","floor":8},{"not_picked":["Coolheaded","Rebound"],"picked":"Core Surge","floor":10},{"not_picked":["Cold Snap","Tempest"],"picked":"Static Discharge","floor":12},{"not_picked":["Turbo","Leap"],"picked":"Redo","floor":13},{"not_picked":["Amplify","Echo Form"],"picked":"Fission","floor":16},{"not_picked":["Streamline","Gash"],"picked":"Defragment+1","floor":18},{"not_picked":["Conserve Battery","Rebound","Sweeping Beam"],"picked":"SKIP","floor":22},{"not_picked":["Beam Cell+1","Sweeping Beam","Steam Power"],"picked":"SKIP","floor":24}],"player_experience":653099,"relics_obtained":[{"floor":7,"key":"Torii"},{"floor":9,"key":"Mummified Hand"},{"floor":17,"key":"Potion Belt"},{"floor":17,"key":"Darkstone Periapt"},{"floor":17,"key":"Bird Faced Urn"}],"event_choices":[{"damage_healed":0,"gold_gain":0,"player_choice":"Trade","damage_taken":0,"relics_obtained":["CultistMask"],"max_hp_gain":0,"max_hp_loss":0,"event_name":"FaceTrader","floor":3,"gold_loss":0},{"damage_healed":0,"gold_gain":0,"player_choice":"Donut","damage_taken":0,"max_hp_gain":5,"max_hp_loss":0,"event_name":"Big Fish","floor":14,"gold_loss":0},{"damage_healed":0,"gold_gain":0,"player_choice":"Shed Blood","damage_taken":20,"max_hp_gain":5,"max_hp_loss":0,"event_name":"Forgotten Altar","floor":19,"gold_loss":0},{"damage_healed":0,"gold_gain":0,"player_choice":"Upgraded","damage_taken":0,"max_hp_gain":0,"max_hp_loss":0,"event_name":"Upgrade Shrine","floor":21,"gold_loss":0,"cards_upgraded":["Fission"]}],"is_beta":false,"boss_relics":[{"not_picked":["Astrolabe","Fusion Hammer"],"picked":"Calling Bell"}],"items_purged_floors":[],"is_endless":false,"potions_floor_spawned":[1,8,12,18,22],"killed_by":"Gremlin Leader","ascension_level":4}}