{"host":"e1pm3b7xpcm97e5w","time":1609088725,"event":{"mods":["BaseMod","Better Skull","Googly Eyes","Minty Spire (QoL Compilation)","Relic Stats","Shop Mod","Spicy Shops","StSLib"],"gold_per_floor":[109,109,124,48,61,95,170,170,170,170,185,199,232,232,232,232,232],"floor_reached":16,"playtime":1035,"items_purged":[],"score":171,"play_id":"6e98ad8e-191e-49a3-af4a-ee9259f4eca1","local_time":"20201227120525","is_ascension_mode":true,"campfire_choices":[{"floor":10,"key":"REST"},{"floor":15,"key":"REST"}],"circlet_count":0,"master_deck":["AscendersBane","Strike_P","Strike_P","Strike_P","Strike_P","Defend_P","Defend_P","Defend_P","Defend_P","Eruption","Vigilance","Protect","Scrawl+1","Evaluate","CutThroughFate","PathToVictory","Establishment"],"relics":["PureWater","NeowsBlessing","Tiny Chest","Anchor","Blue Candle","Blood Vial","Ginger"],"acts_visited":["Exordium"],"potions_floor_usage":[6,13,16,16],"damage_taken":[{"damage":0.0,"enemies":"Jaw Worm","floor":1.0,"turns":1.0},{"damage":0.0,"enemies":"Cultist","floor":3.0,"turns":1.0},{"damage":0.0,"enemies":"2 Louse","floor":5.0,"turns":1.0},{"damage":28,"enemies":"3 Sentries","floor":6,"turns":13},{"damage":7,"enemies":"Blue Slaver","floor":11,"turns":7},{"damage":1,"enemies":"Red Slaver","floor":12,"turns":5},{"damage":16,"enemies":"Gremlin Nob","floor":13,"turns":3},{"damage":39,"enemies":"Hexaghost","floor":16,"turns":10}],"seed_played":"7069899475061590167","potions_obtained":[{"floor":3.0,"key":"Energy Potion"},{"floor":5.0,"key":"Explosive Potion"},{"floor":11,"key":"Weak Potion"},{"floor":12,"key":"SkillPotion"},{"floor":13,"key":"DuplicationPotion"}],"is_trial":false,"path_per_floor":["M","?","M","$","M","E","?","?","T","R","M","M","E","T","R","B"],"character_chosen":"WATCHER","items_purchased":["Tiny Chest"],"campfire_rested":2,"item_purchase_floors":[4],"current_hp_per_floor":[65,58,58,58,58,30,19,19,19,40,33,32,16,16,37,0,0],"gold":232,"neow_bonus":"THREE_ENEMY_KILL","is_daily":false,"chose_seed":false,"campfire_upgraded":0,"win_rate":0.0,"timestamp":1609088725,"path_taken":["M","?","M","$","?","E","?","?","T","R","M","M","E","?","R","BOSS"],"items_purchased_type":["Relic"],"build_version":"2020-12-22","purchased_purges":0,"victory":false,"max_hp_per_floor":[72,72,72,72,72,72,72,72,72,72,72,72,72,72,72,72,72],"relic_stats":{"Blood Vial":2,"counters":[8,41],"Blue Candle":[0],"Tiny Chest":1,"Ginger":[0],"obtain_stats":[{"Blood Vial":13,"Anchor":6,"NeowsBlessing":0,"Blue Candle":9,"Tiny Chest":4,"Ginger":14,"PureWater":0},{"Blood Vial":7,"Anchor":4,"NeowsBlessing":0,"Blue Candle":4,"Tiny Chest":2,"Ginger":7,"PureWater":0},{"Blood Vial":31,"Anchor":16,"NeowsBlessing":0,"Blue Candle":16,"Tiny Chest":2,"Ginger":31,"PureWater":0}]},"card_choices":[{"not_picked":["Halt","FollowUp"],"picked":"Protect","floor":1.0},{"not_picked":["FollowUp","FlurryOfBlows"],"picked":"Scrawl","floor":3.0},{"not_picked":["Sanctity","Pray"],"picked":"Evaluate","floor":5.0},{"not_picked":["Pray","BowlingBash","JustLucky"],"picked":"SKIP","floor":6},{"not_picked":["EmptyBody","DeceiveReality"],"picked":"CutThroughFate","floor":11},{"not_picked":["Halt","ThirdEye"],"picked":"PathToVictory","floor":12},{"not_picked":["FollowUp","Indignation"],"picked":"Establishment","floor":13}],"player_experience":439079,"relics_obtained":[{"floor":6,"key":"Anchor"},{"floor":9,"key":"Blue Candle"},{"floor":13,"key":"Blood Vial"},{"floor":14,"key":"Ginger"}],"event_choices":[{"damage_healed":0.0,"max_hp_gain":0.0,"max_hp_loss":0.0,"gold_gain":0.0,"event_name":"Wheel of Change","player_choice":"Damaged","floor":2.0,"gold_loss":0.0,"damage_taken":7.0},{"damage_healed":0,"gold_gain":75,"player_choice":"Gather Gold","damage_taken":11,"max_hp_gain":0,"max_hp_loss":0,"event_name":"World of Goop","floor":7,"gold_loss":0},{"damage_healed":0,"gold_gain":0,"player_choice":"Upgraded","damage_taken":0,"max_hp_gain":0,"max_hp_loss":0,"event_name":"Upgrade Shrine","floor":8,"gold_loss":0,"cards_upgraded":["Scrawl"]}],"is_beta":false,"boss_relics":[],"items_purged_floors":[],"is_endless":false,"potions_floor_spawned":[3,5,11,12,13],"killed_by":"Hexaghost","ascension_level":11}}