{"host":"hhqi7w94rsi31r70","time":1609055650,"event":{"mods":["Act Like it!","BaseMod","Colored Map","GifTheSpireLib","Hallownest","Highlight Path","Minty Spire (QoL Compilation)","Robot Space Explorer","Shade Mod","StSLib","The Hierophant","The Saiyan","The Servant 0.9.4","[地精首领爬塔]The Maniac"],"gold_per_floor":[116,116,132,132,144,144,160,170,218,218,248,248,237,235,235,301,301,314,337,361,37,37,37,61,61,61,59,59,83,83,102,102,160,210,229,255,255,260,260,260,260,258,258,258,259,259,304,350,350,228],"floor_reached":51,"playtime":5435,"items_purged":["hierophant:RecallFunds"],"score":683,"play_id":"8d504b42-2a53-4352-b6e4-cfe53a0c9ad2","local_time":"20201227155410","is_ascension_mode":true,"campfire_choices":[{"data":"hierophant:Repentance","floor":6,"key":"SMITH"},{"data":"hierophant:Endure","floor":10,"key":"SMITH"},{"data":"hierophant:ChurchCoffers","floor":12,"key":"SMITH"},{"data":"hierophant:Smite","floor":15,"key":"SMITH"},{"data":"hierophant:HolyVerse","floor":23,"key":"SMITH"},{"data":"hierophant:Smite","floor":25,"key":"SMITH"},{"data":"hierophant:Determination","floor":28,"key":"SMITH"},{"data":"hierophant:Smite","floor":32,"key":"SMITH"},{"data":"Madness","floor":40,"key":"SMITH"},{"data":"Madness","floor":44,"key":"SMITH"},{"data":"hierophant:HolyVerse","floor":49,"key":"SMITH"}],"circlet_count":0,"master_deck":["hierophant:Punish","hierophant:ChurchCoffers+1","hierophant:Smite+1","hierophant:LocustPlague","hierophant:Endure+1","hierophant:Repentance+1","hierophant:SealAway","hierophant:Zeal","hierophant:Levitation+1","hierophant:HolyVerse+1","hierophant:AuricShield","hierophant:Anathema","hierophant:Smite+1","hierophant:SolarFlare","hierophant:Determination+1","hierophant:Doubloon","hierophant:Smite+1","hierophant:Rebuild+1","hierophant:HolyVerse+1","hierophant:Endure+1","Madness+1","Madness+1","Parasite","hierophant:Invocation","hierophant:RustyCrate","hierophant:Doubloon","hierophant:Doubloon","hierophant:Invocation"],"relics":["hierophant:PropheticMaskRelic","NeowsBlessing","Bronze Scales","Pantograph","Pandora\u0027s Box","Red Mask","Bottled Lightning","Gremlin Horn","MealTicket","MutagenicStrength","Tiny House","White Beast Statue","Frozen Egg 2"],"acts_visited":["Exordium","TheCity","TheBeyond"],"potions_floor_usage":[7,16,16,20,33,33,35,39,47,48,50,50,50,50,50],"damage_taken":[{"damage":0,"enemies":"2 Louse","floor":1,"turns":1},{"damage":0,"enemies":"Cultist","floor":3,"turns":1},{"damage":0,"enemies":"Small Slimes","floor":5,"turns":2},{"damage":0,"enemies":"2 Fungi Beasts","floor":7,"turns":2},{"damage":6,"enemies":"Exordium Thugs","floor":8,"turns":4},{"damage":26,"enemies":"Lagavulin","floor":13,"turns":5},{"damage":2,"enemies":"Blue Slaver","floor":14,"turns":2},{"damage":34,"enemies":"Hexaghost","floor":16,"turns":6},{"damage":0,"enemies":"Spheric Guardian","floor":18,"turns":2},{"damage":10,"enemies":"3 Byrds","floor":19,"turns":2},{"damage":0,"enemies":"Masked Bandits","floor":20,"turns":2},{"damage":3,"enemies":"Snake Plant","floor":22,"turns":2},{"damage":15,"enemies":"Snecko","floor":24,"turns":3},{"damage":0,"enemies":"Slavers","floor":27,"turns":2},{"damage":0,"enemies":"Chosen and Byrds","floor":29,"turns":3},{"damage":21,"enemies":"Snake Plant","floor":31,"turns":3},{"damage":57,"enemies":"Champ","floor":33,"turns":17},{"damage":0,"enemies":"3 Darklings","floor":35,"turns":2},{"damage":3,"enemies":"Orb Walker","floor":36,"turns":3},{"damage":4,"enemies":"Writhing Mass","floor":38,"turns":6},{"damage":0,"enemies":"Transient","floor":39,"turns":1},{"damage":10,"enemies":"3 Darklings","floor":42,"turns":5},{"damage":34,"enemies":"Spire Growth","floor":45,"turns":6},{"damage":0,"enemies":"Sphere and 2 Shapes","floor":47,"turns":2},{"damage":21,"enemies":"Writhing Mass","floor":48,"turns":3},{"damage":29,"enemies":"Awakened One","floor":50,"turns":7}],"seed_played":"-9063253403306749698","potions_obtained":[{"floor":1,"key":"Fire Potion"},{"floor":7,"key":"PowerPotion"},{"floor":13,"key":"AttackPotion"},{"floor":14,"key":"Swift Potion"},{"floor":18,"key":"SmokeBomb"},{"floor":19,"key":"DistilledChaos"},{"floor":24,"key":"SpeedPotion"},{"floor":34,"key":"Energy Potion"},{"floor":36,"key":"EntropicBrew"},{"floor":42,"key":"DistilledChaos"},{"floor":45,"key":"Swift Potion"},{"floor":47,"key":"SpeedPotion"},{"floor":48,"key":"Ancient Potion"}],"is_trial":false,"path_per_floor":["M","?","M","?","M","R","M","M","T","R","?","R","E","M","R","B",null,"M","M","?","$","M","R","M","R","T","E","R","M","?","M","R","B",null,"M","M","?","M","M","R","T","M","T","R","M","?","M","M","R","B",null],"character_chosen":"HIEROPHANT","items_purchased":["Bottled Lightning"],"campfire_rested":0,"item_purchase_floors":[21],"current_hp_per_floor":[75,75,75,75,75,75,75,69,69,69,69,69,43,41,41,32,75,75,65,65,65,62,62,47,47,47,47,47,63,63,53,53,56,80,80,77,67,75,75,75,75,80,80,80,61,61,61,60,60,80],"gold":228,"neow_bonus":"THREE_ENEMY_KILL","is_daily":false,"chose_seed":false,"campfire_upgraded":11,"win_rate":0.0,"timestamp":1609055650,"path_taken":["M","?","?","?","M","R","M","M","T","R","?","R","E","M","R","BOSS","M","M","?","$","M","R","M","R","T","E","R","M","?","M","R","BOSS","M","M","?","M","M","R","?","M","T","R","?","?","?","M","R","BOSS"],"items_purchased_type":["Relic"],"build_version":"2020-12-22","purchased_purges":1,"victory":true,"max_hp_per_floor":[75,75,75,75,75,75,75,75,75,75,75,75,75,75,75,75,75,75,75,75,75,75,75,75,75,75,75,75,75,75,75,75,75,80,80,80,80,80,80,80,80,80,80,80,80,80,80,80,80,80],"card_choices":[{"not_picked":["hierophant:AuricShield","hierophant:DisplayOfPower"],"picked":"hierophant:Smite","floor":1},{"not_picked":["hierophant:HolyVerse","hierophant:Zeal"],"picked":"hierophant:Endure","floor":3},{"not_picked":["hierophant:Flagellation","hierophant:AuricBeam"],"picked":"hierophant:Repentance","floor":5},{"not_picked":["hierophant:PassingBell","hierophant:DisplayOfPower"],"picked":"hierophant:SealAway","floor":7},{"not_picked":["hierophant:HammerAndAnvil","hierophant:Embezzle","hierophant:Encroach"],"picked":"SKIP","floor":8},{"not_picked":["hierophant:PassingBell","hierophant:Charity"],"picked":"hierophant:Zeal","floor":13},{"not_picked":["hierophant:PassingBell","hierophant:Chorus","hierophant:Patience"],"picked":"SKIP","floor":14},{"not_picked":["hierophant:WrathOfGod","hierophant:DeathKnell"],"picked":"hierophant:Levitation","floor":16},{"not_picked":["hierophant:Flagellation","hierophant:Purify","hierophant:HammerAndAnvil+1"],"picked":"SKIP","floor":18},{"not_picked":["hierophant:ThreeLashes","hierophant:AuricBeam","hierophant:HammerAndAnvil+1"],"picked":"SKIP","floor":19},{"not_picked":["hierophant:Remorse","hierophant:MorningPrayer"],"picked":"hierophant:Smite","floor":20},{"not_picked":["hierophant:Remorse","hierophant:Doubloon","hierophant:ArchangelShield"],"picked":"SKIP","floor":22},{"not_picked":["hierophant:Smite+1","hierophant:Doubloon+1"],"picked":"hierophant:Rebuild+1","floor":24},{"not_picked":["hierophant:Charity","hierophant:Dazzle","hierophant:FlamingChariot"],"picked":"SKIP","floor":27},{"not_picked":["hierophant:AuricShield+1","hierophant:MirrorShield"],"picked":"hierophant:HolyVerse","floor":29},{"not_picked":["hierophant:FlamingChariot","hierophant:Bribe","hierophant:ThreeLashes+1"],"picked":"SKIP","floor":31},{"not_picked":["hierophant:HammerAndAnvil","hierophant:Shelter","hierophant:MintersHammer"],"picked":"SKIP","floor":35},{"not_picked":["hierophant:Encroach+1","hierophant:OrnateBuckler+1"],"picked":"hierophant:Endure+1","floor":36},{"not_picked":["hierophant:FlamingChariot","hierophant:Smite"],"picked":"hierophant:Invocation","floor":38},{"not_picked":["hierophant:ThreeLashes","hierophant:Glossolalia","hierophant:FaithHealing"],"picked":"SKIP","floor":42},{"not_picked":["hierophant:Glossolalia+1","hierophant:HammerAndAnvil+1"],"picked":"hierophant:RustyCrate","floor":45},{"not_picked":["hierophant:Prophecy+1","hierophant:Martyrdom+1","hierophant:RecallFunds"],"picked":"SKIP","floor":47},{"not_picked":["hierophant:AuricForm+1","hierophant:SolarFlare","hierophant:RepressedViolence"],"picked":"SKIP","floor":48}],"player_experience":498499,"relics_obtained":[{"floor":9,"key":"Bronze Scales"},{"floor":13,"key":"Pantograph"},{"floor":20,"key":"Red Mask"},{"floor":26,"key":"Gremlin Horn"},{"floor":27,"key":"MealTicket"},{"floor":41,"key":"White Beast Statue"},{"floor":43,"key":"Frozen Egg 2"}],"event_choices":[{"damage_healed":0,"gold_gain":0,"player_choice":"1 cards matched","damage_taken":0,"max_hp_gain":0,"max_hp_loss":0,"event_name":"Match and Keep!","floor":2,"gold_loss":0,"cards_obtained":["hierophant:LocustPlague"]},{"cards_removed":["hierophant:Strike_Hierophant"],"damage_healed":0,"gold_gain":0,"player_choice":"Forget","damage_taken":0,"max_hp_gain":0,"max_hp_loss":0,"event_name":"Living Wall","floor":4,"gold_loss":0},{"damage_healed":0,"gold_gain":30,"player_choice":"Searched \u00271\u0027 times","damage_taken":0,"max_hp_gain":0,"max_hp_loss":0,"event_name":"Dead Adventurer","floor":11,"gold_loss":0},{"damage_healed":0,"gold_gain":0,"player_choice":"Fought Bandits","damage_taken":0,"max_hp_gain":0,"max_hp_loss":0,"event_name":"Masked Bandits","floor":20,"gold_loss":0},{"damage_healed":0,"gold_gain":0,"player_choice":"Inject Mutagens","damage_taken":0,"relics_obtained":["MutagenicStrength"],"max_hp_gain":0,"max_hp_loss":0,"event_name":"Drug Dealer","floor":30,"gold_loss":0},{"damage_healed":0,"gold_gain":0,"player_choice":"Embrace Madness","damage_taken":10,"max_hp_gain":0,"max_hp_loss":0,"event_name":"Winding Halls","floor":37,"gold_loss":0,"cards_obtained":["Madness","Madness"]},{"damage_healed":0,"gold_gain":0,"player_choice":"1 cards matched","damage_taken":0,"max_hp_gain":0,"max_hp_loss":0,"event_name":"Match and Keep!","floor":46,"gold_loss":0,"cards_obtained":["hierophant:Invocation"]}],"is_beta":false,"boss_relics":[{"not_picked":["Runic Pyramid","SacredBark"],"picked":"Pandora\u0027s Box"},{"not_picked":["Black Star","Calling Bell"],"picked":"Tiny House"}],"items_purged_floors":[21],"is_endless":false,"potions_floor_spawned":[1,7,13,14,18,19,24,36,39,42,45,47,48],"ascension_level":1}}