{"host":"4hhgf71pxvqwkagf","time":1609078987,"event":{"mods":["2.2 Compatiblity","AchievementEnabler","BaseMod","GungeonMod","Hermit","Lobotomy","Minty Spire (QoL Compilation)","Permanent Neow","Quick Restart","READ ME - Guardian Mod","StSLib","SuperFastMode","The Bug Knight","The Hierophant","everything is the same but u backflip on backflip"],"gold_per_floor":[116,135,151,76,76,128,128,166,166,166,181,181,197,214,214,318,318,348,348,366,377,127,127,145,172,172,189,189,189,8,8,8,116,116,160,172,227,227,227,227,256,256,256,256,10,10,35,56,56,66,66],"floor_reached":52,"playtime":3426,"items_purged":["DemoMod:Strike_Huntress","Pain","DemoMod:CombinedRifle"],"score":785,"play_id":"eb5c7895-627f-4bfc-a558-f1a0d2d2c2f6","local_time":"20201227232307","is_ascension_mode":false,"campfire_choices":[{"floor":7.0,"key":"REST"},{"floor":12.0,"key":"REST"},{"data":"DemoMod:TableSutra","floor":15.0,"key":"SMITH"},{"data":"DemoMod:TripleGun","floor":23.0,"key":"SMITH"},{"floor":28.0,"key":"REST"},{"floor":32.0,"key":"REST"},{"data":"DemoMod:BlackHoleGun","floor":40.0,"key":"PURGE"},{"data":"DemoMod:ThirdPartyController","floor":42.0,"key":"PURGE"},{"data":"DemoMod:CrossBow","floor":44.0,"key":"PURGE"},{"data":"DemoMod:Ejector+1","floor":49.0,"key":"PURGE"}],"circlet_count":0,"master_deck":["DemoMod:Defend_Huntress","DemoMod:Defend_Huntress","DemoMod:Roll","DemoMod:ManualReload+1","DemoMod:RustySidearm","DemoMod:DoubleSwitch","DemoMod:Unmoved+1","DemoMod:TableSutra+1","DemoMod:StickyCrossBow","DemoMod:FastSwitch+1","DemoMod:HardPowerCard+1","DemoMod:StickyCrossBow","DemoMod:SuppressiveFire+1","DemoMod:MachoBrace+1","DemoMod:TripleGun+1","DemoMod:ConditionalReflex+1","Apotheosis+1","DemoMod:DoubleVision+1","DemoMod:ShadowBullets+1","DemoMod:FeignSurrender+1","DemoMod:FinishedGun","DemoMod:FastSwitch+1"],"relics":["DemoMod:Dog","DemoMod:RingOfEthereal","DemoMod:RedGuonStone","Bottled Lightning","Toxic Egg 2","WarpedTongs","DemoMod:Wolf","War Paint","Mercury Hourglass","Tiny Chest","Akabeko","DemoMod:WhiteGuonStone","Fusion Hammer","Peace Pipe","DemoMod:CrisisStone"],"acts_visited":["TheCity","TheBeyond"],"potions_floor_usage":[50,50],"damage_taken":[{"damage":3.0,"enemies":"Cultist","floor":1.0,"turns":4.0},{"damage":2.0,"enemies":"Small Slimes","floor":2.0,"turns":4.0},{"damage":3.0,"enemies":"2 Louse","floor":3.0,"turns":3.0},{"damage":8.0,"enemies":"Lagavulin","floor":6.0,"turns":8.0},{"damage":10.0,"enemies":"3 Sentries","floor":8.0,"turns":9.0},{"damage":11.0,"enemies":"Looter","floor":11.0,"turns":2.0},{"damage":24.0,"enemies":"Exordium Wildlife","floor":13.0,"turns":6.0},{"damage":3.0,"enemies":"3 Louse","floor":14.0,"turns":3.0},{"damage":14.0,"enemies":"Hexaghost","floor":16.0,"turns":9.0},{"damage":4.0,"enemies":"Spheric Guardian","floor":18.0,"turns":3.0},{"damage":0.0,"enemies":"3 Byrds","floor":20.0,"turns":2.0},{"damage":10.0,"enemies":"Centurion and Healer","floor":21.0,"turns":4.0},{"damage":0.0,"enemies":"Snecko","floor":24.0,"turns":4.0},{"damage":28.0,"enemies":"Book of Stabbing","floor":25.0,"turns":5.0},{"damage":2.0,"enemies":"Snake Plant","floor":27.0,"turns":2.0},{"damage":0.0,"enemies":"Champ","floor":33.0,"turns":12.0},{"damage":9.0,"enemies":"3 Darklings","floor":35.0,"turns":4.0},{"damage":0.0,"enemies":"3 Shapes","floor":36.0,"turns":3.0},{"damage":0.0,"enemies":"Mind Bloom Boss Battle","floor":37.0,"turns":3.0},{"damage":0.0,"enemies":"Reptomancer","floor":41.0,"turns":3.0},{"damage":0.0,"enemies":"Maw","floor":47.0,"turns":5.0},{"damage":0.0,"enemies":"Sphere and 2 Shapes","floor":48.0,"turns":3.0},{"damage":45,"enemies":"Awakened One","floor":50,"turns":9}],"seed_played":"-3058003608153014489","potions_obtained":[{"floor":2.0,"key":"Ancient Potion"},{"floor":6.0,"key":"DistilledChaos"},{"floor":11.0,"key":"Dexterity Potion"},{"floor":14.0,"key":"Weak Potion"},{"floor":18.0,"key":"Explosive Potion"},{"floor":24.0,"key":"FearPotion"},{"floor":27.0,"key":"DistilledChaos"},{"floor":41.0,"key":"Regen Potion"}],"is_trial":false,"path_per_floor":["M","M","M","$","?","E","R","E","T","?","M","R","M","M","R","B",null,"M","?","M","M","$","R","M","E","T","M","R","?","$","T","R","B",null,"M","M","?","T","?","R","E","R","T","R","$","?","M","M","R","B",null,null],"character_chosen":"HUNTRESS","items_purchased":["War Paint","Apotheosis+1","DemoMod:FinishedGun","FearPotion"],"campfire_rested":4,"item_purchase_floors":[22,30,45,45],"current_hp_per_floor":[46,44,41,41,41,33,54,44,44,44,33,54,30,27,27,13,70,66,66,66,56,56,56,56,28,28,26,47,47,47,47,68,68,70,61,61,61,61,61,61,61,61,61,61,61,61,61,61,61,31,31],"gold":66,"neow_bonus":"TRANSFORM_TWO_CARDS","is_daily":false,"chose_seed":false,"campfire_upgraded":2,"win_rate":0.0,"timestamp":1609078987,"path_taken":["M","?","?","$","?","E","R","E","T","?","M","R","?","M","R","BOSS","M","?","M","M","$","R","M","E","T","M","R","?","$","?","R","BOSS","M","M","?","?","?","R","E","R","T","R","$","?","?","M","R","BOSS"],"items_purchased_type":["Relic","Card","Card","Potion"],"build_version":"2020-12-22","purchased_purges":3,"victory":true,"max_hp_per_floor":[70,70,70,70,70,70,70,70,70,70,70,70,70,70,70,70,70,70,70,70,70,70,70,70,70,70,70,70,70,70,70,70,70,70,70,70,70,70,70,70,70,70,70,70,70,66,66,66,66,66,66],"card_choices":[{"not_picked":["DemoMod:HardPowerCard","DemoMod:GunShield"],"picked":"DemoMod:Unmoved","floor":1.0},{"not_picked":["DemoMod:SAA","DemoMod:HuntsMan"],"picked":"DemoMod:TableSutra","floor":2.0},{"not_picked":["DemoMod:CursedBullets","DemoMod:HuntsMan","DemoMod:ShadowBullets"],"picked":"SKIP","floor":3.0},{"not_picked":["DemoMod:Unity","DemoMod:ChanceBullets"],"picked":"DemoMod:StickyCrossBow","floor":6.0},{"not_picked":["DemoMod:SAA","DemoMod:TeaPot"],"picked":"DemoMod:BlackHoleGun","floor":8.0},{"not_picked":["DemoMod:PotionOfGunFriendShip","DemoMod:Polaris"],"picked":"DemoMod:ThirdPartyController","floor":8.0},{"not_picked":["DemoMod:LifeOrb","DemoMod:JK47"],"picked":"DemoMod:FastSwitch+1","floor":11.0},{"not_picked":["DemoMod:AC15","DemoMod:HighKaliber"],"picked":"DemoMod:HardPowerCard+1","floor":13.0},{"not_picked":["DemoMod:AC15","DemoMod:ChanceBullets","DemoMod:BoxingGlove"],"picked":"SKIP","floor":13.0},{"not_picked":["DemoMod:DoubleSwitch+1","DemoMod:TableSutra"],"picked":"DemoMod:StickyCrossBow","floor":14.0},{"not_picked":["DemoMod:FullFirepower+1","DemoMod:BalloonGun"],"picked":"DemoMod:SuppressiveFire+1","floor":16.0},{"not_picked":["DemoMod:StickyCrossBow","DemoMod:Purify+1"],"picked":"DemoMod:CombinedRifle","floor":18.0},{"not_picked":["DemoMod:BoxingGlove+1","DemoMod:HuntsMan"],"picked":"DemoMod:DirectionalPad","floor":20.0},{"not_picked":["DemoMod:LifeOrb+1","DemoMod:StickyCrossBow+1","DemoMod:SAA"],"picked":"SKIP","floor":21.0},{"not_picked":["DemoMod:StickyCrossBow","DemoMod:SAA","DemoMod:ChanceBullets+1"],"picked":"SKIP","floor":21.0},{"not_picked":["DemoMod:DirectionalPad+1","DemoMod:MachoBrace+1"],"picked":"DemoMod:Ejector+1","floor":24.0},{"not_picked":["DemoMod:FortunesFavor+1","DemoMod:StickyCrossBow","DemoMod:MegaHand"],"picked":"SKIP","floor":25.0},{"not_picked":["DemoMod:ProbeStrike","DemoMod:Unity+1"],"picked":"DemoMod:ConditionalReflex+1","floor":27.0},{"not_picked":["DemoMod:FinishedGun","DemoMod:FullFirepower+1"],"picked":"DemoMod:DoubleVision+1","floor":33.0},{"not_picked":["DemoMod:Ejector+1","DemoMod:PracticeMakesPerfect+1","DemoMod:HardPowerCard+1"],"picked":"SKIP","floor":35.0},{"not_picked":["DemoMod:PotionOfGunFriendShip+1","DemoMod:AC15+1","DemoMod:SAA+1"],"picked":"SKIP","floor":36.0},{"not_picked":["DemoMod:Ejector+1","DemoMod:HuntsMan"],"picked":"DemoMod:ShadowBullets+1","floor":37.0},{"not_picked":["DemoMod:ProbeStrike+1","DemoMod:ZorGun+1"],"picked":"DemoMod:FeignSurrender+1","floor":41.0},{"not_picked":["DemoMod:MachoBrace+1","DemoMod:JK47","DemoMod:CombinedRifle+1"],"picked":"SKIP","floor":47.0},{"not_picked":["DemoMod:FeignSurrender+1","DemoMod:HardPowerCard+1"],"picked":"DemoMod:FastSwitch+1","floor":48.0}],"player_experience":412821,"relics_obtained":[{"floor":1.0,"key":"DemoMod:RingOfEthereal"},{"floor":6.0,"key":"DemoMod:RedGuonStone"},{"floor":8.0,"key":"Bottled Lightning"},{"floor":9.0,"key":"Toxic Egg 2"},{"floor":25.0,"key":"Mercury Hourglass"},{"floor":25.0,"key":"Tiny Chest"},{"floor":26.0,"key":"Akabeko"},{"floor":31.0,"key":"DemoMod:WhiteGuonStone"},{"floor":37.0,"key":"Peace Pipe"},{"floor":41.0,"key":"DemoMod:CrisisStone"}],"event_choices":[{"damage_healed":0.0,"max_hp_gain":0.0,"max_hp_loss":0.0,"gold_gain":0.0,"event_name":"Liars Game","player_choice":"Ignored","floor":5.0,"gold_loss":0.0,"damage_taken":0.0},{"damage_healed":0.0,"max_hp_gain":0.0,"max_hp_loss":0.0,"gold_gain":0.0,"event_name":"Accursed Blacksmith","player_choice":"Rummage","floor":10.0,"gold_loss":0.0,"damage_taken":0.0,"relics_obtained":["WarpedTongs"],"cards_obtained":["Pain"]},{"damage_healed":0.0,"max_hp_gain":0.0,"max_hp_loss":0.0,"gold_gain":0.0,"cards_transformed":["DemoMod:Strike_Huntress","DemoMod:Defend_Huntress"],"event_name":"Drug Dealer","player_choice":"Became Test Subject","floor":19.0,"gold_loss":0.0,"damage_taken":0.0,"cards_obtained":["DemoMod:MachoBrace","DemoMod:TripleGun"]},{"damage_healed":0.0,"max_hp_gain":0.0,"max_hp_loss":0.0,"gold_gain":0.0,"event_name":"Vampires","player_choice":"Ignored","floor":29.0,"gold_loss":0.0,"damage_taken":0.0},{"damage_healed":0.0,"max_hp_gain":0.0,"max_hp_loss":0.0,"gold_gain":0.0,"event_name":"MindBloom","player_choice":"Fight","floor":37.0,"gold_loss":0.0,"damage_taken":0.0},{"cards_removed":["DemoMod:ChanceBullets"],"damage_healed":0.0,"max_hp_gain":0.0,"max_hp_loss":0.0,"gold_gain":0.0,"event_name":"Falling","player_choice":"Removed Power","floor":39.0,"gold_loss":0.0,"damage_taken":0.0},{"damage_healed":0.0,"max_hp_gain":0.0,"max_hp_loss":4.0,"gold_gain":0.0,"event_name":"Winding Halls","player_choice":"Max HP","floor":46.0,"gold_loss":0.0,"damage_taken":0.0}],"is_beta":false,"boss_relics":[{"not_picked":["Snecko Eye","Coffee Dripper"],"picked":"DemoMod:Wolf"},{"not_picked":["DemoMod:ElasticCartridgeClip","Cursed Key"],"picked":"Fusion Hammer"}],"items_purged_floors":[4,22,45],"is_endless":false,"potions_floor_spawned":[2,6,11,14,18,24,27,33,37,41,47],"ascension_level":0}}