{"host":"3jjxuhjpio8e4zkv","time":1609102874,"event":{"mods":["BaseMod","Colored Map","Highlight Path","Minty Spire (QoL Compilation)","Permanent Neow","Relic Stats","StSLib"],"gold_per_floor":[112,124,135,148,175,207,227,227,251,270,61,75,75,113,113,113,113],"floor_reached":16,"playtime":514,"items_purged":[],"score":228,"play_id":"600c397d-26e6-4056-8a58-d5e6f2502ab7","local_time":"20201227160114","is_ascension_mode":true,"campfire_choices":[{"data":"Dramatic Entrance","floor":13,"key":"SMITH"},{"data":"Apotheosis","floor":15,"key":"SMITH"}],"circlet_count":0,"master_deck":["AscendersBane","Strike_P","Strike_P","Strike_P","Strike_P","Defend_P","Defend_P","Defend_P","Defend_P","Eruption","Vigilance","Dramatic Entrance+1","EmptyFist","ThirdEye","Conclude","ForeignInfluence","Prostrate","InnerPeace","Pray","Apotheosis+1","ClearTheMind","Prostrate"],"relics":["PureWater","Nunchaku","Orichalcum","Golden Idol","Juzu Bracelet","Bird Faced Urn"],"acts_visited":["Exordium"],"potions_floor_usage":[14,16],"damage_taken":[{"damage":0,"enemies":"Cultist","floor":1,"turns":3},{"damage":0,"enemies":"Small Slimes","floor":2,"turns":2},{"damage":1,"enemies":"2 Louse","floor":3,"turns":2},{"damage":8,"enemies":"Blue Slaver","floor":4,"turns":3},{"damage":17,"enemies":"Gremlin Nob","floor":6,"turns":3},{"damage":0,"enemies":"Lots of Slimes","floor":7,"turns":1},{"damage":9,"enemies":"3 Louse","floor":10,"turns":3},{"damage":2,"enemies":"Large Slime","floor":12,"turns":4},{"damage":10,"enemies":"Lagavulin","floor":14,"turns":5},{"damage":21,"enemies":"Slime Boss","floor":16,"turns":6}],"seed_played":"-288962028632143416","potions_obtained":[{"floor":1,"key":"PowerPotion"},{"floor":3,"key":"Ambrosia"}],"is_trial":false,"path_per_floor":["M","M","M","M","T","E","M","?","T","M","$","M","R","E","R","B"],"character_chosen":"WATCHER","items_purchased":["Apotheosis"],"campfire_rested":0,"item_purchase_floors":[11],"current_hp_per_floor":[61,61,60,52,52,35,35,35,35,26,26,24,24,14,14,0,0],"gold":113,"neow_bonus":"RANDOM_COLORLESS","is_daily":false,"chose_seed":false,"campfire_upgraded":2,"win_rate":0.0,"timestamp":1609102874,"path_taken":["M","M","M","M","?","E","M","?","T","M","$","M","R","E","R","BOSS"],"items_purchased_type":["Card"],"build_version":"2020-12-22","purchased_purges":0,"victory":false,"max_hp_per_floor":[68,68,68,68,68,68,68,62,62,62,62,62,62,62,62,62,62],"relic_stats":{"Nunchaku":[3],"counters":[10,32],"Golden Idol":15,"Bird Faced Urn":[0],"Juzu Bracelet":0,"Orichalcum":[30],"obtain_stats":[{"Nunchaku":5,"Golden Idol":8,"Bird Faced Urn":14,"Juzu Bracelet":9,"PureWater":0,"Orichalcum":6},{"Nunchaku":4,"Golden Idol":6,"Bird Faced Urn":9,"Juzu Bracelet":6,"PureWater":0,"Orichalcum":5},{"Nunchaku":10,"Golden Idol":14,"Bird Faced Urn":26,"Juzu Bracelet":14,"PureWater":0,"Orichalcum":13}]},"card_choices":[{"not_picked":["Finesse","Forethought"],"picked":"Dramatic Entrance","floor":0},{"not_picked":["Worship","FlyingSleeves"],"picked":"EmptyFist","floor":1},{"not_picked":["FlyingSleeves","FlurryOfBlows"],"picked":"ThirdEye","floor":2},{"not_picked":["FlyingSleeves","EmptyBody"],"picked":"Conclude","floor":3},{"not_picked":["BowlingBash","Consecrate"],"picked":"ForeignInfluence","floor":4},{"not_picked":["Halt","JustLucky"],"picked":"Prostrate","floor":6},{"not_picked":["ForeignInfluence","Pray"],"picked":"InnerPeace","floor":7},{"not_picked":["JustLucky","Evaluate"],"picked":"Pray","floor":10},{"not_picked":["EmptyBody","CutThroughFate"],"picked":"ClearTheMind","floor":12},{"not_picked":["Protect","CarveReality"],"picked":"Prostrate","floor":14}],"player_experience":1117925,"relics_obtained":[{"floor":5,"key":"Nunchaku"},{"floor":6,"key":"Orichalcum"},{"floor":9,"key":"Juzu Bracelet"},{"floor":14,"key":"Bird Faced Urn"}],"event_choices":[{"damage_healed":0,"gold_gain":0,"player_choice":"Lose Max HP","damage_taken":0,"relics_obtained":["Golden Idol"],"max_hp_gain":0,"max_hp_loss":6,"event_name":"Golden Idol","floor":8,"gold_loss":0}],"is_beta":false,"boss_relics":[],"items_purged_floors":[],"is_endless":false,"potions_floor_spawned":[1,3,10],"killed_by":"Slime Boss","ascension_level":20}}