{"host":"toh0bbw446wnuexf","time":1609040853,"event":{"mods":["BaseMod","Downfall","Hermit","Minty Spire (QoL Compilation)","Random Character Button","StSLib"],"gold_per_floor":[119,89,89,107,122,122,122,137,161,161,161,190,190,205,205,205,205],"floor_reached":16,"playtime":757,"items_purged":[],"score":105,"play_id":"ba54b6ba-bd63-4813-a471-155c5adb9551","local_time":"20201227164733","is_ascension_mode":true,"campfire_choices":[{"data":"hermit:Manifest","floor":6,"key":"SMITH"},{"data":"hermit:PistolWhip","floor":11,"key":"SMITH"},{"floor":13,"key":"REST"},{"data":"hermit:HighCaliber","floor":15,"key":"SMITH"}],"circlet_count":0,"master_deck":["hermit:Strike_Hermit","hermit:Strike_Hermit","hermit:Defend_Hermit","hermit:Defend_Hermit","hermit:Defend_Hermit","hermit:Defend_Hermit","hermit:Snapshot","hermit:PistolWhip+1","hermit:HighCaliber+1","hermit:Manifest+1"],"relics":["hermit:Momento","Bag of Preparation","Akabeko"],"acts_visited":["Exordium"],"potions_floor_usage":[16],"damage_taken":[{"damage":0,"enemies":"2 Louse","floor":1,"turns":4},{"damage":7,"enemies":"Small Slimes","floor":4,"turns":3},{"damage":6,"enemies":"Jaw Worm","floor":5,"turns":3},{"damage":3,"enemies":"Red Slaver","floor":8,"turns":3},{"damage":8,"enemies":"Gremlin Nob","floor":12,"turns":4},{"damage":0,"enemies":"2 Fungi Beasts","floor":14,"turns":3},{"damage":62,"enemies":"Slime Boss","floor":16,"turns":10}],"seed_played":"1663698116244875035","potions_obtained":[{"floor":5,"key":"LiquidBronze"},{"floor":8,"key":"AttackPotion"}],"is_trial":false,"path_per_floor":["M","?","?","M","M","R","?","M","T","$","R","E","R","M","R","B"],"character_chosen":"HERMIT","items_purchased":[],"campfire_rested":1,"item_purchase_floors":[],"current_hp_per_floor":[68,68,61,54,48,48,48,45,45,45,45,37,57,57,57,0,0],"gold":205,"neow_bonus":"REMOVE_TWO","is_daily":false,"chose_seed":false,"campfire_upgraded":3,"win_rate":0.0,"timestamp":1609040853,"path_taken":["M","?","?","M","M","R","?","M","T","?","R","E","R","?","R","BOSS"],"items_purchased_type":[],"build_version":"2020-12-22","purchased_purges":0,"victory":false,"max_hp_per_floor":[68,68,68,68,68,68,68,68,68,68,68,68,68,68,68,68,68],"card_choices":[{"not_picked":["hermit:Vantage","hermit:EyeOfTheStorm"],"picked":"hermit:PistolWhip","floor":1},{"not_picked":["hermit:Coalescence","hermit:Vantage"],"picked":"hermit:HighCaliber","floor":4},{"not_picked":["hermit:Cheat","hermit:Quickdraw"],"picked":"hermit:Manifest","floor":5},{"not_picked":["hermit:Grudge","hermit:LowProfile","hermit:Roulette"],"picked":"SKIP","floor":8},{"not_picked":["hermit:Scavenge","hermit:WideOpen","hermit:Magnum"],"picked":"SKIP","floor":12},{"not_picked":["hermit:Roulette","hermit:ItchyTrigger","hermit:CalledShot"],"picked":"SKIP","floor":14}],"player_experience":540334,"relics_obtained":[{"floor":9,"key":"Bag of Preparation"},{"floor":12,"key":"Akabeko"}],"event_choices":[{"damage_healed":0,"gold_gain":0,"player_choice":"Left Gold","damage_taken":0,"max_hp_gain":0,"max_hp_loss":0,"event_name":"World of Goop","floor":2,"gold_loss":30},{"cards_removed":["hermit:Strike_Hermit"],"damage_healed":0,"gold_gain":0,"player_choice":"Card Removal","damage_taken":7,"max_hp_gain":0,"max_hp_loss":0,"event_name":"Golden Wing","floor":3,"gold_loss":0},{"damage_healed":0,"gold_gain":0,"player_choice":"Ignored","damage_taken":0,"max_hp_gain":0,"max_hp_loss":0,"event_name":"Golden Idol","floor":7,"gold_loss":0}],"is_beta":false,"boss_relics":[],"items_purged_floors":[],"is_endless":false,"potions_floor_spawned":[5,8],"killed_by":"Slime Boss","ascension_level":1}}