{"host":"qwttrqaysb380yri","time":1609057251,"event":{"mods":["BaseMod","Custom Start","Minty Spire (QoL Compilation)","Permanent Neow","Puzzle Mod","Relic Stats","StSLib","The Cursed","The Hierophant"],"gold_per_floor":[109,126,276,9,28,28,55,18,18,43,60,60,80,114,114,188,188,201,49,49,66,57,57,89,89,89,120,226,276,276,328,328,324,324],"floor_reached":33,"playtime":1027,"items_purged":["Doubt","hierophant:Strike_Hierophant"],"score":643,"play_id":"610c06bf-aa66-4343-b519-a1483b654a8a","local_time":"20201227092051","is_ascension_mode":true,"campfire_choices":[{"floor":6,"key":"REST"},{"data":"hierophant:Purify","floor":12,"key":"SMITH"},{"floor":15,"key":"REST"},{"floor":23,"key":"REST"},{"floor":25,"key":"REST"},{"floor":32,"key":"REST"}],"circlet_count":0,"master_deck":["AscendersBane","hierophant:Strike_Hierophant","hierophant:Strike_Hierophant","hierophant:Strike_Hierophant","hierophant:Punish","hierophant:Defend_Hierophant","hierophant:Defend_Hierophant","hierophant:Defend_Hierophant","hierophant:Defend_Hierophant","hierophant:ChurchCoffers","hierophant:DeathKnell","hierophant:Purify+1","hierophant:HolyVerse","hierophant:ThreeLashes","hierophant:FieryStrike","hierophant:OrnateJavelin","hierophant:Martyrdom","hierophant:SealAway","hierophant:Endure","hierophant:Doubloon","hierophant:OrnateBuckler","hierophant:FlamingChariot","hierophant:EyeForCoin+1","hierophant:Shelter+1","hierophant:Doubloon+1","hierophant:OrnateBuckler","hierophant:Doubloon","hierophant:CursedGold","hierophant:Doubloon+1","hierophant:Doubloon+1","hierophant:Sermon","hierophant:Doubloon+1"],"relics":["hierophant:PropheticMaskRelic","Membership Card","Regal Pillow","Question Card","Sundial","Letter Opener","Omamori","Fusion Hammer","Dream Catcher","Necronomicon","Eternal Feather","hierophant:DonationBoxRelic","StrikeDummy","Du-Vu Doll","Mummified Hand","TungstenRod"],"acts_visited":["Exordium","TheCity"],"potions_floor_usage":[7,13,14,16,21,28,28],"damage_taken":[{"damage":6,"enemies":"Cultist","floor":1,"turns":3},{"damage":0,"enemies":"2 Louse","floor":2,"turns":2},{"damage":7,"enemies":"Jaw Worm","floor":5,"turns":3},{"damage":0,"enemies":"Lagavulin","floor":7,"turns":4},{"damage":30,"enemies":"3 Sentries","floor":10,"turns":6},{"damage":8,"enemies":"3 Louse","floor":11,"turns":2},{"damage":3,"enemies":"2 Fungi Beasts","floor":13,"turns":3},{"damage":10,"enemies":"Lagavulin","floor":14,"turns":5},{"damage":58,"enemies":"Hexaghost","floor":16,"turns":9},{"damage":12,"enemies":"Chosen","floor":18,"turns":3},{"damage":12,"enemies":"3 Byrds","floor":21,"turns":3},{"damage":11,"enemies":"Snake Plant","floor":22,"turns":2},{"damage":18,"enemies":"Gremlin Leader","floor":24,"turns":6},{"damage":38,"enemies":"Book of Stabbing","floor":27,"turns":4},{"damage":17,"enemies":"Colosseum Slavers","floor":28,"turns":3},{"damage":7,"enemies":"Colosseum Nobs","floor":28,"turns":4},{"damage":3,"enemies":"Cultist and Chosen","floor":31,"turns":2},{"damage":64,"enemies":"Collector","floor":33,"turns":5}],"seed_played":"-3045503807535461734","potions_obtained":[{"floor":2,"key":"EssenceOfSteel"},{"floor":5,"key":"DistilledChaos"},{"floor":10,"key":"SmokeBomb"},{"floor":11,"key":"PowerPotion"},{"floor":13,"key":"Weak Potion"},{"floor":18,"key":"Explosive Potion"},{"floor":24,"key":"DuplicationPotion"},{"floor":27,"key":"Swift Potion"}],"is_trial":false,"path_per_floor":["M","M","?","$","M","R","E","$","T","E","M","R","M","E","R","B",null,"M","$","?","M","M","R","E","R","T","E","?","?","T","M","R","B"],"character_chosen":"HIEROPHANT","items_purchased":["Membership Card","Regal Pillow","hierophant:ThreeLashes","hierophant:Martyrdom","Dream Catcher","hierophant:OrnateBuckler"],"campfire_rested":5,"item_purchase_floors":[4,4,4,8,19,19],"current_hp_per_floor":[44,44,44,44,37,74,74,74,74,44,36,36,33,23,60,2,57,45,45,24,12,1,38,20,72,72,34,10,10,10,7,62,0,0],"gold":324,"neow_bonus":"THREE_RARE_CARDS","is_daily":false,"chose_seed":false,"campfire_upgraded":1,"win_rate":0.0,"timestamp":1609057251,"path_taken":["M","?","?","$","M","R","E","?","T","E","M","R","M","E","R","BOSS","M","$","?","M","M","R","E","R","T","E","?","?","?","M","R","BOSS"],"items_purchased_type":["Relic","Relic","Card","Card","Relic","Card"],"build_version":"2020-12-22","purchased_purges":2,"victory":false,"max_hp_per_floor":[75,75,75,75,75,75,75,75,75,75,75,75,75,75,75,75,75,75,75,75,75,75,75,75,75,75,75,75,75,75,75,75,75,75],"relic_stats":{"Regal Pillow":75,"Dream Catcher":3,"counters":[18,69],"Sundial":[2],"Mummified Hand":[5],"Eternal Feather":33,"Necronomicon":[20],"Letter Opener":[62],"Question Card":23,"obtain_stats":[{"Regal Pillow":4,"hierophant:PropheticMaskRelic":0,"Eternal Feather":24,"Omamori":14,"Letter Opener":10,"Question Card":7,"Du-Vu Doll":28,"Dream Catcher":19,"Sundial":9,"Mummified Hand":28,"hierophant:DonationBoxRelic":26,"Fusion Hammer":17,"Necronomicon":20,"Membership Card":4,"StrikeDummy":27,"TungstenRod":30},{"Regal Pillow":2,"hierophant:PropheticMaskRelic":0,"Eternal Feather":13,"Omamori":8,"Letter Opener":5,"Question Card":4,"Du-Vu Doll":16,"Dream Catcher":10,"Sundial":4,"Mummified Hand":16,"hierophant:DonationBoxRelic":13,"Fusion Hammer":9,"Necronomicon":10,"Membership Card":2,"StrikeDummy":14,"TungstenRod":16},{"Regal Pillow":5,"hierophant:PropheticMaskRelic":0,"Eternal Feather":51,"Omamori":28,"Letter Opener":18,"Question Card":12,"Du-Vu Doll":62,"Dream Catcher":40,"Sundial":12,"Mummified Hand":62,"hierophant:DonationBoxRelic":51,"Fusion Hammer":37,"Necronomicon":40,"Membership Card":5,"StrikeDummy":55,"TungstenRod":62}],"TungstenRod":7},"card_choices":[{"not_picked":["hierophant:Levitation","hierophant:Invocation"],"picked":"hierophant:DeathKnell","floor":0},{"not_picked":["hierophant:Sermon","hierophant:HolyVerse"],"picked":"hierophant:Purify","floor":1},{"not_picked":["hierophant:Rebuild","hierophant:TollTheBells"],"picked":"hierophant:HolyVerse","floor":2},{"not_picked":["hierophant:TollTheBells","hierophant:Rebuild"],"picked":"hierophant:FieryStrike","floor":5},{"not_picked":["hierophant:Anathema","hierophant:Community"],"picked":"hierophant:OrnateJavelin","floor":7},{"not_picked":["hierophant:Doubloon","hierophant:Martyrdom","hierophant:Remorse","hierophant:MorningPrayer"],"picked":"SKIP","floor":10},{"not_picked":["hierophant:PassingBell","hierophant:SolarFlare","hierophant:OrnateJavelin"],"picked":"hierophant:SealAway","floor":11},{"not_picked":["hierophant:AuricBeam","hierophant:RustyCrate","hierophant:Blessing","hierophant:Martyrdom"],"picked":"SKIP","floor":13},{"not_picked":["hierophant:Charity","hierophant:Refuge","hierophant:RustyCrate"],"picked":"hierophant:Endure","floor":14},{"not_picked":["hierophant:CursedGold","hierophant:Purify","hierophant:Prophecy"],"picked":"hierophant:Doubloon","floor":18},{"not_picked":["hierophant:Zeal","hierophant:Remorse","hierophant:MorningPrayer"],"picked":"hierophant:FlamingChariot","floor":21},{"not_picked":["hierophant:RepressedViolence","hierophant:Prophecy","hierophant:Determination"],"picked":"hierophant:EyeForCoin+1","floor":22},{"not_picked":["hierophant:RustyCrate","hierophant:Doubloon","hierophant:DisplayOfPower"],"picked":"hierophant:Shelter+1","floor":23},{"not_picked":["hierophant:RustyCrate","hierophant:Alms","hierophant:Prophecy"],"picked":"hierophant:OrnateBuckler","floor":24},{"not_picked":["hierophant:ThreeLashes","hierophant:PassingBell","hierophant:Shelter+1"],"picked":"hierophant:CursedGold","floor":25},{"not_picked":["hierophant:FaithHealing","hierophant:ThreeLashes","hierophant:Batter","hierophant:MirrorShield"],"picked":"SKIP","floor":27},{"not_picked":["hierophant:Doubloon","hierophant:Endure","hierophant:ArchangelShield"],"picked":"hierophant:Sermon","floor":28},{"not_picked":["hierophant:Alms","hierophant:SolarFlare","hierophant:PassingBell","hierophant:FaithHealing"],"picked":"SKIP","floor":31}],"player_experience":1951815,"relics_obtained":[{"floor":7,"key":"Question Card"},{"floor":9,"key":"Sundial"},{"floor":10,"key":"Letter Opener"},{"floor":14,"key":"Omamori"},{"floor":20,"key":"Necronomicon"},{"floor":24,"key":"Eternal Feather"},{"floor":26,"key":"hierophant:DonationBoxRelic"},{"floor":27,"key":"StrikeDummy"},{"floor":28,"key":"Du-Vu Doll"},{"floor":28,"key":"Mummified Hand"},{"floor":30,"key":"TungstenRod"}],"event_choices":[{"damage_healed":0,"gold_gain":150,"player_choice":"AGREE","damage_taken":0,"max_hp_gain":0,"max_hp_loss":0,"event_name":"Liars Game","floor":3,"gold_loss":0,"cards_obtained":["Doubt"]},{"damage_healed":0,"gold_gain":0,"player_choice":"Obtained Book","damage_taken":21,"max_hp_gain":0,"max_hp_loss":0,"event_name":"Cursed Tome","floor":20,"gold_loss":0},{"damage_healed":0,"gold_gain":0,"player_choice":"Fight","damage_taken":0,"max_hp_gain":0,"max_hp_loss":0,"event_name":"Colosseum","floor":28,"gold_loss":0},{"damage_healed":0,"gold_gain":0,"player_choice":"Fought Nobs","damage_taken":0,"max_hp_gain":0,"max_hp_loss":0,"event_name":"Colosseum","floor":28,"gold_loss":0},{"damage_healed":0,"gold_gain":50,"player_choice":"Stole From Cult","damage_taken":0,"max_hp_gain":0,"max_hp_loss":0,"event_name":"Nest","floor":29,"gold_loss":0}],"is_beta":false,"boss_relics":[{"not_picked":["Tiny House","Ectoplasm"],"picked":"Fusion Hammer"}],"items_purged_floors":[4,19],"is_endless":false,"potions_floor_spawned":[2,5,10,11,13,18,24,27,28],"killed_by":"Collector","ascension_level":15}}