{"host":"zc4856jdpoxvjh7b","time":1609100339,"event":{"mods":["BaseMod","DeckTracker","Minty Spire (QoL Compilation)","Quick Restart","StSLib","SuperFastMode","everything is the same but u backflip on backflip"],"gold_per_floor":[117,42,42,42,60,100,100,113,113,129,29,50,64,107,107,107,107],"floor_reached":16,"playtime":486,"items_purged":["Strike_G","Strike_G"],"score":137,"play_id":"c4e2a480-7403-4b70-b0d0-109f84bf5043","local_time":"20201228051859","is_ascension_mode":false,"campfire_choices":[{"floor":7,"key":"REST"},{"floor":15,"key":"REST"}],"circlet_count":0,"master_deck":["Strike_G","Strike_G","Strike_G","Defend_G","Defend_G","Defend_G","Defend_G","Defend_G","Survivor","Neutralize","Flying Knee","Prepared","Flechettes","Backflip","Crippling Poison","Endless Agony","Flying Knee","Venomology"],"relics":["Ring of the Snake","NeowsBlessing","Golden Idol","WingedGreaves","Darkstone Periapt","Bird Faced Urn","Meat on the Bone"],"acts_visited":["Exordium"],"potions_floor_usage":[16,16,16],"damage_taken":[{"damage":0,"enemies":"Cultist","floor":1,"turns":1},{"damage":0,"enemies":"2 Louse","floor":5,"turns":1},{"damage":0,"enemies":"3 Sentries","floor":6,"turns":1},{"damage":0,"enemies":"Jaw Worm","floor":8,"turns":5},{"damage":2,"enemies":"Blue Slaver","floor":10,"turns":4},{"damage":3,"enemies":"Looter","floor":12,"turns":4},{"damage":12,"enemies":"Exordium Wildlife","floor":13,"turns":5},{"damage":33,"enemies":"Lagavulin","floor":14,"turns":9},{"damage":38,"enemies":"The Guardian","floor":16,"turns":12}],"seed_played":"7960951768546928036","potions_obtained":[{"floor":10,"key":"Poison Potion"},{"floor":12,"key":"GhostInAJar"},{"floor":13,"key":"Strength Potion"}],"is_trial":false,"path_per_floor":["M","$","?","?","M","E","R","M","T","M","$","M","M","E","R","B"],"character_chosen":"THE_SILENT","items_purchased":[],"campfire_rested":2,"item_purchase_floors":[],"current_hp_per_floor":[70,70,53,46,46,46,67,67,67,65,65,62,50,17,38,0,0],"gold":107,"neow_bonus":"THREE_ENEMY_KILL","is_daily":false,"chose_seed":false,"campfire_upgraded":0,"win_rate":0.0,"timestamp":1609100339,"path_taken":["M","?","?","?","M","E","R","M","T","M","$","M","M","E","R","BOSS"],"items_purchased_type":[],"build_version":"2020-12-22","purchased_purges":2,"victory":false,"max_hp_per_floor":[70,70,70,70,70,70,70,70,70,70,70,70,70,70,70,70,70],"card_choices":[{"not_picked":["Quick Slash","Dodge and Roll"],"picked":"Flying Knee","floor":1},{"not_picked":["Calculated Gamble","Dodge and Roll"],"picked":"Prepared","floor":5},{"not_picked":["Endless Agony","Predator"],"picked":"Flechettes","floor":6},{"not_picked":["Blade Dance","Slice"],"picked":"Backflip","floor":8},{"not_picked":["Leg Sweep","Dagger Throw"],"picked":"Crippling Poison","floor":10},{"not_picked":["Backflip","Deflect"],"picked":"Endless Agony","floor":12},{"not_picked":["Prepared","Poisoned Stab"],"picked":"Flying Knee","floor":13},{"not_picked":["Skewer","Blade Dance"],"picked":"Venomology","floor":14}],"player_experience":8380,"relics_obtained":[{"floor":6,"key":"Darkstone Periapt"},{"floor":9,"key":"Bird Faced Urn"},{"floor":14,"key":"Meat on the Bone"}],"event_choices":[{"damage_healed":0,"gold_gain":0,"player_choice":"Take Damage","damage_taken":17,"relics_obtained":["Golden Idol"],"max_hp_gain":0,"max_hp_loss":0,"event_name":"Golden Idol","floor":3,"gold_loss":0},{"damage_healed":0,"gold_gain":0,"player_choice":"Success","damage_taken":7,"relics_obtained":["WingedGreaves"],"max_hp_gain":0,"max_hp_loss":0,"event_name":"Scrap Ooze","floor":4,"gold_loss":0}],"is_beta":false,"boss_relics":[],"items_purged_floors":[2,11],"is_endless":false,"potions_floor_spawned":[10,12,13,14],"killed_by":"The Guardian","ascension_level":0}}