{"host":"daa8jqyg4gqfaysm","time":1609049321,"event":{"mods":["BaseMod","Colored Powertips","Minty Spire (QoL Compilation)","StSLib"],"gold_per_floor":[119,137,148,23,37,37,2,28,28,40,40,40],"floor_reached":11,"playtime":442,"items_purged":["Strike_B"],"score":150,"play_id":"da3da702-56a9-4fae-9c64-499ce08ff79e","local_time":"20201227140841","is_ascension_mode":true,"campfire_choices":[{"data":"Defragment","floor":6,"key":"SMITH"}],"circlet_count":0,"master_deck":["AscendersBane","Strike_B","Strike_B","Strike_B","Defend_B","Defend_B","Defend_B","Defend_B","Zap","Dualcast","Echo Form","Rebound","Defragment+1","Turbo","Conserve Battery","Auto Shields","Undo"],"relics":["Cracked Core","The Courier","Matryoshka"],"acts_visited":["Exordium"],"potions_floor_usage":[8],"damage_taken":[{"damage":9,"enemies":"Small Slimes","floor":1,"turns":4},{"damage":1,"enemies":"Cultist","floor":2,"turns":4},{"damage":2,"enemies":"2 Louse","floor":3,"turns":3},{"damage":10,"enemies":"Looter","floor":5,"turns":5},{"damage":13,"enemies":"Lagavulin","floor":8,"turns":7},{"damage":6,"enemies":"3 Louse","floor":10,"turns":5},{"damage":28,"enemies":"Gremlin Nob","floor":11,"turns":4}],"seed_played":"315367176328821115","potions_obtained":[{"floor":1,"key":"Dexterity Potion"},{"floor":8,"key":"SpeedPotion"},{"floor":10,"key":"Explosive Potion"}],"is_trial":false,"path_per_floor":["M","M","M","$","M","R","?","E","T","M","E"],"character_chosen":"DEFECT","items_purchased":["Conserve Battery"],"campfire_rested":0,"item_purchase_floors":[4],"current_hp_per_floor":[55,54,52,52,42,42,59,46,46,40,12,12],"gold":40,"neow_bonus":"ONE_RANDOM_RARE_CARD","is_daily":false,"chose_seed":false,"campfire_upgraded":1,"win_rate":0.0,"timestamp":1609049321,"path_taken":["M","M","M","$","M","R","?","E","T","M","E"],"items_purchased_type":["Card"],"build_version":"2020-12-22","purchased_purges":1,"victory":false,"max_hp_per_floor":[71,71,71,71,71,71,71,71,71,71,71,71],"card_choices":[{"not_picked":["Heatsinks","Hologram"],"picked":"Rebound","floor":1},{"not_picked":["Genetic Algorithm","Lockon"],"picked":"Defragment","floor":2},{"not_picked":["Double Energy","Compile Driver"],"picked":"Turbo","floor":3},{"not_picked":["Coolheaded","Chill"],"picked":"Auto Shields","floor":5},{"not_picked":["Rebound","Conserve Battery","Gash"],"picked":"SKIP","floor":8},{"not_picked":["Go for the Eyes","Hello World"],"picked":"Undo","floor":10}],"player_experience":738026,"relics_obtained":[{"floor":8,"key":"The Courier"},{"floor":9,"key":"Matryoshka"}],"event_choices":[{"damage_healed":17,"gold_gain":0,"player_choice":"Healed","damage_taken":0,"max_hp_gain":0,"max_hp_loss":0,"event_name":"The Cleric","floor":7,"gold_loss":35}],"is_beta":false,"boss_relics":[],"items_purged_floors":[4],"is_endless":false,"potions_floor_spawned":[1,8,10],"killed_by":"Gremlin Nob","ascension_level":20}}