{"host":"uwh382mre4waz4ff","time":1609051872,"event":{"mods":["AchievementEnabler","BaseMod","Better Note","Better Third Choice","BetterRewards","HololiveMod","Minty Spire (QoL Compilation)","Quick Restart","Shop Mod","StSLib"],"gold_per_floor":[86,97,97,97,110,37,59,75,101,135,148,168,198,215,215,319,319,335,349,424,445,645,645,659,670,741,757,757,836,847,867,867,965,965,986,986,986,731,731,731,774,787,787,787,787,807,817,830,830,830],"floor_reached":51,"playtime":1758,"items_purged":["Hololive_Strike","Hololive_Strike","Hololive_Defend","Hololive_Defend","Hololive_OvertimeWork"],"score":1122,"play_id":"11df3453-2ed7-4414-ab86-4f53318c8f38","local_time":"20201227145112","is_ascension_mode":false,"campfire_choices":[{"data":"Hololive_CallShiroganeNoel","floor":15,"key":"SMITH"},{"data":"Hololive_CallShiroganeNoel","floor":23,"key":"SMITH"},{"data":"Hololive_CallUsadaPekora","floor":28,"key":"SMITH"},{"data":"Hololive_CallOzoraSubaru","floor":32,"key":"SMITH"},{"data":"Hololive_DDD","floor":40,"key":"SMITH"},{"data":"Hololive_CallOzoraSubaru","floor":44,"key":"SMITH"},{"data":"Hololive_CallAmaneKanata","floor":49,"key":"SMITH"}],"circlet_count":0,"master_deck":["Hololive_CallHoushouMarine+1","Hololive_CallShiroganeNoel+1","Hololive_CallUruhaRushia+1","Hololive_CallShiranuiFlare+1","Hololive_CallUsadaPekora+1","Hololive_StrengthChampion+1","Hololive_CallSpadeEcho+1","Hololive_Spy+1","Hololive_CocoNews+1","Hololive_BringToTrial+1","Hololive_CallNatsuiroMatsuri+1","Hololive_CocoNews+1","Hololive_StrengthChampion+1","Hololive_CallManoAloe+1","Hololive_CallTokoyamiTowa+1","Hololive_CallYozoraMel+1","Hololive_CallOzoraSubaru+1","Hololive_CallAkaiHaato+1","Hololive_CallAkiRosenthal+1","Hololive_CallMoonaHoshinova+1","Hololive_CocoNews+1","Hololive_CallYogiri+1","Hololive_CallInugamiKorone+1","Hololive_CallAyundaRisu+1","Hololive_CallMomosuzuNene+10","Hololive_MaximGun+1","Hololive_CallOzoraSubaru+1","Hololive_CallShiroganeNoel+1","Hololive_CallShishiroBotan+1","Hololive_CallShirakamiFubuki+1","Hololive_CandyCastle+1","Hololive_CallAkiRosenthal+1","Hololive_CallRoboco+1","Hololive_CallYuzukiChoco+1","Hololive_DDD+1","Hololive_MaximGun+1","Hololive_CallNakiriAyame+1","Hololive_CallOmaruPolka+1","Hololive_CallHimemoriLuna+1","Hololive_CallYuzukiChoco+1","Hololive_CallNekomataOkayu+1","Hololive_CallMurasakiShion+1","Hololive_CallAiraniIofifteen+1","Hololive_CallYogiri","Hololive_CallMomosuzuNene+2","Hololive_CallAmaneKanata+1","Hololive_CallCivia","Hololive_CandyCastle+1","Hololive_CallAmaneKanata+1"],"relics":["Hololive_TheStar","Mark of the Bloom"],"acts_visited":["Exordium","TheCity","TheBeyond"],"potions_floor_usage":[50,50],"damage_taken":[{"damage":0.0,"enemies":"2 Louse","floor":1.0,"turns":2.0},{"damage":0.0,"enemies":"Small Slimes","floor":2.0,"turns":2.0},{"damage":0.0,"enemies":"Cultist","floor":5.0,"turns":2.0},{"damage":0.0,"enemies":"Lots of Slimes","floor":7.0,"turns":3.0},{"damage":0.0,"enemies":"Looter","floor":8.0,"turns":2.0},{"damage":0.0,"enemies":"Lagavulin","floor":10.0,"turns":3.0},{"damage":0,"enemies":"3 Louse","floor":11,"turns":2},{"damage":0,"enemies":"Large Slime","floor":12,"turns":3},{"damage":0,"enemies":"Gremlin Nob","floor":13,"turns":2},{"damage":0,"enemies":"Blue Slaver","floor":14,"turns":1},{"damage":0,"enemies":"Hexaghost","floor":16,"turns":4},{"damage":0,"enemies":"3 Byrds","floor":18,"turns":3},{"damage":0,"enemies":"2 Thieves","floor":19,"turns":2},{"damage":0,"enemies":"Shelled Parasite and Fungi","floor":21,"turns":4},{"damage":0,"enemies":"Snake Plant","floor":24,"turns":2},{"damage":0,"enemies":"Cultist and Chosen","floor":25,"turns":3},{"damage":0,"enemies":"Centurion and Healer","floor":27,"turns":7},{"damage":0,"enemies":"Snake Plant","floor":30,"turns":4},{"damage":0,"enemies":"Sentry and Sphere","floor":31,"turns":3},{"damage":0,"enemies":"Champ","floor":33,"turns":7},{"damage":0,"enemies":"Orb Walker","floor":35,"turns":3},{"damage":0,"enemies":"Nemesis","floor":41,"turns":7},{"damage":0,"enemies":"3 Shapes","floor":42,"turns":2},{"damage":0,"enemies":"Transient","floor":46,"turns":5},{"damage":0,"enemies":"Spire Growth","floor":47,"turns":4},{"damage":0,"enemies":"3 Darklings","floor":48,"turns":2},{"damage":7,"enemies":"Time Eater","floor":50,"turns":7}],"seed_played":"-2943072883573643006","potions_obtained":[{"floor":5.0,"key":"FearPotion"},{"floor":10,"key":"Dexterity Potion"},{"floor":12,"key":"Explosive Potion"},{"floor":16,"key":"Swift Potion"},{"floor":19,"key":"Energy Potion"}],"is_trial":false,"path_per_floor":["M","M","?","?","M","$","M","M","T","E","M","M","E","M","R","B",null,"M","M","?","M","?","R","M","M","T","M","R","T","M","M","R","B",null,"M","?","?","$","?","R","E","M","T","R","?","M","M","M","R","B",null],"character_chosen":"Hololive_HololiveCharacter","items_purchased":["Hololive_CallSpadeEcho","Hololive_Spy","Hololive_CocoNews","Hololive_BringToTrial","Hololive_CallNatsuiroMatsuri","Hololive_CocoNews","Hololive_StrengthChampion","Hololive_CallManoAloe","Hololive_CallTokoyamiTowa","Hololive_CallAkiRosenthal","Hololive_CallHimemoriLuna"],"campfire_rested":0,"item_purchase_floors":[0,0,0,0,0,0,0,0,0,6,38],"current_hp_per_floor":[11,11,11,11,11,11,11,11,11,11,11,11,11,11,11,11,35,35,35,32,32,32,32,32,32,32,32,32,32,32,32,32,32,35,35,33,33,33,33,33,33,33,33,33,33,33,33,33,33,26],"gold":830,"neow_bonus":"","is_daily":false,"chose_seed":false,"campfire_upgraded":7,"win_rate":0.0,"timestamp":1609051872,"path_taken":["M","M","?","?","?","?","M","M","T","E","M","M","E","M","R","BOSS","M","?","?","M","?","R","?","M","T","M","R","?","M","M","R","BOSS","M","?","?","$","?","R","E","M","T","R","?","M","?","M","R","BOSS"],"items_purchased_type":["Card","Card","Card","Card","Card","Card","Card","Card","Card","Card","Card"],"build_version":"2020-12-22","purchased_purges":5,"victory":true,"max_hp_per_floor":[35,35,35,35,35,35,35,35,35,35,35,35,35,35,35,35,35,35,35,35,35,35,35,35,35,35,35,35,35,35,35,35,35,35,35,33,33,33,33,33,33,33,33,33,33,33,33,36,36,36],"card_choices":[{"not_picked":["Hololive_OvertimeWork","Hololive_CallShiranuiFlare","Hololive_Sequa"],"picked":"Hololive_CallYozoraMel","floor":1.0},{"not_picked":["Hololive_CallAyundaRisu","Hololive_Rebound","Hololive_StrengthChampion"],"picked":"Hololive_CallOzoraSubaru","floor":2.0},{"not_picked":["Hololive_StrengthChampion","Hololive_HuntDinosaur","Hololive_Psychosis"],"picked":"Hololive_CallAkaiHaato","floor":5.0},{"not_picked":["Hololive_CallManoAloe","Hololive_LuckPotion","Hololive_FlareMind"],"picked":"Hololive_CallMoonaHoshinova","floor":7.0},{"not_picked":["Hololive_FlyingPonyTail","Hololive_Sequa","Hololive_OvertimeWork"],"picked":"Hololive_CocoNews","floor":8.0},{"not_picked":["Hololive_LuckPotion","Hololive_CallNatsuiroMatsuri","Hololive_HuntDinosaur","Hololive_RevenueBasedLive"],"picked":"SKIP","floor":10},{"not_picked":["Hololive_OvertimeWork","Hololive_Sequa","Hololive_Breathe"],"picked":"Hololive_CallYogiri","floor":11},{"not_picked":["Hololive_CallUruhaRushia","Hololive_ManjiGathering","Hololive_CocoNews"],"picked":"Hololive_CallInugamiKorone","floor":12},{"not_picked":["Hololive_RevenueBasedLive","Hololive_DiamondStrike","Hololive_CallSpadeEcho"],"picked":"Hololive_CallAyundaRisu","floor":13},{"not_picked":["Hololive_HuntDinosaur","Hololive_FlyingPonyTail","Hololive_Drill"],"picked":"Hololive_CallMomosuzuNene","floor":14},{"not_picked":["Hololive_AWSL","Hololive_WolfAndLamb","Hololive_FlareMind"],"picked":"Hololive_MaximGun","floor":16},{"not_picked":["Hololive_CocoNews+1","Hololive_LuckPotion","Hololive_Psychosis"],"picked":"Hololive_CallOzoraSubaru","floor":18},{"not_picked":["Hololive_Drill","Hololive_Sequa","Hololive_Psychosis"],"picked":"Hololive_CocoNews","floor":19},{"not_picked":["Hololive_StrengthChampion","Hololive_Drill","Hololive_FlyingPonyTail"],"picked":"Hololive_CallShiroganeNoel","floor":21},{"not_picked":["Hololive_LuckPotion+1","Hololive_HuntDinosaur","Hololive_FlyingPonyTail","Hololive_Rebound"],"picked":"SKIP","floor":24},{"not_picked":["Hololive_HuntDinosaur+1","Hololive_Psychosis","Hololive_CallMurasakiShion"],"picked":"Hololive_CallShishiroBotan+1","floor":25},{"not_picked":["Hololive_Rebound","Hololive_Drill+1","Hololive_CallOmaruPolka"],"picked":"Hololive_CallShirakamiFubuki","floor":27},{"not_picked":["Hololive_CocoNews","Hololive_Drill","Hololive_Sequa","Hololive_StrengthChampion"],"picked":"Hololive_CandyCastle","floor":30},{"not_picked":["Hololive_OvertimeWork+1","Hololive_ScarfAndHalo","Hololive_LuckPotion","Hololive_CocoNews"],"picked":"Hololive_CallAkiRosenthal","floor":30},{"not_picked":["Hololive_CocoNews","Hololive_FlyingPonyTail+1","Hololive_RevenueBasedLive+1","Hololive_CallInugamiKorone"],"picked":"Hololive_CallRoboco+1","floor":31},{"not_picked":["Hololive_CallKiryuuCoco+1","Hololive_CallAZKi+1","Hololive_Trident","Hololive_CallInugamiKorone"],"picked":"Hololive_CallYuzukiChoco+1","floor":31},{"not_picked":["Hololive_FlareMind","Hololive_HighAtkLowDef","Hololive_DurableLive","Hololive_ScarfAndHalo"],"picked":"Hololive_DDD","floor":33},{"not_picked":["Hololive_DurableLive","Hololive_AWSL","Hololive_StarCraft","Hololive_IdolExercise"],"picked":"Hololive_MaximGun","floor":33},{"not_picked":["Hololive_CallYuzukiChoco","Hololive_HuntDinosaur","Hololive_CallManoAloe","Hololive_Drill"],"picked":"Hololive_CallNakiriAyame+1","floor":35},{"not_picked":["Hololive_CallUsadaPekora+1","Hololive_CallTokoyamiTowa+1","Hololive_Trident+1","Hololive_Sequa"],"picked":"Hololive_CallOmaruPolka+1","floor":35},{"not_picked":["Hololive_WolfAndLamb","Hololive_Drill+1","Hololive_DurableLive","Hololive_Psychosis+1"],"picked":"Hololive_CallYuzukiChoco","floor":41},{"not_picked":["Hololive_ILoveYou","Hololive_SummonFox+1","Hololive_CallOkamiMio+1","Hololive_CallNakiriAyame"],"picked":"Hololive_CallNekomataOkayu+1","floor":41},{"not_picked":["Hololive_Rebound+1","Hololive_Yoholoon","Hololive_LuckPotion","Hololive_RevenueBasedLive+1"],"picked":"Hololive_CallMurasakiShion","floor":42},{"not_picked":["Hololive_Nanodesu","Hololive_LuckPotion","Hololive_OvertimeWork+1","Hololive_CocoNews+1"],"picked":"Hololive_CallAiraniIofifteen+1","floor":42},{"not_picked":["Hololive_Psychosis","Hololive_FlyingPonyTail+1","Hololive_StrengthChampion","Hololive_Breathe"],"picked":"Hololive_CallYogiri","floor":46},{"not_picked":["Hololive_FlyingPonyTail+1","Hololive_HuntDinosaur","Hololive_CallShirakamiFubuki","Hololive_ScarfAndHalo"],"picked":"Hololive_CallMomosuzuNene","floor":46},{"not_picked":["Hololive_CallShirakamiFubuki","Hololive_Rebound+1","Hololive_Trident","Hololive_StrengthChampion+1"],"picked":"Hololive_CallAmaneKanata","floor":47},{"not_picked":["Hololive_CocoNews+1","Hololive_Breathe+1","Hololive_RevenueBasedLive+1","Hololive_CallAiraniIofifteen+1"],"picked":"Hololive_CallCivia","floor":47},{"not_picked":["Hololive_LuckPotion+1","Hololive_Psychosis","Hololive_RevenueBasedLive+1","Hololive_CocoNews+1"],"picked":"Hololive_CandyCastle+1","floor":48},{"not_picked":["Hololive_CallHoushouMarine+1","Hololive_StrengthChampion+1","Hololive_LuckPotion","Hololive_DDD"],"picked":"Hololive_CallAmaneKanata+1","floor":48}],"player_experience":259481,"relics_obtained":[],"event_choices":[{"damage_healed":0.0,"max_hp_gain":0.0,"max_hp_loss":0.0,"gold_gain":0.0,"event_name":"betterThird:BetterScrap","player_choice":"LEAVE","floor":3.0,"gold_loss":0.0,"damage_taken":0.0,"cards_obtained":["Tantrum"]},{"damage_healed":0.0,"max_hp_gain":0.0,"max_hp_loss":0.0,"gold_gain":0.0,"event_name":"Match and Keep!","player_choice":"1 cards matched","floor":4.0,"gold_loss":0.0,"damage_taken":0.0,"cards_obtained":["Hololive_OvertimeWork"]},{"damage_healed":0,"gold_gain":75,"player_choice":"Touch","damage_taken":3,"max_hp_gain":0,"max_hp_loss":0,"event_name":"FaceTrader","floor":20,"gold_loss":0},{"damage_healed":0,"gold_gain":200,"player_choice":"Gold","damage_taken":0,"max_hp_gain":0,"max_hp_loss":0,"event_name":"Wheel of Change","floor":22,"gold_loss":0},{"damage_healed":0,"gold_gain":0,"player_choice":"Max HP","damage_taken":0,"max_hp_gain":0,"max_hp_loss":2,"event_name":"Winding Halls","floor":36,"gold_loss":0},{"damage_healed":0,"gold_gain":0,"player_choice":"Ignored","damage_taken":0,"max_hp_gain":0,"max_hp_loss":0,"event_name":"Mysterious Sphere","floor":37,"gold_loss":0},{"cards_removed":["Hololive_CocoNews"],"damage_healed":0,"gold_gain":0,"player_choice":"Removed Attack","damage_taken":0,"max_hp_gain":0,"max_hp_loss":0,"event_name":"Falling","floor":39,"gold_loss":0},{"damage_healed":0,"gold_gain":0,"player_choice":"Upgrade","damage_taken":0,"relics_obtained":["Mark of the Bloom"],"max_hp_gain":0,"max_hp_loss":0,"event_name":"MindBloom","floor":45,"gold_loss":0,"cards_upgraded":["Hololive_CallHoushouMarine","Hololive_CallUruhaRushia","Hololive_CallShiranuiFlare","Hololive_StrengthChampion","Hololive_CallSpadeEcho","Hololive_Spy","Hololive_CocoNews","Hololive_BringToTrial","Hololive_CallNatsuiroMatsuri","Hololive_CocoNews","Hololive_StrengthChampion","Hololive_CallManoAloe","Hololive_CallTokoyamiTowa","Hololive_CallYozoraMel","Hololive_CallAkaiHaato","Hololive_CallAkiRosenthal","Hololive_CallMoonaHoshinova","Hololive_CocoNews","Hololive_CallYogiri","Hololive_CallInugamiKorone","Hololive_CallAyundaRisu","Hololive_CallMomosuzuNene","Hololive_MaximGun","Hololive_CallShirakamiFubuki","Hololive_CandyCastle","Hololive_CallAkiRosenthal","Hololive_MaximGun","Hololive_CallHimemoriLuna","Hololive_CallYuzukiChoco","Hololive_CallMurasakiShion"]}],"is_beta":false,"boss_relics":[{"not_picked":["Sozu","Tiny House","Runic Pyramid"]},{"not_picked":["Snecko Eye","SacredBark","Fusion Hammer"]}],"items_purged_floors":[0,0,0,0,38],"is_endless":false,"potions_floor_spawned":[5,10,12,16,19,21,24,25,27,35,46,48],"ascension_level":0}}