{"host":"uhhucka17mqeuzwb","time":1609052730,"event":{"mods":["2.2 Compatiblity","AchievementEnabler","Act Like it!","Astrologer","BaseMod","Better Altar","Better Skull","Colored Powertips","Defuse TimeMaze Blight","Downfall","Energized Spire","Faster Ascension Climbing","Friendly Minions","Gensokyo","GifTheSpireLib","Gremlin Mod","Gremlin Skip","Halation","Hallownest","Hermit","HololiveMod","KinomotoSakuraMod(????)","Lobotomy","Marisa????????","Minty Spire (QoL Compilation)","Quick Restart","Red Circlet Mod","Replay The Spire","Reworked Bosses","Shade Mod","Shop Mod","StSLib","The Administrix","The Animator","The Blue Laboratory","The Bug Knight","The Cursed","The Factory","The Forsaken","TheBandit","Waifu the Spire"],"gold_per_floor":[118,135,150,169,183,183,210,227,250,46,46,46,73,84,84,183,183,199,199,259,259,259,259],"floor_reached":21,"playtime":3862,"items_purged":[],"score":216,"play_id":"efc349f3-a612-47c4-ac55-235061dc2836","local_time":"20201227020530","is_ascension_mode":false,"campfire_choices":[{"data":"wariomod:BigUpgrade","floor":6,"key":"SMITH"},{"data":"wariomod:GoAgain","floor":12,"key":"SMITH"},{"data":"wariomod:Purify","floor":15,"key":"SMITH"}],"circlet_count":0,"master_deck":["wariomod:Strike","wariomod:Strike","wariomod:Strike","wariomod:Defend","wariomod:Defend","wariomod:Defend","wariomod:Defend","wariomod:Step","wariomod:Leap","UniverseFragment","wariomod:BigUpgrade+1","wariomod:RacingSpeed","Wellcheers","wariomod:RacingSpeed","Bloodbath","wariomod:Purify+1","OSAHOGD","wariomod:ChargeForth","BlackSwan","Gensokyo:LockedMedkit","Wraith","wariomod:GoAgain+1","CENSORED","wariomod:ChargeForth","wariomod:KeyFinisher","wariomod:HappyHop+1","Gensokyo:RedCapeBlueCape"],"relics":["wariomod:TheHat","CogitoBucket","Juzu Bracelet","HollowMod:LifeEnderRelic","BehaviorAdjustment","Pet Ghost","ReplayTheSpireMod:CursedCoin","halation:BottledHappiness","Iron Hammer","Sozu","halation:LettersToHer"],"acts_visited":["Gensokyo:Gensokyo","Gensokyo:Gensokyoer"],"potions_floor_usage":[5,16],"damage_taken":[{"damage":1,"enemies":"Gensokyo:Gryphon","floor":1,"turns":3},{"damage":0,"enemies":"Gensokyo:Python","floor":2,"turns":3},{"damage":1,"enemies":"Gensokyo:3_Fairies","floor":3,"turns":3},{"damage":8,"enemies":"Gensokyo:3_Kodama","floor":4,"turns":4},{"damage":24,"enemies":"Gensokyo:Gryphon_and_Rabbit","floor":5,"turns":6},{"damage":6,"enemies":"Gensokyo:Cirno","floor":7,"turns":10},{"damage":28,"enemies":"Gensokyo:5_Fairies","floor":8,"turns":5},{"damage":14,"enemies":"Gensokyo:Mamizou","floor":13,"turns":7},{"damage":12,"enemies":"Gensokyo:2_Rabbits","floor":14,"turns":4},{"damage":43,"enemies":"Gensokyo:Reimu","floor":16,"turns":12},{"damage":3,"enemies":"Gensokyo:CosmicMonolith","floor":18,"turns":5},{"damage":73,"enemies":"Gensokyo:Chomper","floor":21,"turns":2}],"seed_played":"-3990083432290395465","potions_obtained":[{"floor":3,"key":"blueLaboratory:EmptyBottle"},{"floor":4,"key":"blueLaboratory:CorrosionFlask"},{"floor":7,"key":"blueLaboratory:BottleOfVodka"},{"floor":8,"key":"Dexterity Potion"},{"floor":13,"key":"blueLaboratory:Moonshine"}],"is_trial":false,"path_per_floor":["M","M","M","M","M","R","E","M","T","COS","?","R","?","M","R","B",null,"M","?","?","M"],"character_chosen":"THE_BANDIT","items_purchased":[],"campfire_rested":0,"item_purchase_floors":[],"current_hp_per_floor":[79,79,78,70,49,49,49,28,28,28,28,28,22,18,18,11,80,78,72,44,0,0,0],"gold":259,"neow_bonus":"","is_daily":false,"chose_seed":false,"campfire_upgraded":3,"win_rate":0.0,"timestamp":1609052730,"path_taken":["M","M","M","M","M","R","E","M","T","COS","?","R","?","M","R","BOSS","M","?","?","M"],"items_purchased_type":[],"build_version":"2020-12-22","purchased_purges":0,"victory":false,"max_hp_per_floor":[80,80,80,80,80,80,80,80,80,80,80,80,80,80,80,80,80,80,72,72,72,72,72],"card_choices":[{"not_picked":["CherryBlossoms","WallGazer"],"picked":"UniverseFragment","floor":1},{"not_picked":["wariomod:Bombshield","wariomod:DanceDash"],"picked":"wariomod:BigUpgrade","floor":1},{"not_picked":["SnowQueen","BeautyBeast","MHz"],"picked":"Singing Bowl","floor":2},{"not_picked":["wariomod:BodyBlock","wariomod:DisarmingMoves"],"picked":"wariomod:RacingSpeed","floor":2},{"not_picked":["BeautyBeast","PunishingBird","CherryBlossoms"],"picked":"Singing Bowl","floor":3},{"not_picked":["MHz","OldLady"],"picked":"Wellcheers","floor":3},{"not_picked":["wariomod:SilenceBombs","wariomod:DoubleDash"],"picked":"wariomod:RacingSpeed","floor":3},{"not_picked":["SnowQueen","MHz","GreedKing"],"picked":"Singing Bowl","floor":4},{"not_picked":["wariomod:DanceDash","wariomod:Game"],"picked":"wariomod:Purify","floor":4},{"not_picked":["PunishingBird","OldLady","Funeral"],"picked":"Singing Bowl","floor":5},{"not_picked":["ShyLook","Rudolta"],"picked":"Bloodbath","floor":5},{"not_picked":["wariomod:Smackflip","wariomod:ThatsNotAll"],"picked":"wariomod:Purify","floor":5},{"not_picked":["MHz","PunishingBird"],"picked":"OSAHOGD","floor":7},{"not_picked":["wariomod:BoomForm","wariomod:BodyBlock"],"picked":"wariomod:ChargeForth","floor":7},{"not_picked":["Variant","Woodsman","LittleHelper"],"picked":"Singing Bowl","floor":8},{"not_picked":["OldLady","FairyFestival"],"picked":"BlackSwan","floor":8},{"not_picked":["wariomod:PayItForwards","wariomod:SpaceSwap","wariomod:WhirlwindBurst"],"picked":"SKIP","floor":8},{"not_picked":["wariomod:Smackflip","wariomod:SpaceSwap"],"picked":"wariomod:GoAgain","floor":11},{"not_picked":["Funeral","GalaxyChild"],"picked":"CENSORED","floor":13},{"not_picked":["wariomod:CursedSpaces","wariomod:DiceyMove"],"picked":"wariomod:ChargeForth","floor":13},{"not_picked":["CherryBlossoms","CrumblingArmor","WallGazer"],"picked":"Singing Bowl","floor":14},{"not_picked":["wariomod:SmackSlam","wariomod:BlastDash","wariomod:DisarmingMoves"],"picked":"SKIP","floor":14},{"not_picked":["SpiderBud","MeltingLove","BeautyBeast"],"picked":"Singing Bowl","floor":16},{"not_picked":["wariomod:BoomAndDoom","wariomod:Sidestep"],"picked":"wariomod:KeyFinisher","floor":16},{"not_picked":["CrumblingArmor","CherryBlossoms","OldLady"],"picked":"Singing Bowl","floor":18},{"not_picked":["wariomod:SmallSprint","wariomod:Leapslam"],"picked":"wariomod:HappyHop+1","floor":18},{"not_picked":["Gensokyo:Apocalypse","Gensokyo:SevenSchoolMysteries"],"picked":"Gensokyo:RedCapeBlueCape","floor":19}],"player_experience":1089539,"relics_obtained":[{"floor":7,"key":"HollowMod:LifeEnderRelic"},{"floor":9,"key":"Pet Ghost"},{"floor":13,"key":"Iron Hammer"},{"floor":20,"key":"halation:LettersToHer"}],"event_choices":[],"is_beta":false,"boss_relics":[{"not_picked":["Ectoplasm","Fusion Hammer"],"picked":"Sozu"}],"items_purged_floors":[],"is_endless":false,"potions_floor_spawned":[3,4,7,8,13],"killed_by":"Gensokyo:Chomper","ascension_level":0}}