{"host":"18wi9kpcl4eah7pe","time":1609091296,"event":{"mods":["BaseMod","Colored Powertips","Downfall","Minty Spire (QoL Compilation)","StSLib"],"gold_per_floor":[199,49,65,65,85,10,10,10,42,42,57,84,184,184,203,299,299,224,309,309,324,424,424,424,443,443,443,443],"floor_reached":26,"playtime":1174,"items_purged":[],"score":250,"play_id":"e90931ed-0c4d-4fbf-b0c8-8058dd734efa","local_time":"20201227114816","is_ascension_mode":true,"campfire_choices":[{"floor":1,"key":"RECALL"},{"data":"Guardian:Orbwalk","floor":6,"key":"SMITH"},{"floor":10,"key":"REST"},{"data":"Guardian:Repulse","floor":18,"key":"SMITH"},{"floor":23,"key":"REST"}],"circlet_count":0,"master_deck":["Guardian:Strike_Guardian","Guardian:Strike_Guardian","Guardian:Strike_Guardian","Guardian:Strike_Guardian","Guardian:Defend_Guardian","Guardian:Defend_Guardian","Guardian:Defend_Guardian","Guardian:Defend_Guardian","Guardian:CurlUp","Guardian:TwinSlam","Guardian:Orbwalk+1","Guardian:DonusPower","Regret","Guardian:Clone","Guardian:WalkerClaw","Guardian:Repulse+1","Guardian:TemporalStrike","Guardian:TimeSifter","RitualDagger","Guardian:ShieldCharger","Guardian:GemFinder","Guardian:Emergency","Guardian:RollAttack","Regret","expansioncontent:CaCaw","Guardian:Orbwalk","Guardian:Gem_Red","Guardian:Recover+1"],"relics":["Guardian:ModeShifter","downfall:HeartBlessingRed","HornCleat","Bronze Scales","Letter Opener","Toy Ornithopter","SlaversCollar","downfall:HeartBlessingBlue","downfall:GremlinSack","The Courier"],"acts_visited":["Exordium","TheCity"],"potions_floor_usage":[9,12,13,14,14,16],"damage_taken":[{"damage":0,"enemies":"Jaw Worm","floor":3,"turns":4},{"damage":10,"enemies":"Cultist","floor":5,"turns":4},{"damage":11,"enemies":"3 Sentries","floor":9,"turns":7},{"damage":3,"enemies":"2 Louse","floor":11,"turns":2},{"damage":18,"enemies":"Lagavulin","floor":12,"turns":5},{"damage":40,"enemies":"downfall:LadyInBlue","floor":13,"turns":10},{"damage":0,"enemies":"Gremlin Gang","floor":14,"turns":1},{"damage":19,"enemies":"Large Slime","floor":15,"turns":6},{"damage":27,"enemies":"downfall:Watcher","floor":16,"turns":7},{"damage":11,"enemies":"Shell Parasite","floor":21,"turns":5},{"damage":20,"enemies":"Shell Parasite","floor":22,"turns":5},{"damage":54,"enemies":"Centurion and Healer","floor":25,"turns":10},{"damage":24,"enemies":"Book of Stabbing","floor":26,"turns":3}],"seed_played":"3736118524451785532","potions_obtained":[{"floor":5,"key":"champ:CounterPotion"},{"floor":11,"key":"DuplicationPotion"},{"floor":12,"key":"Regen Potion"},{"floor":13,"key":"Regen Potion"},{"floor":13,"key":"GamblersBrew"},{"floor":13,"key":"SmokeBomb"},{"floor":25,"key":"Explosive Potion"}],"is_trial":false,"path_per_floor":["R","?","M","?","M","R","T","?","E","R","M","E","?","M","M","B",null,"R","?","?","M","?","R","T","M","E"],"character_chosen":"GUARDIAN","items_purchased":[],"campfire_rested":2,"item_purchase_floors":[],"current_hp_per_floor":[80,90,90,90,80,80,80,80,69,90,87,69,44,54,35,13,90,100,84,78,67,47,77,77,23,0,0,0],"gold":443,"neow_bonus":"HUNDRED_GOLD","is_daily":false,"chose_seed":false,"campfire_upgraded":2,"win_rate":0.0,"timestamp":1609091296,"path_taken":["R","?","?","?","?","R","T","?","E","R","M","E","?","?","M","BOSS","R","?","?","M","?","R","T","M","E"],"items_purchased_type":[],"build_version":"2020-12-22","purchased_purges":0,"victory":false,"max_hp_per_floor":[80,90,90,90,90,90,90,90,90,90,90,90,90,90,90,90,90,100,100,100,100,100,100,100,100,100,100,100],"card_choices":[{"not_picked":["Guardian:Reroute","Guardian:Gem_Yellow"],"picked":"Guardian:Orbwalk","floor":3},{"not_picked":["Guardian:Gem_Red","Guardian:Gem_Blue"],"picked":"Guardian:DonusPower","floor":5},{"not_picked":["Guardian:Gem_Green","Guardian:Recover"],"picked":"Guardian:Clone","floor":9},{"not_picked":["Guardian:Gem_Cyan","Guardian:Gem_Purple"],"picked":"Guardian:WalkerClaw","floor":11},{"not_picked":["Guardian:WalkerClaw","Guardian:PiercingHide"],"picked":"Guardian:Gem_Orange","floor":12},{"not_picked":["Guardian:Harden","Guardian:Gem_Green"],"picked":"Guardian:Repulse","floor":13},{"not_picked":["Guardian:Gem_Green","Guardian:MultiBeam"],"picked":"Guardian:TemporalStrike","floor":15},{"not_picked":["Guardian:BaubleBeam","Guardian:FastForward"],"picked":"Guardian:TimeSifter","floor":16},{"not_picked":["Guardian:Gem_Cyan","Guardian:PrimingBeam+1"],"picked":"Guardian:ShieldCharger","floor":21},{"not_picked":["Guardian:PrismaticBeam","Guardian:VentSteam"],"picked":"Guardian:Orbwalk","floor":22},{"not_picked":["Guardian:Gem_Green","Guardian:Gem_Cyan"],"picked":"Guardian:Gem_Red","floor":25},{"not_picked":["Guardian:Preprogram","Guardian:RollAttack"],"picked":"Guardian:Recover+1","floor":25}],"player_experience":860757,"relics_obtained":[{"floor":9,"key":"Bronze Scales"},{"floor":12,"key":"Letter Opener"},{"floor":13,"key":"Toy Ornithopter"},{"floor":22,"key":"downfall:GremlinSack"},{"floor":24,"key":"The Courier"}],"event_choices":[{"damage_healed":0,"gold_gain":0,"player_choice":"Box","damage_taken":0,"relics_obtained":["HornCleat"],"max_hp_gain":0,"max_hp_loss":0,"event_name":"Big Fish","floor":8,"gold_loss":0,"cards_obtained":["Regret"]}],"is_beta":false,"boss_relics":[{"not_picked":["Empty Cage","Cursed Key"],"picked":"SlaversCollar"}],"items_purged_floors":[],"is_endless":false,"potions_floor_spawned":[5,11,12,14,25],"killed_by":"Book of Stabbing","ascension_level":1}}