{"host":"kjehzzhcyp0nyrrl","time":1609059036,"event":{"mods":["AchievementEnabler","Arknights The Spire","BaseMod","Custom Start","Hermit","Keyboard Shortcuts","Koishi","Minty Spire (QoL Compilation)","StSLib","SuperFastMode","The Dragon Tamer","The Gatherer","everything is the same but u backflip on backflip"],"gold_per_floor":[116,116,135,153,169,169,44,44,68,96,114,144,156,156,156,156,156],"floor_reached":16,"playtime":648,"items_purged":["ats:Strike V"],"score":102,"play_id":"61a5bf2c-74ab-4bcc-89ca-b036d64d9b62","local_time":"20201227175036","is_ascension_mode":false,"campfire_choices":[{"data":"ats:Red Shift","floor":6,"key":"SMITH"},{"data":"ats:Powerful Strike","floor":15,"key":"SMITH"}],"circlet_count":0,"master_deck":["ats:Strike C","ats:Strike G","ats:Strike S","ats:Armor Crushing Shot","ats:Defend","ats:Defend","ats:Defend","ats:Defend","ats:Emotion Absorption","ats:Explosion Area Strengthen","ats:Burning Ground","ats:Red Shift+1","ats:Childhood Dance","ats:Apocalypse+1","ats:Leaping Hammer","ats:Powerful Strike+1","ats:Ignite"],"relics":["ats:Sanity","NeowsBlessing","ats:Originium","Lantern"],"acts_visited":["Exordium"],"potions_floor_usage":[10,11],"damage_taken":[{"damage":0,"enemies":"Small Slimes","floor":1,"turns":1},{"damage":0,"enemies":"Cultist","floor":3,"turns":1},{"damage":0,"enemies":"2 Louse","floor":4,"turns":2},{"damage":17,"enemies":"2 Fungi Beasts","floor":5,"turns":4},{"damage":30,"enemies":"3 Sentries","floor":10,"turns":8},{"damage":3,"enemies":"Lots of Slimes","floor":11,"turns":3},{"damage":9,"enemies":"Blue Slaver","floor":13,"turns":3},{"damage":37,"enemies":"The Guardian","floor":16,"turns":4}],"seed_played":"5253804213391139320","potions_obtained":[{"floor":1,"key":"SteroidPotion"},{"floor":2,"key":"SneckoOil"},{"floor":2,"key":"FearPotion"},{"floor":2,"key":"PowerPotion"},{"floor":11,"key":"Energy Potion"}],"is_trial":false,"path_per_floor":["M","?","M","M","M","R","$","?","T","E","M","?","M","?","R","B"],"character_chosen":"DOCTOR_CLASS","items_purchased":["ats:Apocalypse"],"campfire_rested":0,"item_purchase_floors":[7],"current_hp_per_floor":[72,72,72,72,55,55,55,55,55,34,34,34,28,28,28,0,0],"gold":156,"neow_bonus":"THREE_ENEMY_KILL","is_daily":false,"chose_seed":false,"campfire_upgraded":2,"win_rate":0.0,"timestamp":1609059036,"path_taken":["M","?","M","?","M","R","$","?","T","E","M","?","M","?","R","BOSS"],"items_purchased_type":["Card"],"build_version":"2020-12-22","purchased_purges":1,"victory":false,"max_hp_per_floor":[72,72,72,72,72,72,72,72,72,72,72,72,72,72,72,72,72],"card_choices":[{"not_picked":["ats:Encircling Forest","ats:Composite Medical Shells"],"picked":"ats:Explosion Area Strengthen","floor":1},{"not_picked":["ats:Hook Shot","ats:Childhood Dance"],"picked":"ats:Burning Ground","floor":3},{"not_picked":["ats:Collapsing Strike","ats:Poison Spread"],"picked":"ats:Red Shift","floor":4},{"not_picked":["ats:Neurotoxin","ats:Consecutive Shot Auto"],"picked":"ats:Childhood Dance","floor":5},{"not_picked":["ats:Curse Doll","ats:Echo Reverb"],"picked":"ats:Leaping Hammer","floor":10},{"not_picked":["ats:Directed Diagnosis","ats:Apocalypse"],"picked":"ats:Powerful Strike","floor":11},{"not_picked":["ats:Neurotoxin","ats:Flame Of Heaven"],"picked":"ats:Ignite","floor":13}],"player_experience":378840,"relics_obtained":[{"floor":10,"key":"ats:Originium"},{"floor":10,"key":"Lantern"}],"event_choices":[{"damage_healed":0,"gold_gain":0,"player_choice":"Got Potions","damage_taken":0,"max_hp_gain":0,"max_hp_loss":0,"event_name":"Lab","floor":2,"gold_loss":0},{"damage_healed":0,"gold_gain":0,"player_choice":"Leave","damage_taken":0,"max_hp_gain":0,"max_hp_loss":0,"event_name":"The Cleric","floor":8,"gold_loss":0},{"damage_healed":0,"gold_gain":30,"player_choice":"Searched \u00272\u0027 times","damage_taken":0,"max_hp_gain":0,"max_hp_loss":0,"event_name":"Dead Adventurer","floor":12,"gold_loss":0},{"damage_healed":0,"gold_gain":0,"player_choice":"Upgraded","damage_taken":0,"max_hp_gain":0,"max_hp_loss":0,"event_name":"Upgrade Shrine","floor":14,"gold_loss":0,"cards_upgraded":["ats:Apocalypse"]}],"is_beta":false,"boss_relics":[],"items_purged_floors":[7],"is_endless":false,"potions_floor_spawned":[1,11],"killed_by":"The Guardian","ascension_level":0}}