{"host":"acpsw8r33r8788yr","time":1609032111,"event":{"mods":["BaseMod","Better Altar","Better Skull","Better Third Choice","BetterRewards","Colored Map","Downfall","Hermit","Highlight Path","Hubris","Minty Spire (QoL Compilation)","Quick Restart","Replay The Spire","Robot Space Explorer","Shop Mod","StSLib","The Animator","The Bug Knight","The Construct","The Cursed","The Disciple","The Jungle","The Runesmith","The Senshi"],"gold_per_floor":[119,119,129,94,112,112,112],"floor_reached":6,"playtime":186,"items_purged":[],"score":36,"play_id":"fb36cfc1-97c1-486b-beeb-5b5c20f71e59","local_time":"20201226172151","is_ascension_mode":false,"campfire_choices":[],"circlet_count":0,"master_deck":["HollowMod:NailStrikeStart","HollowMod:NailStrikeStart","HollowMod:NailStrikeStart","HollowMod:NailStrikeStart","HollowMod:QuickDashStart+1","HollowMod:QuickDashStart","HollowMod:QuickDashStart","HollowMod:QuickDashStart+1","HollowMod:FocusHealStart","HollowMod:PogoStrike","HollowMod:LifebloodCocoon","HollowMod:NewLittleFool","HollowMod:FallenFury","HollowMod:DashSlash"],"relics":["HollowMod:VesselMask","NeowsBlessing","War Paint","Anchor","Replay:Rubber Ducky","Oddly Smooth Stone"],"acts_visited":["Exordium"],"potions_floor_usage":[6],"damage_taken":[{"damage":0,"enemies":"Jaw Worm","floor":1,"turns":1},{"damage":0,"enemies":"Cultist","floor":3,"turns":1},{"damage":0,"enemies":"Small Slimes","floor":5,"turns":1},{"damage":1,"enemies":"Gremlin Nob","floor":6,"turns":3}],"seed_played":"-6212671296988309857","potions_obtained":[{"floor":3,"key":"hexamod:EctoCoolerPotion"}],"is_trial":false,"path_per_floor":["M","?","M","$","M","E"],"character_chosen":"THE_BUGKNIGHT","items_purchased":["HollowMod:FallenFury"],"campfire_rested":0,"item_purchase_floors":[4],"current_hp_per_floor":[75,6,6,6,6,5,5],"gold":112,"neow_bonus":"THREE_ENEMY_KILL","is_daily":false,"chose_seed":false,"campfire_upgraded":0,"win_rate":0.0,"timestamp":1609032111,"path_taken":["M","?","?","$","M","E"],"items_purchased_type":["Card"],"build_version":"2020-12-22","purchased_purges":0,"victory":false,"max_hp_per_floor":[75,75,75,75,75,75,75],"card_choices":[{"not_picked":["HollowMod:HowlingWraiths","HollowMod:TaintedHusks"],"picked":"HollowMod:LifebloodCocoon","floor":1},{"not_picked":["HollowMod:ShadowDash","HollowMod:InfectedCysts"],"picked":"HollowMod:NewLittleFool","floor":3},{"not_picked":["HollowMod:SoulStrike","HollowMod:HeavyBlow"],"picked":"HollowMod:DashSlash","floor":5}],"player_experience":406898,"relics_obtained":[],"event_choices":[{"damage_healed":0,"gold_gain":0,"player_choice":"RE RE RE RE ","damage_taken":77,"relics_obtained":["War Paint","Anchor","Replay:Rubber Ducky","Oddly Smooth Stone"],"max_hp_gain":0,"max_hp_loss":0,"event_name":"betterSkull:BetterSkull","floor":2,"gold_loss":0,"cards_upgraded":[]}],"is_beta":false,"boss_relics":[],"items_purged_floors":[],"is_endless":false,"potions_floor_spawned":[3],"killed_by":"Gremlin Nob","ascension_level":0}}