{"host":"hzhtv7n0nkrnil9f","time":1609087718,"event":{"mods":["AchievementEnabler","BaseMod","Colored Map","Minty Spire (QoL Compilation)","Permanent Neow"],"gold_per_floor":[111,36,36,50,50,62,91,91,144,144,173,173,199,199,199,296,296,309,185,185,150,164,198,198,212,212,212,262,262,278,306,306,410,410,429,442,492,511,74,108,158,208,235,235,270,286,317,336,336,336,336],"floor_reached":50,"playtime":3876,"items_purged":["Strike_R","Defend_R","Second Wind"],"score":692,"play_id":"61b69328-b425-45c2-b3e1-d9202152cd72","local_time":"20201227174838","is_ascension_mode":true,"campfire_choices":[{"data":"Armaments","floor":8,"key":"SMITH"},{"data":"Feel No Pain","floor":10,"key":"SMITH"},{"data":"Strike_R","floor":12,"key":"PURGE"},{"data":"Regret","floor":15,"key":"PURGE"},{"data":"Strike_R","floor":24,"key":"PURGE"},{"data":"Defend_R","floor":27,"key":"PURGE"},{"data":"Evolve","floor":29,"key":"SMITH"},{"floor":32,"key":"REST"},{"floor":44,"key":"RECALL"},{"floor":49,"key":"REST"}],"circlet_count":0,"master_deck":["Defend_R","Defend_R","Bash","Armaments+1","Reaper","Carnage","Feel No Pain+1","Uppercut","Evolve+1","Shrug It Off","Bite","Bite","Bite","Bite","Bite","Infernal Blade","Limit Break","Madness","Madness","Shrug It Off","Mayhem","Fire Breathing","Corruption","Shrug It Off+1"],"relics":["Busted Crown","Juzu Bracelet","Shuriken","Dream Catcher","Peace Pipe","Centennial Puzzle","PreservedInsect","Mark of Pain","SsserpentHead","Unceasing Top","Toy Ornithopter","Pen Nib","Bottled Lightning","Philosopher\u0027s Stone","MealTicket","Self Forming Clay","Strawberry"],"acts_visited":["Exordium","TheCity","TheBeyond"],"potions_floor_usage":[18,23,30,31,38,40,45,45,47,50],"damage_taken":[{"damage":3,"enemies":"Small Slimes","floor":1,"turns":3},{"damage":1,"enemies":"Cultist","floor":4,"turns":3},{"damage":4,"enemies":"2 Louse","floor":6,"turns":3},{"damage":2,"enemies":"3 Sentries","floor":7,"turns":10},{"damage":7,"enemies":"Gremlin Nob","floor":11,"turns":3},{"damage":9,"enemies":"3 Sentries","floor":13,"turns":8},{"damage":43,"enemies":"Hexaghost","floor":16,"turns":7},{"damage":18,"enemies":"3 Byrds","floor":18,"turns":8},{"damage":25,"enemies":"2 Thieves","floor":22,"turns":4},{"damage":18,"enemies":"Gremlin Leader","floor":23,"turns":3},{"damage":23,"enemies":"3 Cultists","floor":25,"turns":7},{"damage":18,"enemies":"Centurion and Healer","floor":30,"turns":4},{"damage":29,"enemies":"Slavers","floor":31,"turns":5},{"damage":15,"enemies":"Champ","floor":33,"turns":10},{"damage":29,"enemies":"3 Shapes","floor":35,"turns":4},{"damage":12,"enemies":"Orb Walker","floor":36,"turns":2},{"damage":32,"enemies":"Jaw Worm Horde","floor":38,"turns":5},{"damage":22,"enemies":"Reptomancer","floor":40,"turns":5},{"damage":29,"enemies":"Nemesis","floor":45,"turns":5},{"damage":25,"enemies":"Writhing Mass","floor":46,"turns":4},{"damage":38,"enemies":"Reptomancer","floor":47,"turns":4},{"damage":27,"enemies":"4 Shapes","floor":48,"turns":4},{"damage":78,"enemies":"Time Eater","floor":50,"turns":9}],"seed_played":"-3937916322169434840","potions_obtained":[{"floor":4,"key":"HeartOfIron"},{"floor":6,"key":"Ancient Potion"},{"floor":11,"key":"GamblersBrew"},{"floor":22,"key":"Ancient Potion"},{"floor":23,"key":"SkillPotion"},{"floor":31,"key":"Strength Potion"},{"floor":36,"key":"HeartOfIron"},{"floor":40,"key":"SneckoOil"},{"floor":45,"key":"Fruit Juice"},{"floor":48,"key":"ColorlessPotion"}],"is_trial":false,"path_per_floor":["M","$","?","M","?","M","E","R","T","R","E","R","E","?","R","B",null,"M","$","?","?","M","E","R","M","T","R","?","R","M","E","R","B",null,"M","M","?","M","$","E","?","?","T","R","E","M","E","M","R","B"],"character_chosen":"IRONCLAD","items_purchased":["Shrug It Off","Shrug It Off","Mayhem","Fire Breathing"],"campfire_rested":2,"item_purchase_floors":[19,39,39,39],"current_hp_per_floor":[77,77,77,80,62,68,78,78,78,78,73,73,74,74,74,31,80,66,66,66,66,49,37,37,29,29,29,29,29,36,34,50,52,56,33,28,21,18,18,28,28,49,49,49,34,27,22,15,33,0,0],"gold":336,"neow_bonus":"BOSS_RELIC","is_daily":false,"chose_seed":false,"campfire_upgraded":3,"win_rate":0.0,"timestamp":1609087718,"path_taken":["M","$","?","?","?","M","E","R","T","R","E","R","E","?","R","BOSS","M","$","?","?","M","E","R","M","T","R","?","R","M","E","R","BOSS","M","M","?","M","$","E","?","?","T","R","E","M","E","M","R","BOSS"],"items_purchased_type":["Card","Card","Card","Card"],"build_version":"2020-12-22","purchased_purges":3,"victory":false,"max_hp_per_floor":[80,80,80,80,80,80,80,80,80,80,80,80,80,80,80,80,80,80,80,80,80,80,80,80,80,80,80,56,56,56,56,56,56,56,56,56,56,56,56,56,56,49,49,49,54,54,61,61,61,61,61],"card_choices":[{"not_picked":[],"picked":"Armaments","floor":1},{"not_picked":[],"picked":"Carnage","floor":4},{"not_picked":[],"picked":"Feel No Pain","floor":6},{"not_picked":[],"picked":"Uppercut","floor":7},{"not_picked":["Flex"],"picked":"SKIP","floor":11},{"not_picked":[],"picked":"Evolve","floor":13},{"not_picked":["Dropkick"],"picked":"SKIP","floor":18},{"not_picked":["Twin Strike"],"picked":"SKIP","floor":22},{"not_picked":[],"picked":"Second Wind","floor":23},{"not_picked":["Headbutt"],"picked":"SKIP","floor":25},{"not_picked":[],"picked":"Infernal Blade","floor":30},{"not_picked":["Pommel Strike"],"picked":"SKIP","floor":31},{"not_picked":[],"picked":"Limit Break","floor":33},{"not_picked":["Twin Strike"],"picked":"SKIP","floor":35},{"not_picked":["Heavy Blade"],"picked":"SKIP","floor":36},{"not_picked":["Sever Soul+1"],"picked":"SKIP","floor":38},{"not_picked":["Cleave"],"picked":"SKIP","floor":40},{"not_picked":[],"picked":"Corruption","floor":45},{"not_picked":["Iron Wave"],"picked":"SKIP","floor":46},{"not_picked":["Sword Boomerang"],"picked":"SKIP","floor":47},{"not_picked":[],"picked":"Shrug It Off+1","floor":48}],"player_experience":186151,"relics_obtained":[{"floor":7,"key":"Shuriken"},{"floor":9,"key":"Dream Catcher"},{"floor":11,"key":"Peace Pipe"},{"floor":13,"key":"Centennial Puzzle"},{"floor":23,"key":"Toy Ornithopter"},{"floor":26,"key":"Pen Nib"},{"floor":31,"key":"Bottled Lightning"},{"floor":40,"key":"MealTicket"},{"floor":45,"key":"Self Forming Clay"},{"floor":47,"key":"Strawberry"}],"event_choices":[{"damage_healed":0,"gold_gain":0,"cards_transformed":["Strike_R"],"player_choice":"Transformed","damage_taken":0,"max_hp_gain":0,"max_hp_loss":0,"event_name":"Transmorgrifier","floor":3,"gold_loss":0,"cards_obtained":["Reaper"]},{"damage_healed":0,"gold_gain":0,"player_choice":"Success","damage_taken":18,"relics_obtained":["Juzu Bracelet"],"max_hp_gain":0,"max_hp_loss":0,"event_name":"Scrap Ooze","floor":5,"gold_loss":0},{"damage_healed":0,"gold_gain":0,"player_choice":"Box","damage_taken":0,"relics_obtained":["PreservedInsect"],"max_hp_gain":0,"max_hp_loss":0,"event_name":"Big Fish","floor":14,"gold_loss":0,"cards_obtained":["Regret"]},{"damage_healed":0,"gold_gain":0,"player_choice":"Trade","damage_taken":0,"relics_obtained":["SsserpentHead"],"max_hp_gain":0,"max_hp_loss":0,"event_name":"FaceTrader","floor":20,"gold_loss":0},{"damage_healed":0,"gold_gain":0,"player_choice":"Obtained Relic","damage_taken":0,"relics_obtained":["Unceasing Top"],"max_hp_gain":0,"max_hp_loss":0,"event_name":"Addict","floor":21,"gold_loss":85},{"damage_healed":0,"gold_gain":0,"player_choice":"Became a vampire","damage_taken":0,"max_hp_gain":0,"max_hp_loss":24,"event_name":"Vampires","floor":28,"gold_loss":0,"cards_obtained":["Bite","Bite","Bite","Bite","Bite"]},{"damage_healed":0,"gold_gain":0,"player_choice":"Embrace Madness","damage_taken":7,"max_hp_gain":0,"max_hp_loss":0,"event_name":"Winding Halls","floor":37,"gold_loss":0,"cards_obtained":["Madness","Madness"]},{"damage_healed":0,"gold_gain":0,"player_choice":"Ignored","damage_taken":0,"max_hp_gain":0,"max_hp_loss":0,"event_name":"SecretPortal","floor":41,"gold_loss":0},{"damage_healed":49,"gold_gain":0,"player_choice":"Heal","damage_taken":0,"max_hp_gain":0,"max_hp_loss":7,"event_name":"The Moai Head","floor":42,"gold_loss":0}],"is_beta":false,"boss_relics":[{"not_picked":["Runic Cube","Astrolabe"],"picked":"Mark of Pain"},{"not_picked":["Empty Cage","Snecko Eye"],"picked":"Philosopher\u0027s Stone"}],"items_purged_floors":[2,19,39],"is_endless":false,"potions_floor_spawned":[4,6,11,13,22,23,31,36,40,45,48],"killed_by":"Time Eater","ascension_level":2}}