{"host":"2qv44oxt58ptq59r","time":1609097184,"event":{"mods":["AchievementEnabler","BaseMod","Colored Powertips","Highlight Path","Minty Spire (QoL Compilation)","Permanent Neow","StSLib"],"gold_per_floor":[114,127,127,41,51,51,79,96,96,119,149,164,176,226,226,328,328,344,344,362,382,395,395,410,17,42,42,55,71,19,30,30,30,30],"floor_reached":33,"playtime":12641,"items_purged":[],"score":263,"play_id":"3f17ddd3-1ab5-47ad-9454-bf29971b49b8","local_time":"20201227192624","is_ascension_mode":false,"campfire_choices":[{"data":"Bash","floor":6,"key":"SMITH"},{"floor":15,"key":"REST"},{"floor":23,"key":"RECALL"},{"floor":32,"key":"REST"}],"circlet_count":0,"master_deck":["Strike_R","Strike_R","Strike_R","Defend_R","Defend_R+1","Defend_R+1","Defend_R","Bash+1","Whirlwind","Spot Weakness","Blind","Clothesline","Power Through","Intimidate","Intimidate","Wild Strike","Reaper","Pommel Strike","Battle Trance","Feed","Inflame","Uppercut","Fire Breathing","Searing Blow+1","Sword Boomerang+1"],"relics":["Burning Blood","Potion Belt","Odd Mushroom","Mummified Hand","Busted Crown","Juzu Bracelet","MutagenicStrength"],"acts_visited":["Exordium","TheCity"],"potions_floor_usage":[7,10,10,18,21,21,22,28,28,31,31],"damage_taken":[{"damage":1,"enemies":"Cultist","floor":1,"turns":3},{"damage":8,"enemies":"Jaw Worm","floor":2,"turns":4},{"damage":0,"enemies":"2 Louse","floor":5,"turns":3},{"damage":14,"enemies":"3 Sentries","floor":7,"turns":8},{"damage":20,"enemies":"Large Slime","floor":8,"turns":6},{"damage":11,"enemies":"The Mushroom Lair","floor":10,"turns":5},{"damage":22,"enemies":"Lagavulin","floor":11,"turns":8},{"damage":1,"enemies":"Exordium Wildlife","floor":12,"turns":5},{"damage":10,"enemies":"2 Fungi Beasts","floor":13,"turns":3},{"damage":25,"enemies":"The Guardian","floor":16,"turns":15},{"damage":7,"enemies":"Shell Parasite","floor":18,"turns":6},{"damage":15,"enemies":"Spheric Guardian","floor":20,"turns":5},{"damage":7,"enemies":"Centurion and Healer","floor":21,"turns":8},{"damage":26,"enemies":"Cultist and Chosen","floor":22,"turns":8},{"damage":25,"enemies":"Snake Plant","floor":24,"turns":6},{"damage":3,"enemies":"Shelled Parasite and Fungi","floor":28,"turns":5},{"damage":12,"enemies":"Snecko","floor":29,"turns":5},{"damage":12,"enemies":"Centurion and Healer","floor":31,"turns":5},{"damage":96,"enemies":"Collector","floor":33,"turns":10}],"seed_played":"-970754026256197352","potions_obtained":[{"floor":1,"key":"FearPotion"},{"floor":2,"key":"Block Potion"},{"floor":8,"key":"Swift Potion"},{"floor":13,"key":"Energy Potion"},{"floor":18,"key":"SpeedPotion"},{"floor":20,"key":"HeartOfIron"},{"floor":21,"key":"GamblersBrew"},{"floor":24,"key":"Dexterity Potion"}],"is_trial":false,"path_per_floor":["M","M","?","$","M","R","E","M","T","?","E","M","M","?","R","B",null,"M","?","M","M","M","R","M","$","T","?","M","M","$","M","R","B"],"character_chosen":"IRONCLAD","items_purchased":["Blind","Feed","Inflame","Uppercut","ColorlessPotion","SteroidPotion","Strength Potion"],"campfire_rested":2,"item_purchase_floors":[4,25,25,25,25,25,30],"current_hp_per_floor":[80,78,62,62,68,68,60,46,46,41,25,30,26,26,50,31,80,79,79,70,74,60,60,45,45,45,45,51,54,54,59,84,0,0],"gold":30,"neow_bonus":"REMOVE_CARD","is_daily":false,"chose_seed":false,"campfire_upgraded":1,"win_rate":0.0,"timestamp":1609097184,"path_taken":["M","M","?","$","M","R","E","M","T","?","E","M","M","?","R","BOSS","M","?","M","M","M","R","M","$","T","?","M","M","?","M","R","BOSS"],"items_purchased_type":["Card","Card","Card","Card","Potion","Potion","Potion"],"build_version":"2020-12-22","purchased_purges":0,"victory":false,"max_hp_per_floor":[80,80,80,80,80,80,80,80,80,80,80,80,80,80,80,80,80,80,80,80,80,80,80,80,80,80,80,83,86,86,86,86,86,86],"card_choices":[{"not_picked":["Clash","Battle Trance"],"picked":"Whirlwind","floor":1},{"not_picked":["Burning Pact","Warcry"],"picked":"Spot Weakness","floor":2},{"not_picked":["Burning Pact","Whirlwind"],"picked":"Clothesline","floor":5},{"not_picked":["Whirlwind","Anger","Corruption"],"picked":"SKIP","floor":7},{"not_picked":["Cleave","Twin Strike"],"picked":"Power Through","floor":8},{"not_picked":["Spot Weakness","Exhume"],"picked":"Intimidate","floor":11},{"not_picked":["Pummel","Anger"],"picked":"Intimidate","floor":12},{"not_picked":["Shrug It Off","Entrench"],"picked":"Wild Strike","floor":13},{"not_picked":["Double Tap","Offering"],"picked":"Reaper","floor":16},{"not_picked":[],"picked":"Pommel Strike","floor":18},{"not_picked":["Clothesline"],"picked":"SKIP","floor":20},{"not_picked":["Anger"],"picked":"SKIP","floor":21},{"not_picked":["Flex"],"picked":"SKIP","floor":22},{"not_picked":[],"picked":"Battle Trance","floor":24},{"not_picked":[],"picked":"Fire Breathing","floor":28},{"not_picked":[],"picked":"Searing Blow+1","floor":29},{"not_picked":[],"picked":"Sword Boomerang+1","floor":31}],"player_experience":5031905,"relics_obtained":[{"floor":7,"key":"Potion Belt"},{"floor":10,"key":"Odd Mushroom"},{"floor":11,"key":"Mummified Hand"},{"floor":26,"key":"Juzu Bracelet"}],"event_choices":[{"damage_healed":0,"gold_gain":0,"player_choice":"Entered Light","damage_taken":16,"max_hp_gain":0,"max_hp_loss":0,"event_name":"Shining Light","floor":3,"gold_loss":0,"cards_upgraded":["Defend_R","Defend_R"]},{"damage_healed":0,"gold_gain":0,"player_choice":"Fought Mushrooms","damage_taken":0,"max_hp_gain":0,"max_hp_loss":0,"event_name":"Mushrooms","floor":10,"gold_loss":0},{"damage_healed":0,"gold_gain":50,"player_choice":"Gained Gold","damage_taken":0,"max_hp_gain":0,"max_hp_loss":0,"event_name":"Golden Wing","floor":14,"gold_loss":0},{"cards_removed":["Strike_R"],"damage_healed":0,"gold_gain":0,"player_choice":"Elegance","damage_taken":0,"max_hp_gain":0,"max_hp_loss":0,"event_name":"Back to Basics","floor":19,"gold_loss":0},{"damage_healed":0,"gold_gain":0,"player_choice":"Inject Mutagens","damage_taken":0,"relics_obtained":["MutagenicStrength"],"max_hp_gain":0,"max_hp_loss":0,"event_name":"Drug Dealer","floor":27,"gold_loss":0}],"is_beta":false,"boss_relics":[{"not_picked":["Calling Bell","Snecko Eye"],"picked":"Busted Crown"}],"items_purged_floors":[],"is_endless":false,"potions_floor_spawned":[1,2,8,13,18,20,21,24],"killed_by":"Collector","ascension_level":0}}