{"host":"31s8hzukbhz1k6i6","time":1609095507,"event":{"mods":["BaseMod","Colored Map","Minty Spire (QoL Compilation)","Relic Stats","UnlockEverythingMod"],"gold_per_floor":[113,113,124,124,53,53,84,112,112,147,147,164,198,208,208,208,208],"floor_reached":16,"playtime":712,"items_purged":[],"score":136,"play_id":"8e46d426-5ce5-491d-858f-e129d38daaac","local_time":"20201227105827","is_ascension_mode":true,"campfire_choices":[{"data":"Rampage","floor":6,"key":"SMITH"},{"data":"Burning Pact","floor":11,"key":"SMITH"},{"data":"Corruption","floor":15,"key":"SMITH"}],"circlet_count":0,"master_deck":["Strike_R","Strike_R","Strike_R","Strike_R","Strike_R","Defend_R","Defend_R","Defend_R","Bash","Offering","Thunderclap","Rampage+1","Burning Pact+1","Spot Weakness","Feel No Pain","Immolate","Shrug It Off","Corruption+1","Feel No Pain"],"relics":["Burning Blood","White Beast Statue","Blood Vial","Odd Mushroom","Sundial","Dream Catcher","MealTicket"],"acts_visited":["Exordium"],"potions_floor_usage":[7,10,10,13,16],"damage_taken":[{"damage":8,"enemies":"Jaw Worm","floor":1,"turns":2},{"damage":0,"enemies":"Small Slimes","floor":3,"turns":3},{"damage":21,"enemies":"Gremlin Nob","floor":7,"turns":3},{"damage":25,"enemies":"The Mushroom Lair","floor":8,"turns":4},{"damage":25,"enemies":"Lagavulin","floor":10,"turns":6},{"damage":0,"enemies":"2 Louse","floor":12,"turns":1},{"damage":16,"enemies":"3 Sentries","floor":13,"turns":4},{"damage":9,"enemies":"Looter","floor":14,"turns":3},{"damage":30,"enemies":"Slime Boss","floor":16,"turns":7}],"seed_played":"-7442364667148392581","potions_obtained":[{"floor":1,"key":"DistilledChaos"},{"floor":3,"key":"Swift Potion"},{"floor":7,"key":"Ancient Potion"},{"floor":8,"key":"Energy Potion"},{"floor":10,"key":"Fire Potion"},{"floor":12,"key":"BlessingOfTheForge"},{"floor":13,"key":"Weak Potion"}],"is_trial":false,"path_per_floor":["M","?","M","?","$","R","E","?","T","E","R","M","E","M","R","B"],"character_chosen":"IRONCLAD","items_purchased":["Burning Pact"],"campfire_rested":0,"item_purchase_floors":[5],"current_hp_per_floor":[78,71,77,77,77,77,62,45,45,28,28,36,28,27,27,0,0],"gold":208,"neow_bonus":"ONE_RANDOM_RARE_CARD","is_daily":false,"chose_seed":false,"campfire_upgraded":3,"win_rate":0.0,"timestamp":1609095507,"path_taken":["M","?","M","?","$","R","E","?","T","E","R","M","E","M","R","BOSS"],"items_purchased_type":["Card"],"build_version":"2020-12-22","purchased_purges":0,"victory":false,"max_hp_per_floor":[80,80,80,80,80,80,80,80,80,80,80,80,80,80,80,80,80],"relic_stats":{"Blood Vial":12,"Dream Catcher":0,"counters":[9,33],"Sundial":[4],"MealTicket":0,"obtain_stats":[{"Blood Vial":7,"Dream Catcher":10,"Sundial":9,"MealTicket":13,"Odd Mushroom":8,"Burning Blood":0,"White Beast Statue":2},{"Blood Vial":3,"Dream Catcher":5,"Sundial":4,"MealTicket":7,"Odd Mushroom":4,"Burning Blood":0,"White Beast Statue":1},{"Blood Vial":8,"Dream Catcher":18,"Sundial":12,"MealTicket":23,"Odd Mushroom":12,"Burning Blood":0,"White Beast Statue":2}],"Burning Blood":48},"card_choices":[{"not_picked":["Seeing Red","Perfected Strike"],"picked":"Thunderclap","floor":1},{"not_picked":["Bloodletting","Warcry","Iron Wave"],"picked":"SKIP","floor":3},{"not_picked":["Anger","Rage"],"picked":"Spot Weakness","floor":7},{"not_picked":["Carnage","Entrench"],"picked":"Feel No Pain","floor":8},{"not_picked":["Evolve","Warcry"],"picked":"Immolate","floor":10},{"not_picked":["Second Wind","Clash"],"picked":"Shrug It Off","floor":12},{"not_picked":["Twin Strike","Heavy Blade"],"picked":"Corruption","floor":13},{"not_picked":["Heavy Blade","Flame Barrier"],"picked":"Feel No Pain","floor":14}],"player_experience":30125,"relics_obtained":[{"floor":7,"key":"Blood Vial"},{"floor":8,"key":"Odd Mushroom"},{"floor":9,"key":"Sundial"},{"floor":10,"key":"Dream Catcher"},{"floor":13,"key":"MealTicket"}],"event_choices":[{"damage_healed":0,"gold_gain":0,"player_choice":"Success","damage_taken":7,"relics_obtained":["White Beast Statue"],"max_hp_gain":0,"max_hp_loss":0,"event_name":"Scrap Ooze","floor":2,"gold_loss":0},{"damage_healed":0,"gold_gain":0,"cards_transformed":["Defend_R"],"player_choice":"Change","damage_taken":0,"max_hp_gain":0,"max_hp_loss":0,"event_name":"Living Wall","floor":4,"gold_loss":0,"cards_obtained":["Rampage"]},{"damage_healed":0,"gold_gain":0,"player_choice":"Fought Mushrooms","damage_taken":0,"max_hp_gain":0,"max_hp_loss":0,"event_name":"Mushrooms","floor":8,"gold_loss":0}],"is_beta":false,"boss_relics":[],"items_purged_floors":[],"is_endless":false,"potions_floor_spawned":[1,3,7,8,10,12,13,14],"killed_by":"Slime Boss","ascension_level":3}}