{"host":"dcj2yvrgcvh5dl2s","time":1609052440,"event":{"mods":["BaseMod","Better Note","Block Reminder","Colored Powertips","DeckTracker","Minty Spire (QoL Compilation)","Quick Restart","Rare Cards Sparkle","Relic Stats","StSLib"],"gold_per_floor":[12,12,12,24,24,24,54,65,90,90,90],"floor_reached":10,"playtime":398,"items_purged":[],"score":119,"play_id":"2c69b533-e28b-4a1a-89cd-e4ecc9ee74c4","local_time":"20201227170040","is_ascension_mode":true,"campfire_choices":[{"floor":6,"key":"REST"}],"circlet_count":0,"master_deck":["AscendersBane","Strike_R","Strike_R","Strike_R","Defend_R","Defend_R","Defend_R","Defend_R","Bash","Body Slam+1","Sword Boomerang","Shrug It Off","Searing Blow","Pummel"],"relics":["Burning Blood","Centennial Puzzle","Bag of Marbles","Blood Vial"],"acts_visited":["Exordium"],"potions_floor_usage":[],"damage_taken":[{"damage":13,"enemies":"Jaw Worm","floor":1,"turns":4},{"damage":0,"enemies":"2 Louse","floor":4,"turns":2},{"damage":24,"enemies":"3 Sentries","floor":7,"turns":9},{"damage":1,"enemies":"Cultist","floor":8,"turns":3},{"damage":40,"enemies":"Lagavulin","floor":10,"turns":6}],"seed_played":"4714304348312127415","potions_obtained":[],"is_trial":false,"path_per_floor":["M","$","?","M","?","R","E","M","T","E"],"character_chosen":"IRONCLAD","items_purchased":[],"campfire_rested":1,"item_purchase_floors":[],"current_hp_per_floor":[61,61,61,67,22,44,26,31,31,0,0],"gold":90,"neow_bonus":"TRANSFORM_TWO_CARDS","is_daily":false,"chose_seed":false,"campfire_upgraded":0,"win_rate":0.0,"timestamp":1609052440,"path_taken":["M","$","?","M","?","R","E","M","T","E"],"items_purchased_type":[],"build_version":"2020-12-22","purchased_purges":0,"victory":false,"max_hp_per_floor":[75,75,75,75,75,75,75,75,75,75,75],"relic_stats":{"Blood Vial":2,"Centennial Puzzle":[9],"counters":[5,24],"obtain_stats":[{"Blood Vial":9,"Centennial Puzzle":5,"Bag of Marbles":7,"Burning Blood":0},{"Blood Vial":4,"Centennial Puzzle":2,"Bag of Marbles":3,"Burning Blood":0},{"Blood Vial":18,"Centennial Puzzle":6,"Bag of Marbles":15,"Burning Blood":0}],"Burning Blood":24},"card_choices":[{"not_picked":["Wild Strike","Reckless Charge"],"picked":"Shrug It Off","floor":1},{"not_picked":["Dark Embrace","Anger"],"picked":"Searing Blow","floor":4},{"not_picked":["Impervious","Warcry"],"picked":"Pummel","floor":7},{"not_picked":["Clash","Clothesline","Cleave"],"picked":"SKIP","floor":8}],"player_experience":2059033,"relics_obtained":[{"floor":7,"key":"Bag of Marbles"},{"floor":9,"key":"Blood Vial"}],"event_choices":[{"damage_healed":0,"gold_gain":0,"player_choice":"Grow","damage_taken":0,"max_hp_gain":0,"max_hp_loss":0,"event_name":"Living Wall","floor":3,"gold_loss":0,"cards_upgraded":["Body Slam"]},{"damage_healed":0,"gold_gain":0,"player_choice":"Success","damage_taken":45,"relics_obtained":["Centennial Puzzle"],"max_hp_gain":0,"max_hp_loss":0,"event_name":"Scrap Ooze","floor":5,"gold_loss":0}],"is_beta":false,"boss_relics":[],"items_purged_floors":[],"is_endless":false,"potions_floor_spawned":[],"killed_by":"Lagavulin","ascension_level":16}}