{"host":"kig4ty9d1aubg29s","time":1609050573,"event":{"mods":["BaseMod","Minty Spire (QoL Compilation)","READ ME - Guardian Mod","READ ME - Snecko Mod","StSLib","The Cursed","The Gatherer","The Hierophant","The Runesmith"],"gold_per_floor":[111,111,36,55,73,102,118,118,118,118,193,208,235,247,247,319,319,331,331,345,295,309,309,309],"floor_reached":23,"playtime":1630,"items_purged":[],"score":365,"play_id":"6ed8ef25-62b5-4d85-a9ad-fc8fddb8b27b","local_time":"20201227152933","is_ascension_mode":true,"campfire_choices":[{"floor":8,"key":"REST"},{"floor":10,"key":"REST"},{"floor":15,"key":"REST"}],"circlet_count":0,"master_deck":["AscendersBane","Strike_G","Strike_G","Strike_G","Strike_G","Strike_G","Defend_G","Defend_G+1","Defend_G","Defend_G","Defend_G","Survivor","Neutralize","Mayhem","Crippling Poison","Blade Dance","Distraction","Noxious Fumes","Backstab","Deadly Poison","Outmaneuver+1","Phantasmal Killer","Flying Knee","Dagger Spray+1","Poisoned Stab"],"relics":["Ring of the Snake","Anchor","Ninja Scroll","Pocketwatch","WristBlade"],"acts_visited":["Exordium","TheCity"],"potions_floor_usage":[6,13,16,20],"damage_taken":[{"damage":4,"enemies":"Cultist","floor":1,"turns":5},{"damage":7,"enemies":"Small Slimes","floor":4,"turns":5},{"damage":1,"enemies":"2 Louse","floor":5,"turns":4},{"damage":24,"enemies":"Gremlin Nob","floor":6,"turns":4},{"damage":4,"enemies":"Large Slime","floor":7,"turns":7},{"damage":19,"enemies":"Exordium Thugs","floor":12,"turns":7},{"damage":7,"enemies":"3 Sentries","floor":13,"turns":5},{"damage":6,"enemies":"Blue Slaver","floor":14,"turns":3},{"damage":38,"enemies":"Hexaghost","floor":16,"turns":11},{"damage":6,"enemies":"3 Byrds","floor":18,"turns":4},{"damage":9,"enemies":"2 Thieves","floor":20,"turns":4},{"damage":33,"enemies":"Snake Plant","floor":22,"turns":5},{"damage":15,"enemies":"Gremlin Leader","floor":23,"turns":3}],"seed_played":"8956600090779590703","potions_obtained":[{"floor":1,"key":"DuplicationPotion"},{"floor":6,"key":"Block Potion"},{"floor":7,"key":"BlessingOfTheForge"},{"floor":16,"key":"Weak Potion"},{"floor":20,"key":"LiquidBronze"}],"is_trial":false,"path_per_floor":["M","?","?","M","M","E","M","R","T","R","?","M","E","M","R","B",null,"M","?","M","?","M","E"],"character_chosen":"THE_SILENT","items_purchased":[],"campfire_rested":3,"item_purchase_floors":[],"current_hp_per_floor":[55,60,60,53,52,28,24,45,45,66,55,36,29,23,44,6,55,49,49,40,40,7,0,0],"gold":309,"neow_bonus":"RANDOM_COLORLESS_2","is_daily":false,"chose_seed":false,"campfire_upgraded":0,"win_rate":0.0,"timestamp":1609050573,"path_taken":["M","?","?","M","M","E","M","R","T","R","?","M","E","M","R","BOSS","M","?","M","?","?","E"],"items_purchased_type":[],"build_version":"2020-12-22","purchased_purges":0,"victory":false,"max_hp_per_floor":[66,71,71,71,71,71,71,71,71,71,71,71,71,71,71,71,71,71,71,71,71,71,71,71],"card_choices":[{"not_picked":["Metamorphosis","Magnetism"],"picked":"Mayhem","floor":0},{"not_picked":["Acrobatics","All Out Attack"],"picked":"Crippling Poison","floor":1},{"not_picked":["Finisher","Expertise","Concentrate"],"picked":"SKIP","floor":4},{"not_picked":["Heel Hook","Backflip"],"picked":"Blade Dance","floor":5},{"not_picked":["Dodge and Roll","PiercingWail"],"picked":"Distraction","floor":6},{"not_picked":["Slice","Infinite Blades"],"picked":"Noxious Fumes","floor":7},{"not_picked":["Malaise","Sucker Punch"],"picked":"Backstab","floor":12},{"not_picked":["Endless Agony","Reflex"],"picked":"Deadly Poison","floor":13},{"not_picked":["Endless Agony","Cloak And Dagger"],"picked":"Outmaneuver","floor":14},{"not_picked":["Malaise","Night Terror"],"picked":"Phantasmal Killer","floor":16},{"not_picked":["PiercingWail","Deflect"],"picked":"Flying Knee","floor":18},{"not_picked":["Underhanded Strike","Cloak And Dagger"],"picked":"Dagger Spray+1","floor":20},{"not_picked":["Expertise","Deflect"],"picked":"Poisoned Stab","floor":22}],"player_experience":1900132,"relics_obtained":[{"floor":6,"key":"Anchor"},{"floor":9,"key":"Ninja Scroll"},{"floor":13,"key":"Pocketwatch"}],"event_choices":[{"damage_healed":0,"gold_gain":0,"player_choice":"Donut","damage_taken":0,"max_hp_gain":5,"max_hp_loss":0,"event_name":"Big Fish","floor":2,"gold_loss":0},{"cards_removed":["Writhe"],"damage_healed":0,"gold_gain":0,"player_choice":"Card Removal","damage_taken":0,"max_hp_gain":0,"max_hp_loss":0,"event_name":"The Cleric","floor":3,"gold_loss":75},{"damage_healed":0,"gold_gain":75,"player_choice":"Gather Gold","damage_taken":11,"max_hp_gain":0,"max_hp_loss":0,"event_name":"World of Goop","floor":11,"gold_loss":0},{"damage_healed":0,"gold_gain":0,"player_choice":"Ignored","damage_taken":0,"max_hp_gain":0,"max_hp_loss":0,"event_name":"Ghosts","floor":19,"gold_loss":0},{"damage_healed":0,"gold_gain":0,"player_choice":"Upgraded Two","damage_taken":0,"max_hp_gain":0,"max_hp_loss":0,"event_name":"Designer","floor":21,"gold_loss":50,"cards_upgraded":["Outmaneuver","Defend_G"]}],"is_beta":false,"boss_relics":[{"not_picked":["SlaversCollar","SacredBark"],"picked":"WristBlade"}],"items_purged_floors":[],"is_endless":false,"potions_floor_spawned":[1,6,7,12,16,20],"killed_by":"Gremlin Leader","ascension_level":16}}