{"host":"jak4ncvfzor9mys0","time":1609060839,"event":{"mods":["2.2 Compatiblity","AchievementEnabler","BaseMod","Better Altar","Better Match","Better Note","Better Sensory Stone","Better Skull","Better Third Choice","BetterRewards","Block Reminder","Colored Map","Colored Powertips","Energized Spire","Gold Saver","Hubris","Infinite Spire","Key Reminder","Minty Spire (QoL Compilation)","Rare Cards Sparkle","Red Circlet Mod","Relic Sorter","Relic Stats","Replay The Spire","Retaliation","StSLib","SuperFastMode","The Blue Laboratory"],"gold_per_floor":[263,34,34,34,51,80,80,80,80,101,27,27,42,57,57,177,177,196,211,226,226,240,240,240],"floor_reached":23,"playtime":621,"items_purged":["Strike_G"],"score":193,"play_id":"876282f2-cb85-4f5c-a4cf-d6aedce086db","local_time":"20201227012039","is_ascension_mode":false,"campfire_choices":[{"data":"Accuracy","floor":7,"key":"SMITH"},{"floor":12,"key":"REST"},{"floor":15,"key":"REST"}],"circlet_count":0,"master_deck":["Strike_G","Strike_G","Strike_G","Strike_G","Defend_G","Defend_G","Defend_G","Defend_G","Defend_G","Survivor","Neutralize","Blade Dance","Accuracy+1","Backflip","Infinite Blades","Venomology","Blade Dance"],"relics":["Ring of the Snake","TheAbacus","Golden Idol","Counterbalance","Sozu","Black Star"],"acts_visited":["Exordium","TheCity"],"potions_floor_usage":[],"damage_taken":[{"damage":2,"enemies":"Small Slimes","floor":1,"turns":4},{"damage":1,"enemies":"Jaw Worm","floor":5,"turns":4},{"damage":41,"enemies":"Gremlin Nob","floor":6,"turns":6},{"damage":0,"enemies":"2 Louse","floor":10,"turns":2},{"damage":2,"enemies":"Large Slime","floor":13,"turns":4},{"damage":3,"enemies":"Exordium Wildlife","floor":14,"turns":5},{"damage":24,"enemies":"Slime Boss","floor":16,"turns":10},{"damage":2,"enemies":"Spheric Guardian","floor":18,"turns":4},{"damage":4,"enemies":"Shell Parasite","floor":19,"turns":5},{"damage":24,"enemies":"Centurion and Healer","floor":20,"turns":5},{"damage":30,"enemies":"Snake Plant","floor":22,"turns":7},{"damage":27,"enemies":"Slavers","floor":23,"turns":1}],"seed_played":"-6773208250885399783","potions_obtained":[],"is_trial":false,"path_per_floor":["M","$","?","?","M","E","R","?","T","M","$","R","M","M","R","B",null,"M","M","M","AVR","M","E"],"character_chosen":"THE_SILENT","items_purchased":["Accuracy","TheAbacus","Infinite Blades"],"campfire_rested":2,"item_purchase_floors":[2,2,11],"current_hp_per_floor":[75,75,80,80,79,38,38,38,38,38,38,60,58,55,76,52,76,74,70,46,46,16,0,0],"gold":240,"neow_bonus":"TEN_PERCENT_HP_BONUS","is_daily":false,"chose_seed":false,"campfire_upgraded":1,"win_rate":0.0,"timestamp":1609060839,"path_taken":["M","$","?","?","M","E","R","?","T","M","$","R","M","M","R","BOSS","M","M","M","AVR","M","E"],"items_purchased_type":["Card","Relic","Card"],"build_version":"2020-12-22","purchased_purges":1,"victory":false,"max_hp_per_floor":[77,77,82,82,82,82,82,76,76,76,76,76,76,76,76,76,76,76,76,76,76,76,76,76],"relic_stats":{"Sozu":2,"TheAbacus":[84],"counters":[12,57],"Golden Idol":47,"Black Star":0,"obtain_stats":[{"Sozu":17,"TheAbacus":2,"Golden Idol":8,"Counterbalance":9,"Black Star":21,"Ring of the Snake":0},{"Sozu":7,"TheAbacus":1,"Golden Idol":3,"Counterbalance":3,"Black Star":10,"Ring of the Snake":0},{"Sozu":35,"TheAbacus":4,"Golden Idol":14,"Counterbalance":14,"Black Star":49,"Ring of the Snake":0}],"Ring of the Snake":[24]},"card_choices":[{"not_picked":["Choke","Prepared"],"picked":"Blade Dance","floor":1},{"not_picked":["Dagger Throw","Underhanded Strike"],"picked":"Backflip","floor":5},{"not_picked":["Tactician","Acrobatics","Outmaneuver"],"picked":"SKIP","floor":6},{"not_picked":["Well Laid Plans","Outmaneuver","Bouncing Flask"],"picked":"SKIP","floor":10},{"not_picked":["Calculated Gamble","Bane","PiercingWail"],"picked":"SKIP","floor":13},{"not_picked":["hubris:SlightOfHand","Sucker Punch","Eviscerate"],"picked":"SKIP","floor":14},{"not_picked":["After Image","Burst"],"picked":"Venomology","floor":16},{"not_picked":["Endless Agony+1","hubris:Counter+1"],"picked":"Blade Dance","floor":18},{"not_picked":["Skewer","Hidden Blade","hubris:SlightOfHand"],"picked":"SKIP","floor":19},{"not_picked":["Concentrate","Endless Agony","Terror"],"picked":"SKIP","floor":20},{"not_picked":["Sucker Punch","Dodge and Roll","Slice"],"picked":"SKIP","floor":22}],"player_experience":2678919,"relics_obtained":[{"floor":9,"key":"Counterbalance"}],"event_choices":[{"damage_healed":0,"gold_gain":0,"player_choice":"Donut","damage_taken":0,"max_hp_gain":5,"max_hp_loss":0,"event_name":"Big Fish","floor":3,"gold_loss":0},{"damage_healed":0,"gold_gain":0,"player_choice":"Lose Max HP","damage_taken":0,"relics_obtained":["Golden Idol"],"max_hp_gain":0,"max_hp_loss":6,"event_name":"Golden Idol","floor":8,"gold_loss":0}],"is_beta":false,"boss_relics":[{"not_picked":["Replay:Grab Bag","energizedSpire:SpiderWeb"],"picked":"Sozu"}],"items_purged_floors":[21],"is_endless":false,"potions_floor_spawned":[1,13],"killed_by":"Slavers","ascension_level":0}}