{"host":"hfvpa4llnnjpeawn","time":1609095688,"event":{"mods":["2.2 Compatiblity","AchievementEnabler","Act Like it!","Aspiration","Bard","BaseMod","Beaked The Cultist","Better Sensory Stone","Better Skull","Better Third Choice","BetterRewards","CapriCore","Conspire","Downfall","Elementarium","Energized Spire","Hubris","Infinite Spire","Jorbs\u0027s Wanderer Trilogy","Minty Spire (QoL Compilation)","Replay The Spire","Shade Mod","Spicy Shops","StSLib","The Bladedancer","The Factory","The Gatherer","The Jungle","Waifu the Spire","Wandering Minibosses"],"gold_per_floor":[117,117,117,131,131,131,79,109,109,143,163,179,208,221,221,224,224,239,239,257,284,284,284,312,331,403,428,455,469,500,518,518,622,622,639,655,655,655,655,686,686,34,34,34,69,85,103,131,131,131],"floor_reached":51,"playtime":6959,"items_purged":["Shame","Force Field"],"score":1073,"play_id":"8ed70aaa-10ee-4be0-90af-12e2b30d2dc3","local_time":"20201227140128","is_ascension_mode":true,"campfire_choices":[{"data":"hubris:PowerSurge","floor":6.0,"key":"SMITH"},{"data":"Static Discharge","floor":15.0,"key":"SMITH"},{"data":"Consume","floor":23.0,"key":"SMITH"},{"data":"hubris:Fate","floor":32.0,"key":"SMITH"},{"data":"Loop","floor":41.0,"key":"SMITH"},{"data":"Caltrops","floor":44.0,"key":"SMITH"},{"floor":49,"key":"DIG"}],"circlet_count":0,"master_deck":["Dualcast+1","Streamline","expansioncontent:YouAreMine","conspire:SharedLibrary+1","Chill","Gash","hubris:PowerSurge+1","Steam","Gash","Core Surge","Static Discharge+1","Echo Form","Crystallizer","Doom and Gloom","Beam Cell","Consume+1","hubris:Fate+1","Scrape+1","aspiration:Polymerization","Amplify","Heatsinks","Loop+1","Reprogram+1","Gash","ReplayGash","Hologram+1","aspiration:Polymerization+1","Infinite Blades","hubris:Sniper","Caltrops+1","Barrage+1","ReplayGash"],"relics":["Cracked Core","Replay:Wax Seal","BargainBundle","Akabeko","Sling","White Beast Statue","Turnip","hubris:EmptyBottle","Snack Pack","Mummified Hand","infinitespire:Freezer","Anchor","Pandora\u0027s Box","Prayer Wheel","Runic Capacitor","Elementarium:GoldenMirage","Durian","hubris:Metronome","Mango","conspire:TopHat","Elementarium:ElementariumTrophy","hubris:TerracottaHorce","Smiling Mask","Cables","Replay:Rubber Ducky","hubris:PeanutButter","Mercury Hourglass","Meat on the Bone","Replay:Bandana","aspiration:EmptySkull"],"acts_visited":["Exordium","Exordium","TheBeyond"],"potions_floor_usage":[48],"damage_taken":[{"damage":0.0,"enemies":"conspire:RoseBush","floor":1.0,"turns":3.0},{"damage":0.0,"enemies":"Jaw Worm","floor":4.0,"turns":2.0},{"damage":0.0,"enemies":"Gremlin Nob","floor":8.0,"turns":2.0},{"damage":1.0,"enemies":"3 Sentries","floor":10.0,"turns":6.0},{"damage":1.0,"enemies":"Small Slimes","floor":11.0,"turns":2.0},{"damage":0.0,"enemies":"Looter","floor":12.0,"turns":1.0},{"damage":0.0,"enemies":"Replay:BlueRogue","floor":13.0,"turns":4.0},{"damage":0.0,"enemies":"3 Louse","floor":14.0,"turns":2.0},{"damage":3.0,"enemies":"The Guardian","floor":16.0,"turns":9.0},{"damage":0.0,"enemies":"Elementarium:MUD_AND_TAR_GOLEMS","floor":18.0,"turns":4.0},{"damage":0.0,"enemies":"Elementarium:2_ELEMENTALS","floor":20.0,"turns":3.0},{"damage":0.0,"enemies":"Elementarium:GOLDEN_STATUES","floor":21.0,"turns":2.0},{"damage":0.0,"enemies":"Elementarium:WarGolem","floor":24.0,"turns":3.0},{"damage":0.0,"enemies":"Elementarium:STONE_GOLEMS","floor":25.0,"turns":3.0},{"damage":0.0,"enemies":"Elementarium:ElementalPortal","floor":27.0,"turns":5.0},{"damage":0.0,"enemies":"Gremlin Leader","floor":28.0,"turns":5.0},{"damage":0.0,"enemies":"Elementarium:VOID_CORRUPTION_AND_ORB_OF_FIRE","floor":29.0,"turns":5.0},{"damage":0.0,"enemies":"Elementarium:FIRE_NOBILITY","floor":30.0,"turns":3.0},{"damage":0.0,"enemies":"Elementarium:3_ELEMENTALS","floor":31.0,"turns":4.0},{"damage":0.0,"enemies":"Elementarium:GolemEmperor","floor":33.0,"turns":7.0},{"damage":0.0,"enemies":"3 Darklings","floor":35.0,"turns":5.0},{"damage":0.0,"enemies":"Orb Walker","floor":36.0,"turns":3.0},{"damage":20.0,"enemies":"R_Hoarder","floor":40.0,"turns":5.0},{"damage":0.0,"enemies":"Reptomancer","floor":45.0,"turns":4.0},{"damage":0.0,"enemies":"Jaw Worm Horde","floor":46.0,"turns":3.0},{"damage":0.0,"enemies":"Maw","floor":47.0,"turns":5.0},{"damage":0,"enemies":"Nemesis","floor":48,"turns":4},{"damage":0,"enemies":"hubris:GrandSnecko","floor":50,"turns":1}],"seed_played":"-1222836160674158005","potions_obtained":[{"floor":1.0,"key":"Guardian:BlockOnCardUsePotion"},{"floor":4.0,"key":"SteroidPotion"},{"floor":8.0,"key":"GamblersBrew"},{"floor":10.0,"key":"BlessingOfTheForge"},{"floor":11.0,"key":"DuplicationPotion"},{"floor":12.0,"key":"Fire Potion"},{"floor":18.0,"key":"Fire Potion"},{"floor":20.0,"key":"Strength Potion"},{"floor":24.0,"key":"Block Potion"},{"floor":25.0,"key":"PowerPotion"},{"floor":28.0,"key":"ColorlessPotion"},{"floor":30.0,"key":"Energy Potion"},{"floor":31.0,"key":"AttackPotion"},{"floor":33.0,"key":"FearPotion"},{"floor":35.0,"key":"Explosive Potion"},{"floor":36.0,"key":"champ:CounterPotion"},{"floor":40.0,"key":"EssenceOfSteel"},{"floor":46.0,"key":"FearPotion"},{"floor":47.0,"key":"SkillPotion"},{"floor":48,"key":"PowerPotion"}],"is_trial":false,"path_per_floor":["M","?","T","M","?","R","$","E","T","E","M","M","E","M","R","B",null,"M","AVR","M","?","?","R","E","M","T","E","?","M","E","M","R","B",null,"M","M","?","?","AVR","E","R","$","T","R","E","M","M","E","R","B",null],"character_chosen":"DEFECT","items_purchased":["Streamline","Replay:Wax Seal","BargainBundle","expansioncontent:YouAreMine","Akabeko","Sling","Fire Potion","Doom Potion","Swift Potion","conspire:SharedLibrary+1","Chill","hubris:EmptyBottle","Cables","Replay:Rubber Ducky","hubris:PeanutButter"],"campfire_rested":0,"item_purchase_floors":[0,0,0,0,0,0,0,0,0,0,0,7,42,42,42],"current_hp_per_floor":[59,59,59,59,44,44,44,44,44,43,42,44,44,44,44,45,75,75,75,75,75,50,50,55,57,57,67,83,85,89,91,91,94,94,94,94,94,85,85,74,74,74,74,74,80,80,84,88,88,88],"gold":131,"neow_bonus":"","is_daily":false,"chose_seed":false,"campfire_upgraded":6,"win_rate":0.0,"timestamp":1609095688,"path_taken":["M","?","?","M","?","R","$","E","T","E","M","M","E","M","R","BOSS","M","AVR","M","?","?","R","E","?","T","E","?","M","E","M","R","BOSS","M","M","?","?","AVR","E","R","$","T","R","E","M","M","E","R","BOSS"],"items_purchased_type":["Card","Relic","Relic","Card","Relic","Relic","Potion","Potion","Potion","Card","Card","Relic","Relic","Relic","Relic"],"build_version":"2020-12-22","purchased_purges":2,"victory":true,"max_hp_per_floor":[75,75,75,75,75,75,75,75,75,75,75,75,75,75,75,75,75,75,75,75,75,75,75,80,80,80,80,94,94,94,94,94,94,94,94,94,94,94,94,94,94,94,94,94,94,94,94,94,94,94],"card_choices":[{"not_picked":["ReplayTheSpireMod:Reroute Power","Streamline"],"picked":"Gash","floor":1.0},{"not_picked":["Cold Snap","Blizzard"],"picked":"hubris:PowerSurge","floor":4.0},{"not_picked":["hubris:Prefetch","ReplayTheSpireMod:GoodbyeWorld","Ball Lightning"],"picked":"SKIP","floor":8.0},{"not_picked":["Electrodynamics","Sweeping Beam"],"picked":"Steam","floor":10.0},{"not_picked":["BasicCrystalCard","Rebound"],"picked":"Gash","floor":11.0},{"not_picked":["Stack","Steam","Fusion"],"picked":"SKIP","floor":12.0},{"not_picked":["Skim","Turbo"],"picked":"Core Surge","floor":13.0},{"not_picked":["FTL","Aggregate"],"picked":"Static Discharge","floor":14.0},{"not_picked":["Creative AI","Buffer"],"picked":"Echo Form","floor":16.0},{"not_picked":["Turbo","conspire:Rain","BasicCrystalCard+1"],"picked":"SKIP","floor":18.0},{"not_picked":["ReplayTheSpireMod:Reroute Power","Undo+1","Leap+1"],"picked":"SKIP","floor":18.0},{"not_picked":["FIFO Queue","ReplayTheSpireMod:System Scan"],"picked":"Scrape+1","floor":20.0},{"not_picked":["Ball Lightning","Leap"],"picked":"aspiration:Polymerization","floor":20.0},{"not_picked":["hubris:Ukulele","Redo"],"picked":"Amplify","floor":24.0},{"not_picked":["Sweeping Beam","Barrage"],"picked":"Heatsinks","floor":25.0},{"not_picked":["Glacier","Barrage","Sweeping Beam"],"picked":"SKIP","floor":25.0},{"not_picked":["Turbo","ReplaySort"],"picked":"Loop","floor":27.0},{"not_picked":["Barrage","Amplify"],"picked":"Reprogram+1","floor":28.0},{"not_picked":["Leap","Turbo","Genetic Algorithm"],"picked":"SKIP","floor":29.0},{"not_picked":["ReplayTheSpireMod:Repulse","Hologram+1","Panic Button"],"picked":"SKIP","floor":29.0},{"not_picked":["Melter+1","Steam Power"],"picked":"Gash","floor":30.0},{"not_picked":["Static Discharge","FIFO Queue+1"],"picked":"ReplayGash","floor":31.0},{"not_picked":["conspire:SharedLibrary","Ball Lightning","Leap"],"picked":"SKIP","floor":31.0},{"not_picked":["Amplify","ReplayTheSpireMod:Fabricate Wheel"],"picked":"Electrodynamics","floor":33.0},{"not_picked":["Melter","Stack+1"],"picked":"Hologram+1","floor":35.0},{"not_picked":["Redo+1","Turbo"],"picked":"aspiration:Polymerization+1","floor":35.0},{"not_picked":["Compile Driver","conspire:Rain+1","Sweeping Beam"],"picked":"SKIP","floor":36.0},{"not_picked":["Rebound","Leap","Skim+1"],"picked":"SKIP","floor":36.0},{"not_picked":["Steam","Ball Lightning","Sweeping Beam+1"],"picked":"SKIP","floor":40.0},{"not_picked":["Leap+1","Genetic Algorithm+1"],"picked":"Barrage+1","floor":45.0},{"not_picked":["Scrape","Coolheaded+1","hubris:DoWhile"],"picked":"SKIP","floor":46.0},{"not_picked":["Barrage+1","Stack+1","Sweeping Beam+1"],"picked":"SKIP","floor":46.0},{"not_picked":["Ball Lightning+1","Stack+1"],"picked":"ReplayGash","floor":47.0},{"not_picked":["Sweeping Beam+1","Genetic Algorithm+1","Hologram+1"],"picked":"SKIP","floor":47.0},{"not_picked":["Conserve Battery","Heatsinks","ReplaySolidLightProjector+1"],"picked":"SKIP","floor":48}],"player_experience":353541,"relics_obtained":[{"floor":2.0,"key":"White Beast Statue"},{"floor":3.0,"key":"Turnip"},{"floor":8.0,"key":"Snack Pack"},{"floor":9.0,"key":"Mummified Hand"},{"floor":10.0,"key":"infinitespire:Freezer"},{"floor":13.0,"key":"Anchor"},{"floor":21.0,"key":"Elementarium:GoldenMirage"},{"floor":24.0,"key":"Durian"},{"floor":27.0,"key":"hubris:Metronome"},{"floor":28.0,"key":"Mango"},{"floor":30.0,"key":"conspire:TopHat"},{"floor":40.0,"key":"Smiling Mask"},{"floor":43.0,"key":"Mercury Hourglass"},{"floor":45.0,"key":"Meat on the Bone"},{"floor":48,"key":"Replay:Bandana"},{"floor":49,"key":"aspiration:EmptySkull"}],"event_choices":[{"damage_healed":59.0,"max_hp_gain":0.0,"max_hp_loss":75.0,"gold_gain":0.0,"event_name":"betterThird:BetterShining","player_choice":"Upgrade","floor":5.0,"gold_loss":0.0,"damage_taken":15.0,"cards_upgraded":["Strike_B","Defend_B"]},{"damage_healed":0.0,"max_hp_gain":0.0,"max_hp_loss":0.0,"gold_gain":0.0,"event_name":"Elementarium:GoldenStatues","player_choice":"Fight","floor":21.0,"gold_loss":0.0,"damage_taken":0.0},{"damage_healed":0.0,"max_hp_gain":0.0,"max_hp_loss":0.0,"gold_gain":0.0,"event_name":"betterSkull:BetterSkull","player_choice":"UP UP ","floor":22.0,"gold_loss":0.0,"damage_taken":29.0,"cards_upgraded":["Turbo","Dualcast"],"relics_obtained":[]},{"damage_healed":0.0,"max_hp_gain":0.0,"max_hp_loss":0.0,"gold_gain":0.0,"event_name":"Elementarium:OtherworldlyPassage","player_choice":"Enter","floor":28.0,"gold_loss":0.0,"damage_taken":0.0},{"damage_healed":0.0,"max_hp_gain":0.0,"max_hp_loss":0.0,"gold_gain":0.0,"event_name":"Wheel of Change","player_choice":"Damaged","floor":38.0,"gold_loss":0.0,"damage_taken":9.0}],"is_beta":false,"boss_relics":[{"not_picked":["Coffee Dripper","Fusion Hammer"],"picked":"Pandora\u0027s Box"},{"not_picked":["Runic Pyramid","Tiny House"],"picked":"hubris:TerracottaHorce"}],"items_purged_floors":[0,19],"is_endless":false,"potions_floor_spawned":[1,4,8,10,11,12,13,14,16,18,20,21,24,25,27,28,29,30,31,33,35,36,40,45,46,47,48],"ascension_level":2}}