{"host":"hspm0s97xpvpwopl","time":1609110788,"event":{"mods":["BaseMod","Better Third Choice","Colored Map","Colored Powertips","Curses Come First","Downfall","Hermit","Minty Spire (QoL Compilation)","Relic Stats","Robot Space Explorer","Shop Mod","Spicy Shops","StSLib","The Cursed","The Runesmith"],"gold_per_floor":[112,127,127,140,158,158,333,333,356,71,71,71,85,95,95,95,95],"floor_reached":16,"playtime":906,"items_purged":["Doubt"],"score":92,"play_id":"63a4a73e-7f7c-4df5-9dd5-902e97794941","local_time":"20201227171308","is_ascension_mode":false,"campfire_choices":[{"floor":6,"key":"REST"},{"floor":12,"key":"REST"},{"data":"TheCursedMod:RavingStaff","floor":15,"key":"SMITH"}],"circlet_count":0,"master_deck":["TheCursedMod:Strike_TheCursed","TheCursedMod:Strike_TheCursed","TheCursedMod:Strike_TheCursed","TheCursedMod:Strike_TheCursed","TheCursedMod:Defend_TheCursed","TheCursedMod:Defend_TheCursed","TheCursedMod:Defend_TheCursed","TheCursedMod:Defend_TheCursed","TheCursedMod:CursedWand","TheCursedMod:CleanUpWorkshop","TheCursedMod:Dregs","TheCursedMod:SpitefulPray+1","TheCursedMod:CircleOfFlame","TheCursedMod:SmokeScreen","TheCursedMod:WearCloak","TheCursedMod:Hemoplague","TheCursedMod:RavingStaff+1","TheCursedMod:Obscuration"],"relics":["TheCursedMod:BlackMagic101","Strawberry","Smiling Mask","TheCursedMod:Tack"],"acts_visited":["Exordium"],"potions_floor_usage":[16],"damage_taken":[{"damage":4,"enemies":"2 Louse","floor":1,"turns":3},{"damage":7,"enemies":"Small Slimes","floor":2,"turns":4},{"damage":12,"enemies":"Jaw Worm","floor":4,"turns":4},{"damage":5,"enemies":"3 Louse","floor":5,"turns":4},{"damage":0,"enemies":"Looter","floor":13,"turns":5},{"damage":8,"enemies":"Lots of Slimes","floor":14,"turns":2},{"damage":74,"enemies":"Slime Boss","floor":16,"turns":12}],"seed_played":"5412945193214094579","potions_obtained":[{"floor":0,"key":"Guardian:BlockOnCardUsePotion"},{"floor":0,"key":"FairyPotion"},{"floor":0,"key":"CultistPotion"}],"is_trial":false,"path_per_floor":["M","M","?","M","M","R","?","?","T","$","?","R","M","M","R","B"],"character_chosen":"THE_CURSED","items_purchased":["TheCursedMod:Hemoplague","TheCursedMod:Tack"],"campfire_rested":2,"item_purchase_floors":[10,10],"current_hp_per_floor":[71,64,64,52,47,69,69,58,58,58,58,82,82,74,74,24,24],"gold":95,"neow_bonus":"THREE_SMALL_POTIONS","is_daily":false,"chose_seed":false,"campfire_upgraded":1,"win_rate":0.0,"timestamp":1609110788,"path_taken":["M","M","?","M","M","R","?","?","T","?","?","R","M","M","R","BOSS"],"items_purchased_type":["Card","Relic"],"build_version":"2020-12-22","purchased_purges":1,"victory":false,"max_hp_per_floor":[75,75,75,75,75,75,75,82,82,82,82,82,82,82,82,82,82],"relic_stats":{"counters":[7,34],"Smiling Mask":25,"obtain_stats":[{"TheCursedMod:BlackMagic101":0,"Strawberry":8,"TheCursedMod:Tack":10,"Smiling Mask":9},{"TheCursedMod:BlackMagic101":0,"Strawberry":4,"TheCursedMod:Tack":4,"Smiling Mask":4},{"TheCursedMod:BlackMagic101":0,"Strawberry":15,"TheCursedMod:Tack":15,"Smiling Mask":15}]},"card_choices":[{"not_picked":["TheCursedMod:CursedShiv","TheCursedMod:SmokeScreen"],"picked":"TheCursedMod:SpitefulPray","floor":1},{"not_picked":["TheCursedMod:RavingStaff","TheCursedMod:StingEye"],"picked":"TheCursedMod:CircleOfFlame","floor":2},{"not_picked":["TheCursedMod:SurpriseAttack","TheCursedMod:CursedArmor"],"picked":"TheCursedMod:SmokeScreen","floor":4},{"not_picked":["TheCursedMod:CursedSpellbook","TheCursedMod:Torture"],"picked":"TheCursedMod:WearCloak","floor":5},{"not_picked":["TheCursedMod:TroublousMinions","TheCursedMod:CursedAmulet"],"picked":"TheCursedMod:RavingStaff","floor":13},{"not_picked":["TheCursedMod:WearCloak","TheCursedMod:Evocation"],"picked":"TheCursedMod:Obscuration","floor":14}],"player_experience":248421,"relics_obtained":[{"floor":9,"key":"Smiling Mask"}],"event_choices":[{"damage_healed":0,"gold_gain":0,"player_choice":"Grow","damage_taken":0,"max_hp_gain":0,"max_hp_loss":0,"event_name":"Living Wall","floor":3,"gold_loss":0,"cards_upgraded":["TheCursedMod:SpitefulPray"]},{"damage_healed":0,"gold_gain":175,"player_choice":"AGREE","damage_taken":158,"max_hp_gain":0,"max_hp_loss":0,"event_name":"betterThird:BetterSerpent","floor":7,"gold_loss":0},{"damage_healed":0,"gold_gain":0,"player_choice":"Relic ","damage_taken":18,"max_hp_gain":0,"max_hp_loss":0,"event_name":"betterThird:BetterScrap","floor":8,"gold_loss":0,"cards_obtained":["Tantrum"]},{"damage_healed":0,"gold_gain":0,"player_choice":"Ignored","damage_taken":0,"max_hp_gain":0,"max_hp_loss":0,"event_name":"Golden Wing","floor":11,"gold_loss":0}],"is_beta":false,"boss_relics":[],"items_purged_floors":[10],"is_endless":false,"potions_floor_spawned":[2,5],"killed_by":"Slime Boss","ascension_level":0}}