{"host":"52zmxm0oht7x0uft","time":1609093979,"event":{"mods":["AchievementEnabler","BaseMod","Minty Spire (QoL Compilation)","Quick Restart"],"gold_per_floor":[110,35,55,65,55,55,88,88,115,115,150,150,160,172,172,172,172],"floor_reached":16,"playtime":577,"items_purged":["Strike_R"],"score":134,"play_id":"c5e98769-01f3-400c-a191-4fed3ba1bc59","local_time":"20201227193259","is_ascension_mode":true,"campfire_choices":[{"data":"Spot Weakness","floor":6,"key":"SMITH"},{"data":"Rupture","floor":10,"key":"SMITH"},{"floor":15,"key":"REST"}],"circlet_count":0,"master_deck":["Strike_R","Strike_R","Strike_R","Strike_R","Defend_R","Defend_R","Defend_R","Defend_R","Bash","Enlightenment","Rupture+1","Battle Trance","Spot Weakness+1","Shrug It Off","Ghostly Armor","Cleave"],"relics":["Burning Blood","Bag of Marbles","Tiny Chest","Vajra","Kunai"],"acts_visited":["Exordium"],"potions_floor_usage":[],"damage_taken":[{"damage":0,"enemies":"Small Slimes","floor":1,"turns":3},{"damage":10,"enemies":"Jaw Worm","floor":3,"turns":8},{"damage":1,"enemies":"Cultist","floor":4,"turns":4},{"damage":18,"enemies":"Exordium Thugs","floor":5,"turns":4},{"damage":58,"enemies":"Gremlin Nob","floor":7,"turns":5},{"damage":35,"enemies":"3 Sentries","floor":11,"turns":8},{"damage":0,"enemies":"3 Louse","floor":13,"turns":2},{"damage":13,"enemies":"Red Slaver","floor":14,"turns":5},{"damage":26,"enemies":"The Guardian","floor":16,"turns":3}],"seed_played":"-2757892366568296123","potions_obtained":[{"floor":1,"key":"LiquidBronze"},{"floor":4,"key":"GamblersBrew"},{"floor":11,"key":"AttackPotion"},{"floor":13,"key":"HeartOfIron"}],"is_trial":false,"path_per_floor":["M","$","M","M","M","R","E","?","T","R","E","T","M","M","R","B"],"character_chosen":"IRONCLAD","items_purchased":[],"campfire_rested":1,"item_purchase_floors":[],"current_hp_per_floor":[80,80,76,80,68,68,16,42,42,42,13,13,19,12,36,10,10],"gold":172,"neow_bonus":"RANDOM_COLORLESS","is_daily":false,"chose_seed":false,"campfire_upgraded":2,"win_rate":0.0,"timestamp":1609093979,"path_taken":["M","$","M","M","M","R","E","?","T","R","E","?","M","M","R","BOSS"],"items_purchased_type":[],"build_version":"2020-12-22","purchased_purges":1,"victory":false,"max_hp_per_floor":[80,80,80,80,80,80,80,80,80,80,80,80,80,80,80,80,80],"card_choices":[{"not_picked":["Deep Breath","Finesse"],"picked":"Enlightenment","floor":0},{"not_picked":["Clothesline","Thunderclap","Havoc"],"picked":"SKIP","floor":1},{"not_picked":["Clothesline","Sword Boomerang"],"picked":"Rupture","floor":3},{"not_picked":["Warcry","Shockwave"],"picked":"Battle Trance","floor":4},{"not_picked":["Armaments","Anger"],"picked":"Spot Weakness","floor":5},{"not_picked":["Corruption","Clothesline","Dropkick"],"picked":"SKIP","floor":7},{"not_picked":["Thunderclap","Second Wind"],"picked":"Shrug It Off","floor":11},{"not_picked":["Clothesline","Searing Blow"],"picked":"Ghostly Armor","floor":13},{"not_picked":["Wild Strike","Dark Embrace"],"picked":"Cleave","floor":14}],"player_experience":321108,"relics_obtained":[{"floor":7,"key":"Bag of Marbles"},{"floor":9,"key":"Tiny Chest"},{"floor":11,"key":"Vajra"},{"floor":12,"key":"Kunai"}],"event_choices":[{"damage_healed":26,"gold_gain":0,"player_choice":"Banana","damage_taken":0,"max_hp_gain":0,"max_hp_loss":0,"event_name":"Big Fish","floor":8,"gold_loss":0}],"is_beta":false,"boss_relics":[],"items_purged_floors":[2],"is_endless":false,"potions_floor_spawned":[1,4,11,13,14],"killed_by":"The Guardian","ascension_level":4}}