{"host":"tder1l6ikse0p2as","time":1609099782,"event":{"mods":["AchievementEnabler","Aspiration","BaseMod","Best Route Mod","Better Third Choice","BetterRewards","CapriCore","Colored Powertips","Dota2Spire","Friendly Minions","Grow up Mod","Hubris","Luminous","Minty Spire (QoL Compilation)","Relic Stats","Replay The Spire","Shop Mod","StSLib","SuperFastMode","The Alterego","The Bug Knight","The Forsaken","The Marked","The Servant 0.9.4","Treasure Hunter","Uncapped"],"gold_per_floor":[308,308,325,345,358,358,391,391,391,391,422,440,475,488,488,586,586,597,613,623,633,535,565,565,591,591,622,633,667,677,696,696,793,793,813,833,851,864,483,483,496,496,521,556,556,589,604,239,239,239],"floor_reached":51,"playtime":2454,"items_purged":[],"score":1363,"play_id":"5e24a8ca-acaa-44ab-be42-f4a279f34bcd","local_time":"20201227200942","daily_mods":["Vintage","Heirloom","DeadlyEvents","Elite Swarm","Night Terrors","Terminal"],"is_ascension_mode":false,"campfire_choices":[{"data":"Bash","floor":6,"key":"SMITH"},{"data":"Demon Form","floor":8,"key":"SMITH"},{"data":"Strike_R","floor":10,"key":"SMITH"},{"data":"Juggernaut","floor":15,"key":"SMITH"},{"data":"Demon Form","floor":24,"key":"SMITH"},{"data":"Juggernaut","floor":32,"key":"SMITH"},{"data":"Barricade","floor":40,"key":"SMITH"},{"data":"Defend_R","floor":42,"key":"SMITH"},{"floor":49,"key":"DIG"}],"circlet_count":0,"master_deck":["Strike_R+1","Strike_R+1","Strike_R+1","Strike_R+1","Strike_R+1","Defend_R+1","Defend_R+1","Defend_R","Defend_R","Bash+1","Demon Form+1","Juggernaut+1","Juggernaut+1","Demon Form+1","Barricade+1","Inflame+1","ReplayTheSpireMod:Muscle Training+1","Limit Break+1","Inflame+1","ReplayTheSpireMod:Private Reserves+1"],"relics":["Burning Blood","Turnip","hubris:PeanutButter","Replay:Rubber Ducky","Mummified Hand","FossilizedHelix","aspiration:FetidBarrel","Dota2Spire:OrchidMalevolence","Singing Bowl","Replay:Bottled Eggs","Replay:Bottled Steam","Dota2Spire:MonkeyKingBar","Dream Catcher","Orichalcum","ReplayFunnel","Eternal Feather","Toxic Egg 2","ReplayTheSpireMod:Lightbulb","Blood Vial","Red Skull","PreservedInsect","Black Star","Toy Ornithopter","aspiration:FrozenJewel","WingedGreaves","hubris:FunFungus","Frozen Egg 2","Thread and Needle","Another Sword","Onion Ring","Dota2Spire:ShivaGuard","CeramicFish","Potion Belt","Membership Card","InkBottle"],"acts_visited":["Exordium","TheCity","TheBeyond"],"potions_floor_usage":[16,16,33,33,33],"damage_taken":[{"damage":0,"enemies":"2 Louse","floor":1,"turns":3},{"damage":0,"enemies":"Cultist","floor":3,"turns":3},{"damage":0,"enemies":"Small Slimes","floor":4,"turns":4},{"damage":1,"enemies":"Blue Slaver","floor":5,"turns":5},{"damage":34,"enemies":"3 Sentries","floor":7,"turns":15},{"damage":0,"enemies":"Gremlin Nob","floor":11,"turns":4},{"damage":0,"enemies":"Gremlin Gang","floor":12,"turns":4},{"damage":0,"enemies":"HollowMod:MossKnight","floor":13,"turns":5},{"damage":0,"enemies":"HollowMod:HuskWarrior","floor":14,"turns":5},{"damage":0,"enemies":"Fading Forest","floor":16,"turns":11},{"damage":0,"enemies":"3 Byrds","floor":18,"turns":4},{"damage":0,"enemies":"Chosen","floor":19,"turns":4},{"damage":0,"enemies":"Centurion and Healer","floor":20,"turns":4},{"damage":0,"enemies":"Snake Plant","floor":21,"turns":4},{"damage":0,"enemies":"Gremlin Leader","floor":23,"turns":5},{"damage":0,"enemies":"HollowMod:Nosk","floor":25,"turns":5},{"damage":0,"enemies":"Gremlin Leader","floor":27,"turns":6},{"damage":0,"enemies":"3 Cultists","floor":28,"turns":5},{"damage":0,"enemies":"Replay:Snechameleon","floor":29,"turns":5},{"damage":0,"enemies":"Centurion and Healer","floor":30,"turns":7},{"damage":0,"enemies":"Snecko","floor":31,"turns":3},{"damage":0,"enemies":"Pondfish","floor":33,"turns":7},{"damage":0,"enemies":"3 Shapes","floor":35,"turns":4},{"damage":0,"enemies":"Orb Walker","floor":36,"turns":3},{"damage":8,"enemies":"Sphere and 2 Shapes","floor":37,"turns":5},{"damage":0,"enemies":"Writhing Mass","floor":38,"turns":3},{"damage":0,"enemies":"Jaw Worm Horde","floor":41,"turns":4},{"damage":0,"enemies":"Giant Head","floor":44,"turns":6},{"damage":0,"enemies":"R_Hoarder","floor":46,"turns":4},{"damage":0,"enemies":"Spire Growth","floor":47,"turns":4},{"damage":0,"enemies":"Replay:Hell Engine","floor":50,"turns":10}],"seed_played":"-7655001776701485567","potions_obtained":[{"floor":3,"key":"Milkshake"},{"floor":5,"key":"Energy Potion"},{"floor":19,"key":"Reflective Coating"},{"floor":23,"key":"SpeedPotion"},{"floor":25,"key":"Dexterity Potion"},{"floor":31,"key":"CultistPotion"},{"floor":33,"key":"Cursed Concoction"},{"floor":36,"key":"Ancient Potion"},{"floor":44,"key":"Weak Potion"},{"floor":47,"key":"SteroidPotion"}],"is_trial":true,"path_per_floor":["M","?","M","M","M","R","E","R","T","R","E","M","E","M","R","B",null,"M","M","M","M","$","E","R","E","T","E","M","E","M","M","R","B",null,"M","M","M","M","$","R","M","R","T","E","?","E","M","$","R","B",null],"character_chosen":"IRONCLAD","items_purchased":["CultistPotion","Frozen Egg 2","Inflame+1","ReplayTheSpireMod:Muscle Training+1","Potion Belt","Membership Card","Inflame+1","ReplayTheSpireMod:Private Reserves+1"],"campfire_rested":0,"item_purchase_floors":[22,39,39,39,48,48,48,48],"current_hp_per_floor":[98,107,116,125,134,143,125,135,145,155,171,187,203,215,224,235,244,253,262,271,280,289,300,309,322,333,346,355,366,375,384,393,406,415,424,433,441,451,460,469,478,487,498,511,520,531,540,549,558,567],"gold":239,"neow_bonus":"","is_daily":false,"chose_seed":false,"campfire_upgraded":8,"win_rate":0.0,"timestamp":1609099782,"path_taken":["M","?","M","?","M","R","E","R","T","R","E","M","E","M","R","BOSS","M","M","M","M","$","E","R","E","T","E","M","E","M","M","R","BOSS","M","M","M","M","$","R","M","R","T","E","?","E","M","$","R","BOSS"],"items_purchased_type":["Potion","Relic","Card","Card","Relic","Relic","Card","Card"],"build_version":"2020-12-22","purchased_purges":0,"victory":true,"max_hp_per_floor":[98,107,116,125,134,143,152,161,170,179,188,197,206,215,224,235,244,253,262,271,280,289,300,309,322,333,346,355,366,375,384,393,406,415,424,433,442,451,460,469,478,487,498,511,520,531,540,549,558,567],"relic_stats":{"Singing Bowl":28,"counters":[31,161],"CeramicFish":18,"Eternal Feather":0,"PreservedInsect":200,"Orichalcum":[216],"Burning Blood":34,"Blood Vial":1,"Dream Catcher":0,"Mummified Hand":[122],"Turnip":[22],"Black Star":2,"obtain_stats":[{"ReplayFunnel":23,"Singing Bowl":12,"Dota2Spire:OrchidMalevolence":11,"CeramicFish":47,"Burning Blood":0,"Replay:Rubber Ducky":3,"Blood Vial":28,"Dream Catcher":19,"Mummified Hand":4,"WingedGreaves":37,"hubris:FunFungus":38,"Replay:Bottled Eggs":13,"Toxic Egg 2":26,"Red Skull":29,"InkBottle":49,"Replay:Bottled Steam":14,"Potion Belt":48,"aspiration:FetidBarrel":9,"Eternal Feather":25,"Thread and Needle":41,"Dota2Spire:ShivaGuard":46,"PreservedInsect":31,"Orichalcum":21,"Frozen Egg 2":39,"aspiration:FrozenJewel":36,"hubris:PeanutButter":1,"Onion Ring":46,"Turnip":0,"Another Sword":44,"Black Star":34,"Membership Card":48,"Dota2Spire:MonkeyKingBar":18,"ReplayTheSpireMod:Lightbulb":27,"FossilizedHelix":5,"Toy Ornithopter":35},{"ReplayFunnel":15,"Singing Bowl":7,"Dota2Spire:OrchidMalevolence":6,"CeramicFish":30,"Burning Blood":0,"Replay:Rubber Ducky":2,"Blood Vial":18,"Dream Catcher":12,"Mummified Hand":3,"WingedGreaves":25,"hubris:FunFungus":26,"Replay:Bottled Eggs":8,"Toxic Egg 2":16,"Red Skull":19,"InkBottle":30,"Replay:Bottled Steam":9,"Potion Belt":30,"aspiration:FetidBarrel":5,"Eternal Feather":16,"Thread and Needle":27,"Dota2Spire:ShivaGuard":29,"PreservedInsect":21,"Orichalcum":14,"Frozen Egg 2":26,"aspiration:FrozenJewel":24,"hubris:PeanutButter":1,"Onion Ring":29,"Turnip":0,"Another Sword":28,"Black Star":22,"Membership Card":30,"Dota2Spire:MonkeyKingBar":11,"ReplayTheSpireMod:Lightbulb":17,"FossilizedHelix":4,"Toy Ornithopter":23},{"ReplayFunnel":80,"Singing Bowl":38,"Dota2Spire:OrchidMalevolence":34,"CeramicFish":151,"Burning Blood":0,"Replay:Rubber Ducky":6,"Blood Vial":96,"Dream Catcher":67,"Mummified Hand":10,"WingedGreaves":130,"hubris:FunFungus":133,"Replay:Bottled Eggs":43,"Toxic Egg 2":85,"Red Skull":101,"InkBottle":151,"Replay:Bottled Steam":48,"Potion Belt":151,"aspiration:FetidBarrel":30,"Eternal Feather":85,"Thread and Needle":137,"Dota2Spire:ShivaGuard":147,"PreservedInsect":111,"Orichalcum":75,"Frozen Egg 2":133,"aspiration:FrozenJewel":125,"hubris:PeanutButter":3,"Onion Ring":147,"Turnip":0,"Another Sword":143,"Black Star":118,"Membership Card":151,"Dota2Spire:MonkeyKingBar":63,"ReplayTheSpireMod:Lightbulb":91,"FossilizedHelix":15,"Toy Ornithopter":122}],"Toy Ornithopter":0,"InkBottle":[3]},"card_choices":[{"not_picked":["Exhume","Impervious"],"picked":"Demon Form","floor":7},{"not_picked":["TH:EnergyPotion","TH:ArmorSpikes"],"picked":"SKIP","floor":7},{"not_picked":["TH:CopperCoins","TH:PixieDust"],"picked":"SKIP","floor":9},{"not_picked":["hubris:StunningStrike","Immolate"],"picked":"Juggernaut","floor":11},{"not_picked":["TH:PixieDust","TH:TreasureMap"],"picked":"SKIP","floor":11},{"not_picked":["TH:DeckOfManyThings","TH:TreasureMap"],"picked":"SKIP","floor":13},{"not_picked":["Brutality","Replay:Many Hands","Double Tap"],"picked":"SKIP","floor":13},{"not_picked":["TH:EnergyPotion","TH:ElvenBoots"],"picked":"Singing Bowl","floor":16},{"not_picked":["hubris:StunningStrike","Corruption"],"picked":"Juggernaut","floor":16},{"not_picked":["TH:CursedSword","TH:ArmorSpikes"],"picked":"Singing Bowl","floor":23},{"not_picked":["Double Tap","Offering"],"picked":"Demon Form","floor":23},{"not_picked":["TH:Mimic","TH:BikiniMail"],"picked":"Singing Bowl","floor":25},{"not_picked":["Corruption","hubris:StunningStrike","Offering"],"picked":"Singing Bowl","floor":25},{"not_picked":["TH:CopperCoins","TH:PixieDust"],"picked":"Singing Bowl","floor":26},{"not_picked":["TH:TreasureMap","TH:PixieDust"],"picked":"Singing Bowl","floor":27},{"not_picked":["Fiend Fire","Feed","Hemogenesis"],"picked":"Singing Bowl","floor":27},{"not_picked":["Offering+1","Eclipse+1"],"picked":"Barricade","floor":29},{"not_picked":["TH:PixieDust","TH:Mimic"],"picked":"Singing Bowl","floor":29},{"not_picked":["TH:BikiniMail","TH:DeckOfManyThings"],"picked":"Singing Bowl","floor":33},{"not_picked":["Hemogenesis","Fiend Fire","Feed"],"picked":"Singing Bowl","floor":33},{"not_picked":["TH:TreasureMap","TH:EnergyPotion"],"picked":"Singing Bowl","floor":43},{"not_picked":["TH:DeckOfManyThings","TH:TreasureMap"],"picked":"Singing Bowl","floor":44},{"not_picked":["hubris:StunningStrike","Eclipse+1","Impervious+1"],"picked":"Singing Bowl","floor":44},{"not_picked":["TH:DeckOfManyThings","TH:CursedSword"],"picked":"Singing Bowl","floor":46},{"not_picked":["Feed","Immolate"],"picked":"Limit Break+1","floor":46}],"player_experience":130713,"relics_obtained":[{"floor":1,"key":"hubris:PeanutButter"},{"floor":3,"key":"Replay:Rubber Ducky"},{"floor":4,"key":"Mummified Hand"},{"floor":5,"key":"FossilizedHelix"},{"floor":9,"key":"aspiration:FetidBarrel"},{"floor":11,"key":"Dota2Spire:OrchidMalevolence"},{"floor":12,"key":"Singing Bowl"},{"floor":13,"key":"Replay:Bottled Eggs"},{"floor":14,"key":"Replay:Bottled Steam"},{"floor":18,"key":"Dota2Spire:MonkeyKingBar"},{"floor":19,"key":"Dream Catcher"},{"floor":21,"key":"Orichalcum"},{"floor":23,"key":"ReplayFunnel"},{"floor":25,"key":"Eternal Feather"},{"floor":26,"key":"Toxic Egg 2"},{"floor":27,"key":"ReplayTheSpireMod:Lightbulb"},{"floor":28,"key":"Blood Vial"},{"floor":29,"key":"Red Skull"},{"floor":31,"key":"PreservedInsect"},{"floor":35,"key":"Toy Ornithopter"},{"floor":36,"key":"aspiration:FrozenJewel"},{"floor":37,"key":"WingedGreaves"},{"floor":38,"key":"hubris:FunFungus"},{"floor":41,"key":"Thread and Needle"},{"floor":44,"key":"Another Sword"},{"floor":46,"key":"Onion Ring"},{"floor":46,"key":"Dota2Spire:ShivaGuard"},{"floor":47,"key":"CeramicFish"},{"floor":49,"key":"InkBottle"}],"event_choices":[{"damage_healed":0,"gold_gain":0,"player_choice":"Ignored","damage_taken":0,"max_hp_gain":0,"max_hp_loss":0,"event_name":"Transmorgrifier","floor":2,"gold_loss":0},{"damage_healed":0,"gold_gain":0,"player_choice":"Upgraded","damage_taken":0,"max_hp_gain":0,"max_hp_loss":0,"event_name":"Upgrade Shrine","floor":45,"gold_loss":0,"cards_upgraded":["Defend_R"]}],"is_beta":false,"boss_relics":[{"not_picked":["Electric Blood","hubris:Stopwatch","Replay:Ancient Bell"]},{"not_picked":["Abe\u0027s Treasure","Cursed Key"],"picked":"Black Star"}],"items_purged_floors":[],"is_endless":false,"potions_floor_spawned":[3,5,11,13,19,23,25,29,31,33,36,37,44,47],"ascension_level":0}}