{"host":"0lnx88jdgcrh6gmr","time":1609043668,"event":{"mods":["2.2 Compatiblity","AchievementEnabler","BaseMod","Beaked The Cultist","Better Note","Better Skull","Better Third Choice","Block Reminder","Colored Map","Displayed Cursed Tome","Glutton Mod","Googly Eyes","Hermit","Highlight Path","Minty Spire (QoL Compilation)","Rare Cards Sparkle","Relic Stats","Shade Mod","Spicy Shops","StSLib","The Construct","The Cursed","The Disciple","The Mystic","The Servant 0.9.4","Unceasing Turn Reminder","everything is the same but u backflip on backflip","slay the spire mod where everything is the same but ironclad has a cowboy hat"],"gold_per_floor":[110,20,20,39,55,55,70,145,145,145,163,67,67,97,97,196,196,207,207,224,244,49,49,67,67,90,107,107,107,107,124,124,224,224,236,236,253,265,284,284,26,26,26,76,92,103,103,119,119,119,119],"floor_reached":50,"playtime":31901,"items_purged":[],"score":471,"play_id":"186e6489-d149-4e0d-aa8a-faeb8e168706","local_time":"20201226213428","is_ascension_mode":false,"campfire_choices":[{"floor":6,"key":"RECALL"},{"data":"Heavy Blade","floor":10,"key":"SMITH"},{"data":"Pommel Strike","floor":13,"key":"SMITH"},{"floor":15,"key":"REST"},{"data":"Armaments","floor":23,"key":"SMITH"},{"floor":28,"key":"REST"},{"data":"Shrug It Off","floor":30,"key":"SMITH"},{"floor":32,"key":"REST"},{"floor":40,"key":"REST"},{"floor":42,"key":"REST"},{"floor":49,"key":"REST"}],"circlet_count":0,"master_deck":["Strike_R","Strike_R","Strike_R","Strike_R","Strike_R","Defend_R","Defend_R","Defend_R","Defend_R","Bash+1","Intimidate","Flex+1","Cleave","Pommel Strike+1","Heavy Blade+1","Perfected Strike+1","Iron Wave+1","Twin Strike+1","Anger+1","Immolate+1","Pommel Strike+1","Body Slam+1","Perfected Strike+1","Flex+1","Armaments+1","Flame Barrier+1","Shrug It Off+1","Flex+1","Clothesline+1","Demon Form","Thunderclap+1","Body Slam+1","Iron Wave+1","True Grit+1","Carnage+1","Clothesline+1"],"relics":["Black Blood","Molten Egg 2","Pantograph","construct:WeddingRing","DollysMirror","Red Skull","Omamori","Incense Burner","TungstenRod"],"acts_visited":["Exordium","TheCity","TheBeyond"],"potions_floor_usage":[38,38,50,50],"damage_taken":[{"damage":9,"enemies":"Small Slimes","floor":1,"turns":5},{"damage":1,"enemies":"Jaw Worm","floor":4,"turns":4},{"damage":5,"enemies":"2 Louse","floor":5,"turns":2},{"damage":5,"enemies":"2 Fungi Beasts","floor":7,"turns":3},{"damage":9,"enemies":"Gremlin Gang","floor":11,"turns":3},{"damage":16,"enemies":"3 Sentries","floor":14,"turns":7},{"damage":53,"enemies":"The Guardian","floor":16,"turns":10},{"damage":5,"enemies":"Chosen","floor":18,"turns":3},{"damage":17,"enemies":"3 Byrds","floor":20,"turns":5},{"damage":5,"enemies":"Sentry and Sphere","floor":21,"turns":3},{"damage":21,"enemies":"Snake Plant","floor":24,"turns":3},{"damage":16,"enemies":"Centurion and Healer","floor":27,"turns":5},{"damage":27,"enemies":"Shelled Parasite and Fungi","floor":31,"turns":5},{"damage":75,"enemies":"Champ","floor":33,"turns":11},{"damage":31,"enemies":"3 Darklings","floor":35,"turns":4},{"damage":7,"enemies":"3 Shapes","floor":37,"turns":3},{"damage":43,"enemies":"Maw","floor":38,"turns":7},{"damage":5,"enemies":"3 Darklings","floor":39,"turns":4},{"damage":0,"enemies":"Mind Bloom Boss Battle","floor":44,"turns":4},{"damage":40,"enemies":"Spire Growth","floor":45,"turns":4},{"damage":27,"enemies":"Transient","floor":46,"turns":5},{"damage":0,"enemies":"Writhing Mass","floor":48,"turns":3},{"damage":76,"enemies":"Donu and Deca","floor":50,"turns":6}],"seed_played":"8561114784658862141","potions_obtained":[{"floor":4,"key":"SpeedPotion"},{"floor":11,"key":"SkillPotion"},{"floor":16,"key":"Energy Potion"},{"floor":18,"key":"BlessingOfTheForge"},{"floor":19,"key":"DistilledChaos"},{"floor":39,"key":"HeartOfIron"},{"floor":44,"key":"AttackPotion"}],"is_trial":false,"path_per_floor":["M","$","?","M","M","R","M","?","T","R","M","$","R","E","R","B",null,"M","?","M","M","$","R","M","?","T","M","R","?","R","M","R","B",null,"M","?","M","M","M","R","$","R","T","?","M","M","?","M","R","B"],"character_chosen":"IRONCLAD","items_purchased":["Flex","Cleave","Iron Wave+1","Twin Strike+1","DollysMirror","Armaments","Red Skull","Omamori","Carnage+1"],"campfire_rested":6,"item_purchase_floors":[2,2,12,12,22,22,41,41,41],"current_hp_per_floor":[77,77,77,80,80,80,80,80,80,80,77,77,77,67,80,33,80,80,80,69,70,70,70,55,55,55,45,69,69,69,48,72,11,80,61,61,66,35,42,64,64,76,76,76,48,33,33,45,67,0,0],"gold":119,"neow_bonus":"UPGRADE_CARD","is_daily":false,"chose_seed":false,"campfire_upgraded":4,"win_rate":0.0,"timestamp":1609043668,"path_taken":["M","$","?","M","M","R","M","?","T","R","M","?","R","E","R","BOSS","M","?","M","?","$","R","M","?","T","M","R","?","R","M","R","BOSS","M","?","M","M","M","R","$","R","T","?","M","M","?","M","R","BOSS"],"items_purchased_type":["Card","Card","Card","Card","Relic","Card","Relic","Relic","Card"],"build_version":"2020-12-22","purchased_purges":0,"victory":false,"max_hp_per_floor":[80,80,80,80,80,80,80,80,80,80,80,80,80,80,80,80,80,80,80,80,80,80,80,80,80,80,80,80,80,80,80,80,80,80,80,76,76,76,76,76,76,76,76,76,76,76,76,76,76,76,76],"relic_stats":{"counters":[23,109],"Pantograph":17,"Black Blood":163,"obtain_stats":[{"construct:WeddingRing":17,"DollysMirror":22,"Pantograph":14,"Black Blood":34,"Molten Egg 2":9,"Omamori":41,"Incense Burner":43,"Burning Blood":0,"Red Skull":41,"TungstenRod":44},{"construct:WeddingRing":7,"DollysMirror":10,"Pantograph":6,"Black Blood":14,"Molten Egg 2":4,"Omamori":18,"Incense Burner":18,"Burning Blood":0,"Red Skull":18,"TungstenRod":19},{"construct:WeddingRing":34,"DollysMirror":45,"Pantograph":24,"Black Blood":69,"Molten Egg 2":14,"Omamori":87,"Incense Burner":87,"Burning Blood":0,"Red Skull":87,"TungstenRod":91}],"TungstenRod":15},"card_choices":[{"not_picked":["Body Slam","Disarm"],"picked":"Intimidate","floor":1},{"not_picked":["Rage","Flex"],"picked":"Pommel Strike","floor":4},{"not_picked":["Havoc","Dual Wield","Searing Blow"],"picked":"SKIP","floor":5},{"not_picked":["Havoc","Dual Wield","Searing Blow"],"picked":"SKIP","floor":5},{"not_picked":["Sword Boomerang","Rage"],"picked":"Heavy Blade","floor":7},{"not_picked":["Wild Strike+1","Shockwave"],"picked":"Perfected Strike+1","floor":11},{"not_picked":["Thunderclap+1","Brutality"],"picked":"Anger+1","floor":14},{"not_picked":["Reaper+1","Offering"],"picked":"Immolate+1","floor":16},{"not_picked":["Uppercut+1","Combust"],"picked":"Pommel Strike+1","floor":18},{"not_picked":["Anger+1","Sentinel"],"picked":"Body Slam+1","floor":20},{"not_picked":["Dark Embrace+1","Anger+1"],"picked":"Perfected Strike+1","floor":21},{"not_picked":["Armaments","Rupture"],"picked":"Flame Barrier","floor":24},{"not_picked":["Intimidate","Anger+1"],"picked":"Shrug It Off","floor":27},{"not_picked":["Spot Weakness","Headbutt+1"],"picked":"Clothesline+1","floor":31},{"not_picked":["Reaper+1","Impervious"],"picked":"Demon Form","floor":33},{"not_picked":["Pommel Strike+1","Headbutt+1"],"picked":"Thunderclap+1","floor":35},{"not_picked":["Thunderclap+1","Flex"],"picked":"Body Slam+1","floor":37},{"not_picked":["Clash+1","Whirlwind+1"],"picked":"Iron Wave+1","floor":38},{"not_picked":["Fire Breathing","Pommel Strike+1"],"picked":"True Grit+1","floor":39},{"not_picked":["Brutality","Flex+1"],"picked":"Clothesline+1","floor":45},{"not_picked":["Clothesline+1","Thunderclap+1","Hemokinesis+1"],"picked":"SKIP","floor":46},{"not_picked":["Twin Strike+1","Corruption","Rupture+1"],"picked":"SKIP","floor":48}],"player_experience":206726,"relics_obtained":[{"floor":9,"key":"Molten Egg 2"},{"floor":14,"key":"Pantograph"},{"floor":43,"key":"Incense Burner"},{"floor":44,"key":"TungstenRod"}],"event_choices":[{"damage_healed":0,"gold_gain":0,"player_choice":"Grow","damage_taken":0,"max_hp_gain":0,"max_hp_loss":0,"event_name":"Living Wall","floor":3,"gold_loss":0,"cards_upgraded":["Flex"]},{"damage_healed":0,"gold_gain":75,"player_choice":"Gained Gold","damage_taken":0,"max_hp_gain":0,"max_hp_loss":0,"event_name":"Golden Wing","floor":8,"gold_loss":0},{"damage_healed":0,"gold_gain":0,"player_choice":"Got Potions","damage_taken":0,"max_hp_gain":0,"max_hp_loss":0,"event_name":"Lab","floor":19,"gold_loss":0},{"damage_healed":0,"gold_gain":0,"player_choice":"Upgraded","damage_taken":0,"max_hp_gain":0,"max_hp_loss":0,"event_name":"Upgrade Shrine","floor":25,"gold_loss":0,"cards_upgraded":["Flame Barrier"]},{"damage_healed":0,"gold_gain":0,"player_choice":"Copied","damage_taken":0,"max_hp_gain":0,"max_hp_loss":0,"event_name":"Duplicator","floor":29,"gold_loss":0,"cards_obtained":["Flex"]},{"damage_healed":0,"gold_gain":0,"player_choice":"Max HP","damage_taken":0,"max_hp_gain":0,"max_hp_loss":4,"event_name":"Winding Halls","floor":36,"gold_loss":0},{"damage_healed":0,"gold_gain":0,"player_choice":"Fight","damage_taken":0,"max_hp_gain":0,"max_hp_loss":0,"event_name":"MindBloom","floor":44,"gold_loss":0},{"damage_healed":0,"gold_gain":0,"player_choice":"Ignored","damage_taken":0,"max_hp_gain":0,"max_hp_loss":0,"event_name":"Mysterious Sphere","floor":47,"gold_loss":0}],"is_beta":false,"boss_relics":[{"not_picked":["Sozu","Coffee Dripper"],"picked":"construct:WeddingRing"},{"not_picked":["construct:ClawGrip","Philosopher\u0027s Stone"],"picked":"Black Blood"}],"items_purged_floors":[],"is_endless":false,"potions_floor_spawned":[4,11,16,18,27,31,33,35,39,44,46],"killed_by":"Donu and Deca","ascension_level":0}}