{"host":"j1eo1fqrqta44853","time":1609104410,"event":{"mods":["Act Like it!","BaseMod","CatGirl Mod","Custom Start","Downfall","Elementarium","Gensokyo","GungeonMod","HololiveMod","Hubris","Infinite Spire","Lobotomy","LobotomyExtend","Marisa????????","Minty Spire (QoL Compilation)","Pale of the Ancients","Rare Cards Sparkle","Replay The Spire","SIMod","Shedinja","StSLib","The Jungle","The Marked","The Mystic","The Runesmith","The Vixen","TheBandit","Waifu the Spire"],"gold_per_floor":[29,29,29,14,27,27,27,5,30,293,323,323,323,334,350,350,350,350],"floor_reached":16,"playtime":1724,"items_purged":[],"score":133,"play_id":"56a4f14c-7935-4493-9a6c-e729a5c1bf99","local_time":"20201227152650","is_ascension_mode":false,"campfire_choices":[{"data":"champ:Taunt","floor":1,"key":"SMITH"},{"data":"champ:CalledShot","floor":6,"key":"SMITH"},{"floor":12,"key":"REST"}],"circlet_count":0,"master_deck":["champ:Strike","champ:Strike","champ:Strike","champ:Strike+1","champ:Defend","champ:Defend","champ:Defend","champ:Defend","champ:Execute+1","champ:Taunt+1","champ:CalledShot+1","champ:DefensiveShout","champ:FocusedDefense","champ:FlashCut","champ:TornadoPunch","champ:VampiricStrike","champ:FlashCut","champ:FanOfKnives"],"relics":["champ:ChampionCrown","LetterFromLob","Replay:Accelerometer","PreservedInsect","Singing Bowl"],"acts_visited":["Gensokyo:Gensokyo"],"potions_floor_usage":[9,10,15,16],"damage_taken":[{"damage":8,"enemies":"downfall:FleeingMerchant","floor":4,"turns":4},{"damage":5,"enemies":"Gensokyo:2_Kodama","floor":5,"turns":3},{"damage":67,"enemies":"Gensokyo:Cirno","floor":9,"turns":11},{"damage":5,"enemies":"Gensokyo:Python","floor":10,"turns":3},{"damage":5,"enemies":"Gensokyo:Mamizou","floor":11,"turns":6},{"damage":6,"enemies":"Gensokyo:Gryphon","floor":14,"turns":3},{"damage":7,"enemies":"Gensokyo:CorruptedTreant","floor":15,"turns":4},{"damage":52,"enemies":"downfall:Watcher","floor":16,"turns":8}],"seed_played":"4973177290924300157","potions_obtained":[{"floor":5,"key":"Energy Potion"},{"floor":9,"key":"SkillPotion"},{"floor":11,"key":"champ:OpenerPotion"},{"floor":15,"key":"SteroidPotion"}],"is_trial":false,"path_per_floor":["R","?","?","$","M","R","T","COS","E","M","E","R","?","M","M","B"],"character_chosen":"THE_CHAMP","items_purchased":[],"campfire_rested":1,"item_purchase_floors":[],"current_hp_per_floor":[90,90,90,90,90,90,90,90,48,48,48,75,60,54,47,0,0,0],"gold":350,"neow_bonus":"RANDOM_EVENT","is_daily":false,"chose_seed":false,"campfire_upgraded":2,"win_rate":0.0,"timestamp":1609104410,"path_taken":["R","?","?","$","M","R","T","COS","E","M","E","R","?","M","M","BOSS"],"items_purchased_type":[],"build_version":"2020-12-22","purchased_purges":0,"victory":false,"max_hp_per_floor":[90,90,90,90,90,90,90,90,90,90,90,90,90,90,90,90,90,90],"card_choices":[{"not_picked":["champ:Devastate","champ:FocusedGladiator"],"picked":"champ:DefensiveShout","floor":4},{"not_picked":["champ:EnragedBash","champ:RisingSlash"],"picked":"champ:FocusedDefense","floor":5},{"not_picked":["champ:DefensiveShout","champ:Circumvent"],"picked":"champ:FlashCut","floor":9},{"not_picked":["champ:Backstep","champ:Lariat"],"picked":"champ:TornadoPunch","floor":10},{"not_picked":["champ:SteelEdge","champ:Duel"],"picked":"champ:VampiricStrike","floor":11},{"not_picked":["champ:Lariat","champ:GutPunch"],"picked":"champ:FlashCut","floor":14},{"not_picked":["champ:PerfectedStrike","champ:CrookedStrike"],"picked":"champ:FanOfKnives","floor":15}],"player_experience":971334,"relics_obtained":[{"floor":5,"key":"LetterFromLob"},{"floor":7,"key":"Replay:Accelerometer"},{"floor":9,"key":"PreservedInsect"},{"floor":11,"key":"Singing Bowl"}],"event_choices":[],"is_beta":false,"boss_relics":[],"items_purged_floors":[],"is_endless":false,"potions_floor_spawned":[5,9,11,15],"killed_by":"downfall:Watcher","ascension_level":0}}