{"host":"u0f5uy314yz7olfc","time":1609045384,"event":{"mods":["AchievementEnabler","Aspiration","BaseMod","Better Altar","Better Match","Better Note","Better Sensory Stone","Better Skull","Better Third Choice","BetterRewards","Block Reminder","Colored Map","Colored Powertips","DeckTracker","Dota2Spire","Emptier Cage","Gold Saver","Highlight Path","Hubris","Infinite Spire","Marked Mod","Mimic Mod","Minty Spire (QoL Compilation)","Permanent Neow","Quick Restart","Rare Cards Sparkle","Relic Sorter","Replay The Spire","Shop Mod","StSLib","The Bladedancer","The Blue Laboratory","Watcher Patcher"],"gold_per_floor":[399,412,423,441,441,441,452,147,147,81,108,88,108,125,125,220,270,282,282,298,298,238,238,252,252,252,6,16,45,45,56,56,152,452,465,517,477,477,492,527,527,544,580,580,580,599,618,638,638,638,638],"floor_reached":50,"playtime":4149,"items_purged":["Impervious"],"score":771,"play_id":"2b15ef56-d2bc-4a98-a767-13681232a493","local_time":"20201227120304","is_ascension_mode":false,"campfire_choices":[{"floor":6.0,"key":"RECALL"},{"floor":23.0,"key":"REST"},{"data":"Replay:Many Hands","floor":25.0,"key":"SMITH"},{"floor":30.0,"key":"REST"},{"data":"Barricade","floor":32.0,"key":"SMITH"},{"floor":41,"key":"REST"},{"data":"Discovery","floor":45,"key":"SMITH"},{"data":"ReplayTheSpireMod:Chaos Vortex","floor":49,"key":"SMITH"}],"circlet_count":0,"master_deck":["Strike_R","Strike_R","Strike_R","Strike_R","Strike_R","Defend_R+1","Defend_R","Defend_R","Defend_R","Bash","Flex","Flex","Heavy Blade","Havoc","Carnage","Iron Wave","Flex","Replay:Undeath\u0027s Touch","Infernal Blade+1","Replay:Sssssssssshield","Fire Breathing+1","ReplayTheSpireMod:LeadingStrike","Run Through+1","Replay:Many Hands+1","Consecrate","Carnage+1","infinitespire:Punishment","ReplayTheSpireMod:Chaos Vortex+1","ReplayTheSpireMod:Black Plague","infinitespire:TheBestDefense","Iron Wave","Discovery+1","Thunderclap+1","Barricade+1","Bandage Up","Bludgeon","Shrug It Off+1","Replay:Undeath\u0027s Touch","Replay:Many Hands","ReplayTheSpireMod:Restless Dread","Doubt","Clumsy","Dropkick+1","Pommel Strike+1","Heavy Blade","Consecrate+1","Parasite","Iron Wave+1","Bloodletting","Flame Barrier+1","Metallicize","Anger+1"],"relics":["Burning Blood","MerchantsRug","betterThird:SlimedRelic","Tiny House","Runic Pyramid","Membership Card","Snack Pack","Dota2Spire:BattleFury","HornCleat","Replay:Ancient Bell","Gremlin Food","Eternal Feather","Old Coin","hubris:64BitClover","Dota2Spire:OctarineCore","Pondfish Scales"],"acts_visited":["Exordium","TheCity","TheBeyond"],"potions_floor_usage":[40,50,50,50],"damage_taken":[{"damage":11.0,"enemies":"Jaw Worm","floor":1.0,"turns":4.0},{"damage":0.0,"enemies":"Cultist","floor":2.0,"turns":2.0},{"damage":5.0,"enemies":"2 Louse","floor":3.0,"turns":2.0},{"damage":7.0,"enemies":"Blue Slaver","floor":4.0,"turns":3.0},{"damage":0.0,"enemies":"2 Fungi Beasts","floor":7.0,"turns":2.0},{"damage":28.0,"enemies":"3 Sentries","floor":11.0,"turns":7.0},{"damage":16.0,"enemies":"Exordium Wildlife","floor":13.0,"turns":4.0},{"damage":0.0,"enemies":"3 Louse","floor":14.0,"turns":2.0},{"damage":51.0,"enemies":"The Guardian","floor":16.0,"turns":12.0},{"damage":28.0,"enemies":"Shell Parasite","floor":18.0,"turns":7.0},{"damage":10.0,"enemies":"Chosen","floor":20.0,"turns":3.0},{"damage":0.0,"enemies":"Snecko","floor":24.0,"turns":7.0},{"damage":12.0,"enemies":"Sentry and Sphere","floor":28.0,"turns":6.0},{"damage":42.0,"enemies":"Book of Stabbing","floor":29.0,"turns":5.0},{"damage":8.0,"enemies":"Chosen and Byrds","floor":31.0,"turns":4.0},{"damage":83.0,"enemies":"Collector","floor":33.0,"turns":11.0},{"damage":11.0,"enemies":"Orb Walker","floor":35.0,"turns":5.0},{"damage":55.0,"enemies":"2 Orb Walkers","floor":36.0,"turns":5.0},{"damage":18.0,"enemies":"3 Shapes","floor":39.0,"turns":2.0},{"damage":0,"enemies":"Nemesis","floor":40,"turns":9},{"damage":33,"enemies":"Writhing Mass","floor":42,"turns":4},{"damage":2,"enemies":"Transient","floor":43,"turns":5},{"damage":26,"enemies":"Transient","floor":46,"turns":5},{"damage":40,"enemies":"4 Shapes","floor":47,"turns":6},{"damage":0,"enemies":"Jaw Worm Horde","floor":48,"turns":2},{"damage":137,"enemies":"hubris:GrandSnecko","floor":50,"turns":36}],"seed_played":"2535425572503240223","potions_obtained":[{"floor":3.0,"key":"blueLaboratory:BottledHope"},{"floor":14.0,"key":"blueLaboratory:FruitPreserves"},{"floor":17.0,"key":"blueLaboratory:EntrenchedPotion"},{"floor":20.0,"key":"SteroidPotion"},{"floor":28.0,"key":"blueLaboratory:AbyssPotion"},{"floor":29.0,"key":"Elixir"},{"floor":37.0,"key":"blueLaboratory:BottleOfVodka"},{"floor":37.0,"key":"FearPotion"},{"floor":37.0,"key":"ElixirPotion"},{"floor":40,"key":"blueLaboratory:Moonshine"}],"is_trial":false,"path_per_floor":["M","M","M","M","?","R","M","$","T","$","E","?","M","M","R_BF","B",null,"M","AVR","M","?","?","R","M","R","T","$","M","E","R","M","R","B",null,"M","?","?","AVR","M","E","R","M","MIM","?","R","M","M","M","R","B"],"character_chosen":"IRONCLAD","items_purchased":["MerchantsRug","Flex","Replay:Undeath\u0027s Touch","Infernal Blade+1","Replay:Sssssssssshield","Dota2Spire:HealingSalve","Dota2Spire:Clarity","Fire Breathing","Barricade","Dota2Spire:BattleFury","Bandage Up"],"campfire_rested":3,"item_purchase_floors":[0,0,8,8,8,8,8,10,27,27,27],"current_hp_per_floor":[69,75,76,75,75,75,80,80,80,80,58,47,46,52,52,30,85,63,63,59,59,59,84,85,85,85,85,82,49,74,80,80,15,85,85,38,38,38,26,40,85,62,76,85,85,65,41,53,83,0,0],"gold":638,"neow_bonus":"","is_daily":false,"chose_seed":false,"campfire_upgraded":4,"win_rate":0.0,"timestamp":1609045384,"path_taken":["M","M","M","M","?","R","M","?","T","$","E","?","M","M","R_BF","BOSS","M","AVR","M","?","?","R","M","R","T","$","M","E","R","M","R","BOSS","M","?","?","AVR","M","E","R","M","MIM","?","R","M","M","M","R","BOSS"],"items_purchased_type":["Relic","Card","Card","Card","Card","Potion","Potion","Card","Card","Relic","Card"],"build_version":"2020-12-22","purchased_purges":1,"victory":false,"max_hp_per_floor":[80,80,80,80,80,80,80,80,80,80,80,80,80,80,80,80,85,85,85,85,85,85,85,85,85,85,85,85,85,85,85,85,85,85,85,85,85,85,85,85,85,85,85,85,85,85,85,85,85,85,85],"card_choices":[{"not_picked":["Headbutt","Wild Strike"],"picked":"Heavy Blade","floor":1.0},{"not_picked":["Thunderclap","Clothesline"],"picked":"Havoc","floor":2.0},{"not_picked":["Shrug It Off","Thunderclap"],"picked":"Carnage","floor":3.0},{"not_picked":["Uppercut","ThirdEye"],"picked":"Iron Wave","floor":4.0},{"not_picked":["Entrench","Body Slam"],"picked":"Flex","floor":7.0},{"not_picked":["hubris:SharpeningStone","Corruption"],"picked":"ReplayTheSpireMod:LeadingStrike","floor":11.0},{"not_picked":["ThirdEye","Armaments"],"picked":"Run Through","floor":13.0},{"not_picked":["Armaments","Clothesline"],"picked":"Replay:Many Hands","floor":14.0},{"not_picked":["Exhume","Limit Break"],"picked":"Impervious","floor":16.0},{"not_picked":["Blood for Blood","Wallop"],"picked":"Consecrate","floor":17.0},{"not_picked":["hubris:ReadiedAction","ReplayTheSpireMod:LeadingStrike"],"picked":"Carnage+1","floor":18.0},{"not_picked":["Havoc","Entrench+1"],"picked":"Iron Wave","floor":20.0},{"not_picked":["Havoc","Armaments"],"picked":"Thunderclap+1","floor":24.0},{"not_picked":["Iron Wave","Thunderclap"],"picked":"Bludgeon","floor":28.0},{"not_picked":["Havoc","Clothesline"],"picked":"Shrug It Off+1","floor":29.0},{"not_picked":["Perfected Strike","Run Through+1"],"picked":"Replay:Undeath\u0027s Touch","floor":31.0},{"not_picked":["Ragnarok","Feed"],"picked":"Replay:Many Hands","floor":33.0},{"not_picked":["Regret","Writhe"],"picked":"ReplayTheSpireMod:Restless Dread","floor":34.0},{"not_picked":["ReplayTheSpireMod:IOU","Regret"],"picked":"Doubt","floor":34.0},{"not_picked":["Pain","Amnesia"],"picked":"Clumsy","floor":34.0},{"not_picked":["CarveReality","Wallop+1"],"picked":"Dropkick+1","floor":35.0},{"not_picked":["Iron Wave+1","SandsOfTime+1"],"picked":"Pommel Strike+1","floor":36.0},{"not_picked":["Whirlwind+1","Wild Strike"],"picked":"Heavy Blade","floor":39.0},{"not_picked":["Evolve","Heavy Blade"],"picked":"Consecrate+1","floor":40},{"not_picked":["Blood for Blood+1","Burning Pact+1"],"picked":"Iron Wave+1","floor":42},{"not_picked":["Swivel","True Grit"],"picked":"Bloodletting","floor":43},{"not_picked":["ReplayTheSpireMod:Limb From Limb+1","ThirdEye"],"picked":"Flame Barrier+1","floor":46},{"not_picked":["Inflame","ReplayTheSpireMod:LeadingStrike"],"picked":"Metallicize","floor":47},{"not_picked":["Rampage+1","Headbutt"],"picked":"Anger+1","floor":48}],"player_experience":332041,"relics_obtained":[{"floor":11.0,"key":"Dota2Spire:BladeMail"},{"floor":26.0,"key":"Snack Pack"},{"floor":29.0,"key":"HornCleat"},{"floor":36.0,"key":"hubris:64BitClover"},{"floor":40,"key":"Dota2Spire:OctarineCore"},{"floor":43,"key":"Pondfish Scales"}],"event_choices":[{"damage_healed":0.0,"max_hp_gain":0.0,"max_hp_loss":0.0,"gold_gain":0.0,"event_name":"Purifier","player_choice":"Ignored","floor":5.0,"gold_loss":0.0,"damage_taken":0.0},{"damage_healed":0.0,"max_hp_gain":0.0,"max_hp_loss":0.0,"gold_gain":0.0,"event_name":"betterThird:BetterGoop","player_choice":"Slimed","floor":12.0,"gold_loss":20.0,"damage_taken":11.0},{"cards_removed":["ReplayTheSpireMod:Chaos Vortex"],"damage_healed":0.0,"max_hp_gain":0.0,"max_hp_loss":0.0,"gold_gain":0.0,"event_name":"betterNote:BetterNote","player_choice":"Take \u0026 Give","floor":21.0,"gold_loss":0.0,"damage_taken":0.0,"cards_obtained":["Discovery"]},{"damage_healed":0.0,"max_hp_gain":0.0,"max_hp_loss":0.0,"gold_gain":0.0,"event_name":"Mysterious Sphere","player_choice":"Fight","floor":36.0,"gold_loss":0.0,"damage_taken":0.0},{"damage_healed":0.0,"max_hp_gain":0.0,"max_hp_loss":0.0,"gold_gain":0.0,"event_name":"The Woman in Blue","player_choice":"Bought 3 Potions","floor":37.0,"gold_loss":0.0,"damage_taken":0.0}],"is_beta":false,"boss_relics":[{"not_picked":["Fusion Hammer","Honey Jar"],"picked":"Tiny House"},{"not_picked":["Empty Cage","aspiration:RunicSpoon"],"picked":"Replay:Ancient Bell"},{"not_picked":["Orichalcum","Dota2Spire:PhaseBoots"],"picked":"Gremlin Food"},{"not_picked":["hubris:DisguiseKit","hubris:PeanutButter"],"picked":"Eternal Feather"},{"not_picked":["Shovel","Girya"],"picked":"Old Coin"}],"items_purged_floors":[19],"is_endless":false,"potions_floor_spawned":[3,14,20,28,29,39,40,42,46,47],"killed_by":"hubris:GrandSnecko","ascension_level":0}}