{"host":"5fasz840ryq7obdf","time":1609094597,"event":{"mods":["AchievementEnabler","BaseMod","Bestiary","Better Altar","Better Skull","Better Third Choice","BetterRewards","Block Reminder","Colored Powertips","Curses Come First","Highlight Path","Minty Spire (QoL Compilation)","Quick Restart","Rare Cards Sparkle","Relic Stats","Replay The Spire","Shop Mod","Spicy Shops","StSLib","SuperFastMode"],"gold_per_floor":[119,194,194,210,228,228,256,256,256,2,2,32,44,31,31,106,106,126,126,146,2,22,48,48,74,74,57,57,57,57,57,85,3,3,76,176,188,203,220,220,27,56,56,4,31,61,81,127,48,78,78,78,78],"floor_reached":54,"playtime":3685,"items_purged":["Strike_G","Strike_G","Strike_G","Strike_G","Defend_G"],"score":2024,"play_id":"4092e947-3207-44fb-898f-6724cfcb7fc9","local_time":"20201227184317","is_ascension_mode":true,"campfire_choices":[{"floor":6.0,"key":"REST"},{"floor":11.0,"key":"REST"},{"data":"Neutralize","floor":15.0,"key":"SMITH"},{"data":"Envenom","floor":24.0,"key":"SMITH"},{"data":"Tactician","floor":28.0,"key":"SMITH"},{"data":"Die Die Die","floor":34.0,"key":"SMITH"},{"data":"Concentrate","floor":43,"key":"SMITH"},{"data":"Prepared","floor":51,"key":"SMITH"}],"circlet_count":0,"master_deck":["AscendersBane","Defend_G","Defend_G","Survivor","Neutralize+1","Hidden Blade","Cloak And Dagger","Infinite Blades+1","Cloak And Dagger","Infinite Blades","Die Die Die+1","Prepared+1","Blur+1","Deflect","Accuracy","Accuracy","Accuracy","Accuracy","ReplayTheSpireMod:Speed Training","Infinite Blades","Poisoned Stab+1","Master of Strategy","Burst+1","Footwork+1","Blade Dance","Infinite Blades","Finisher","ReplayTheSpireMod:Shiv Toss","ReplayTheSpireMod:Shiv Toss","Backflip","ReplayTheSpireMod:Scrap Shanks+1","Quick Slash+1","Footwork","Hidden Blade","Tactician+1","Venomology","Backstab+1","ReplayTheSpireMod:Speed Training","Footwork","Doppelganger","All Out Attack+1","Outmaneuver+1","Deflect+1","Slice","Blade Dance+1","Leg Sweep","ReplayTheSpireMod:Scrap Shanks","Acrobatics","Envenom+1","Corpse Explosion","Backstab","Envenom","Backflip+1","Concentrate+1","Panache+1","Well Laid Plans+1","Concentrate"],"relics":["Ring of the Snake","ReplayTheSpireMod:Ninjato","Blue Doll","Orrery","Tiny Chest","Membership Card","Happy Flower","Ginger","Sling","Shuriken","Kunai","HandDrill","Onion Ring","TwistedFunnel","BargainBundle","Sundial","Pen Nib","Gremlin Horn","Ninja Scroll","Frozen Eye","Replay:Bottled Eggs","Astrolabe","Replay:Rubber Ducky","Pet Ghost","Meat on the Bone","Gremlin Food","Bottled Flame","Lantern","Replay:Wanted Poster","Golden Egg","Pantograph","ReplayTheSpireMod:TigerMarble","Whetstone","Strawberry","PreservedInsect","Bag of Marbles","Blue Candle"],"acts_visited":["Exordium","TheCity","TheBeyond"],"potions_floor_usage":[42,53,53],"damage_taken":[{"damage":1.0,"enemies":"2 Louse","floor":1.0,"turns":2.0},{"damage":0.0,"enemies":"Jaw Worm","floor":4.0,"turns":1.0},{"damage":0.0,"enemies":"Cultist","floor":5.0,"turns":3.0},{"damage":0.0,"enemies":"3 Sentries","floor":7.0,"turns":3.0},{"damage":14.0,"enemies":"Gremlin Nob","floor":12.0,"turns":3.0},{"damage":0.0,"enemies":"3 Louse","floor":13.0,"turns":1.0},{"damage":5.0,"enemies":"The Guardian","floor":16.0,"turns":6.0},{"damage":0.0,"enemies":"Spheric Guardian","floor":18.0,"turns":3.0},{"damage":11.0,"enemies":"2 Thieves","floor":20.0,"turns":2.0},{"damage":0.0,"enemies":"Sentry and Sphere","floor":22.0,"turns":2.0},{"damage":0.0,"enemies":"Gremlin Leader","floor":23.0,"turns":1.0},{"damage":0.0,"enemies":"Slavers","floor":25.0,"turns":2.0},{"damage":0.0,"enemies":"Gremlin Leader","floor":32.0,"turns":3.0},{"damage":5.0,"enemies":"Champ","floor":35.0,"turns":3.0},{"damage":0.0,"enemies":"Orb Walker","floor":37.0,"turns":3.0},{"damage":13,"enemies":"3 Shapes","floor":38,"turns":3},{"damage":7,"enemies":"Transient","floor":39,"turns":6},{"damage":1,"enemies":"R_Hoarder","floor":42,"turns":3},{"damage":0,"enemies":"Giant Head","floor":46,"turns":1},{"damage":0,"enemies":"Maw","floor":47,"turns":4},{"damage":7,"enemies":"Reptomancer","floor":50,"turns":2},{"damage":12,"enemies":"Replay:Hell Engine","floor":52,"turns":4},{"damage":62,"enemies":"Time Eater","floor":53,"turns":7}],"seed_played":"-462902914485478225","potions_obtained":[{"floor":1.0,"key":"CunningPotion"},{"floor":22.0,"key":"CunningPotion"},{"floor":23.0,"key":"FearPotion"},{"floor":25.0,"key":"SpeedPotion"},{"floor":39,"key":"Ancient Potion"},{"floor":50,"key":"SpeedPotion"}],"is_trial":false,"path_per_floor":["M","?","?","M","M","R","E","T","T","$","R","E","M","$","R","B",null,"M","?","M","$","M","E","R","E","T","$","R","T","PTL","PTL","E","$","R","B",null,"M","M","M","T","$","E","R","$","T","E","M","T","$","E","R","B","B",null],"character_chosen":"THE_SILENT","items_purchased":["ReplayTheSpireMod:Ninjato","Hidden Blade","Cloak And Dagger","Infinite Blades+1","Blue Doll","Cloak And Dagger","Orrery","Accuracy","Accuracy","Tiny Chest","Membership Card","Happy Flower","Ginger","ReplayTheSpireMod:Speed Training","Infinite Blades","Sling","Poisoned Stab+1","Master of Strategy","Shuriken","Kunai","HandDrill","Burst","Footwork+1","Onion Ring","Blade Dance","Infinite Blades","TwistedFunnel","BargainBundle","Finisher","ReplayTheSpireMod:Shiv Toss","Backflip","ReplayTheSpireMod:Scrap Shanks+1","Quick Slash","Dexterity Potion","DistilledChaos","Ninja Scroll","Frozen Eye","Footwork","Leg Sweep","ReplayTheSpireMod:Scrap Shanks","Replay:Rubber Ducky","Backstab","Lantern","Panache","Well Laid Plans","ReplayTheSpireMod:TigerMarble","Bag of Marbles"],"campfire_rested":2,"item_purchase_floors":[0,0,0,0,0,0,0,0,0,0,0,0,0,0,0,0,0,0,0,0,0,0,0,0,0,0,0,0,0,0,0,0,0,0,0,10,10,14,21,21,21,27,33,41,44,44,49],"current_hp_per_floor":[17,6,6,6,6,25,25,25,25,25,44,30,30,30,30,25,56,56,56,45,45,45,45,45,45,45,45,45,45,45,45,45,45,45,40,60,60,47,40,40,40,39,39,39,39,46,46,46,46,39,39,52,23],"gold":78,"neow_bonus":"","is_daily":false,"chose_seed":false,"campfire_upgraded":6,"win_rate":0.0,"timestamp":1609094597,"path_taken":["M","?","?","M","?","R","E","?","T","$","R","E","M","$","R","BOSS","M","?","M","?","?","E","R","E","T","$","R","?","PTL","PTL","E","$","R","BOSS","M","?","M","?","?","E","R","$","T","E","M","?","$","E","R","BOSS","BOSS"],"items_purchased_type":["Relic","Card","Card","Card","Relic","Card","Relic","Card","Card","Relic","Relic","Relic","Relic","Card","Card","Relic","Card","Card","Relic","Relic","Relic","Card","Card","Relic","Card","Card","Relic","Relic","Card","Card","Card","Card","Card","Potion","Potion","Relic","Relic","Card","Card","Card","Relic","Card","Relic","Card","Card","Relic","Relic"],"build_version":"2020-12-22","purchased_purges":5,"victory":true,"max_hp_per_floor":[66,66,66,66,66,66,66,66,66,66,66,66,66,66,66,66,66,66,66,66,66,66,66,66,66,66,66,66,66,66,66,66,66,66,66,66,66,66,66,66,66,66,66,66,66,73,73,73,73,73,73,73,73],"relic_stats":{"Happy Flower":[59],"Gremlin Horn":[74,75],"counters":[150,681],"Astrolabe":["All Out Attack","Outmaneuver","Deflect"],"Blue Candle":[12],"Pen Nib":[24],"PreservedInsect":919,"Ginger":[6],"Whetstone":["Backstab","Quick Slash"],"Shuriken":[69],"Sundial":[0],"Pantograph":69,"Tiny Chest":3,"HandDrill":[136],"Kunai":[69],"obtain_stats":[{"TwistedFunnel":19,"Golden Egg":40,"Spirit Poop":5,"Whetstone":40,"Ginger":0,"Bottled Tornado":0,"Sling":0,"Boot":3,"Blood Vial":48,"Replay:Wanted Poster":36,"Sundial":11,"MealTicket":0,"HandDrill":2,"Kunai":26,"Pear":27,"Blue Candle":41,"Tingsha":0,"Pen Nib":36,"Paper Crane":36,"Akabeko":2,"Unceasing Top":0,"Ring of the Serpent":17,"Lantern":23,"Regal Pillow":28,"Singing Bowl":36,"Torii":25,"Blue Doll":0,"Bag of Preparation":6,"Smiling Mask":20,"Cursed Key":34,"Pet Ghost":23,"Replay:Rubber Ducky":21,"Matryoshka":8,"Ninja Scroll":10,"Replay:Bottled Eggs":12,"InkBottle":21,"Ring of the Snake":0,"Potion Belt":9,"Lee\u0027s Waffle":0,"The Specimen":17,"Golden Idol":2,"PreservedInsect":9,"The Courier":28,"Omamori":0,"Frozen Egg 2":17,"MawBank":14,"Ornamental Fan":54,"Orrery":0,"Art of War":40,"Bottled Lightning":26,"Toy Ornithopter":9,"Ice Cream":0,"Tiny House":17,"Calipers":43,"Gremlin Horn":0,"CeramicFish":44,"Vajra":0,"HoveringKite":34,"Centennial Puzzle":22,"Lizard Tail":38,"DollysMirror":25,"Strawberry":46,"Prayer Wheel":17,"Philosopher\u0027s Stone":34,"Toxic Egg 2":7,"Happy Flower":0,"Astrolabe":17,"Oddly Smooth Stone":11,"Letter Opener":40,"War Paint":0,"Question Card":17,"Du-Vu Doll":13,"Bottled Flame":32,"Shuriken":25,"Bronze Scales":26,"Onion Ring":0,"ReplayTheSpireMod:TigerMarble":44,"Pocketwatch":14,"Meat on the Bone":0,"Darkstone Periapt":9,"Snake Skull":0,"Juzu Bracelet":30,"Incense Burner":0,"Empty Cage":34,"Frozen Eye":10,"Nunchaku":43,"Dream Catcher":26,"Mummified Hand":31,"Pantograph":55,"Tiny Chest":6,"Red Mask":36,"Runic Pyramid":17,"Gremlin Food":26,"BargainBundle":0,"ReplayTheSpireMod:Ninjato":0,"Orichalcum":55,"White Beast Statue":19,"Mercury Hourglass":8,"Calling Bell":17,"Bag of Marbles":49,"Membership Card":8},{"TwistedFunnel":77,"Golden Egg":144,"Spirit Poop":68,"Whetstone":88,"Ginger":127,"Bottled Tornado":42,"Sling":29,"Boot":43,"Blood Vial":27,"Replay:Wanted Poster":141,"Sundial":37,"MealTicket":32,"HandDrill":97,"Kunai":16,"Pear":83,"Blue Candle":88,"Tingsha":29,"Pen Nib":21,"Paper Crane":21,"Akabeko":33,"Unceasing Top":29,"Ring of the Serpent":40,"Lantern":14,"Regal Pillow":17,"Singing Bowl":86,"Torii":110,"Blue Doll":127,"Bag of Preparation":4,"Smiling Mask":51,"Cursed Key":85,"Pet Ghost":138,"Replay:Rubber Ducky":136,"Matryoshka":46,"Ninja Scroll":131,"Replay:Bottled Eggs":132,"InkBottle":51,"Ring of the Snake":0,"Potion Belt":46,"Lee\u0027s Waffle":96,"The Specimen":105,"Golden Idol":1,"PreservedInsect":70,"The Courier":83,"Omamori":96,"Frozen Egg 2":105,"MawBank":39,"Ornamental Fan":125,"Orrery":29,"Art of War":61,"Bottled Lightning":82,"Toy Ornithopter":5,"Ice Cream":96,"Tiny House":9,"Calipers":89,"Gremlin Horn":0,"CeramicFish":25,"Vajra":0,"HoveringKite":20,"Centennial Puzzle":79,"Lizard Tail":117,"DollysMirror":110,"Strawberry":146,"Prayer Wheel":76,"Philosopher\u0027s Stone":115,"Toxic Egg 2":36,"Happy Flower":96,"Astrolabe":134,"Oddly Smooth Stone":7,"Letter Opener":24,"War Paint":32,"Question Card":76,"Du-Vu Doll":74,"Bottled Flame":140,"Shuriken":16,"Bronze Scales":110,"Onion Ring":127,"ReplayTheSpireMod:TigerMarble":145,"Pocketwatch":8,"Meat on the Bone":66,"Darkstone Periapt":46,"Snake Skull":32,"Juzu Bracelet":18,"Incense Burner":96,"Empty Cage":58,"Frozen Eye":131,"Nunchaku":24,"Dream Catcher":55,"Mummified Hand":114,"Pantograph":126,"Tiny Chest":45,"Red Mask":59,"Runic Pyramid":50,"Gremlin Food":139,"BargainBundle":127,"ReplayTheSpireMod:Ninjato":127,"Orichalcum":95,"White Beast Statue":77,"Mercury Hourglass":5,"Calling Bell":76,"Bag of Marbles":147,"Membership Card":36},{"TwistedFunnel":427,"Golden Egg":660,"Spirit Poop":395,"Whetstone":467,"Ginger":613,"Bottled Tornado":241,"Sling":179,"Boot":244,"Blood Vial":148,"Replay:Wanted Poster":648,"Sundial":209,"MealTicket":186,"HandDrill":504,"Kunai":93,"Pear":450,"Blue Candle":467,"Tingsha":179,"Pen Nib":120,"Paper Crane":120,"Akabeko":190,"Unceasing Top":179,"Ring of the Serpent":230,"Lantern":82,"Regal Pillow":97,"Singing Bowl":460,"Torii":544,"Blue Doll":613,"Bag of Preparation":20,"Smiling Mask":286,"Cursed Key":456,"Pet Ghost":640,"Replay:Rubber Ducky":637,"Matryoshka":260,"Ninja Scroll":622,"Replay:Bottled Eggs":625,"InkBottle":286,"Ring of the Snake":0,"Potion Belt":260,"Lee\u0027s Waffle":501,"The Specimen":525,"Golden Idol":2,"PreservedInsect":401,"The Courier":450,"Omamori":501,"Frozen Egg 2":525,"MawBank":219,"Ornamental Fan":602,"Orrery":179,"Art of War":353,"Bottled Lightning":446,"Toy Ornithopter":24,"Ice Cream":501,"Tiny House":46,"Calipers":472,"Gremlin Horn":0,"CeramicFish":136,"Vajra":0,"HoveringKite":115,"Centennial Puzzle":435,"Lizard Tail":569,"DollysMirror":544,"Strawberry":664,"Prayer Wheel":425,"Philosopher\u0027s Stone":563,"Toxic Egg 2":204,"Happy Flower":501,"Astrolabe":632,"Oddly Smooth Stone":32,"Letter Opener":132,"War Paint":186,"Question Card":425,"Du-Vu Doll":415,"Bottled Flame":645,"Shuriken":93,"Bronze Scales":544,"Onion Ring":613,"ReplayTheSpireMod:TigerMarble":663,"Pocketwatch":39,"Meat on the Bone":392,"Darkstone Periapt":260,"Snake Skull":186,"Juzu Bracelet":102,"Incense Burner":501,"Empty Cage":333,"Frozen Eye":622,"Nunchaku":132,"Dream Catcher":308,"Mummified Hand":557,"Pantograph":606,"Tiny Chest":254,"Red Mask":338,"Runic Pyramid":281,"Gremlin Food":642,"BargainBundle":613,"ReplayTheSpireMod:Ninjato":613,"Orichalcum":496,"White Beast Statue":427,"Mercury Hourglass":24,"Calling Bell":425,"Bag of Marbles":668,"Membership Card":204}],"Ring of the Snake":[216],"Meat on the Bone":12},"card_choices":[{"not_picked":["Prepared","Deflect"],"picked":"Infinite Blades","floor":0.0},{"not_picked":["PiercingWail","Concentrate"],"picked":"Die Die Die","floor":0.0},{"not_picked":["Flying Knee","Sucker Punch"],"picked":"Prepared","floor":0.0},{"not_picked":["Quick Slash","Poisoned Stab"],"picked":"Blur","floor":0.0},{"not_picked":["Flying Knee","Dagger Throw"],"picked":"Deflect","floor":0.0},{"not_picked":["Eviscerate","Concentrate"],"picked":"Footwork","floor":1.0},{"not_picked":["Dodge and Roll","Dagger Spray"],"picked":"Hidden Blade","floor":4.0},{"not_picked":["Backflip","Glass Knife"],"picked":"Tactician","floor":5.0},{"not_picked":["Expertise","Crippling Poison"],"picked":"Venomology","floor":7.0},{"not_picked":["Prepared","Dagger Spray"],"picked":"Backstab","floor":12.0},{"not_picked":["Leg Sweep","ReplayTheSpireMod:Scrap Shanks"],"picked":"ReplayTheSpireMod:Speed Training","floor":13.0},{"not_picked":["Bullet Time","Grand Finale"],"picked":"Doppelganger","floor":16.0},{"not_picked":["Bane+1","Prepared"],"picked":"Slice","floor":18.0},{"not_picked":["Terror","Flechettes"],"picked":"Blade Dance+1","floor":20.0},{"not_picked":["Toxin Wave","Draining Mist"],"picked":"Acrobatics","floor":22.0},{"not_picked":["ReplayTheSpireMod:Tripwire","Catalyst"],"picked":"Envenom","floor":23.0},{"not_picked":["Acrobatics","Blade Dance+1"],"picked":"Corpse Explosion","floor":25.0},{"not_picked":["Venomology","Masterful Stab","Flechettes"],"picked":"SKIP","floor":32.0},{"not_picked":["Venomology","Grand Finale"],"picked":"Envenom","floor":35.0},{"not_picked":["Hidden Blade","ReplayTheSpireMod:The Works"],"picked":"Backflip+1","floor":37.0},{"not_picked":["Prepared+1","Poisoned Stab"],"picked":"Concentrate","floor":38},{"not_picked":["Prepared","Sucker Punch","PiercingWail+1"],"picked":"SKIP","floor":39},{"not_picked":["Bouncing Flask","Riddle With Holes+1","Masterful Stab"],"picked":"SKIP","floor":42},{"not_picked":["Poisoned Stab","Flechettes+1"],"picked":"Concentrate","floor":46},{"not_picked":["Skewer","Deadly Poison","ReplayTheSpireMod:The Works"],"picked":"SKIP","floor":47},{"not_picked":["ReplayTheSpireMod:Speed Training","All Out Attack","Caltrops"],"picked":"SKIP","floor":50}],"player_experience":1175950,"relics_obtained":[{"floor":7.0,"key":"Sundial"},{"floor":8.0,"key":"Pen Nib"},{"floor":9.0,"key":"Gremlin Horn"},{"floor":12.0,"key":"Replay:Bottled Eggs"},{"floor":23.0,"key":"Pet Ghost"},{"floor":25.0,"key":"Meat on the Bone"},{"floor":26.0,"key":"Gremlin Food"},{"floor":32.0,"key":"Bottled Flame"},{"floor":40,"key":"Golden Egg"},{"floor":42,"key":"Pantograph"},{"floor":45,"key":"Whetstone"},{"floor":46,"key":"Strawberry"},{"floor":48,"key":"PreservedInsect"},{"floor":50,"key":"Blue Candle"}],"event_choices":[{"damage_healed":0.0,"max_hp_gain":0.0,"max_hp_loss":0.0,"gold_gain":75.0,"event_name":"betterThird:BetterGoop","player_choice":"Gold","floor":2.0,"gold_loss":0.0,"damage_taken":11.0},{"damage_healed":0.0,"max_hp_gain":0.0,"max_hp_loss":0.0,"gold_gain":0.0,"event_name":"betterThird:BetterScrap","player_choice":"LEAVE","floor":3.0,"gold_loss":0.0,"damage_taken":0.0,"cards_obtained":["CarveReality"]},{"damage_healed":0.0,"max_hp_gain":0.0,"max_hp_loss":0.0,"gold_gain":0.0,"event_name":"Upgrade Shrine","player_choice":"Upgraded","floor":19.0,"gold_loss":0.0,"damage_taken":0.0,"cards_upgraded":["Burst"]}],"is_beta":false,"boss_relics":[{"not_picked":["Replay:Ancient Bell","Tiny House"],"picked":"Astrolabe"},{"not_picked":["Empty Cage","Busted Crown"],"picked":"Replay:Wanted Poster"}],"items_purged_floors":[0,0,0,10,41],"is_endless":false,"potions_floor_spawned":[1,4,22,23,25,39,42,47,50],"ascension_level":20}}