{"host":"d8hh7rr4yzitjeuj","time":1609048062,"event":{"mods":["2.2 Compatiblity","AchievementEnabler","BaseMod","CapriCore","Colored Map","Colored Powertips","Highlight Path","Keyboard Shortcuts","Minty Spire (QoL Compilation)","Permanent Neow","Quick Restart","StSLib","SuperFastMode"],"gold_per_floor":[115,190,201,42,56,56,56,56,56,56,73,106,106,123,123,123,123],"floor_reached":16,"playtime":293,"items_purged":["Regret"],"score":250,"play_id":"d87afbae-0e45-408b-ab7c-ea1e53a91cac","local_time":"20201227144742","is_ascension_mode":true,"campfire_choices":[{"data":"Zap","floor":6,"key":"SMITH"},{"data":"Coolheaded","floor":13,"key":"SMITH"},{"data":"Turbo","floor":15,"key":"SMITH"}],"circlet_count":0,"master_deck":["AscendersBane","Strike_B","Strike_B","Strike_B","Strike_B","Defend_B","Defend_B","Defend_B","Defend_B","Zap+1","Dualcast+1","Meteor Strike","Rip and Tear","Steam","Lockon+1","Beam Cell","Sunder","Coolheaded+1","Turbo+1"],"relics":["Cracked Core","Emotion Chip","Orichalcum"],"acts_visited":["Exordium"],"potions_floor_usage":[16,16],"damage_taken":[{"damage":2,"enemies":"2 Louse","floor":1,"turns":4},{"damage":9,"enemies":"Jaw Worm","floor":3,"turns":2},{"damage":0,"enemies":"Cultist","floor":5,"turns":2},{"damage":10,"enemies":"Exordium Thugs","floor":11,"turns":4},{"damage":0,"enemies":"Gremlin Nob","floor":12,"turns":2},{"damage":0,"enemies":"Large Slime","floor":14,"turns":3},{"damage":36,"enemies":"Hexaghost","floor":16,"turns":9}],"seed_played":"-930411010665624787","potions_obtained":[{"floor":3,"key":"Ancient Potion"},{"floor":11,"key":"AttackPotion"},{"floor":12,"key":"PowerPotion"}],"is_trial":false,"path_per_floor":["M","?","M","$","M","R","?","?","T","$","M","E","R","M","R","B"],"character_chosen":"DEFECT","items_purchased":["Lockon"],"campfire_rested":0,"item_purchase_floors":[4],"current_hp_per_floor":[62,51,42,42,42,42,65,44,44,44,34,34,34,34,34,0,0],"gold":123,"neow_bonus":"THREE_RARE_CARDS","is_daily":false,"chose_seed":false,"campfire_upgraded":3,"win_rate":0.0,"timestamp":1609048062,"path_taken":["M","?","M","$","M","R","?","?","T","?","M","E","R","M","R","BOSS"],"items_purchased_type":["Card"],"build_version":"2020-12-22","purchased_purges":1,"victory":false,"max_hp_per_floor":[71,71,71,71,71,71,71,71,71,71,71,71,71,71,71,71,71],"card_choices":[{"not_picked":["Seek","Multi-Cast"],"picked":"Meteor Strike","floor":0},{"not_picked":["Gash","Loop"],"picked":"Rip and Tear","floor":1},{"not_picked":["Streamline","Barrage"],"picked":"Steam","floor":3},{"not_picked":["Stack","Tempest"],"picked":"Beam Cell","floor":5},{"not_picked":["Leap","Cold Snap"],"picked":"Sunder","floor":11},{"not_picked":["Storm","Thunder Strike"],"picked":"Coolheaded","floor":12},{"not_picked":["Hologram","Compile Driver"],"picked":"Turbo","floor":14}],"player_experience":1388403,"relics_obtained":[{"floor":9,"key":"Emotion Chip"},{"floor":12,"key":"Orichalcum"}],"event_choices":[{"damage_healed":0,"gold_gain":75,"player_choice":"Gather Gold","damage_taken":11,"max_hp_gain":0,"max_hp_loss":0,"event_name":"World of Goop","floor":2,"gold_loss":0},{"damage_healed":23,"gold_gain":0,"player_choice":"Banana","damage_taken":0,"max_hp_gain":0,"max_hp_loss":0,"event_name":"Big Fish","floor":7,"gold_loss":0},{"damage_healed":0,"gold_gain":0,"player_choice":"Entered Light","damage_taken":21,"max_hp_gain":0,"max_hp_loss":0,"event_name":"Shining Light","floor":8,"gold_loss":0,"cards_upgraded":["Lockon","Dualcast"]}],"is_beta":false,"boss_relics":[],"items_purged_floors":[4],"is_endless":false,"potions_floor_spawned":[3,11,12,14],"killed_by":"Hexaghost","ascension_level":20}}