{"host":"dcj2yvrgcvh5dl2s","time":1609105115,"event":{"mods":["BaseMod","Better Note","Block Reminder","Colored Powertips","DeckTracker","Minty Spire (QoL Compilation)","Quick Restart","Rare Cards Sparkle","Relic Stats","StSLib"],"gold_per_floor":[110,52,70,70,85,113,113,141,141,166,15,15,15],"floor_reached":12,"playtime":319,"items_purged":["Strike_R"],"score":178,"play_id":"dabd5099-43fe-4b07-9cdc-79bac2f4579a","local_time":"20201228073835","is_ascension_mode":true,"campfire_choices":[{"floor":7,"key":"REST"}],"circlet_count":0,"master_deck":["AscendersBane","Strike_R","Strike_R","Strike_R","Strike_R","Defend_R","Defend_R","Defend_R","Defend_R","Bash","Pummel","Flex","Flex","Exhume","Heavy Blade","Shrug It Off","Pommel Strike"],"relics":["Burning Blood","NeowsBlessing","HornCleat","StrikeDummy","Darkstone Periapt","Omamori"],"acts_visited":[],"potions_floor_usage":[6,8,10],"damage_taken":[{"damage":0,"enemies":"Cultist","floor":1,"turns":1},{"damage":0,"enemies":"Jaw Worm","floor":3,"turns":1},{"damage":0,"enemies":"Small Slimes","floor":5,"turns":1},{"damage":44,"enemies":"Gremlin Nob","floor":6,"turns":5},{"damage":21,"enemies":"3 Sentries","floor":8,"turns":7},{"damage":46,"enemies":"Lagavulin","floor":10,"turns":8},{"damage":20,"enemies":"Gremlin Nob","floor":12,"turns":3}],"seed_played":"767910849951229552","potions_obtained":[{"floor":1,"key":"SteroidPotion"},{"floor":5,"key":"PowerPotion"},{"floor":6,"key":"Regen Potion"}],"is_trial":false,"path_per_floor":["M","$","M","?","M","E","R","E","T","E","$","E"],"character_chosen":"IRONCLAD","items_purchased":["Flex","Shrug It Off","Pommel Strike"],"campfire_rested":1,"item_purchase_floors":[2,11,11],"current_hp_per_floor":[74,74,75,71,75,37,59,44,44,18,18,0,0],"gold":15,"neow_bonus":"THREE_ENEMY_KILL","is_daily":false,"chose_seed":false,"campfire_upgraded":0,"win_rate":0.0,"timestamp":1609105115,"path_taken":["M","?","M","?","M","E","R","E","T","E","$","E"],"items_purchased_type":["Card","Card","Card"],"build_version":"2020-12-22","purchased_purges":1,"victory":false,"max_hp_per_floor":[75,75,75,75,75,75,75,75,75,75,75,75,75],"relic_stats":{"Darkstone Periapt":0,"counters":[7,26],"obtain_stats":[{"Darkstone Periapt":9,"HornCleat":6,"NeowsBlessing":0,"Omamori":10,"StrikeDummy":8,"Burning Blood":0},{"Darkstone Periapt":5,"HornCleat":4,"NeowsBlessing":0,"Omamori":6,"StrikeDummy":5,"Burning Blood":0},{"Darkstone Periapt":15,"HornCleat":8,"NeowsBlessing":0,"Omamori":23,"StrikeDummy":15,"Burning Blood":0}],"Burning Blood":29},"card_choices":[{"not_picked":["Combust","Sword Boomerang"],"picked":"Pummel","floor":1},{"not_picked":["Combust","Twin Strike","Rage"],"picked":"SKIP","floor":3},{"not_picked":["Armaments","Headbutt"],"picked":"Flex","floor":5},{"not_picked":["Evolve","Ghostly Armor"],"picked":"Exhume","floor":6},{"not_picked":["Seeing Red","Twin Strike"],"picked":"Heavy Blade","floor":8},{"not_picked":["Power Through","Cleave","Clothesline"],"picked":"SKIP","floor":10}],"player_experience":2079968,"relics_obtained":[{"floor":6,"key":"HornCleat"},{"floor":8,"key":"StrikeDummy"},{"floor":9,"key":"Darkstone Periapt"},{"floor":10,"key":"Omamori"}],"event_choices":[{"damage_healed":0,"gold_gain":0,"player_choice":"Bought 0 Potions","damage_taken":0,"max_hp_gain":0,"max_hp_loss":0,"event_name":"The Woman in Blue","floor":4,"gold_loss":0}],"is_beta":false,"boss_relics":[],"items_purged_floors":[11],"is_endless":false,"potions_floor_spawned":[1,5,6],"killed_by":"Gremlin Nob","ascension_level":17}}