{"host":"7pe9xwx78c6nlay8","time":1609066349,"event":{"mods":["BaseMod","Minty Spire (QoL Compilation)"],"gold_per_floor":[10,10,10,26,44,68,111,124,124,124,124,124,165,185,185,275,275,299,322,9,22,22,58,58,74,74,74,74],"floor_reached":27,"playtime":1261,"items_purged":[],"score":417,"play_id":"7346f29a-96ce-4aec-aa40-e7cf8eb8f37f","local_time":"20201227185229","is_ascension_mode":true,"campfire_choices":[{"floor":10.0,"key":"REST"},{"floor":12.0,"key":"REST"},{"floor":15,"key":"REST"}],"circlet_count":0,"master_deck":["AscendersBane","Strike_P","Strike_P+1","Strike_P+1","Defend_P+1","Defend_P+1","Defend_P+1","Eruption+1","Vigilance","LessonLearned+1","JustLucky+1","MentalFortress+1","ThirdEye+1","ThirdEye+1","DevaForm+1","CutThroughFate","BattleHymn","WaveOfTheHand","Wallop","Adaptation+1","CutThroughFate"],"relics":["PureWater","Golden Idol","Anchor","Bottled Lightning","Thread and Needle","Snecko Eye","Pear","Frozen Egg 2","StoneCalendar"],"acts_visited":["Exordium","TheCity"],"potions_floor_usage":[13,16,18,25],"damage_taken":[{"damage":0.0,"enemies":"Small Slimes","floor":1.0,"turns":2.0},{"damage":2.0,"enemies":"Cultist","floor":4.0,"turns":4.0},{"damage":0.0,"enemies":"2 Louse","floor":5.0,"turns":3.0},{"damage":2.0,"enemies":"Exordium Wildlife","floor":6.0,"turns":5.0},{"damage":30.0,"enemies":"Lagavulin","floor":7.0,"turns":11.0},{"damage":0.0,"enemies":"2 Fungi Beasts","floor":8.0,"turns":4.0},{"damage":16,"enemies":"Gremlin Nob","floor":13,"turns":3},{"damage":0,"enemies":"Large Slime","floor":14,"turns":5},{"damage":6,"enemies":"Slime Boss","floor":16,"turns":11},{"damage":5,"enemies":"3 Byrds","floor":18,"turns":6},{"damage":0,"enemies":"Shell Parasite","floor":19,"turns":8},{"damage":3,"enemies":"Shelled Parasite and Fungi","floor":21,"turns":5},{"damage":24,"enemies":"Gremlin Leader","floor":23,"turns":7},{"damage":20,"enemies":"Centurion and Healer","floor":25,"turns":6},{"damage":0,"enemies":"Slavers","floor":27,"turns":1}],"seed_played":"-7716773158244317870","potions_obtained":[{"floor":3.0,"key":"Block Potion"},{"floor":3.0,"key":"Swift Potion"},{"floor":8.0,"key":"Ambrosia"},{"floor":13,"key":"Weak Potion"},{"floor":14,"key":"DuplicationPotion"},{"floor":23,"key":"PowerPotion"}],"is_trial":false,"path_per_floor":["M","?","?","M","M","M","E","M","T","R","?","R","E","M","R","B",null,"M","M","$","M","?","E","?","M","T","E"],"character_chosen":"WATCHER","items_purchased":["Pear","WaveOfTheHand"],"campfire_rested":3,"item_purchase_floors":[20,20],"current_hp_per_floor":[61,44,44,42,42,40,10,10,10,30,30,50,34,34,54,48,63,58,58,68,65,65,41,41,21,21,21,21],"gold":74,"neow_bonus":"THREE_RARE_CARDS","is_daily":false,"chose_seed":false,"campfire_upgraded":0,"win_rate":0.0,"timestamp":1609066349,"path_taken":["M","?","?","M","?","?","E","M","T","R","?","R","E","M","R","BOSS","M","?","$","M","?","E","?","M","T","E"],"items_purchased_type":["Relic","Card"],"build_version":"2020-12-22","purchased_purges":0,"victory":false,"max_hp_per_floor":[68,68,68,68,68,68,68,68,68,68,68,68,68,68,68,68,68,68,68,78,78,78,78,78,78,78,78,78],"card_choices":[{"not_picked":["Judgement","DevaForm"],"picked":"LessonLearned","floor":0.0},{"not_picked":["Prostrate","BowlingBash"],"picked":"JustLucky","floor":1.0},{"not_picked":["CrushJoints","FollowUp"],"picked":"MentalFortress","floor":4.0},{"not_picked":["Pray","MentalFortress"],"picked":"ThirdEye","floor":5.0},{"not_picked":["SashWhip","Vengeance","Prostrate"],"picked":"SKIP","floor":6.0},{"not_picked":["Protect","FlyingSleeves","CrushJoints"],"picked":"SKIP","floor":7.0},{"not_picked":["WheelKick","Prostrate"],"picked":"ThirdEye","floor":8.0},{"not_picked":["DeceiveReality","ConjureBlade","EmptyBody"],"picked":"SKIP","floor":13},{"not_picked":["Halt","CrushJoints","FlyingSleeves"],"picked":"SKIP","floor":14},{"not_picked":["Establishment","SpiritShield"],"picked":"DevaForm","floor":16},{"not_picked":["Indignation","JustLucky"],"picked":"CutThroughFate","floor":18},{"not_picked":["Indignation","FollowUp"],"picked":"BattleHymn","floor":19},{"not_picked":["Crescendo","WaveOfTheHand","Study"],"picked":"SKIP","floor":21},{"not_picked":["CarveReality","WreathOfFlame"],"picked":"Adaptation+1","floor":23},{"not_picked":["Meditate","SignatureMove"],"picked":"CutThroughFate","floor":25}],"player_experience":1567433,"relics_obtained":[{"floor":7.0,"key":"Anchor"},{"floor":9.0,"key":"Bottled Lightning"},{"floor":13,"key":"Thread and Needle"},{"floor":23,"key":"Frozen Egg 2"},{"floor":26,"key":"StoneCalendar"}],"event_choices":[{"damage_healed":0.0,"max_hp_gain":0.0,"max_hp_loss":0.0,"gold_gain":0.0,"event_name":"Golden Idol","player_choice":"Take Damage","floor":2.0,"gold_loss":0.0,"damage_taken":17.0,"relics_obtained":["Golden Idol"]},{"damage_healed":0.0,"max_hp_gain":0.0,"max_hp_loss":0.0,"gold_gain":0.0,"event_name":"Lab","player_choice":"Got Potions","floor":3.0,"gold_loss":0.0,"damage_taken":0.0},{"cards_removed":["Defend_P"],"damage_healed":0.0,"max_hp_gain":0.0,"max_hp_loss":0.0,"gold_gain":0.0,"event_name":"Purifier","player_choice":"Purged","floor":11.0,"gold_loss":0.0,"damage_taken":0.0},{"damage_healed":0,"gold_gain":0,"player_choice":"Read","damage_taken":0,"max_hp_gain":0,"max_hp_loss":0,"event_name":"The Library","floor":22,"gold_loss":0,"cards_obtained":["Wallop"]},{"cards_removed":["Strike_P"],"damage_healed":0,"gold_gain":0,"player_choice":"Elegance","damage_taken":0,"max_hp_gain":0,"max_hp_loss":0,"event_name":"Back to Basics","floor":24,"gold_loss":0}],"is_beta":false,"boss_relics":[{"not_picked":["Astrolabe","Empty Cage"],"picked":"Snecko Eye"}],"items_purged_floors":[],"is_endless":false,"potions_floor_spawned":[5,8,13,14,23],"killed_by":"Slavers","ascension_level":14}}