{"host":"tzyzz5n7hg2ni9q2","time":1609065709,"event":{"mods":["BaseMod","Minty Spire (QoL Compilation)","Quick Restart"],"gold_per_floor":[115,115,190,200,12,38,38,38,88,104,122,122,122,122,122,122,122],"floor_reached":16,"playtime":409,"items_purged":[],"score":137,"play_id":"484ec9b8-854d-44e8-905f-6e87951c9664","local_time":"20201227114149","is_ascension_mode":true,"campfire_choices":[{"floor":7,"key":"REST"},{"data":"Body Slam","floor":12,"key":"SMITH"},{"data":"Bash","floor":15,"key":"SMITH"}],"circlet_count":0,"master_deck":["Strike_R","Strike_R","Strike_R","Strike_R","Strike_R","Defend_R","Defend_R","Defend_R","Defend_R","Bash+1","Impervious","Body Slam+1","True Grit+1","Cleave","Trip"],"relics":["Burning Blood","FossilizedHelix","Vajra","Nunchaku","Blood Vial"],"acts_visited":["Exordium"],"potions_floor_usage":[6,16],"damage_taken":[{"damage":24.0,"enemies":"Small Slimes","floor":1.0,"turns":4.0},{"damage":0.0,"enemies":"Jaw Worm","floor":4.0,"turns":5.0},{"damage":12,"enemies":"Lagavulin","floor":6,"turns":7},{"damage":0,"enemies":"Cultist","floor":10,"turns":3},{"damage":19,"enemies":"Exordium Wildlife","floor":11,"turns":6},{"damage":44,"enemies":"Hexaghost","floor":16,"turns":12}],"seed_played":"924527958200352565","potions_obtained":[{"floor":4.0,"key":"FearPotion"},{"floor":6,"key":"SkillPotion"}],"is_trial":false,"path_per_floor":["M","?","?","M","$","E","R","?","T","M","M","R","?","?","R","B"],"character_chosen":"IRONCLAD","items_purchased":["Vajra","True Grit"],"campfire_rested":1,"item_purchase_floors":[5,5],"current_hp_per_floor":[54,29,18,24,24,18,42,42,42,50,39,39,44,44,44,2,2],"gold":122,"neow_bonus":"ONE_RANDOM_RARE_CARD","is_daily":false,"chose_seed":false,"campfire_upgraded":2,"win_rate":0.0,"timestamp":1609065709,"path_taken":["M","?","?","M","$","E","R","?","T","M","?","R","?","?","R","BOSS"],"items_purchased_type":["Relic","Card"],"build_version":"2020-12-22","purchased_purges":0,"victory":false,"max_hp_per_floor":[80,80,80,80,80,80,80,80,80,80,80,80,85,85,85,85,85],"card_choices":[{"not_picked":["Pommel Strike","Clothesline","Power Through"],"picked":"SKIP","floor":1.0},{"not_picked":["Metallicize","Rage"],"picked":"Body Slam","floor":4.0},{"not_picked":["Havoc","Hemokinesis"],"picked":"Cleave","floor":6},{"not_picked":["Anger","Heavy Blade","Sever Soul"],"picked":"SKIP","floor":10},{"not_picked":["Havoc","Feel No Pain","True Grit"],"picked":"SKIP","floor":11}],"player_experience":198204,"relics_obtained":[{"floor":6,"key":"Nunchaku"},{"floor":9,"key":"Blood Vial"}],"event_choices":[{"damage_healed":0.0,"max_hp_gain":0.0,"max_hp_loss":0.0,"gold_gain":0.0,"event_name":"Scrap Ooze","player_choice":"Success","floor":2.0,"gold_loss":0.0,"damage_taken":25.0,"relics_obtained":["FossilizedHelix"]},{"damage_healed":0.0,"max_hp_gain":0.0,"max_hp_loss":0.0,"gold_gain":75.0,"event_name":"World of Goop","player_choice":"Gather Gold","floor":3.0,"gold_loss":0.0,"damage_taken":11.0},{"damage_healed":0,"gold_gain":0,"player_choice":"1 cards matched","damage_taken":0,"max_hp_gain":0,"max_hp_loss":0,"event_name":"Match and Keep!","floor":8,"gold_loss":0,"cards_obtained":["Trip"]},{"damage_healed":0,"gold_gain":0,"player_choice":"Donut","damage_taken":0,"max_hp_gain":5,"max_hp_loss":0,"event_name":"Big Fish","floor":13,"gold_loss":0},{"damage_healed":0,"gold_gain":0,"player_choice":"Grow","damage_taken":0,"max_hp_gain":0,"max_hp_loss":0,"event_name":"Living Wall","floor":14,"gold_loss":0,"cards_upgraded":["True Grit"]}],"is_beta":false,"boss_relics":[],"items_purged_floors":[],"is_endless":false,"potions_floor_spawned":[4,6],"killed_by":"Hexaghost","ascension_level":8}}