{"host":"f08kpr20kj92d76t","time":1609046352,"event":{"mods":["AchievementEnabler","BaseMod","Colored Map","Colored Powertips","Downfall","Googly Eyes","Minty Spire (QoL Compilation)","Relic Stats","StSLib"],"gold_per_floor":[99,116,133,145,145,173,173,173,23,39,49,49,81,95,105,208,208,208,222,222,222,235,261,261,272,302,302,133,147,72,72,91,91,91,91],"floor_reached":33,"playtime":2479,"items_purged":["champ:Strike"],"score":381,"play_id":"e7510db0-f5cc-4f58-aad6-3d0bd1d5d024","local_time":"20201226231912","is_ascension_mode":true,"campfire_choices":[{"floor":1,"key":"RECALL"},{"floor":9,"key":"REST"},{"data":"champ:MurderStrike","floor":18,"key":"SMITH"},{"data":"champ:CheapShot","floor":30,"key":"SMITH"}],"circlet_count":0,"master_deck":["champ:Strike","champ:Strike","champ:Strike","champ:Defend+1","champ:Defend","champ:Defend","champ:Defend","champ:Execute","champ:Taunt+1","champ:EnragedBash+1","champ:FanOfKnives","champ:SwordSigil","champ:SwordSigil","champ:Lariat+1","champ:AdrenalArmor","champ:BerserkersShout","champ:BringItOn","champ:MurderStrike+1","champ:ShieldSigil+1","champ:Shatter","champ:BerserkerStyle+1","champ:CheapShot+1","Pain","champ:BringItOn"],"relics":["champ:ChampionCrown","Smiling Mask","Torii","Kunai","downfall:HeartBlessingRed","downfall:HeartBlessingGreen","champ:FightingForDummies","Philosopher\u0027s Stone","Lantern","Ice Cream","Mercury Hourglass","downfall:HeartBlessingBlue","WarpedTongs"],"acts_visited":["Exordium","TheCity"],"potions_floor_usage":[13,16,23,23,32,33,33,33],"damage_taken":[{"damage":10,"enemies":"Cultist","floor":2,"turns":4},{"damage":24,"enemies":"Small Slimes","floor":3,"turns":4},{"damage":19,"enemies":"Jaw Worm","floor":4,"turns":4},{"damage":81,"enemies":"Lagavulin","floor":6,"turns":9},{"damage":30,"enemies":"Exordium Thugs","floor":10,"turns":5},{"damage":11,"enemies":"2 Fungi Beasts","floor":11,"turns":3},{"damage":31,"enemies":"Gremlin Nob","floor":13,"turns":4},{"damage":22,"enemies":"Blue Slaver","floor":14,"turns":3},{"damage":0,"enemies":"Lots of Slimes","floor":15,"turns":1},{"damage":70,"enemies":"downfall:Ironclad","floor":16,"turns":11},{"damage":43,"enemies":"Spheric Guardian","floor":19,"turns":4},{"damage":66,"enemies":"Snake Plant","floor":22,"turns":4},{"damage":64,"enemies":"Book of Stabbing","floor":23,"turns":6},{"damage":49,"enemies":"Chosen and Byrds","floor":25,"turns":6},{"damage":56,"enemies":"Gremlin Leader","floor":26,"turns":6},{"damage":56,"enemies":"downfall:FleeingMerchant","floor":28,"turns":5},{"damage":38,"enemies":"Centurion and Healer","floor":29,"turns":4},{"damage":61,"enemies":"Shelled Parasite and Fungi","floor":32,"turns":5},{"damage":93,"enemies":"downfall:Watcher","floor":33,"turns":10}],"seed_played":"-2809558317017067757","potions_obtained":[{"floor":4,"key":"Swift Potion"},{"floor":6,"key":"Fire Potion"},{"floor":11,"key":"champ:OpenerPotion"},{"floor":13,"key":"Swift Potion"},{"floor":15,"key":"Dexterity Potion"},{"floor":16,"key":"Weak Potion"},{"floor":23,"key":"champ:TechniquePotion"},{"floor":26,"key":"SteroidPotion"},{"floor":32,"key":"PowerPotion"}],"is_trial":false,"path_per_floor":["R","M","M","M","?","E","T","?","R","M","M","?","E","M","M","B",null,"R","M","?","?","M","E","T","M","E","?","$","M","R","?","M","B"],"character_chosen":"THE_CHAMP","items_purchased":["Fruit Juice"],"campfire_rested":1,"item_purchase_floors":[28],"current_hp_per_floor":[90,90,78,68,68,29,29,29,56,54,54,54,45,45,45,35,90,90,89,89,89,77,71,71,57,57,57,57,57,67,67,41,0,0,0],"gold":91,"neow_bonus":"RANDOM_COMMON_RELIC","is_daily":false,"chose_seed":false,"campfire_upgraded":2,"win_rate":0.0,"timestamp":1609046352,"path_taken":["R","M","M","?","?","E","T","?","R","?","M","?","E","M","M","BOSS","R","M","?","?","M","E","T","?","E","?","$","M","R","?","M","BOSS"],"items_purchased_type":["Potion"],"build_version":"2020-12-22","purchased_purges":1,"victory":false,"max_hp_per_floor":[90,90,90,90,90,90,90,90,90,90,90,90,90,90,90,90,90,90,90,90,90,90,90,90,90,90,90,90,90,100,100,105,105,105,105],"relic_stats":{"Torii":31,"counters":[19,98],"Kunai":[14],"Smiling Mask":25,"obtain_stats":[{"Ice Cream":23,"Lantern":20,"Torii":6,"downfall:HeartBlessingRed":9,"champ:ChampionCrown":0,"downfall:HeartBlessingGreen":9,"Smiling Mask":0,"Mercury Hourglass":26,"WarpedTongs":31,"downfall:HeartBlessingBlue":30,"Philosopher\u0027s Stone":17,"Kunai":7,"champ:FightingForDummies":13},{"Ice Cream":13,"Lantern":11,"Torii":4,"downfall:HeartBlessingRed":4,"champ:ChampionCrown":0,"downfall:HeartBlessingGreen":4,"Smiling Mask":0,"Mercury Hourglass":15,"WarpedTongs":17,"downfall:HeartBlessingBlue":17,"Philosopher\u0027s Stone":10,"Kunai":4,"champ:FightingForDummies":7},{"Ice Cream":62,"Lantern":52,"Torii":21,"downfall:HeartBlessingRed":21,"champ:ChampionCrown":0,"downfall:HeartBlessingGreen":21,"Smiling Mask":0,"Mercury Hourglass":74,"WarpedTongs":83,"downfall:HeartBlessingBlue":83,"Philosopher\u0027s Stone":48,"Kunai":21,"champ:FightingForDummies":33}],"Mercury Hourglass":[36],"WarpedTongs":[15]},"card_choices":[{"not_picked":["champ:IronFortress","champ:FocusedDefense"],"picked":"champ:EnragedBash","floor":2},{"not_picked":["champ:DefensiveShout","champ:Backstep"],"picked":"champ:FanOfKnives","floor":3},{"not_picked":["champ:FlashCut","champ:FanOfKnives"],"picked":"champ:SwordSigil","floor":4},{"not_picked":["champ:FanOfKnives","champ:Backstep"],"picked":"champ:SwordSigil","floor":6},{"not_picked":["champ:ShieldWall","champ:PerfectedStrike"],"picked":"champ:Lariat","floor":10},{"not_picked":["champ:PerfectedStrike","champ:Circumvent"],"picked":"champ:AdrenalArmor","floor":11},{"not_picked":["champ:BladeFlurry","champ:DefensiveStyle"],"picked":"champ:BerserkersShout","floor":13},{"not_picked":["champ:Riposte","champ:EndlessRage","champ:StanceDance"],"picked":"SKIP","floor":14},{"not_picked":["champ:EnchantSword","champ:FocusedBerserking"],"picked":"champ:BringItOn","floor":15},{"not_picked":["champ:EnchantSword","champ:HeavySlash"],"picked":"champ:MurderStrike","floor":16},{"not_picked":["champ:DefensiveShout","champ:Aggression"],"picked":"champ:ShieldSigil+1","floor":19},{"not_picked":["champ:CalledShot","champ:BladeFlurry"],"picked":"champ:Shatter","floor":22},{"not_picked":["champ:RecklessLeap","champ:Haymaker","champ:ShieldSigil"],"picked":"SKIP","floor":23},{"not_picked":["champ:BerserkersShout","champ:GladiatorsShout"],"picked":"champ:BerserkerStyle+1","floor":25},{"not_picked":["champ:Circumvent","champ:ShieldSigil+1"],"picked":"champ:CheapShot","floor":26},{"not_picked":["champ:GladiatorsShout+1","champ:IronFortress+1","champ:Circumvent"],"picked":"SKIP","floor":28},{"not_picked":["champ:RageSigil","champ:BerserkerStyle","champ:PreciseThrust"],"picked":"SKIP","floor":29},{"not_picked":["champ:DefensiveShout+1","champ:EnragedBash"],"picked":"champ:BringItOn","floor":32}],"player_experience":517345,"relics_obtained":[{"floor":6,"key":"Torii"},{"floor":7,"key":"Kunai"},{"floor":13,"key":"champ:FightingForDummies"},{"floor":23,"key":"Ice Cream"},{"floor":26,"key":"Mercury Hourglass"}],"event_choices":[{"cards_removed":["Regret"],"damage_healed":0,"gold_gain":0,"player_choice":"Card Removal","damage_taken":0,"max_hp_gain":0,"max_hp_loss":0,"event_name":"The Cleric","floor":8,"gold_loss":0},{"damage_healed":0,"gold_gain":0,"player_choice":"Grow","damage_taken":0,"max_hp_gain":0,"max_hp_loss":0,"event_name":"Living Wall","floor":12,"gold_loss":0,"cards_upgraded":["champ:Lariat"]},{"cards_removed":["Writhe"],"damage_healed":0,"gold_gain":0,"player_choice":"Purged","damage_taken":0,"max_hp_gain":0,"max_hp_loss":0,"event_name":"Purifier","floor":21,"gold_loss":0},{"damage_healed":0,"gold_gain":0,"player_choice":"Ignored","damage_taken":0,"max_hp_gain":0,"max_hp_loss":0,"event_name":"Ghosts","floor":27,"gold_loss":0},{"damage_healed":0,"gold_gain":0,"player_choice":"Rummage","damage_taken":0,"relics_obtained":["WarpedTongs"],"max_hp_gain":0,"max_hp_loss":0,"event_name":"Accursed Blacksmith","floor":31,"gold_loss":0,"cards_obtained":["Pain"]}],"is_beta":false,"boss_relics":[{"not_picked":["Sozu","Velvet Choker"],"picked":"Philosopher\u0027s Stone"}],"items_purged_floors":[28],"is_endless":false,"potions_floor_spawned":[4,6,11,13,15,16,22,23,26,32],"killed_by":"downfall:Watcher","ascension_level":2}}