{"host":"ayh4nqhr0ddw4ozv","time":1609045918,"event":{"mods":["BaseMod","Minty Spire (QoL Compilation)","Relic Stats","Robot Space Explorer","StSLib"],"gold_per_floor":[114,125,136,136,136,136,136,136],"floor_reached":7,"playtime":318,"items_purged":[],"score":59,"play_id":"0ffa0f6f-9b1d-46bf-85e2-331986b83ea4","local_time":"20201226211158","is_ascension_mode":true,"campfire_choices":[{"data":"RobotSpaceExplorer:ShockKick","floor":6,"key":"SMITH"}],"circlet_count":0,"master_deck":["RobotSpaceExplorer:Strike","RobotSpaceExplorer:Strike","RobotSpaceExplorer:Strike","RobotSpaceExplorer:Defend","RobotSpaceExplorer:Defend","RobotSpaceExplorer:Defend","RobotSpaceExplorer:Defend","RobotSpaceExplorer:Scan","RobotSpaceExplorer:MiniLasers","RobotSpaceExplorer:ShovelStrike","RobotSpaceExplorer:ShockKick+1","RobotSpaceExplorer:Electroshield"],"relics":["Black Star","Meat on the Bone"],"acts_visited":["Exordium"],"potions_floor_usage":[],"damage_taken":[{"damage":6,"enemies":"Jaw Worm","floor":1,"turns":4},{"damage":0,"enemies":"2 Louse","floor":2,"turns":4},{"damage":3,"enemies":"Cultist","floor":3,"turns":4},{"damage":58,"enemies":"Lagavulin","floor":7,"turns":11}],"seed_played":"-6926836976558391301","potions_obtained":[],"is_trial":false,"path_per_floor":["M","M","M","?","T","R","E"],"character_chosen":"RobotSpaceExplorer","items_purchased":[],"campfire_rested":0,"item_purchase_floors":[],"current_hp_per_floor":[62,62,59,52,52,52,0,0],"gold":136,"neow_bonus":"BOSS_RELIC","is_daily":false,"chose_seed":false,"campfire_upgraded":1,"win_rate":0.0,"timestamp":1609045918,"path_taken":["M","M","M","?","?","R","E"],"items_purchased_type":[],"build_version":"2020-12-22","purchased_purges":0,"victory":false,"max_hp_per_floor":[75,75,75,75,75,75,75,75],"relic_stats":{"counters":[4,23],"Black Star":0,"obtain_stats":[{"RobotSpaceExplorer:RoboCore":0,"Black Star":0,"Meat on the Bone":5},{"RobotSpaceExplorer:RoboCore":0,"Black Star":0,"Meat on the Bone":3},{"RobotSpaceExplorer:RoboCore":0,"Black Star":0,"Meat on the Bone":12}],"Meat on the Bone":0},"card_choices":[{"not_picked":["RobotSpaceExplorer:Counterblock","RobotSpaceExplorer:SwiftStep"],"picked":"RobotSpaceExplorer:ShovelStrike","floor":1},{"not_picked":["RobotSpaceExplorer:SwiftStep","RobotSpaceExplorer:Ammunition"],"picked":"RobotSpaceExplorer:ShockKick","floor":2},{"not_picked":["RobotSpaceExplorer:GlueShot","RobotSpaceExplorer:ShockKick"],"picked":"RobotSpaceExplorer:Electroshield","floor":3}],"player_experience":244033,"relics_obtained":[{"floor":5,"key":"Meat on the Bone"}],"event_choices":[{"cards_removed":["RobotSpaceExplorer:Strike"],"damage_healed":0,"gold_gain":0,"player_choice":"Card Removal","damage_taken":7,"max_hp_gain":0,"max_hp_loss":0,"event_name":"Golden Wing","floor":4,"gold_loss":0}],"is_beta":false,"boss_relics":[],"items_purged_floors":[],"is_endless":false,"potions_floor_spawned":[],"killed_by":"Lagavulin","ascension_level":9}}