{"host":"6pgtslebjnyv5xmi","time":1609066761,"event":{"mods":["AchievementEnabler","BaseMod","Colored Map","Minty Spire (QoL Compilation)","Rare Cards Sparkle","StSLib","SuperFastMode","everything is the same but u backflip on backflip"],"gold_per_floor":[112,130,80,92,11,11,24,24,24,24,41,41,41,53,53,53,53],"floor_reached":16,"playtime":10076,"items_purged":[],"score":133,"play_id":"94662154-e8f3-496c-85d2-5188c5cc3ba3","local_time":"20201227195921","is_ascension_mode":true,"campfire_choices":[{"data":"Whirlwind","floor":6,"key":"SMITH"},{"data":"Seeing Red","floor":8,"key":"SMITH"},{"data":"Seeing Red","floor":10,"key":"SMITH"},{"data":"Demon Form","floor":15,"key":"SMITH"}],"circlet_count":0,"master_deck":["Strike_R","Strike_R","Strike_R","Strike_R","Strike_R","Defend_R+1","Defend_R+1","Defend_R","Defend_R","Bash","Whirlwind+1","Seeing Red+1","Seeing Red+1","Flex","Demon Form+1"],"relics":["Burning Blood","NeowsBlessing","War Paint","Bottled Flame","Bronze Scales"],"acts_visited":["Exordium"],"potions_floor_usage":[16,16],"damage_taken":[{"damage":0,"enemies":"Small Slimes","floor":1,"turns":1},{"damage":0,"enemies":"Cultist","floor":2,"turns":1},{"damage":0,"enemies":"2 Louse","floor":4,"turns":1},{"damage":19,"enemies":"Large Slime","floor":7,"turns":5},{"damage":11,"enemies":"Looter","floor":11,"turns":2},{"damage":8,"enemies":"Blue Slaver","floor":14,"turns":4},{"damage":44,"enemies":"The Guardian","floor":16,"turns":6}],"seed_played":"1835782851264851321","potions_obtained":[{"floor":1,"key":"SkillPotion"},{"floor":2,"key":"DistilledChaos"},{"floor":11,"key":"LiquidBronze"}],"is_trial":false,"path_per_floor":["M","M","?","M","$","R","M","R","T","R","M","$","?","M","R","B"],"character_chosen":"IRONCLAD","items_purchased":["Seeing Red"],"campfire_rested":0,"item_purchase_floors":[5],"current_hp_per_floor":[78,80,80,80,80,80,67,67,67,67,62,62,44,42,42,0,0],"gold":53,"neow_bonus":"THREE_ENEMY_KILL","is_daily":false,"chose_seed":false,"campfire_upgraded":4,"win_rate":0.0,"timestamp":1609066761,"path_taken":["M","M","?","?","$","R","M","R","T","R","M","$","?","M","R","BOSS"],"items_purchased_type":["Card"],"build_version":"2020-12-22","purchased_purges":0,"victory":false,"max_hp_per_floor":[80,80,80,80,80,80,80,80,80,80,80,80,80,80,80,80,80],"card_choices":[{"not_picked":["Metallicize","Fire Breathing"],"picked":"Whirlwind","floor":1},{"not_picked":["True Grit","Sentinel","Wild Strike"],"picked":"SKIP","floor":2},{"not_picked":["Havoc","Blood for Blood","Pommel Strike"],"picked":"SKIP","floor":4},{"not_picked":["True Grit","Flex"],"picked":"Seeing Red","floor":7},{"not_picked":["Warcry","Hemokinesis"],"picked":"Flex","floor":11},{"not_picked":["Power Through","Iron Wave"],"picked":"Demon Form","floor":14}],"player_experience":505179,"relics_obtained":[{"floor":9,"key":"Bottled Flame"}],"event_choices":[{"damage_healed":0,"gold_gain":0,"player_choice":"Paid Gold","damage_taken":0,"relics_obtained":["War Paint"],"max_hp_gain":0,"max_hp_loss":0,"event_name":"WeMeetAgain","floor":3,"gold_loss":50},{"damage_healed":0,"gold_gain":0,"player_choice":"Success","damage_taken":18,"relics_obtained":["Bronze Scales"],"max_hp_gain":0,"max_hp_loss":0,"event_name":"Scrap Ooze","floor":13,"gold_loss":0}],"is_beta":false,"boss_relics":[],"items_purged_floors":[],"is_endless":false,"potions_floor_spawned":[1,2,11],"killed_by":"The Guardian","ascension_level":9}}