{"host":"34l0xwm4k3e7q5n2","time":1609065602,"event":{"mods":["2.2 Compatiblity","BaseMod","Colored Powertips","Conspire","Downfall","Hubris","Infinite Spire","Koishi","Marisa????????","Minty Spire (QoL Compilation)","Prisma Mod","Reimu??????","Replay The Spire","StSLib","SuperFastMode","Td1madao Mod","The Servant 0.9.4","The Wild Card"],"gold_per_floor":[118,129,129,79,79,79,79,92,92,123,123,149,167,199,199,299,299,313,313,333,351,351,380,397,409,409,435,435,454,478,496,496,595,595,606,665,243,275,275,327,327,376,376,376,413,465,267,148,148,148,148,148,24,57,57,57],"floor_reached":55,"playtime":4285,"items_purged":["PrismaMod:ChloeCommonAttack","ReplayTheSpireMod:Splinters","PrismaMod:ChloeCommonDefend","PrismaMod:ChloeCommonAttack","PrismaMod:ChloeAnyCommonTrace"],"score":1216,"play_id":"4dfa2a98-b109-4557-af68-e00e51379ffd","local_time":"20201227114002","is_ascension_mode":true,"campfire_choices":[{"data":"PrismaMod:ChloeEyeOfTheEuryale","floor":7,"key":"SMITH"},{"data":"PrismaMod:ChloeEyeOfTheEuryale","floor":11,"key":"SMITH"},{"data":"PrismaMod:ChloeCommonDefend","floor":15,"key":"PURGE"},{"data":"PrismaMod:ChloeCaladbolg","floor":28,"key":"SMITH"},{"floor":32,"key":"DIG"},{"floor":41,"key":"RECALL"},{"data":"PrismaMod:ChloeDevil","floor":44,"key":"SMITH"},{"data":"PrismaMod:ChloeRhongomyniad","floor":49,"key":"SMITH"},{"data":"PrismaMod:ChloeEyeOfTheEuryale","floor":52,"key":"SMITH"}],"circlet_count":0,"master_deck":["PrismaMod:ChloeCommonAttack+1","PrismaMod:ChloeCommonDefend","PrismaMod:ChloeCommonDefend","PrismaMod:ChloeCheapAttack","PrismaMod:ChloeCheapDefend","CurseOfTheBell","PrismaMod:ChloeCheapAttack","PrismaMod:ChloeCaladbolg+1","PrismaMod:ChloeEyeOfTheEuryale+1","PrismaMod:ChloeEyeOfTheEuryale+1","theWildCard:Michael","PrismaMod:ChloeCheapAttack","PrismaMod:ChloeCheapAttackTwo+1","theWildCard:Michael","PrismaMod:ChloeEyeOfTheEuryale","PrismaMod:ChloeExhaustTwo","PrismaMod:ChloeCarnivalAOEAttack+1","PrismaMod:ChloeEyeOfTheEuryale+1","PrismaMod:ChloeDevil+","PrismaMod:ChloeRhongomyniad+1","PrismaMod:ChloeCarnivalAttack","PrismaMod:ChloeRhongomyniad+1","PrismaMod:ChloeCarnivalAttack","PrismaMod:ChloeGaeBolg","PrismaMod:ChloeCaladbolg"],"relics":["Calling Bell","Smiling Mask","Bird Faced Urn","hubris:DisguiseKit","ReplayTheSpireMod:TigerMarble","conspire:Flyswatter","Singing Bowl","Replay:Grab Bag","Coffee Dripper","hubris:RunicObelisk","Astrolabe","Empty Cage","Nloth\u0027s Gift","hubris:Towel","Dream Catcher","hubris:Metronome","hubris:PeanutButter","Blue Candle","RedLine:ReiMu","infinitespire:EvilPickle","infinitespire:WardingShard","hubris:HerbalPaste","Whetstone","Pet Ghost","Mastiff:ReiMu","Iron Hammer","HornCleat","infinitespire:Lucky Rock","infinitespire:Joker Card"],"acts_visited":["Exordium","TheCity","TheBeyond","TheEnding"],"potions_floor_usage":[16,16,16,23,33,33,46,46,55,55],"damage_taken":[{"damage":1,"enemies":"infinitespire:Voidling","floor":1,"turns":4},{"damage":1,"enemies":"Jaw Worm","floor":2,"turns":3},{"damage":0,"enemies":"conspire:RoseBush","floor":8,"turns":3},{"damage":20,"enemies":"Lagavulin","floor":10,"turns":6},{"damage":0,"enemies":"3 Sentries","floor":12,"turns":4},{"damage":0,"enemies":"Exordium Wildlife","floor":13,"turns":2},{"damage":6,"enemies":"Replay:BlueRogue","floor":14,"turns":4},{"damage":0,"enemies":"Slime Boss","floor":16,"turns":5},{"damage":0,"enemies":"3 Byrds","floor":18,"turns":4},{"damage":0,"enemies":"Chosen","floor":20,"turns":3},{"damage":8,"enemies":"Snake Plant","floor":21,"turns":3},{"damage":15,"enemies":"Replay:Snechameleon","floor":23,"turns":5},{"damage":0,"enemies":"Cultist and Chosen","floor":24,"turns":3},{"damage":0,"enemies":"Centurion and Healer","floor":25,"turns":3},{"damage":34,"enemies":"conspire:SneckoGhost","floor":27,"turns":3},{"damage":0,"enemies":"Snake Plant","floor":29,"turns":2},{"damage":0,"enemies":"3 Cultists","floor":31,"turns":1},{"damage":30,"enemies":"Pondfish","floor":33,"turns":12},{"damage":0,"enemies":"3 Darklings","floor":35,"turns":1},{"damage":0,"enemies":"Orb Walker","floor":38,"turns":1},{"damage":17,"enemies":"R_Hoarder","floor":40,"turns":3},{"damage":0,"enemies":"Reptomancer","floor":42,"turns":2},{"damage":0,"enemies":"3 Darklings","floor":45,"turns":1},{"damage":8,"enemies":"Giant Head","floor":46,"turns":6},{"damage":42,"enemies":"hubris:GrandSnecko","floor":50,"turns":5},{"damage":61,"enemies":"Shield and Spear","floor":54,"turns":4},{"damage":72,"enemies":"The Heart","floor":55,"turns":3}],"seed_played":"7976206759636404560","potions_obtained":[{"floor":2,"key":"GamblersBrew"},{"floor":10,"key":"Adrenaline Potion"},{"floor":12,"key":"SteroidPotion"},{"floor":16,"key":"DistilledChaos"},{"floor":18,"key":"ZuzhouPotion:ReiMu"},{"floor":21,"key":"EssenceOfSteel"},{"floor":23,"key":"infinitespire:BlackPotion"},{"floor":25,"key":"Regen Potion"},{"floor":35,"key":"Ancient Potion"},{"floor":36,"key":"SteroidPotion"},{"floor":40,"key":"Fire Potion"},{"floor":46,"key":"Fruit Juice"}],"is_trial":false,"path_per_floor":["M","M","?","$","?","?","R","M","T","E","R","E","M","E","R","B",null,"M","?","M","M","?","E","M","M","T","E","R","M","T","M","R","B",null,"M","?","$","M","?","E","R","E","T","R","M","E","$","$","R","B",null,"R","$","E","B"],"character_chosen":"CHLOE","items_purchased":["PrismaMod:ChloeCarnivalAttack","hubris:HerbalPaste","Whetstone","infinitespire:Lucky Rock","PrismaMod:ChloeGaeBolg","PrismaMod:ChloeCaladbolg"],"campfire_rested":0,"item_purchase_floors":[37,37,37,47,48,53],"current_hp_per_floor":[74,73,73,73,73,73,73,73,73,53,53,55,57,53,53,53,79,79,79,79,71,71,56,58,60,60,28,28,28,28,30,30,15,87,87,89,89,89,89,74,74,79,79,79,81,88,88,88,88,56,100,100,100,44,0,0],"gold":57,"neow_bonus":"BOSS_RELIC","is_daily":false,"chose_seed":false,"campfire_upgraded":6,"win_rate":0.0,"timestamp":1609065602,"path_taken":["M","?","?","$","?","?","R","M","T","E","R","E","M","E","R","BOSS","M","?","M","?","?","E","M","M","T","E","R","M","?","M","R","BOSS","M","?","$","M","?","E","R","E","T","R","M","E","?","$","R","BOSS","R","$","E","BOSS"],"items_purchased_type":["Card","Relic","Relic","Relic","Card","Card"],"build_version":"2020-12-22","purchased_purges":5,"victory":false,"max_hp_per_floor":[75,75,75,75,75,75,75,75,75,75,75,77,79,79,79,79,79,79,79,79,79,79,79,81,83,83,85,85,85,85,87,87,87,87,87,89,89,89,89,91,91,93,93,93,95,100,100,100,100,100,100,100,100,102,102,102],"card_choices":[{"not_picked":["PrismaMod:ChloeMordred","PrismaMod:ChloeUncommonDefend","theWildCard:Impatience"],"picked":"PrismaMod:ChloeCheapAttack","floor":1},{"not_picked":["PrismaMod:ChloeRhongomyniad","PrismaMod:ChloeBetterTracePools","theWildCard:ArcaneArts"],"picked":"PrismaMod:ChloeCaladbolg","floor":2},{"not_picked":["PrismaMod:ChloeCheapDefend","PrismaMod:ChloeCheapAttackTwo","theWildCard:ArcanaArtistry"],"picked":"PrismaMod:ChloeEyeOfTheEuryale","floor":8},{"not_picked":["PrismaMod:ChloeMordred","PrismaMod:ChloeRhongomyniad","PrismaMod:ChloeCheapAttack"],"picked":"theWildCard:Michael","floor":10},{"not_picked":["PrismaMod:ChloeUnlimitedBladeWorks","PrismaMod:ChloeCommonAOEAttack","PrismaMod:ChloeCheapAttack","theWildCard:ArchaicAssault"],"picked":"Singing Bowl","floor":12},{"not_picked":["PrismaMod:ChloeMordred","PrismaMod:ChloeChristmas","PrismaMod:ChloeCommonAOEAttack","theWildCard:Patience"],"picked":"Singing Bowl","floor":13},{"not_picked":["PrismaMod:ChloeRitsuka","PrismaMod:ChloeUncommonAttack","theWildCard:IdentityTheft"],"picked":"PrismaMod:ChloeCheapAttack","floor":14},{"not_picked":["PrismaMod:ChloeReshuffleDiscard","PrismaMod:ChloeGreatTracePools","theWildCard:Deicide"],"picked":"PrismaMod:ChloeAnyCommonTrace","floor":16},{"not_picked":["PrismaMod:ChloeChristmas+1","PrismaMod:ChloeDemonicTutor","PrismaMod:ChloeCommonAOEAttack+1"],"picked":"theWildCard:Michael","floor":18},{"not_picked":["PrismaMod:ChloeExhaustOne","PrismaMod:ChloeUncommonAttack","theWildCard:Abstinence"],"picked":"PrismaMod:ChloeEyeOfTheEuryale","floor":20},{"not_picked":["PrismaMod:ChloeUncommonDefend","PrismaMod:ChloeCheapDefend","theWildCard:Unburden"],"picked":"PrismaMod:ChloeExhaustTwo","floor":21},{"not_picked":["PrismaMod:ChloeMaid","PrismaMod:ChloeReshuffleDiscard","theWildCard:SeveringSlash"],"picked":"PrismaMod:ChloeCarnivalAOEAttack","floor":23},{"not_picked":["PrismaMod:ChloeDiscardRecovery","PrismaMod:ChloeCheapDefendTwo","PrismaMod:ChloeCheapDefend","theWildCard:SeveringSlash"],"picked":"Singing Bowl","floor":24},{"not_picked":["PrismaMod:ChloeCheapDefend","PrismaMod:ChloeCheapAttack","PrismaMod:ChloeAnySkillTrace","theWildCard:Patience"],"picked":"Singing Bowl","floor":25},{"not_picked":["PrismaMod:ChloeChristmas+1","PrismaMod:ChloeDemonicTutor","PrismaMod:ChloeRitsuka","theWildCard:Caesar"],"picked":"Singing Bowl","floor":27},{"not_picked":["PrismaMod:ChloeDiscardRecovery+1","PrismaMod:ChloeChristmas","theWildCard:ArchaicAssault"],"picked":"PrismaMod:ChloeEyeOfTheEuryale","floor":29},{"not_picked":["PrismaMod:ChloeChristmas","PrismaMod:ChloeMaid+1","PrismaMod:ChloeCheapAttack","theWildCard:Patience"],"picked":"Singing Bowl","floor":31},{"not_picked":["PrismaMod:ChloeAnySkillTrace","PrismaMod:ChloeReshuffleDiscard","theWildCard:FinalHour"],"picked":"PrismaMod:ChloeDevil","floor":33},{"not_picked":["PrismaMod:ChloeDiscardRecovery","PrismaMod:ChloeCheapDefendTwo","theWildCard:StingingStrike"],"picked":"PrismaMod:ChloeRhongomyniad","floor":35},{"not_picked":["PrismaMod:ChloeRitsuka","PrismaMod:ChloeCommonAOEAttack","PrismaMod:ChloeCheapDefend","theWildCard:Polydeuces"],"picked":"Singing Bowl","floor":36},{"not_picked":["PrismaMod:ChloeUncommonAOEAttack","PrismaMod:ChloeDiscardRecovery+1","theWildCard:Alice"],"picked":"PrismaMod:ChloeRhongomyniad+1","floor":38},{"not_picked":["PrismaMod:ChloeCheapDefendTwo","PrismaMod:ChloeCommonAOEAttack","PrismaMod:ChloeCarnivalDefend","theWildCard:ArchaicAssault"],"picked":"Singing Bowl","floor":40},{"not_picked":["PrismaMod:ChloeExhaustOne+1","PrismaMod:ChloeDiscardRecovery+1","PrismaMod:ChloeCommonAOEAttack","theWildCard:Sakuya"],"picked":"Singing Bowl","floor":42},{"not_picked":["PrismaMod:ChloeReshuffleDiscard","PrismaMod:ChloeCheapAttack","PrismaMod:ChloeCheapDefend","theWildCard:Safeguard"],"picked":"Singing Bowl","floor":45},{"not_picked":["PrismaMod:ChloeDemonicTutor+1","PrismaMod:ChloeUnlimitedBladeWorks","theWildCard:Odin"],"picked":"PrismaMod:ChloeCarnivalAttack","floor":46},{"not_picked":["PrismaMod:ChloeHalloween","PrismaMod:ChloeCommonAOEAttack","PrismaMod:ChloeEyeOfTheEuryale","theWildCard:IdentityTheft"],"picked":"Singing Bowl","floor":54}],"player_experience":562618,"relics_obtained":[{"floor":0,"key":"Smiling Mask"},{"floor":0,"key":"Bird Faced Urn"},{"floor":0,"key":"hubris:DisguiseKit"},{"floor":9,"key":"ReplayTheSpireMod:TigerMarble"},{"floor":10,"key":"conspire:Flyswatter"},{"floor":12,"key":"Singing Bowl"},{"floor":14,"key":"Oddly Smooth Stone"},{"floor":23,"key":"Dream Catcher"},{"floor":26,"key":"hubris:Metronome"},{"floor":27,"key":"hubris:PeanutButter"},{"floor":32,"key":"Blue Candle"},{"floor":36,"key":"infinitespire:WardingShard"},{"floor":40,"key":"Pet Ghost"},{"floor":42,"key":"Mastiff:ReiMu"},{"floor":43,"key":"Iron Hammer"},{"floor":46,"key":"HornCleat"},{"floor":54,"key":"infinitespire:Joker Card"}],"event_choices":[{"damage_healed":0,"gold_gain":0,"player_choice":"Disagree","damage_taken":0,"max_hp_gain":0,"max_hp_loss":0,"event_name":"conspire:LoneGhost","floor":5,"gold_loss":0},{"damage_healed":0,"gold_gain":0,"player_choice":"Leave","damage_taken":0,"max_hp_gain":0,"max_hp_loss":0,"event_name":"conspire:Investor","floor":6,"gold_loss":0},{"damage_healed":0,"gold_gain":0,"player_choice":"Traded Relic","damage_taken":0,"relics_obtained":["Nloth\u0027s Gift"],"max_hp_gain":0,"max_hp_loss":0,"event_name":"N\u0027loth","floor":19,"relics_lost":["Oddly Smooth Stone"],"gold_loss":0}],"is_beta":false,"boss_relics":[{"not_picked":["Replay:Wanted Poster","hubris:CrackedHourglass"],"picked":"Replay:Grab Bag"},{"not_picked":["hubris:VirtuousBlindfold","ChewingGum"],"picked":"Coffee Dripper"},{"not_picked":["hubris:GrandSneckoEye","Busted Crown"],"picked":"hubris:RunicObelisk"},{"not_picked":["conspire:SpecialSausage","hubris:ScarierMask"],"picked":"Astrolabe"},{"not_picked":["Snecko Eye","Runic Pyramid"],"picked":"Empty Cage"},{"not_picked":["Tiny House","hubris:BlackHole"],"picked":"RedLine:ReiMu"}],"items_purged_floors":[4,37,47,48,53],"is_endless":false,"potions_floor_spawned":[2,10,12,16,18,21,23,25,35,40,42,46],"killed_by":"The Heart","ascension_level":1}}