{"host":"oe99xkou38n5lfnh","time":1609050943,"event":{"mods":["BaseMod","Downfall","Minty Spire (QoL Compilation)","StSLib"],"gold_per_floor":[99,99,99,99,24,59,59,59,78,101,131,155,342,368,396,408,408,408],"floor_reached":16,"playtime":3126,"items_purged":["Guardian:Strike_Guardian"],"score":100,"play_id":"abdad6c0-0242-45ea-976b-01b639ae30ff","local_time":"20201227003543","is_ascension_mode":false,"campfire_choices":[{"floor":1,"key":"RECALL"},{"floor":8,"key":"REST"}],"circlet_count":0,"master_deck":["Guardian:Strike_Guardian","Guardian:Strike_Guardian","Guardian:Defend_Guardian","Guardian:Defend_Guardian","Guardian:Defend_Guardian","Guardian:Defend_Guardian","Guardian:CurlUp","Guardian:TwinSlam","Guardian:EvasiveProtocol","Guardian:Gem_Lightblue","Guardian:DonusPower","Guardian:Orbwalk","Guardian:ShieldCharger","Guardian:PrismaticBarrier","Doubt","Guardian:Gem_Yellow","Guardian:Harden"],"relics":["Guardian:ModeShifter","downfall:HeartsMalice","Tiny Chest","MawBank"],"acts_visited":["Exordium"],"potions_floor_usage":[11,16,16],"damage_taken":[{"damage":0,"enemies":"Cultist","floor":2,"turns":1},{"damage":0,"enemies":"Jaw Worm","floor":3,"turns":1},{"damage":0,"enemies":"downfall:FleeingMerchant","floor":5,"turns":1},{"damage":43,"enemies":"Lagavulin","floor":6,"turns":16},{"damage":0,"enemies":"Small Slimes","floor":9,"turns":3},{"damage":8,"enemies":"Blue Slaver","floor":11,"turns":3},{"damage":21,"enemies":"Exordium Thugs","floor":12,"turns":6},{"damage":3,"enemies":"Red Slaver","floor":14,"turns":5},{"damage":7,"enemies":"Blue Slaver","floor":15,"turns":5},{"damage":24,"enemies":"downfall:Ironclad","floor":16,"turns":5}],"seed_played":"8407461138151946984","potions_obtained":[{"floor":6,"key":"Block Potion"},{"floor":9,"key":"DuplicationPotion"},{"floor":12,"key":"PowerPotion"},{"floor":14,"key":"Block Potion"}],"is_trial":false,"path_per_floor":["R","M","M","?","$","E","T","R","M","T","M","M","?","M","M","B"],"character_chosen":"GUARDIAN","items_purchased":[],"campfire_rested":1,"item_purchase_floors":[],"current_hp_per_floor":[80,80,80,80,80,37,37,61,61,61,53,32,32,29,22,0,0,0],"gold":408,"neow_bonus":"THREE_ENEMY_KILL","is_daily":false,"chose_seed":false,"campfire_upgraded":0,"win_rate":0.0,"timestamp":1609050943,"path_taken":["R","M","M","?","$","E","T","R","M","?","?","M","?","M","M","BOSS"],"items_purchased_type":[],"build_version":"2020-12-22","purchased_purges":1,"victory":false,"max_hp_per_floor":[80,80,80,80,80,80,80,80,80,80,80,80,80,80,80,80,80,80],"card_choices":[{"not_picked":["Guardian:WalkerClaw","Guardian:TemporalShield"],"picked":"Guardian:EvasiveProtocol","floor":2},{"not_picked":["Guardian:PrimingBeam","Guardian:ShieldCharger"],"picked":"Guardian:Gem_Purple","floor":3},{"not_picked":["Guardian:PiercingHide","Guardian:DonusPower"],"picked":"Guardian:Gem_Lightblue","floor":5},{"not_picked":["Guardian:StasisField","Guardian:ChargeCore"],"picked":"Guardian:DonusPower","floor":6},{"not_picked":["Guardian:Gem_Red","Guardian:Planning"],"picked":"Guardian:Orbwalk","floor":9},{"not_picked":["Guardian:MultiBeam","Guardian:WalkerClaw"],"picked":"Guardian:ShieldCharger","floor":11},{"not_picked":["Guardian:Gem_Green","Guardian:Gem_Blue"],"picked":"Guardian:PrismaticBarrier","floor":12},{"not_picked":["Guardian:ShieldCharger","Guardian:Suspension"],"picked":"Guardian:Gem_Yellow","floor":14},{"not_picked":["Guardian:Gem_Green","Guardian:RefractedBeam"],"picked":"Guardian:Harden","floor":15}],"player_experience":1628776,"relics_obtained":[{"floor":6,"key":"Tiny Chest"},{"floor":10,"key":"MawBank"}],"event_choices":[],"is_beta":false,"boss_relics":[],"items_purged_floors":[5],"is_endless":false,"potions_floor_spawned":[6,9,12,14],"killed_by":"downfall:Ironclad","ascension_level":0}}