{"host":"qj91dvco5uhu9oti","time":1609097415,"event":{"mods":["BaseMod","Colored Map","Keyboard Shortcuts","Minty Spire (QoL Compilation)","Permanent Neow","Quick Restart","Relic Stats","StSLib","SuperFastMode","everything is the same but u backflip on backflip"],"gold_per_floor":[119,131,131,6,17,17,29,61,61,72,72,72,72,88,88,166,166,177,190,190,210,229,229,255,255,255,305,321,60,89,103,103,182,182,195,195,70,70,70,70,80,90,116,141,156,175,188,202,202,202,202],"floor_reached":52,"playtime":1399,"items_purged":["Defend_R","Strike_R","Defend_R"],"score":1881,"play_id":"3a097451-a94b-448a-8d17-9d03c786554d","local_time":"20201228043015","is_ascension_mode":true,"campfire_choices":[{"data":"Armaments","floor":6.0,"key":"SMITH"},{"data":"Spot Weakness","floor":11.0,"key":"SMITH"},{"data":"Inflame","floor":13.0,"key":"SMITH"},{"data":"Limit Break","floor":15.0,"key":"SMITH"},{"data":"Shockwave","floor":23.0,"key":"SMITH"},{"data":"Sword Boomerang","floor":25.0,"key":"SMITH"},{"data":"Limit Break","floor":32.0,"key":"SMITH"},{"data":"Exhume","floor":40.0,"key":"SMITH"},{"data":"Heavy Blade","floor":49,"key":"SMITH"}],"circlet_count":0,"master_deck":["AscendersBane","Strike_R","Defend_R","Defend_R","Bash","Reaper","Ghostly Armor","Inflame+1","Armaments+1","Shockwave+1","Twin Strike","Limit Break+1","Spot Weakness+1","Exhume+1","Sword Boomerang+1","Reaper","Limit Break+1","Impervious","Infernal Blade","Bloodletting","Seeing Red","Heavy Blade+1","Second Wind"],"relics":["Burning Blood","Singing Bowl","FossilizedHelix","Runic Pyramid","Ginger","Regal Pillow","Shuriken","Gremlin Horn","Coffee Dripper","Eternal Feather"],"acts_visited":["Exordium","TheCity","TheBeyond"],"potions_floor_usage":[],"damage_taken":[{"damage":11.0,"enemies":"Small Slimes","floor":1.0,"turns":5.0},{"damage":0.0,"enemies":"2 Louse","floor":2.0,"turns":4.0},{"damage":12.0,"enemies":"Cultist","floor":5.0,"turns":4.0},{"damage":19.0,"enemies":"2 Fungi Beasts","floor":7.0,"turns":4.0},{"damage":35.0,"enemies":"3 Sentries","floor":8.0,"turns":8.0},{"damage":23.0,"enemies":"Exordium Thugs","floor":10.0,"turns":5.0},{"damage":6.0,"enemies":"Looter","floor":14.0,"turns":3.0},{"damage":36.0,"enemies":"The Guardian","floor":16.0,"turns":10.0},{"damage":77.0,"enemies":"3 Byrds","floor":18.0,"turns":6.0},{"damage":24.0,"enemies":"Chosen","floor":19.0,"turns":7.0},{"damage":25.0,"enemies":"Centurion and Healer","floor":21.0,"turns":6.0},{"damage":48.0,"enemies":"3 Cultists","floor":22.0,"turns":5.0},{"damage":100.0,"enemies":"Gremlin Leader","floor":24.0,"turns":6.0},{"damage":49.0,"enemies":"Cultist and Chosen","floor":28.0,"turns":6.0},{"damage":90.0,"enemies":"Book of Stabbing","floor":30.0,"turns":6.0},{"damage":44.0,"enemies":"Centurion and Healer","floor":31.0,"turns":6.0},{"damage":83.0,"enemies":"Automaton","floor":33.0,"turns":8.0},{"damage":59.0,"enemies":"3 Shapes","floor":35.0,"turns":5.0},{"damage":25.0,"enemies":"Orb Walker","floor":41.0,"turns":5.0},{"damage":21.0,"enemies":"Maw","floor":42.0,"turns":6.0},{"damage":46.0,"enemies":"Reptomancer","floor":44.0,"turns":3.0},{"damage":18.0,"enemies":"3 Darklings","floor":45.0,"turns":4.0},{"damage":39,"enemies":"Transient","floor":46,"turns":6},{"damage":26,"enemies":"Maw","floor":47,"turns":6},{"damage":44,"enemies":"Jaw Worm Horde","floor":48,"turns":4},{"damage":78,"enemies":"Awakened One","floor":50,"turns":7},{"damage":85,"enemies":"Time Eater","floor":51,"turns":7}],"seed_played":"-1067334588070218234","potions_obtained":[{"floor":1.0,"key":"AttackPotion"},{"floor":7.0,"key":"GamblersBrew"},{"floor":8.0,"key":"Strength Potion"},{"floor":10.0,"key":"SmokeBomb"},{"floor":22.0,"key":"ColorlessPotion"},{"floor":47,"key":"LiquidMemories"}],"is_trial":false,"path_per_floor":["M","M","?","$","M","R","M","E","T","M","R","?","R","M","R","B",null,"M","M","?","M","M","R","E","R","T","?","M","$","E","M","R","B",null,"M","?","$","$","?","R","M","M","T","E","M","M","M","M","R","B","B",null],"character_chosen":"IRONCLAD","items_purchased":["Armaments","Reaper"],"campfire_rested":0,"item_purchase_floors":[4,29],"current_hp_per_floor":[49,61,54,54,55,55,62,53,53,44,44,44,44,46,46,56,72,73,81,81,81,78,78,55,55,55,55,67,67,47,89,89,73,85,91,91,91,91,91,91,77,93,93,93,93,95,95,97,97,97,97],"gold":202,"neow_bonus":"THREE_RARE_CARDS","is_daily":false,"chose_seed":false,"campfire_upgraded":9,"win_rate":0.0,"timestamp":1609097415,"path_taken":["M","M","?","$","M","R","M","E","T","M","R","?","R","M","R","BOSS","M","M","?","M","?","R","E","R","T","?","?","$","E","M","R","BOSS","M","?","?","$","?","R","?","M","T","E","M","?","M","M","R","BOSS","BOSS"],"items_purchased_type":["Card","Card"],"build_version":"2020-12-22","purchased_purges":3,"victory":true,"max_hp_per_floor":[75,75,75,75,75,75,75,75,75,75,75,75,75,77,77,77,77,79,81,81,81,83,83,85,85,85,85,87,87,89,89,89,89,89,91,91,91,91,91,91,91,93,93,93,93,95,95,97,97,97,97],"relic_stats":{"Regal Pillow":0,"Singing Bowl":22,"Gremlin Horn":[14,14],"counters":[27,152],"Shuriken":[6],"Eternal Feather":0,"Ginger":[13],"obtain_stats":[{"Regal Pillow":24,"Singing Bowl":8,"Gremlin Horn":30,"Shuriken":26,"Eternal Feather":44,"Coffee Dripper":34,"Ginger":20,"Burning Blood":0,"FossilizedHelix":9,"Runic Pyramid":17},{"Regal Pillow":13,"Singing Bowl":5,"Gremlin Horn":15,"Shuriken":13,"Eternal Feather":21,"Coffee Dripper":17,"Ginger":10,"Burning Blood":0,"FossilizedHelix":5,"Runic Pyramid":8},{"Regal Pillow":73,"Singing Bowl":25,"Gremlin Horn":85,"Shuriken":73,"Eternal Feather":118,"Coffee Dripper":99,"Ginger":56,"Burning Blood":0,"FossilizedHelix":25,"Runic Pyramid":43}],"Burning Blood":94},"card_choices":[{"not_picked":["Demon Form","Barricade"],"picked":"Reaper","floor":0.0},{"not_picked":["Searing Blow","Flame Barrier"],"picked":"Ghostly Armor","floor":1.0},{"not_picked":["Twin Strike","Shockwave"],"picked":"Inflame","floor":2.0},{"not_picked":["Feel No Pain","Fire Breathing"],"picked":"Shockwave","floor":5.0},{"not_picked":["Body Slam","Dual Wield"],"picked":"Twin Strike","floor":7.0},{"not_picked":["Fire Breathing","Pommel Strike"],"picked":"Limit Break","floor":8.0},{"not_picked":["Armaments","Dropkick"],"picked":"Spot Weakness","floor":10.0},{"not_picked":["Rampage","Wild Strike","Iron Wave"],"picked":"Singing Bowl","floor":14.0},{"not_picked":["Impervious","Demon Form"],"picked":"Exhume","floor":16.0},{"not_picked":["Iron Wave","Havoc","Combust"],"picked":"Singing Bowl","floor":18.0},{"not_picked":["Body Slam","Dropkick","Uppercut"],"picked":"Singing Bowl","floor":19.0},{"not_picked":["Pommel Strike","Flame Barrier"],"picked":"Sword Boomerang","floor":21.0},{"not_picked":["Flex","Iron Wave","Shrug It Off"],"picked":"Singing Bowl","floor":22.0},{"not_picked":["Rampage+1","Infernal Blade","Perfected Strike"],"picked":"Singing Bowl","floor":24.0},{"not_picked":["Flex","Dark Embrace","Cleave+1"],"picked":"Singing Bowl","floor":28.0},{"not_picked":["Rampage+1","Searing Blow","Infernal Blade"],"picked":"Singing Bowl","floor":30.0},{"not_picked":["Inflame","Clothesline"],"picked":"Limit Break","floor":31.0},{"not_picked":["Demon Form","Corruption"],"picked":"Impervious","floor":33.0},{"not_picked":["Warcry","Combust","Reckless Charge"],"picked":"Singing Bowl","floor":35.0},{"not_picked":["Rupture+1","Ghostly Armor+1"],"picked":"Bloodletting","floor":41.0},{"not_picked":["Pommel Strike","Shrug It Off","Disarm+1"],"picked":"Singing Bowl","floor":42.0},{"not_picked":["Feel No Pain","Flex+1"],"picked":"Seeing Red","floor":44.0},{"not_picked":["Pummel","Flex"],"picked":"Heavy Blade","floor":45},{"not_picked":["Evolve+1","Flex","Cleave"],"picked":"Singing Bowl","floor":46},{"not_picked":["Pommel Strike","Armaments+1"],"picked":"Second Wind","floor":47},{"not_picked":["Shockwave+1","Twin Strike","Anger"],"picked":"Singing Bowl","floor":48}],"player_experience":307619,"relics_obtained":[{"floor":8.0,"key":"Singing Bowl"},{"floor":9.0,"key":"FossilizedHelix"},{"floor":24.0,"key":"Regal Pillow"},{"floor":26.0,"key":"Shuriken"},{"floor":30.0,"key":"Gremlin Horn"},{"floor":44.0,"key":"Eternal Feather"}],"event_choices":[{"cards_removed":["Strike_R"],"damage_healed":0.0,"max_hp_gain":0.0,"max_hp_loss":0.0,"gold_gain":0.0,"event_name":"Golden Wing","player_choice":"Card Removal","floor":3.0,"gold_loss":0.0,"damage_taken":7.0},{"damage_healed":0.0,"max_hp_gain":0.0,"max_hp_loss":0.0,"gold_gain":0.0,"event_name":"The Cleric","player_choice":"Leave","floor":12.0,"gold_loss":0.0,"damage_taken":0.0},{"damage_healed":0.0,"max_hp_gain":0.0,"max_hp_loss":0.0,"gold_gain":0.0,"event_name":"WeMeetAgain","player_choice":"Gave Potion","floor":20.0,"gold_loss":0.0,"damage_taken":0.0,"relics_obtained":["Ginger"]},{"damage_healed":0.0,"max_hp_gain":0.0,"max_hp_loss":0.0,"gold_gain":100.0,"event_name":"The Joust","player_choice":"Bet on Murderer","floor":27.0,"gold_loss":50.0,"damage_taken":0.0},{"cards_removed":["Strike_R"],"damage_healed":0.0,"max_hp_gain":0.0,"max_hp_loss":0.0,"gold_gain":0.0,"event_name":"Bonfire Elementals","player_choice":"Offered Basic","floor":36.0,"gold_loss":0.0,"damage_taken":0.0},{"damage_healed":0.0,"max_hp_gain":0.0,"max_hp_loss":0.0,"gold_gain":0.0,"cards_transformed":["Strike_R"],"event_name":"Transmorgrifier","player_choice":"Transformed","floor":39.0,"gold_loss":0.0,"damage_taken":0.0,"cards_obtained":["Infernal Blade"]}],"is_beta":false,"boss_relics":[{"not_picked":["Busted Crown","Fusion Hammer"],"picked":"Runic Pyramid"},{"not_picked":["Empty Cage","Tiny House"],"picked":"Coffee Dripper"}],"items_purged_floors":[4,29,37],"is_endless":false,"potions_floor_spawned":[1,7,8,10,18,19,22,28,33,35,45,47],"ascension_level":20}}