{"host":"eocn4tduyrehyy81","time":1609054774,"event":{"mods":["AchievementEnabler","BaseMod","BetterRewards","Custom Start","Minty Spire (QoL Compilation)","Replay The Spire","StSLib"],"gold_per_floor":[118,135,135,51,241,269,282,282,282,37,112,129,105,124,124,220,220,240,240,64,76,76,76,95,108,181,181,181],"floor_reached":27,"playtime":1994,"items_purged":[],"score":213,"play_id":"f53d0e1e-419c-468b-9b44-2415d970d779","local_time":"20201227013934","is_ascension_mode":false,"campfire_choices":[{"floor":8,"key":"REST"},{"data":"Searing Blow","floor":15,"key":"SMITH"},{"floor":23,"key":"REST"}],"circlet_count":0,"master_deck":["Strike_R","Strike_R","Strike_R","Strike_R","Strike_R","Defend_R","Defend_R","Defend_R","Defend_R","Bash","ReplayReversal","ReplayTheSpireMod:Splinters","Cleave","True Grit","Madness","Flame Barrier","Thunderclap","Dual Wield","Bludgeon","Life Link+1","Reckless Charge+1","Body Slam+1","Rampage","Cleave","Shrug It Off","Shrug It Off+1","Searing Blow"],"relics":["Burning Blood","Ring of Fury","Bottled Flame","ReplayTheSpireMod:Spearhead","Centennial Puzzle","Astrolabe","ReplayTheSpireMod:TigerMarble","Self Forming Clay"],"acts_visited":["Exordium","TheCity"],"potions_floor_usage":[6,20,25,27,27],"damage_taken":[{"damage":2,"enemies":"Cultist","floor":1,"turns":5},{"damage":3,"enemies":"Jaw Worm","floor":2,"turns":4},{"damage":36,"enemies":"3 Sentries","floor":6,"turns":6},{"damage":5,"enemies":"2 Louse","floor":7,"turns":2},{"damage":15,"enemies":"Blue Slaver","floor":12,"turns":4},{"damage":0,"enemies":"Large Slime","floor":14,"turns":5},{"damage":47,"enemies":"Fading Forest","floor":16,"turns":11},{"damage":29,"enemies":"3 Byrds","floor":18,"turns":5},{"damage":11,"enemies":"Shell Parasite","floor":21,"turns":3},{"damage":46,"enemies":"Chosen and Byrds","floor":24,"turns":6},{"damage":39,"enemies":"Shelled Parasite and Fungi","floor":25,"turns":5},{"damage":36,"enemies":"Sentry and Sphere","floor":27,"turns":5}],"seed_played":"-1413530701571446707","potions_obtained":[{"floor":7,"key":"Venom Potion"},{"floor":12,"key":"SkillPotion"},{"floor":16,"key":"BloodPotion"},{"floor":21,"key":"SpeedPotion"},{"floor":25,"key":"BloodPotion"}],"is_trial":false,"path_per_floor":["M","M","?","$","?","E","M","R","T","$","?","M","$","M","R","B",null,"M","?","$","M","?","R","M","M","T","M"],"character_chosen":"IRONCLAD","items_purchased":["Searing Blow","BlessingOfTheForge","Centennial Puzzle","Madness","Thunderclap","Cleave","ReplayTheSpireMod:TigerMarble"],"campfire_rested":2,"item_purchase_floors":[4,4,10,10,13,20,20],"current_hp_per_floor":[80,80,80,80,80,50,51,75,75,75,64,55,55,61,61,30,80,57,42,59,54,54,79,39,18,18,0,0],"gold":181,"neow_bonus":"","is_daily":false,"chose_seed":false,"campfire_upgraded":1,"win_rate":0.0,"timestamp":1609054774,"path_taken":["M","?","?","$","?","E","M","R","T","$","?","M","?","M","R","BOSS","M","?","$","M","?","R","M","?","T","M"],"items_purchased_type":["Card","Potion","Relic","Card","Card","Card","Relic"],"build_version":"2020-12-22","purchased_purges":0,"victory":false,"max_hp_per_floor":[80,80,80,80,80,80,80,80,80,80,80,80,80,80,80,80,80,80,85,85,85,85,85,85,85,85,85,85],"card_choices":[{"not_picked":["Battle Trance","Sever Soul"],"picked":"Sword Boomerang","floor":1},{"not_picked":["ReplayTheSpireMod:Strike From Hell","Bloodletting"],"picked":"ReplayReversal","floor":2},{"not_picked":["Armaments","Sever Soul"],"picked":"Cleave","floor":5},{"not_picked":["Dark Embrace","Hemogenesis"],"picked":"True Grit","floor":6},{"not_picked":["Twin Strike","Power Through"],"picked":"Blood for Blood","floor":7},{"not_picked":["Life Link","ReplayTheSpireMod:LeadingStrike"],"picked":"Flame Barrier","floor":12},{"not_picked":["Warcry","Headbutt"],"picked":"Dual Wield","floor":14},{"not_picked":["Corruption","Demon Form"],"picked":"Bludgeon","floor":16},{"not_picked":["Massacre+1","Clash"],"picked":"Rampage","floor":18},{"not_picked":["Seeing Red","ReplayTheSpireMod:Limb From Limb"],"picked":"Shrug It Off","floor":21},{"not_picked":["Body Slam","Warcry"],"picked":"Shrug It Off+1","floor":24},{"not_picked":["True Grit","Carnage"],"picked":"Searing Blow","floor":25}],"player_experience":0,"relics_obtained":[{"floor":3,"key":"Ring of Fury"},{"floor":6,"key":"Bottled Flame"},{"floor":9,"key":"ReplayTheSpireMod:Spearhead"},{"floor":26,"key":"Self Forming Clay"}],"event_choices":[{"damage_healed":0,"gold_gain":75,"player_choice":"Gather Gold","damage_taken":11,"max_hp_gain":0,"max_hp_loss":0,"event_name":"World of Goop","floor":11,"gold_loss":0},{"damage_healed":0,"gold_gain":0,"player_choice":"Shed Blood","damage_taken":20,"max_hp_gain":5,"max_hp_loss":0,"event_name":"Forgotten Altar","floor":19,"gold_loss":0}],"is_beta":false,"boss_relics":[{"not_picked":["Replay:Drink Me","Velvet Choker"],"picked":"Astrolabe"}],"items_purged_floors":[],"is_endless":false,"potions_floor_spawned":[7,12,16,21,25],"killed_by":"Sentry and Sphere","ascension_level":0}}