{"host":"hhqi7w94rsi31r70","time":1609030654,"event":{"mods":["Act Like it!","BaseMod","Colored Map","GifTheSpireLib","Hallownest","Highlight Path","Minty Spire (QoL Compilation)","Robot Space Explorer","Shade Mod","StSLib","The Hierophant","The Saiyan","The Servant 0.9.4","[地精首领爬塔]The Maniac"],"gold_per_floor":[118,129,40,40,51,51,68,79,79,79,95,111,129,158,158,158,158],"floor_reached":16,"playtime":2415,"items_purged":[],"score":110,"play_id":"0d13ad66-1b63-4aa8-8521-b048a24a1eeb","local_time":"20201227085734","is_ascension_mode":true,"campfire_choices":[{"data":"Starlight","floor":6.0,"key":"SMITH"},{"data":"Contraction","floor":10,"key":"SMITH"},{"data":"InstantArmor","floor":15,"key":"SMITH"}],"circlet_count":0,"master_deck":["Strike_S","Strike_S","Strike_S","Defend_S","Defend_S","Defend_S","Defend_S","KidneyShot","Exchange","BottledTime","Starlight+1","Contraction+1","Advance","BottledTime","Starlight","InstantArmor+1","FastForward"],"relics":["Uniform","Strawberry","White Beast Statue","Odd Mushroom"],"acts_visited":["Exordium"],"potions_floor_usage":[7,14,14,16],"damage_taken":[{"damage":3.0,"enemies":"Small Slimes","floor":1.0,"turns":4.0},{"damage":0.0,"enemies":"Jaw Worm","floor":2.0,"turns":3.0},{"damage":0.0,"enemies":"Cultist","floor":5.0,"turns":3.0},{"damage":7,"enemies":"Exordium Wildlife","floor":7,"turns":7},{"damage":16,"enemies":"3 Louse","floor":8,"turns":4},{"damage":0,"enemies":"Red Slaver","floor":11,"turns":3},{"damage":0,"enemies":"Large Slime","floor":12,"turns":3},{"damage":2,"enemies":"3 Louse","floor":13,"turns":2},{"damage":12,"enemies":"The Mushroom Lair","floor":14,"turns":6},{"damage":36,"enemies":"Hexaghost","floor":16,"turns":17}],"seed_played":"-5888694723620187930","potions_obtained":[{"floor":1.0,"key":"Block Potion"},{"floor":7,"key":"Fruit Juice"},{"floor":11,"key":"FearPotion"},{"floor":12,"key":"Strength Potion"},{"floor":13,"key":"Weak Potion"}],"is_trial":false,"path_per_floor":["M","M","$","?","M","R","M","M","T","R","M","M","M","?","R","B"],"character_chosen":"THE_SERVANT","items_purchased":["Starlight","Contraction"],"campfire_rested":0,"item_purchase_floors":[3,3],"current_hp_per_floor":[69,69,69,69,69,69,67,51,51,51,51,51,49,37,37,1,1],"gold":158,"neow_bonus":"RANDOM_COMMON_RELIC","is_daily":false,"chose_seed":false,"campfire_upgraded":3,"win_rate":0.0,"timestamp":1609030654,"path_taken":["M","M","$","?","M","R","M","M","T","R","M","M","M","?","R","BOSS"],"items_purchased_type":["Card","Card"],"build_version":"2020-12-22","purchased_purges":0,"victory":false,"max_hp_per_floor":[72,72,72,72,72,72,77,77,77,77,77,77,77,77,77,77,77],"card_choices":[{"not_picked":["SpecialFormula","Gouge","Revamp"],"picked":"SKIP","floor":1.0},{"not_picked":["Potential","Ricochet"],"picked":"BottledTime","floor":2.0},{"not_picked":["Revamp","ShatteredReality"],"picked":"Advance","floor":5.0},{"not_picked":["Manipulate","DoubleEdge","Moondial"],"picked":"SKIP","floor":7},{"not_picked":["Foresight","ShatteredReality"],"picked":"BottledTime","floor":8},{"not_picked":["TimeWarp","MoonPhase"],"picked":"Starlight","floor":11},{"not_picked":["Rewind","Revamp"],"picked":"InstantArmor","floor":12},{"not_picked":["Comet","SpecialFormula","Misdirection"],"picked":"SKIP","floor":13},{"not_picked":["KillingDoll","Unruled"],"picked":"FastForward","floor":14}],"player_experience":487934,"relics_obtained":[{"floor":9,"key":"White Beast Statue"},{"floor":14,"key":"Odd Mushroom"}],"event_choices":[{"cards_removed":["Strike_S"],"damage_healed":0.0,"max_hp_gain":0.0,"max_hp_loss":0.0,"gold_gain":0.0,"event_name":"Living Wall","player_choice":"Forget","floor":4.0,"gold_loss":0.0,"damage_taken":0.0},{"damage_healed":0,"gold_gain":0,"player_choice":"Fought Mushrooms","damage_taken":0,"max_hp_gain":0,"max_hp_loss":0,"event_name":"Mushrooms","floor":14,"gold_loss":0}],"is_beta":false,"boss_relics":[],"items_purged_floors":[],"is_endless":false,"potions_floor_spawned":[1,7,11,12,13,14],"killed_by":"Hexaghost","ascension_level":3}}