{"host":"iyvjjqtjrywxqc57","time":1609063170,"event":{"mods":["AchievementEnabler","BaseMod","Bestiary","Better Altar","Better Match","Better Note","Better Sensory Stone","Better Skull","Better Third Choice","Colored Map","Colored Powertips","Displayed Cursed Tome","Downfall","Jorbs\u0027s Wanderer Trilogy","Minty Spire (QoL Compilation)","Quick Restart","Rare Cards Sparkle","Relic Stats","StSLib"],"gold_per_floor":[119,136,136,153,167,167,195,195,270,270,287,301,320,331,331,436,436,447,467,467,467,478,478,7,7,7,7,38,52,3,22,22,122,122,134,134,152,168,184,184,204,204,286,286,286,303,303,37,37,37,37],"floor_reached":50,"playtime":4807,"items_purged":["Strike_B"],"score":468,"play_id":"41ae5c3a-ed8a-4b30-8895-04a9d81aa7cb","local_time":"20201227035930","is_ascension_mode":false,"campfire_choices":[{"data":"Redo","floor":6.0,"key":"SMITH"},{"data":"Zap","floor":8.0,"key":"SMITH"},{"data":"Defragment","floor":10.0,"key":"SMITH"},{"floor":15.0,"key":"REST"},{"data":"Buffer","floor":23.0,"key":"SMITH"},{"data":"expansioncontent:DashGenerateEvil","floor":25.0,"key":"SMITH"},{"floor":32.0,"key":"REST"},{"data":"Streamline","floor":40,"key":"SMITH"},{"data":"Sweeping Beam","floor":42,"key":"SMITH"},{"data":"Barrage","floor":45,"key":"SMITH"},{"floor":49,"key":"REST"}],"circlet_count":0,"master_deck":["Strike_B","Strike_B","Strike_B","Defend_B","Defend_B","Defend_B","Defend_B","Zap+1","Dualcast+1","Redo+1","Sweeping Beam+1","Leap","Defragment+1","Darkness","Ball Lightning","Go for the Eyes","Streamline+1","Beam Cell","Buffer+1","Auto Shields+1","Aggregate","expansioncontent:DashGenerateEvil+1","Barrage+1","Conserve Battery","FTL","Conserve Battery+1","Cold Snap","Amplify","BootSequence","Consume","White Noise+1","BootSequence","Steam Power+1","expansioncontent:DashGenerateEvil"],"relics":["Cracked Core","Thread and Needle","Ornamental Fan","Inserter","MutagenicStrength","Pantograph","Kunai","Pen Nib","Runic Dome","Shuriken"],"acts_visited":["Exordium","TheCity","TheBeyond"],"potions_floor_usage":[50,50,50],"damage_taken":[{"damage":3.0,"enemies":"Small Slimes","floor":1.0,"turns":3.0},{"damage":1.0,"enemies":"Cultist","floor":2.0,"turns":3.0},{"damage":1.0,"enemies":"Jaw Worm","floor":4.0,"turns":2.0},{"damage":14.0,"enemies":"Exordium Wildlife","floor":5.0,"turns":6.0},{"damage":30.0,"enemies":"Gremlin Nob","floor":7.0,"turns":4.0},{"damage":0.0,"enemies":"2 Fungi Beasts","floor":11.0,"turns":3.0},{"damage":16.0,"enemies":"Gremlin Gang","floor":12.0,"turns":4.0},{"damage":0.0,"enemies":"Looter","floor":13.0,"turns":2.0},{"damage":2.0,"enemies":"Red Slaver","floor":14.0,"turns":3.0},{"damage":16.0,"enemies":"The Guardian","floor":16.0,"turns":7.0},{"damage":1.0,"enemies":"Chosen","floor":18.0,"turns":4.0},{"damage":16.0,"enemies":"2 Thieves","floor":19.0,"turns":4.0},{"damage":25.0,"enemies":"3 Cultists","floor":22.0,"turns":5.0},{"damage":13.0,"enemies":"Gremlin Leader","floor":28.0,"turns":8.0},{"damage":7.0,"enemies":"Snake Plant","floor":29.0,"turns":3.0},{"damage":1.0,"enemies":"Chosen and Byrds","floor":31.0,"turns":4.0},{"damage":39.0,"enemies":"Collector","floor":33.0,"turns":11.0},{"damage":3,"enemies":"3 Shapes","floor":35,"turns":2},{"damage":0,"enemies":"Orb Walker","floor":37,"turns":3},{"damage":6,"enemies":"Jaw Worm Horde","floor":38,"turns":5},{"damage":18,"enemies":"3 Darklings","floor":39,"turns":5},{"damage":11,"enemies":"Maw","floor":41,"turns":8},{"damage":6,"enemies":"Jaw Worm Horde","floor":46,"turns":5},{"damage":89,"enemies":"Donu and Deca","floor":50,"turns":8}],"seed_played":"-4079147458848481954","potions_obtained":[{"floor":2.0,"key":"ColorlessPotion"},{"floor":7.0,"key":"LiquidBronze"},{"floor":12.0,"key":"Weak Potion"},{"floor":16.0,"key":"Explosive Potion"},{"floor":22.0,"key":"Ancient Potion"},{"floor":28.0,"key":"Swift Potion"},{"floor":31.0,"key":"DuplicationPotion"},{"floor":35,"key":"DistilledChaos"},{"floor":39,"key":"DuplicationPotion"},{"floor":41,"key":"Swift Potion"}],"is_trial":false,"path_per_floor":["M","M","?","M","M","R","E","R","T","R","M","M","M","M","R","B",null,"M","M","?","?","M","R","$","R","T","$","E","M","$","M","R","B",null,"M","?","M","M","M","R","M","R","T","?","R","M","?","$","R","B"],"character_chosen":"DEFECT","items_purchased":["expansioncontent:DashGenerateEvil","Pantograph","Barrage","Conserve Battery","champ:CounterPotion","expansioncontent:DashGenerateEvil"],"campfire_rested":3,"item_purchase_floors":[24,24,24,24,30,48],"current_hp_per_floor":[79,78,78,77,63,63,33,33,33,33,33,17,17,15,39,23,82,81,65,65,65,40,40,40,40,40,40,27,20,20,19,43,29,82,79,79,79,73,55,55,44,44,44,44,44,38,38,38,62,0,0],"gold":37,"neow_bonus":"TEN_PERCENT_HP_BONUS","is_daily":false,"chose_seed":false,"campfire_upgraded":8,"win_rate":0.0,"timestamp":1609063170,"path_taken":["M","M","?","?","M","R","E","R","T","R","M","M","M","M","R","BOSS","M","M","?","?","M","R","$","R","T","$","E","M","?","?","R","BOSS","M","?","M","?","M","R","M","R","T","?","R","M","?","$","R","BOSS"],"items_purchased_type":["Card","Relic","Card","Card","Potion","Card"],"build_version":"2020-12-22","purchased_purges":1,"victory":false,"max_hp_per_floor":[82,82,82,82,82,82,82,82,82,82,82,82,82,82,82,82,82,82,82,82,82,82,82,82,82,82,82,82,82,82,82,82,82,82,82,82,82,82,82,82,82,82,82,82,82,82,82,82,82,82,82],"relic_stats":{"Inserter":[37],"counters":[24,112],"Ornamental Fan":[116],"Shuriken":[6],"Pantograph":45,"Pen Nib":[12],"Kunai":[25],"obtain_stats":[{"Runic Dome":34,"Inserter":17,"Ornamental Fan":9,"Shuriken":43,"MutagenicStrength":21,"Pantograph":24,"Thread and Needle":7,"Pen Nib":28,"Kunai":26,"Cracked Core":0},{"Runic Dome":17,"Inserter":10,"Ornamental Fan":5,"Shuriken":22,"MutagenicStrength":12,"Pantograph":13,"Thread and Needle":5,"Pen Nib":14,"Kunai":13,"Cracked Core":0},{"Runic Dome":76,"Inserter":37,"Ornamental Fan":18,"Shuriken":99,"MutagenicStrength":45,"Pantograph":50,"Thread and Needle":18,"Pen Nib":58,"Kunai":50,"Cracked Core":0}]},"card_choices":[{"not_picked":["Capacitor","Hologram"],"picked":"Redo","floor":1.0},{"not_picked":["Redo","Cold Snap"],"picked":"Sweeping Beam","floor":2.0},{"not_picked":["Coolheaded","Barrage"],"picked":"Leap","floor":4.0},{"not_picked":["Hologram","Steam"],"picked":"Defragment","floor":5.0},{"not_picked":["Reboot","Stack"],"picked":"Darkness","floor":7.0},{"not_picked":["Steam","Compile Driver"],"picked":"Ball Lightning","floor":11.0},{"not_picked":["Gash","Skim"],"picked":"Go for the Eyes","floor":12.0},{"not_picked":["Redo","Reprogram"],"picked":"Streamline","floor":13.0},{"not_picked":["Tempest","Go for the Eyes"],"picked":"Beam Cell","floor":14.0},{"not_picked":["Seek","Biased Cognition"],"picked":"Buffer","floor":16.0},{"not_picked":["Streamline","Sweeping Beam+1"],"picked":"Coolheaded","floor":18.0},{"not_picked":["Blizzard+1","Tempest+1"],"picked":"Auto Shields+1","floor":19.0},{"not_picked":["Streamline+1","Gash"],"picked":"Aggregate","floor":22.0},{"not_picked":["Buffer","Stack"],"picked":"FTL","floor":28.0},{"not_picked":["Sweeping Beam","Go for the Eyes"],"picked":"Conserve Battery+1","floor":29.0},{"not_picked":["Coolheaded+1","Beam Cell"],"picked":"Cold Snap","floor":31.0},{"not_picked":["Multi-Cast","Reboot"],"picked":"Amplify","floor":33.0},{"not_picked":["Streamline+1","Stack"],"picked":"BootSequence","floor":35},{"not_picked":["Hologram","Defragment+1"],"picked":"Consume","floor":37},{"not_picked":["Leap+1","Capacitor"],"picked":"White Noise+1","floor":38},{"not_picked":["Stack","Skim+1","FTL+1"],"picked":"SKIP","floor":39},{"not_picked":["Skim","Capacitor"],"picked":"BootSequence","floor":41},{"not_picked":["Blizzard","Aggregate+1"],"picked":"Steam Power+1","floor":46}],"player_experience":52082,"relics_obtained":[{"floor":7.0,"key":"Thread and Needle"},{"floor":9.0,"key":"Ornamental Fan"},{"floor":26.0,"key":"Kunai"},{"floor":28.0,"key":"Pen Nib"},{"floor":43,"key":"Shuriken"}],"event_choices":[{"damage_healed":0.0,"max_hp_gain":0.0,"max_hp_loss":0.0,"gold_gain":0.0,"event_name":"Accursed Blacksmith","player_choice":"Forge","floor":3.0,"gold_loss":0.0,"damage_taken":0.0,"cards_upgraded":["Dualcast"]},{"cards_removed":["Strike_B"],"damage_healed":0.0,"max_hp_gain":0.0,"max_hp_loss":0.0,"gold_gain":0.0,"event_name":"betterNote:BetterNote","player_choice":"Give","floor":20.0,"gold_loss":0.0,"damage_taken":0.0,"cards_obtained":["sneckomod:Strike"]},{"damage_healed":0.0,"max_hp_gain":0.0,"max_hp_loss":0.0,"gold_gain":0.0,"event_name":"Drug Dealer","player_choice":"Inject Mutagens","floor":21.0,"gold_loss":0.0,"damage_taken":0.0,"relics_obtained":["MutagenicStrength"]},{"damage_healed":0,"gold_gain":0,"player_choice":"Cursed","damage_taken":0,"max_hp_gain":0,"max_hp_loss":0,"event_name":"Wheel of Change","floor":36,"gold_loss":0,"cards_obtained":["Decay"]},{"cards_removed":["Coolheaded"],"damage_healed":0,"gold_gain":0,"player_choice":"Removed Skill","damage_taken":0,"max_hp_gain":0,"max_hp_loss":0,"event_name":"Falling","floor":44,"gold_loss":0},{"cards_removed":["Decay"],"damage_healed":0,"gold_gain":0,"player_choice":"Removed Curses","damage_taken":0,"max_hp_gain":0,"max_hp_loss":0,"event_name":"Fountain of Cleansing","floor":47,"gold_loss":0}],"is_beta":false,"boss_relics":[{"not_picked":["Runic Pyramid","Snecko Eye"],"picked":"Inserter"},{"not_picked":["Cursed Key","Velvet Choker"],"picked":"Runic Dome"}],"items_purged_floors":[48],"is_endless":false,"potions_floor_spawned":[2,7,12,16,22,28,31,35,39,41,46],"killed_by":"Donu and Deca","ascension_level":0}}