{"host":"y8cpnk8u7pqs5ve6","time":1609078364,"event":{"mods":["Act Like it!","BaseMod","Gold Saver","Hallownest","Hermit","Minty Spire (QoL Compilation)","Quick Restart","StSLib","The Servant 0.9.4","WarShipGirlsR/’ΩΩ¢…Ÿ≈ÆR mod","Yakumo Yukari mod"],"gold_per_floor":[621,300,300,300,316,344,344,344,369,369,386,406,201,211,211,312,312,326,342,342,354,389,389,304,333,359,369,381,392,412,312,312,409,409,422,439,439,459,144,178,192,192,192,192,192,192,192,203,203,203],"floor_reached":51,"playtime":3124,"items_purged":["Defend_purpleEX","AT_purpleEX","Parasite"],"score":774,"play_id":"be539e6a-5fe4-49cd-959b-7ea81e78a6d0","local_time":"20201227221244","is_ascension_mode":false,"campfire_choices":[{"floor":7.0,"key":"REST"},{"data":"Observe_purple_2","floor":10.0,"key":"SMITH"},{"data":"Human_Monster_Realm_purple","floor":15.0,"key":"SMITH"},{"data":"DimensionStaggered_purple","floor":23.0,"key":"SMITH"},{"data":"ProofOfUnderstanding_purple","floor":32,"key":"SMITH"},{"data":"Monsters_DoubleDeathButterfly_purple","floor":42,"key":"SMITH"},{"data":"OmniscientAndOmnipotent_Monster_purple","floor":44,"key":"SMITH"},{"data":"WatchEChange_purple","floor":49,"key":"SMITH"}],"circlet_count":0,"master_deck":["AT_purpleEX+1","AT_purpleEX+1","AT_purpleEX","Defend_purpleEX","Defend_purpleEX","Defend_purpleEX","Observe_purple_1","Observe_purple_2+1","Bait_HighSpeedFlying_purple","MonsterNeedle_purple","Human_Monster_Realm_purple+1","WatchEChange_purple+1","Fantasy_PerpetualMotionMachine_purple","DimensionStaggered_purple+1","Boundary_LifeAndDeath_purple","BarrageBoundary_PipeDream_purple","PurpleNeedle_purple+1","Charmbait_purple+1","Boundary_of_Extermination_purpleEX","RuleDissolution_purple+1","Mirror_FormAndEmptin_purple+1","DarkRealmRedLine_purple","ExternalForce_HighSpeedFlying_purple","ProofOfUnderstanding_purple+1","Monsters_DoubleDeathButterfly_purple+1","MeetDecomposer_purple+1","CommonSense_AntiCommonSense_purple+1","Line_surface_state_purple","OmniscientAndOmnipotent_Monster_purple+1","Master of Strategy","Madness","Madness","Regret"],"relics":["Boundary_crack","Memoryfragments_purpleEX","NeowsBlessing","Question Card","Bag of Preparation","Thread and Needle","Regal Pillow","Vajra","Sozu","MutagenicStrength","Red Mask","Anchor","Bottled Tornado","Bronze Scales","Coffee Dripper","Du-Vu Doll","Letter Opener"],"acts_visited":["Exordium","TheCity","TheBeyond"],"potions_floor_usage":[50,50],"damage_taken":[{"damage":0.0,"enemies":"Cultist","floor":1.0,"turns":1.0},{"damage":0.0,"enemies":"2 Louse","floor":5.0,"turns":1.0},{"damage":7.0,"enemies":"Gremlin Nob","floor":6.0,"turns":1.0},{"damage":0.0,"enemies":"Jaw Worm","floor":11.0,"turns":3.0},{"damage":0.0,"enemies":"3 Louse","floor":12.0,"turns":2.0},{"damage":0.0,"enemies":"Large Slime","floor":14.0,"turns":3.0},{"damage":24.0,"enemies":"The Guardian","floor":16.0,"turns":12.0},{"damage":4.0,"enemies":"2 Thieves","floor":18.0,"turns":3.0},{"damage":0.0,"enemies":"3 Byrds","floor":19.0,"turns":4.0},{"damage":0.0,"enemies":"Sentry and Sphere","floor":21.0,"turns":2.0},{"damage":0.0,"enemies":"Masked Bandits","floor":22.0,"turns":2.0},{"damage":31.0,"enemies":"Book of Stabbing","floor":25.0,"turns":4.0},{"damage":5,"enemies":"3 Cultists","floor":27,"turns":4},{"damage":4,"enemies":"Shelled Parasite and Fungi","floor":28,"turns":3},{"damage":0,"enemies":"Sentry and Sphere","floor":29,"turns":2},{"damage":2,"enemies":"Centurion and Healer","floor":30,"turns":3},{"damage":0,"enemies":"Champ","floor":33,"turns":7},{"damage":4,"enemies":"3 Darklings","floor":35,"turns":4},{"damage":0,"enemies":"3 Shapes","floor":36,"turns":2},{"damage":13,"enemies":"Writhing Mass","floor":38,"turns":4},{"damage":20,"enemies":"Nemesis","floor":40,"turns":3},{"damage":3,"enemies":"Sphere and 2 Shapes","floor":41,"turns":3},{"damage":20,"enemies":"Spire Growth","floor":48,"turns":3},{"damage":24,"enemies":"Time Eater","floor":50,"turns":6}],"seed_played":"5100238405653086227","potions_obtained":[{"floor":5.0,"key":"Strength Potion"},{"floor":6.0,"key":"Ancient Potion"},{"floor":11.0,"key":"Fire Potion"}],"is_trial":false,"path_per_floor":["M","$","?","?","M","E","R","?","T","R","M","M","$","M","R","B",null,"M","M","?","M","?","R","?","E","T","M","M","M","M","$","R","B",null,"M","M","?","M","$","E","M","R","T","R","$","?","?","M","R","B",null],"character_chosen":"Youkari","items_purchased":["Question Card","DimensionStaggered_purple","Vajra","OmniscientAndOmnipotent_Monster_purple","Master of Strategy"],"campfire_rested":1,"item_purchase_floors":[2,13,13,39,39],"current_hp_per_floor":[70,70,37,23,23,16,37,42,42,42,42,44,44,46,46,27,75,75,75,75,75,75,75,75,44,44,40,39,44,49,49,49,61,75,75,75,75,67,67,57,68,68,68,68,68,59,59,42,42,36],"gold":203,"neow_bonus":"THREE_ENEMY_KILL","is_daily":false,"chose_seed":false,"campfire_upgraded":7,"win_rate":0.0,"timestamp":1609078364,"path_taken":["M","$","?","?","?","E","R","?","T","R","M","M","$","M","R","BOSS","M","M","?","M","?","R","?","E","T","M","?","M","M","$","R","BOSS","M","M","?","M","$","E","M","R","T","R","$","?","?","M","R","BOSS"],"items_purchased_type":["Relic","Card","Relic","Card","Card"],"build_version":"2020-12-22","purchased_purges":3,"victory":true,"max_hp_per_floor":[70,70,70,70,70,70,70,75,75,75,75,75,75,75,75,75,75,75,75,75,75,75,75,75,75,75,75,75,75,75,75,75,75,75,75,75,75,75,72,72,72,72,72,72,72,72,72,72,72,72],"card_choices":[{"not_picked":["Line_surface_state_purple","WatchEyeChange_purple"],"picked":"Bait_HighSpeedFlying_purple","floor":1.0},{"not_picked":["AdvanceAttack_purple","MeetDecomposer_purple","Extrememeaning_purpleEX"],"picked":"MonsterNeedle_purple","floor":5.0},{"not_picked":["Shallow_ocean_purpleEX","Yakumo_Ran_purple","Boundary_LightAndDark_purple"],"picked":"Human_Monster_Realm_purple","floor":6.0},{"not_picked":["SfantasyHide_purple","AdvanceAttack_purple","Shallow_ocean_purpleEX"],"picked":"WatchEChange_purple","floor":11.0},{"not_picked":["Bait_Toxicbait_purple","ExistenceContinue_purple","Realm_recovery_purpleEX"],"picked":"Fantasy_PerpetualMotionMachine_purple","floor":12.0},{"not_picked":["MNeedle_purple","Shallow_ocean_purpleEX","Charmbait_purple"],"picked":"Boundary_LifeAndDeath_purple","floor":14.0},{"not_picked":["Mirror_TwoAndThreeElementRealm_purple","ProofOfUnderstanding_purple","Price_of_realm_purpleEX"],"picked":"BarrageBoundary_PipeDream_purple","floor":16.0},{"not_picked":["Shallow_ocean_purpleEX","Charmbait_purple","StateDuplicate_purple"],"picked":"PurpleNeedle_purple+1","floor":18.0},{"not_picked":["Boundary_LightAndDark_purple","OmniscientAndOmnipotent_Monster_purple","Nest_LightFlightworm_purple"],"picked":"Charmbait_purple+1","floor":19.0},{"not_picked":["Mirror_Drifter_purple+1","ExistenceContinue_purple","SharpContractionReality_purple"],"picked":"Line_surface_state_purple","floor":21.0},{"not_picked":["ExistenceContinue_purple","StateErode_purple","Worldmountain_purple"],"picked":"Boundary_of_Extermination_purpleEX","floor":22.0},{"not_picked":["DimensionStaggered_purple","OpenedBox_purple","MagicEyes_LaplaceDemon_purple"],"picked":"RuleDissolution_purple+1","floor":25.0},{"not_picked":["OmniscientAndOmnipotent_Monster_purple","Mirror_FourBoundary_purple","Umbrella_purple+1"],"picked":"Mirror_FormAndEmptin_purple+1","floor":27},{"not_picked":["Charmbait_purple","Bait_HighSpeedFlying_purple","Realm_recovery_purpleEX"],"picked":"DarkRealmRedLine_purple","floor":28},{"not_picked":["Realm_recovery_purpleEX","DimensionStaggered_purple","Charmbait_purple"],"picked":"ExternalForce_HighSpeedFlying_purple","floor":29},{"not_picked":["Realm_recovery_purpleEX","PositiveMatter_Antimatter_Universe_purple","Umbrella_purple"],"picked":"ProofOfUnderstanding_purple","floor":30},{"not_picked":["WangLiang_LineAndCurveDreams_purple","GluttonyofRealm_purpleEX","ProofOfUnderstanding_purple"],"picked":"Monsters_DoubleDeathButterfly_purple","floor":33},{"not_picked":["Charmbait_purple","Fantasy_PerpetualMotionMachine_purple+1","Worldmountain_purple"],"picked":"MeetDecomposer_purple+1","floor":35},{"not_picked":["Line_surface_state_purple","DimensionStaggered_purple+1","WatchEChange_purple+1"],"picked":"CommonSense_AntiCommonSense_purple+1","floor":36},{"not_picked":["RuleDissolution_purple+1","Fantasy_PerpetualMotionMachine_purple","Boundary_DynamicStaticEquilibrium_purple"],"picked":"Line_surface_state_purple","floor":38},{"not_picked":["Boundary_of_Extermination_purpleEX","RealityDreamConfluencek_purple","Fantasy_PerpetualMotionMachine_purple","SfantasyHide_purple+1"],"picked":"SKIP","floor":40},{"not_picked":["DimensionStaggered_purple+1","Realm_recovery_purpleEX+1","MeetDecomposer_purple","MonsterNeedle_purple"],"picked":"SKIP","floor":41},{"not_picked":["Realm_recovery_purpleEX","Charmbait_purple","RealityDreamConfluencek_purple+1","Umbrella_purple"],"picked":"SKIP","floor":48}],"player_experience":205500,"relics_obtained":[{"floor":6.0,"key":"Thread and Needle"},{"floor":9.0,"key":"Regal Pillow"},{"floor":22.0,"key":"Red Mask"},{"floor":25.0,"key":"Bottled Tornado"},{"floor":26.0,"key":"Bronze Scales"},{"floor":40,"key":"Du-Vu Doll"},{"floor":43,"key":"Letter Opener"}],"event_choices":[{"damage_healed":0.0,"max_hp_gain":0.0,"max_hp_loss":0.0,"gold_gain":0.0,"event_name":"Scrap Ooze","player_choice":"Success","floor":3.0,"gold_loss":0.0,"damage_taken":33.0,"relics_obtained":["Bag of Preparation"]},{"damage_healed":0.0,"max_hp_gain":0.0,"max_hp_loss":0.0,"gold_gain":0.0,"event_name":"Shining Light","player_choice":"Entered Light","floor":4.0,"gold_loss":0.0,"damage_taken":14.0,"cards_upgraded":["AT_purpleEX","AT_purpleEX"]},{"damage_healed":0.0,"max_hp_gain":0.0,"max_hp_loss":0.0,"gold_gain":0.0,"event_name":"Drug Dealer","player_choice":"Inject Mutagens","floor":20.0,"gold_loss":0.0,"damage_taken":0.0,"relics_obtained":["MutagenicStrength"]},{"damage_healed":0.0,"max_hp_gain":0.0,"max_hp_loss":0.0,"gold_gain":0.0,"event_name":"Masked Bandits","player_choice":"Fought Bandits","floor":22.0,"gold_loss":0.0,"damage_taken":0.0},{"damage_healed":0.0,"max_hp_gain":0.0,"max_hp_loss":0.0,"gold_gain":0.0,"event_name":"Addict","player_choice":"Obtained Relic","floor":24.0,"gold_loss":85.0,"damage_taken":0.0,"relics_obtained":["Anchor"]},{"cards_removed":["Line_surface_state_purple"],"damage_healed":0,"gold_gain":0,"player_choice":"Removed Skill","damage_taken":0,"max_hp_gain":0,"max_hp_loss":0,"event_name":"Falling","floor":37,"gold_loss":0},{"damage_healed":0,"gold_gain":0,"player_choice":"Embrace Madness","damage_taken":9,"max_hp_gain":0,"max_hp_loss":0,"event_name":"Winding Halls","floor":46,"gold_loss":0,"cards_obtained":["Madness","Madness"]}],"is_beta":false,"boss_relics":[{"not_picked":["SlaversCollar","Astrolabe"],"picked":"Sozu"},{"not_picked":["Snecko Eye","Calling Bell"],"picked":"Coffee Dripper"}],"items_purged_floors":[2,31,39],"is_endless":false,"potions_floor_spawned":[5,6,11,12,18,21,25,27,30,40,41],"ascension_level":0}}