{"host":"s8k08j4eybfen9r6","time":1609065781,"event":{"mods":["Aspiration","BaseMod","Better Altar","Better Match","Better Note","Better Sensory Stone","Better Skull","Better Third Choice","BetterRewards","Downfall","Duelist Mod","Hubris","Minty Spire (QoL Compilation)","MostiFishMod","Rare Cards Sparkle","Shop Mod","Spicy Shops","StSLib"],"gold_per_floor":[393,393,409,409,94,146,162,190,214,389,389,389,437,452,452,569,569,599,617,632,665,434,489,489,558,558,34,81,149,149,190,190,325,325,363,363,363,405,435,435,463,463,463,504,588,238,278,335,335,385,385,385,128,187,217],"floor_reached":56,"playtime":6193,"items_purged":["theDuelist:SnowDragon"],"score":1781,"play_id":"6d36bb55-2bfd-45e1-a661-dfd59b1108c6","local_time":"20201227204301","is_ascension_mode":true,"campfire_choices":[{"data":"theDuelist:CyberDragonSieger","floor":11,"key":"SMITH"},{"floor":15,"key":"REST"},{"floor":30,"key":"REST"},{"floor":32,"key":"REST"},{"floor":40,"key":"REST"},{"floor":49,"key":"RECALL"},{"data":"theDuelist:WingedDragonRa","floor":52,"key":"SMITH"}],"circlet_count":0,"master_deck":["MostiFishMod:FrostNova+1","MostiFishMod:WinterMarkForm+1","theDuelist:CyberDragonCore+1","theDuelist:DragonMastery+1","theDuelist:GuardragonJusticia+1","theDuelist:StardustDragon+1","theDuelist:Mountain+1","theDuelist:BabyDragon","theDuelist:CastleWalls","theDuelist:CastleWalls","theDuelist:CaveDragon","theDuelist:LesserDragon","theDuelist:LesserDragon","theDuelist:Sparks","theDuelist:YamataDragon","theDuelist:BSkullDragon","theDuelist:CyberDragonSieger+1","theDuelist:SilverDragon","Doubt","theDuelist:DragonCaptureJar","theDuelist:DragonCaptureJar+1","theDuelist:CastleDragonSouls+1","theDuelist:CyberDragonCore+1","theDuelist:TyrantWing","theDuelist:Terraforming","theDuelist:WingedDragonRa+1","theDuelist:TotemDragon+1","theDuelist:ChimeratechOverdragon","theDuelist:ThunderDragon","theDuelist:DragonMirror+1","Mayhem","theDuelist:SliferSky+1"],"relics":["theDuelist:MillenniumPuzzle","theDuelist:CardPoolRelic","theDuelist:CardPoolBasicRelic","theDuelist:BoosterPackPoolRelic","theDuelist:CardPoolAddRelic","theDuelist:CardPoolMinusRelic","theDuelist:CardPoolSaveRelic","theDuelist:CardPoolOptionsRelic","DaveBox","FrostBlade","SynthV:TestCard","theDuelist:AknamkanonsEssence","Anchor","Bottled Flame","Oddly Smooth Stone","Runic Dome","theDuelist:AknamkanonsEssence","hubris:AncientText","Bag of Preparation","Toy Ornithopter","CaptainsWheel","Red Skull","theDuelist:MonsterEggRelic","theDuelist:MillenniumStone","hubris:DeckOfHolding","MealTicket","HereWithMe","hubris:Towel","Orichalcum","theDuelist:SolderToken","hubris:SoftwareUpdate","aspiration:Lifesprig","Lee\u0027s Waffle","Pen Nib","Lantern"],"acts_visited":["Exordium","TheCity","TheBeyond","TheEnding"],"potions_floor_usage":[16,16,16,21,25,55,55,55],"damage_taken":[{"damage":1,"enemies":"Jaw Worm","floor":1,"turns":2},{"damage":0,"enemies":"2 Louse","floor":3,"turns":2},{"damage":34,"enemies":"3 Sentries","floor":6,"turns":7},{"damage":0,"enemies":"Small Slimes","floor":7,"turns":3},{"damage":8,"enemies":"Lagavulin","floor":8,"turns":7},{"damage":27,"enemies":"3 Sentries","floor":13,"turns":7},{"damage":1,"enemies":"3 Louse","floor":14,"turns":3},{"damage":0,"enemies":"The Guardian","floor":16,"turns":6},{"damage":0,"enemies":"Chosen","floor":18,"turns":3},{"damage":0,"enemies":"3 Byrds","floor":19,"turns":4},{"damage":0,"enemies":"Cultist and Chosen","floor":20,"turns":5},{"damage":11,"enemies":"Centurion and Healer","floor":21,"turns":6},{"damage":21,"enemies":"Book of Stabbing","floor":23,"turns":5},{"damage":0,"enemies":"theDuelist:KaibaA2","floor":25,"turns":5},{"damage":0,"enemies":"Shelled Parasite and Fungi","floor":28,"turns":3},{"damage":9,"enemies":"Slavers","floor":29,"turns":3},{"damage":5,"enemies":"Snecko","floor":31,"turns":5},{"damage":9,"enemies":"Collector","floor":33,"turns":5},{"damage":0,"enemies":"3 Darklings","floor":35,"turns":3},{"damage":0,"enemies":"3 Shapes","floor":38,"turns":3},{"damage":44,"enemies":"Transient","floor":39,"turns":5},{"damage":0,"enemies":"Reptomancer","floor":41,"turns":4},{"damage":0,"enemies":"Giant Head","floor":45,"turns":6},{"damage":19,"enemies":"Jaw Worm Horde","floor":47,"turns":5},{"damage":0,"enemies":"Reptomancer","floor":48,"turns":3},{"damage":0,"enemies":"Awakened One","floor":50,"turns":7},{"damage":32,"enemies":"Shield and Spear","floor":54,"turns":5},{"damage":32,"enemies":"The Heart","floor":55,"turns":6}],"seed_played":"-2219942053850056978","potions_obtained":[{"floor":6,"key":"Swift Potion"},{"floor":7,"key":"theDuelist:TokenPotionB"},{"floor":14,"key":"AttackPotion"},{"floor":16,"key":"PowerPotion"},{"floor":19,"key":"BlessingOfTheForge"},{"floor":20,"key":"BlessingOfTheForge"},{"floor":25,"key":"sneckomod:MuddlingPotion"},{"floor":28,"key":"Swift Potion"},{"floor":29,"key":"theDuelist:DragonfirePotion"}],"is_trial":false,"path_per_floor":["M","?","M","?","$","E","M","E","T","?","R","?","E","M","R","B",null,"M","M","M","M","?","E","?","E","T","$","M","E","R","M","R","B",null,"M","?","?","M","M","R","E","?","T","?","E","$","M","E","R","B",null,"R","$","E","B",null],"character_chosen":"THE_DUELIST","items_purchased":["theDuelist:Mountain","theDuelist:AknamkanonsEssence","theDuelist:MonsterEggRelic","theDuelist:MillenniumStone","hubris:DeckOfHolding","aspiration:Lifesprig","theDuelist:ThunderDragon","Lee\u0027s Waffle","Mayhem"],"campfire_rested":4,"item_purchase_floors":[5,5,27,27,27,46,46,46,53],"current_hp_per_floor":[71,71,71,71,71,37,37,29,29,29,29,29,2,1,22,22,72,72,72,72,61,61,40,11,16,16,16,16,7,22,17,32,23,51,51,51,51,51,7,22,22,22,22,22,22,58,39,39,39,39,58,58,58,26,9],"gold":217,"neow_bonus":"TWO_FIFTY_GOLD","is_daily":false,"chose_seed":false,"campfire_upgraded":2,"win_rate":0.0,"timestamp":1609065781,"path_taken":["M","?","M","?","?","E","M","E","T","?","R","?","E","M","R","BOSS","M","M","M","M","?","E","?","E","T","$","?","E","R","M","R","BOSS","M","?","?","M","?","R","E","?","T","?","E","$","?","E","R","BOSS","R","$","E","BOSS"],"items_purchased_type":["Card","Relic","Relic","Relic","Relic","Relic","Card","Relic","Card"],"build_version":"2020-12-22","purchased_purges":1,"victory":true,"max_hp_per_floor":[72,72,72,72,72,72,72,72,72,72,72,72,72,72,72,72,72,72,72,72,72,72,72,72,72,72,51,51,51,51,51,51,51,51,51,51,51,51,51,51,51,51,51,51,51,58,58,58,58,58,58,58,58,58,58],"card_choices":[{"not_picked":["theDuelist:CurseDragon","theDuelist:BlackPtera","theDuelist:CyberDragonDrei","theDuelist:HazyFlameHydra"],"picked":"theDuelist:SnowDragon","floor":1},{"not_picked":["theDuelist:SpiralSpearStrike","theDuelist:CyberDragonInfinity"],"picked":"theDuelist:BSkullDragon","floor":3},{"not_picked":["theDuelist:DarkHorus","theDuelist:MadSwordBeast","theDuelist:TwinBarrelDragon","theDuelist:ArmedDragon5"],"picked":"theDuelist:SilverDragon","floor":6},{"not_picked":["theDuelist:LightningDarts","theDuelist:DarkCreator","theDuelist:HaneHane","theDuelist:ReinforcementsArmy","theDuelist:HarpieFeather"],"picked":"SKIP","floor":7},{"not_picked":["theDuelist:Pyrorex","theDuelist:Earthquake","theDuelist:DarkHorus","theDuelist:CurseDragon","theDuelist:ArmedDragon5"],"picked":"SKIP","floor":8},{"not_picked":["theDuelist:TwinBarrelDragon","theDuelist:BlackBrutdrago","theDuelist:FrozenFitzgerald","theDuelist:CyberDragonCore"],"picked":"theDuelist:AtomicScrapDragon","floor":13},{"not_picked":["theDuelist:MiraculousDescent","theDuelist:JurassicImpact","theDuelist:CyberneticOverflow","theDuelist:BackupSoldier"],"picked":"theDuelist:DragonCaptureJar","floor":14},{"not_picked":["theDuelist:WaterDragon","theDuelist:SurvivalFittest","theDuelist:DefensiveTactics","theDuelist:BSkullDragon"],"picked":"theDuelist:StardustDragon","floor":16},{"not_picked":[],"picked":"theDuelist:DragonCaptureJar+1","floor":18},{"not_picked":["theDuelist:ViceDragon+1","theDuelist:TornadoDragon","theDuelist:MadFlameKaiju","theDuelist:BlizzardDragon"],"picked":"theDuelist:GuardragonJusticia","floor":19},{"not_picked":["theDuelist:SafeZone","theDuelist:DefenseDraw+1","theDuelist:CyberneticRevolution","theDuelist:BurstBreath+1"],"picked":"theDuelist:CastleDragonSouls+1","floor":20},{"not_picked":["theDuelist:BattleguardKing","theDuelist:BigFire","theDuelist:LightningDarts+1","theDuelist:RainbowOverdragon","theDuelist:SmashingGround"],"picked":"SKIP","floor":21},{"not_picked":["theDuelist:HymnOfLight","theDuelist:DragonCaptureJar","theDuelist:ArtifactIgnition+1","theDuelist:OneDayPeace"],"picked":"theDuelist:CyberDragonCore+1","floor":23},{"not_picked":["theDuelist:TailSwipe","theDuelist:Scapegoat","theDuelist:CyberDragonInfinity","theDuelist:ChimeratechOverdragon"],"picked":"theDuelist:DragonMastery","floor":25},{"not_picked":["theDuelist:SpiralSpearStrike+1","theDuelist:FireDarts","theDuelist:DragonShield+1","theDuelist:DefenseZone+1"],"picked":"theDuelist:TyrantWing","floor":28},{"not_picked":["theDuelist:Hydrogeddon","theDuelist:DarkHorus","theDuelist:BlackPtera","theDuelist:TwinHeadedBehemoth"],"picked":"theDuelist:MirageDragon","floor":29},{"not_picked":["theDuelist:Hinotama+1","theDuelist:RedMedicine+1","theDuelist:PreventRat","theDuelist:RainbowOverdragon"],"picked":"theDuelist:Terraforming","floor":31},{"not_picked":["theDuelist:LostWorld","theDuelist:BlueDuston","theDuelist:BlasterDragonInfernos+1","theDuelist:ArmedProtectorDragon"],"picked":"theDuelist:WingedDragonRa","floor":33},{"not_picked":["theDuelist:BlackBrachios+1","theDuelist:BlackVeloci+1","theDuelist:InfernityDoomDragon","theDuelist:SystemDown+1","theDuelist:BlasterDragonInfernos"],"picked":"SKIP","floor":35},{"not_picked":["theDuelist:WhiteHornDragon+1","theDuelist:Vandalgyon+1","theDuelist:MiraculousDescent+1","theDuelist:AutorokketDragon+1","theDuelist:Mountain"],"picked":"SKIP","floor":38},{"not_picked":["theDuelist:SilverWing+1","theDuelist:Mountain+1","theDuelist:CyberLaserDragon+1","theDuelist:MiraculousDescent+1"],"picked":"theDuelist:TotemDragon+1","floor":39},{"not_picked":["theDuelist:MirageDragon","theDuelist:BabyDragon","theDuelist:RedRisingDragon","theDuelist:CyberDragonDrei+1","theDuelist:BlackVeloci+1"],"picked":"SKIP","floor":41},{"not_picked":["theDuelist:CyberDragonInfinity","theDuelist:BlasterDragonInfernos+1"],"picked":"theDuelist:ChimeratechOverdragon","floor":45},{"not_picked":["theDuelist:BlackBrutdrago","theDuelist:DefenseZone+2","theDuelist:CloudianGhost+1","theDuelist:TwinHeadedFire+1","theDuelist:BlackBrachios+1"],"picked":"SKIP","floor":47},{"not_picked":["theDuelist:CastleDragonSouls","theDuelist:TyrantWing+1","theDuelist:Terraforming","theDuelist:Solidarity+1"],"picked":"theDuelist:DragonMirror+1","floor":48},{"not_picked":["theDuelist:TailSwipe+1","theDuelist:SurvivalFittest+1","theDuelist:StardustDragon+1","theDuelist:CyberDragonInfinity+1"],"picked":"theDuelist:SliferSky+1","floor":54}],"player_experience":387598,"relics_obtained":[{"floor":1,"key":"SynthV:TestCard"},{"floor":6,"key":"Anchor"},{"floor":8,"key":"Bottled Flame"},{"floor":13,"key":"Oddly Smooth Stone"},{"floor":23,"key":"hubris:AncientText"},{"floor":25,"key":"CaptainsWheel"},{"floor":26,"key":"Red Skull"},{"floor":29,"key":"MealTicket"},{"floor":41,"key":"Orichalcum"},{"floor":43,"key":"theDuelist:SolderToken"},{"floor":45,"key":"hubris:SoftwareUpdate"},{"floor":48,"key":"Pen Nib"},{"floor":54,"key":"Lantern"}],"event_choices":[{"damage_healed":0,"gold_gain":0,"cards_transformed":["theDuelist:CaveDragon"],"player_choice":"Change","damage_taken":0,"max_hp_gain":0,"max_hp_loss":0,"event_name":"Living Wall","floor":4,"gold_loss":0,"cards_obtained":["theDuelist:CyberDragonSieger"]},{"damage_healed":0,"gold_gain":175,"player_choice":"AGREE","damage_taken":214,"max_hp_gain":0,"max_hp_loss":0,"event_name":"betterThird:BetterSerpent","floor":10,"gold_loss":0},{"cards_removed":["theDuelist:Sparks"],"damage_healed":0,"gold_gain":0,"player_choice":"Card Removal","damage_taken":0,"max_hp_gain":0,"max_hp_loss":0,"event_name":"Wheel of Change","floor":12,"gold_loss":0},{"damage_healed":0,"gold_gain":0,"player_choice":"Duplicated Relic - Aknamkanon\u0027s Essence","duelist":true,"damage_taken":0,"max_hp_gain":0,"max_hp_loss":0,"event_name":"Relic Duplicator","floor":22,"gold_loss":0},{"damage_healed":0,"gold_gain":0,"player_choice":"RE RE ","damage_taken":33,"relics_obtained":["Bag of Preparation","Toy Ornithopter"],"max_hp_gain":0,"max_hp_loss":0,"event_name":"betterSkull:BetterSkull","floor":24,"gold_loss":0,"cards_upgraded":[]},{"damage_healed":0,"gold_gain":0,"player_choice":"Bought 0 Potions","damage_taken":0,"max_hp_gain":0,"max_hp_loss":0,"event_name":"The Woman in Blue","floor":37,"gold_loss":0},{"cards_removed":["theDuelist:MirageDragon"],"damage_healed":0,"gold_gain":0,"player_choice":"Removed Attack","damage_taken":0,"max_hp_gain":0,"max_hp_loss":0,"event_name":"Falling","floor":42,"gold_loss":0},{"damage_healed":0,"gold_gain":0,"player_choice":"Sold Atomic Scrap Dragon for 41 Gold.","duelist":true,"damage_taken":0,"max_hp_gain":0,"max_hp_loss":0,"event_name":"Card Trader","floor":44,"gold_loss":0}],"is_beta":false,"boss_relics":[{"not_picked":["hubris:HollowSoul","SacredBark"],"picked":"Runic Dome"},{"not_picked":["Calling Bell","Cursed Key"],"picked":"HereWithMe"}],"items_purged_floors":[53],"is_endless":false,"potions_floor_spawned":[6,7,14,16,19,20,25,28,29,33,47],"ascension_level":4}}