{"host":"vgnj3owxn2tq7mop","time":1609062952,"event":{"mods":["Act Like it!","BaseMod","Colored Map","Downfall","Hallownest","Minty Spire (QoL Compilation)","StSLib","SuperFastMode","The Bug Knight","The Servant 0.9.4"],"gold_per_floor":[99,118,3,20,38,23,23,41,41,216,366,366,366,384,396,494,494,494,504,519,534,534,546,571,496,596,596,596,596],"floor_reached":27,"playtime":1549,"items_purged":["Pain"],"score":226,"play_id":"ec3b7ed9-a0c9-4d56-9352-71951560d788","local_time":"20201227175552","is_ascension_mode":true,"campfire_choices":[{"data":"hexamod:TimeWarp","floor":1,"key":"SMITH"},{"data":"hexamod:Float","floor":9,"key":"SMITH"},{"data":"hexamod:GhostOfSpirePresent","floor":13,"key":"SMITH"},{"floor":18,"key":"RECALL"},{"data":"hexamod:GhostOfSpirePresent","floor":25,"key":"SMITH"}],"circlet_count":0,"master_deck":["hexamod:Strike","hexamod:Strike","hexamod:Strike","hexamod:Strike","hexamod:Defend","hexamod:Defend","hexamod:Defend","hexamod:Defend","hexamod:Sear","hexamod:Float+1","hexamod:TimeWarp+1","hexamod:SpectersWail","hexamod:GhostOfSpirePresent+1","hexamod:BacktrackSmack","hexamod:SpectersWail","hexamod:Hexaguard","hexamod:EmpoweredFlame","hexamod:UnleashSpirits","Doubt","Slimebound:Icky","hexamod:CatchUp","hexamod:ShieldOfDarkness","hexamod:TimeWarp","hexamod:BurningTouch+1","hexamod:Rewind+1","hexamod:GhostOfSpirePresent+1","hexamod:ThirdSeal","hexamod:BacktrackSmack+1","hexamod:SoulSteal"],"relics":["hexamod:SpiritBrand","White Beast Statue","SacredBark","Omamori","downfall:HeartBlessingRed","Pocketwatch","Shuriken"],"acts_visited":["Exordium","TheCity"],"potions_floor_usage":[6,14,15,19,20,20,20,20,23,26,26],"damage_taken":[{"damage":0,"enemies":"2 Louse","floor":2,"turns":3},{"damage":0,"enemies":"downfall:FleeingMerchant","floor":3,"turns":4},{"damage":6,"enemies":"Jaw Worm","floor":4,"turns":2},{"damage":0,"enemies":"Cultist","floor":5,"turns":2},{"damage":0,"enemies":"downfall:FleeingMerchant","floor":6,"turns":4},{"damage":0,"enemies":"Exordium Wildlife","floor":8,"turns":3},{"damage":23,"enemies":"Exordium Thugs","floor":14,"turns":3},{"damage":3,"enemies":"Red Slaver","floor":15,"turns":3},{"damage":32,"enemies":"downfall:Watcher","floor":16,"turns":11},{"damage":11,"enemies":"Shell Parasite","floor":19,"turns":4},{"damage":6,"enemies":"Centurion and Healer","floor":20,"turns":7},{"damage":12,"enemies":"Snecko","floor":21,"turns":4},{"damage":0,"enemies":"Chosen and Byrds","floor":23,"turns":2},{"damage":15,"enemies":"Colosseum Nobs","floor":26,"turns":3},{"damage":30,"enemies":"Book of Stabbing","floor":27,"turns":5}],"seed_played":"8486785813811100264","potions_obtained":[{"floor":2,"key":"LiquidBronze"},{"floor":8,"key":"BlessingOfTheForge"},{"floor":14,"key":"Block Potion"},{"floor":15,"key":"Ancient Potion"},{"floor":16,"key":"Fire Potion"},{"floor":19,"key":"EntropicBrew"},{"floor":20,"key":"ColorlessPotion"},{"floor":21,"key":"AttackPotion"},{"floor":23,"key":"Explosive Potion"}],"is_trial":false,"path_per_floor":["R","M","$","M","M","$","T","M","R","?","?","?","R","M","M","B",null,"R","M","M","M","?","M","T","R","?","E"],"character_chosen":"THE_SPIRIT","items_purchased":["hexamod:BacktrackSmack"],"campfire_rested":0,"item_purchase_floors":[3],"current_hp_per_floor":[70,70,70,64,64,64,64,64,64,64,64,64,64,41,38,6,70,70,59,53,41,41,41,41,41,26,0,0,0],"gold":596,"neow_bonus":"THREE_RARE_CARDS","is_daily":false,"chose_seed":false,"campfire_upgraded":4,"win_rate":0.0,"timestamp":1609062952,"path_taken":["R","M","$","M","M","$","T","M","R","?","?","?","R","M","M","BOSS","R","M","M","M","?","M","T","R","?","E"],"items_purchased_type":["Card"],"build_version":"2020-12-22","purchased_purges":1,"victory":false,"max_hp_per_floor":[70,70,70,70,70,70,70,70,70,70,70,70,70,70,70,70,70,70,70,70,70,70,70,70,70,70,70,70,70],"card_choices":[{"not_picked":["hexamod:UnleashSpirits","hexamod:SearingWound"],"picked":"hexamod:TimeWarp","floor":0},{"not_picked":["hexamod:SwordOfDarkness","hexamod:CatchUp"],"picked":"hexamod:SpectersWail","floor":2},{"not_picked":["hexamod:Firestarter","hexamod:RainOfEmbers"],"picked":"hexamod:GhostOfSpirePresent","floor":3},{"not_picked":["hexamod:SpectralSpark","hexamod:PhantomCloak"],"picked":"hexamod:SpectersWail","floor":4},{"not_picked":["hexamod:SpectersWail","hexamod:NightmareGuise"],"picked":"hexamod:Hexaguard","floor":5},{"not_picked":["hexamod:HauntingEcho","hexamod:RadiantFlame"],"picked":"hexamod:EmpoweredFlame","floor":6},{"not_picked":["hexamod:SpectersWail","hexamod:HauntingEcho"],"picked":"hexamod:UnleashSpirits","floor":8},{"not_picked":["hexamod:NightmareStrike","hexamod:HauntingEcho"],"picked":"hexamod:CatchUp","floor":14},{"not_picked":["hexamod:Hexaguard","hexamod:SpectralAdrenaline"],"picked":"hexamod:ShieldOfDarkness","floor":15},{"not_picked":["hexamod:CrushingStance","hexamod:ApocalypticArmor"],"picked":"hexamod:TimeWarp","floor":16},{"not_picked":["hexamod:GhostShield","hexamod:NightmareGuise"],"picked":"hexamod:BurningTouch+1","floor":19},{"not_picked":["hexamod:Firestarter+1","hexamod:HeatShield"],"picked":"hexamod:Rewind+1","floor":20},{"not_picked":["hexamod:ExtraCrispy","hexamod:RadiantFlame"],"picked":"hexamod:GhostOfSpirePresent","floor":21},{"not_picked":["hexamod:HeatMetal","hexamod:SuperheatedStrike"],"picked":"hexamod:ThirdSeal","floor":23},{"not_picked":["hexamod:SwordOfDarkness+1","hexamod:Rewind"],"picked":"hexamod:BacktrackSmack+1","floor":26},{"not_picked":["hexamod:ThermalTransfer","hexamod:GhostLash+1"],"picked":"hexamod:SoulSteal","floor":26}],"player_experience":1167527,"relics_obtained":[{"floor":7,"key":"White Beast Statue"},{"floor":24,"key":"Omamori"},{"floor":26,"key":"Pocketwatch"},{"floor":26,"key":"Shuriken"}],"event_choices":[],"is_beta":false,"boss_relics":[{"not_picked":["Coffee Dripper","downfall:Hecktoplasm"],"picked":"SacredBark"}],"items_purged_floors":[3],"is_endless":false,"potions_floor_spawned":[2,8,14,15,16,19,20,21,23],"killed_by":"Book of Stabbing","ascension_level":2}}