{"host":"7nu0fnckee4tlfez","time":1609069541,"event":{"mods":["2.2 Compatiblity","AchievementEnabler","Astrologer","BaseMod","CapriCore","Colored Map","Downfall","Lobotomy","LobotomyExtend","Marisa£¨Ùöéë¡¡Øª×âÞÞ£©","Minty Spire (QoL Compilation)","StSLib","SuperFastMode","The Immortal"],"gold_per_floor":[115,115,190,207,172,172,185,185,185,196,121,121,121,134,134,265,265,280,293,312,312,139,139,14,14,40,0,0,24,37,58,58,182,245,266,266,286,139,162,162,162,162,187,187,187,201,215,235,235,235],"floor_reached":51,"playtime":2387,"items_purged":["Strike_G","Strike_G","SingingMachine"],"score":914,"play_id":"c7ba2cf4-bd3a-43a7-b766-fea6d048e910","local_time":"20201227204541","is_ascension_mode":false,"campfire_choices":[{"data":"Blade Dance","floor":6.0,"key":"SMITH"},{"data":"Neutralize","floor":8.0,"key":"SMITH"},{"data":"After Image","floor":15.0,"key":"SMITH"},{"data":"Accuracy","floor":23.0,"key":"SMITH"},{"data":"Accuracy","floor":25.0,"key":"SMITH"},{"data":"Prepared","floor":28.0,"key":"SMITH"},{"data":"Finisher","floor":32.0,"key":"SMITH"},{"data":"Blade Dance","floor":40,"key":"SMITH"},{"data":"Blade Dance","floor":42,"key":"SMITH"},{"floor":45,"key":"REST"},{"data":"Escape Plan","floor":49,"key":"SMITH"}],"circlet_count":0,"master_deck":["Strike_G","Strike_G","Strike_G","Defend_G","Defend_G+1","Defend_G","Defend_G","Defend_G","Survivor","Neutralize+1","Blade Dance+1","Escape Plan+1","SpiderBud","After Image+1","OldLady","Accuracy+1","Injury","DreamingCurrent","Finisher+1","Scorched","Die Die Die","ShyLook","Prepared+1","Bloodbath","Dagger Spray","Accuracy+1","CENSORED","GreedKing","Alriune","Blade Dance+1","DespairKnight","Blade Dance+1","WhitesApple","Parasite","Porccubus","Parasite","Freischutz","Parasite","Parasite"],"relics":["Ring of the Snake","CogitoBucket","LetterFromLob","Ornamental Fan","Golden Idol","Sozu","AspirationHeart","Nunchaku","AdjustmentMirror","Tiny House","Chemical X","Anchor","AtMidnight","ResearcherNote"],"acts_visited":["Exordium","TheCity","TheBeyond"],"potions_floor_usage":[],"damage_taken":[{"damage":1.0,"enemies":"2 Louse","floor":1.0,"turns":4.0},{"damage":7.0,"enemies":"Small Slimes","floor":4.0,"turns":3.0},{"damage":4.0,"enemies":"Jaw Worm","floor":7.0,"turns":3.0},{"damage":6.0,"enemies":"3 Louse","floor":10.0,"turns":3.0},{"damage":8.0,"enemies":"2 Fungi Beasts","floor":14.0,"turns":10.0},{"damage":32.0,"enemies":"Slime Boss","floor":16.0,"turns":5.0},{"damage":42.0,"enemies":"3 Byrds","floor":18.0,"turns":3.0},{"damage":4.0,"enemies":"Spheric Guardian","floor":19.0,"turns":3.0},{"damage":49.0,"enemies":"Chosen and Byrds","floor":20.0,"turns":7.0},{"damage":15.0,"enemies":"Snecko","floor":29.0,"turns":5.0},{"damage":17.0,"enemies":"Sentry and Sphere","floor":30.0,"turns":4.0},{"damage":41.0,"enemies":"Shelled Parasite and Fungi","floor":31.0,"turns":5.0},{"damage":0.0,"enemies":"Collector","floor":33.0,"turns":4.0},{"damage":47,"enemies":"3 Shapes","floor":35,"turns":3},{"damage":8,"enemies":"Orb Walker","floor":37,"turns":2},{"damage":51,"enemies":"Spire Growth","floor":39,"turns":5},{"damage":80,"enemies":"Sphere and 2 Shapes","floor":46,"turns":5},{"damage":42,"enemies":"Transient","floor":47,"turns":5},{"damage":10,"enemies":"Maw","floor":48,"turns":5},{"damage":0,"enemies":"Donu and Deca","floor":50,"turns":3}],"seed_played":"9001660096156750274","potions_obtained":[{"floor":14.0,"key":"Energy Potion"},{"floor":16.0,"key":"Explosive Potion"}],"is_trial":false,"path_per_floor":["M","?","?","M","?","R","M","R","T","M","$","?","?","M","R","B",null,"M","M","M","?","$","R","$","R","T","?","R","M","M","M","R","B",null,"M","M","M","$","M","R","?","R","T","?","R","M","M","M","R","B",null],"character_chosen":"THE_SILENT","items_purchased":["Accuracy","Chemical X"],"campfire_rested":1,"item_purchase_floors":[22,38],"current_hp_per_floor":[69,62,51,44,61,61,57,57,57,51,51,70,70,62,62,38,70,50,58,53,53,53,53,53,53,53,53,53,70,75,78,78,80,85,80,80,85,85,64,64,64,64,64,64,81,43,26,50,50,13],"gold":235,"neow_bonus":"","is_daily":false,"chose_seed":false,"campfire_upgraded":10,"win_rate":0.0,"timestamp":1609069541,"path_taken":["M","?","?","M","?","R","M","R","T","M","$","?","?","M","R","BOSS","M","M","M","?","$","R","$","R","T","?","R","M","M","M","R","BOSS","M","M","M","$","M","R","?","R","T","?","R","M","M","M","R","BOSS"],"items_purchased_type":["Card","Relic"],"build_version":"2020-12-22","purchased_purges":3,"victory":true,"max_hp_per_floor":[70,70,70,70,70,70,70,70,70,70,70,70,70,70,70,70,70,80,80,80,80,80,80,80,80,80,80,80,80,80,80,80,80,85,85,85,85,85,85,85,81,81,81,81,81,81,81,81,81,81],"card_choices":[{"not_picked":["Scarecrow","Wellcheers"],"picked":"WallGazer","floor":1.0},{"not_picked":["Caltrops","Crippling Poison"],"picked":"Blade Dance","floor":1.0},{"not_picked":["CherryBlossoms","Alriune"],"picked":"SingingMachine","floor":4.0},{"not_picked":["Bane","Deadly Poison"],"picked":"Escape Plan","floor":4.0},{"not_picked":["UniverseFragment","Porccubus"],"picked":"SpiderBud","floor":7.0},{"not_picked":["Calculated Gamble","Underhanded Strike"],"picked":"After Image","floor":7.0},{"not_picked":["VoidDream","WallGazer"],"picked":"OldLady","floor":10.0},{"not_picked":["Sucker Punch","Dodge and Roll"],"picked":"Accuracy","floor":10.0},{"not_picked":["Variant","Woodsman"],"picked":"DreamingCurrent","floor":14.0},{"not_picked":["Poisoned Stab","Riddle With Holes"],"picked":"Finisher","floor":14.0},{"not_picked":["Mercenary","CherryBlossoms"],"picked":"Scorched","floor":16.0},{"not_picked":["Burst","Corpse Explosion"],"picked":"Die Die Die","floor":16.0},{"not_picked":["PunishingBird","QueenOfHatred"],"picked":"ShyLook","floor":18.0},{"not_picked":["Slice","Sucker Punch"],"picked":"Prepared","floor":18.0},{"not_picked":["GalaxyChild","Freischutz"],"picked":"Bloodbath","floor":19.0},{"not_picked":["Quick Slash","Prepared"],"picked":"Dagger Spray","floor":19.0},{"not_picked":["Backflip","Masterful Stab","Dagger Throw"],"picked":"SKIP","floor":20.0},{"not_picked":["Backflip","Masterful Stab","Dagger Throw"],"picked":"SKIP","floor":20.0},{"not_picked":["UniverseFragment","HeroicMonk"],"picked":"CENSORED","floor":29.0},{"not_picked":["Poisoned Stab","Dagger Spray","Night Terror"],"picked":"SKIP","floor":29.0},{"not_picked":["NakedNest","MHz"],"picked":"GreedKing","floor":30.0},{"not_picked":["Escape Plan","Backflip","Quick Slash"],"picked":"SKIP","floor":30.0},{"not_picked":["Escape Plan","Backflip","Quick Slash"],"picked":"SKIP","floor":30.0},{"not_picked":["OSAHOGD","HeroicMonk"],"picked":"Alriune","floor":31.0},{"not_picked":["Poisoned Stab","Cloak And Dagger"],"picked":"Blade Dance","floor":31.0},{"not_picked":["Murderer","UniverseFragment"],"picked":"DespairKnight","floor":33.0},{"not_picked":["Cloak And Dagger","Sucker Punch"],"picked":"Blade Dance","floor":34.0},{"not_picked":["Scarecrow","LittlePrince"],"picked":"WhitesApple","floor":35},{"not_picked":["Blur","Bouncing Flask","Slice"],"picked":"SKIP","floor":35},{"not_picked":["Variant","Wellcheers"],"picked":"Porccubus","floor":37},{"not_picked":["Deadly Poison","Dagger Spray+1","Caltrops"],"picked":"SKIP","floor":37},{"not_picked":["Deadly Poison","Dagger Spray+1","Caltrops"],"picked":"SKIP","floor":37},{"not_picked":["SnowQueen","NakedNest"],"picked":"Freischutz","floor":39},{"not_picked":["Dagger Spray+1","Masterful Stab","Dodge and Roll+1"],"picked":"SKIP","floor":39},{"not_picked":["Flechettes","Bane","Tactician"],"picked":"SKIP","floor":46},{"not_picked":["HappyTeddy","HeroicMonk"],"picked":"Yin","floor":47},{"not_picked":["Cloak And Dagger+1","Underhanded Strike+1","Deadly Poison+1"],"picked":"SKIP","floor":47},{"not_picked":["Choke","Slice","Deadly Poison+1"],"picked":"SKIP","floor":48}],"player_experience":42381,"relics_obtained":[{"floor":1.0,"key":"LetterFromLob"},{"floor":9.0,"key":"Ornamental Fan"},{"floor":26.0,"key":"Nunchaku"},{"floor":43,"key":"Anchor"},{"floor":46,"key":"AtMidnight"}],"event_choices":[{"cards_removed":["WallGazer"],"damage_healed":0.0,"max_hp_gain":0.0,"max_hp_loss":0.0,"gold_gain":0.0,"event_name":"Golden Wing","player_choice":"Card Removal","floor":2.0,"gold_loss":0.0,"damage_taken":7.0},{"damage_healed":0.0,"max_hp_gain":0.0,"max_hp_loss":0.0,"gold_gain":75.0,"event_name":"World of Goop","player_choice":"Gather Gold","floor":3.0,"gold_loss":0.0,"damage_taken":11.0},{"damage_healed":17.0,"max_hp_gain":0.0,"max_hp_loss":0.0,"gold_gain":0.0,"event_name":"The Cleric","player_choice":"Healed","floor":5.0,"gold_loss":35.0,"damage_taken":0.0},{"damage_healed":0.0,"max_hp_gain":0.0,"max_hp_loss":0.0,"gold_gain":0.0,"event_name":"Golden Idol","player_choice":"Take Wound","floor":13.0,"gold_loss":0.0,"damage_taken":0.0,"relics_obtained":["Golden Idol"],"cards_obtained":["Injury"]},{"damage_healed":0.0,"max_hp_gain":0.0,"max_hp_loss":0.0,"gold_gain":0.0,"event_name":"Vampires","player_choice":"Ignored","floor":21.0,"gold_loss":0.0,"damage_taken":0.0},{"damage_healed":0.0,"max_hp_gain":0.0,"max_hp_loss":0.0,"gold_gain":0.0,"event_name":"Masked Bandits","player_choice":"Paid Fearfully","floor":27.0,"gold_loss":40.0,"damage_taken":0.0},{"damage_healed":0,"gold_gain":0,"player_choice":"Max HP","damage_taken":0,"max_hp_gain":0,"max_hp_loss":4,"event_name":"Winding Halls","floor":41,"gold_loss":0},{"damage_healed":0,"gold_gain":0,"player_choice":"Ignored","damage_taken":0,"max_hp_gain":0,"max_hp_loss":0,"event_name":"Mysterious Sphere","floor":44,"gold_loss":0}],"is_beta":false,"boss_relics":[{"not_picked":["Ring of the Serpent","Ectoplasm"],"picked":"Sozu"},{"not_picked":["Snecko Eye","Runic Pyramid"],"picked":"Tiny House"}],"items_purged_floors":[11,22,24],"is_endless":false,"potions_floor_spawned":[14,16,18,20,29,35,39,47],"ascension_level":0}}