{"host":"sxnl403xm2xmiyj1","time":1609059515,"event":{"mods":["AchievementEnabler","BaseMod","Colored Map","Keyboard Shortcuts","Minty Spire (QoL Compilation)","Quick Restart","StSLib","SuperFastMode"],"gold_per_floor":[10,26,26,43,57,86,86,105,105,105,54,2,30,30,30,127,127,142,160,250,250,29,64,64,95,146,177,188,217,217,316,316,419,419,439,32,32,43,53,85,85,114,114,129,351,369,369,401,401,401,401,401,1,32,32,32],"floor_reached":55,"playtime":1360,"items_purged":["Strike_G","Strike_G"],"score":1265,"play_id":"721e0277-8832-4997-bde9-ac47f6a7ad91","local_time":"20201227175835","is_ascension_mode":true,"campfire_choices":[{"data":"Venomology","floor":7.0,"key":"SMITH"},{"data":"Blade Dance","floor":15.0,"key":"SMITH"},{"data":"Finisher","floor":24.0,"key":"SMITH"},{"data":"A Thousand Cuts","floor":30.0,"key":"SMITH"},{"data":"Cloak And Dagger","floor":32.0,"key":"SMITH"},{"data":"After Image","floor":41.0,"key":"SMITH"},{"floor":49.0,"key":"RECALL"},{"data":"Tools of the Trade","floor":52.0,"key":"SMITH"}],"circlet_count":0,"master_deck":["Strike_G","Defend_G","Defend_G","Defend_G","Defend_G","Survivor","Neutralize","Finisher+1","Backflip","Dagger Throw","Eviscerate+1","Slice","Cloak And Dagger+1","Venomology+1","Footwork","Blade Dance+1","Blade Dance+1","A Thousand Cuts+1","Dodge and Roll+1","PiercingWail+1","Cloak And Dagger+1","Backstab","Tactician+1","Expertise+1","Slice","Tools of the Trade+1","Blade Dance+1","After Image+1","Flash of Steel","Slice","Good Instincts+1","Cloak And Dagger+1","Accuracy+1","Masterful Stab+1","Blade Dance+1","Blade Dance+1","Deflect+1","Dodge and Roll+1","Underhanded Strike","Slice+1"],"relics":["Ring of the Serpent","Letter Opener","Juzu Bracelet","Akabeko","Toxic Egg 2","Omamori","WristBlade","ClockworkSouvenir","PreservedInsect","Dream Catcher","Bag of Preparation","Centennial Puzzle","Red Mask","TheAbacus","Torii","Bottled Lightning","Pen Nib","Membership Card","Tough Bandages"],"acts_visited":["Exordium","TheCity","TheBeyond","TheEnding"],"potions_floor_usage":[55],"damage_taken":[{"damage":1.0,"enemies":"Small Slimes","floor":1.0,"turns":3.0},{"damage":0.0,"enemies":"Cultist","floor":2.0,"turns":3.0},{"damage":0.0,"enemies":"2 Louse","floor":4.0,"turns":2.0},{"damage":0.0,"enemies":"Lots of Slimes","floor":5.0,"turns":3.0},{"damage":16.0,"enemies":"3 Sentries","floor":6.0,"turns":8.0},{"damage":0.0,"enemies":"Looter","floor":8.0,"turns":2.0},{"damage":1.0,"enemies":"Lagavulin","floor":13.0,"turns":3.0},{"damage":5.0,"enemies":"Hexaghost","floor":16.0,"turns":9.0},{"damage":8.0,"enemies":"Shell Parasite","floor":18.0,"turns":5.0},{"damage":0.0,"enemies":"Chosen","floor":19.0,"turns":3.0},{"damage":0.0,"enemies":"Gremlin Leader","floor":23.0,"turns":3.0},{"damage":3.0,"enemies":"Book of Stabbing","floor":25.0,"turns":3.0},{"damage":0.0,"enemies":"Slavers","floor":27.0,"turns":3.0},{"damage":0.0,"enemies":"3 Cultists","floor":28.0,"turns":2.0},{"damage":0.0,"enemies":"Masked Bandits","floor":29.0,"turns":2.0},{"damage":9.0,"enemies":"Champ","floor":33.0,"turns":9.0},{"damage":0.0,"enemies":"3 Shapes","floor":35.0,"turns":5.0},{"damage":1.0,"enemies":"3 Darklings","floor":38.0,"turns":2.0},{"damage":0.0,"enemies":"Jaw Worm Horde","floor":39.0,"turns":2.0},{"damage":0.0,"enemies":"Reptomancer","floor":40.0,"turns":1.0},{"damage":0.0,"enemies":"Giant Head","floor":42.0,"turns":5.0},{"damage":0.0,"enemies":"4 Shapes","floor":44.0,"turns":4.0},{"damage":0.0,"enemies":"Transient","floor":46.0,"turns":5.0},{"damage":0.0,"enemies":"Reptomancer","floor":48.0,"turns":3.0},{"damage":17.0,"enemies":"Awakened One","floor":50.0,"turns":9.0},{"damage":7.0,"enemies":"Shield and Spear","floor":54.0,"turns":2.0},{"damage":63,"enemies":"The Heart","floor":55,"turns":5}],"seed_played":"-7111876071753353065","potions_obtained":[{"floor":2.0,"key":"Regen Potion"},{"floor":4.0,"key":"Strength Potion"},{"floor":5.0,"key":"Fruit Juice"},{"floor":16.0,"key":"BlessingOfTheForge"},{"floor":27.0,"key":"LiquidMemories"},{"floor":28.0,"key":"DistilledChaos"},{"floor":33.0,"key":"Swift Potion"},{"floor":39.0,"key":"DuplicationPotion"},{"floor":46.0,"key":"Swift Potion"}],"is_trial":false,"path_per_floor":["M","M","?","M","M","E","R","M","T","?","$","?","E","?","R","B",null,"M","M","?","?","$","E","R","E","T","E","M","?","R","?","R","B",null,"M","$","?","M","M","E","R","E","T","M","?","M","?","E","R","B",null,"R","$","E","B"],"character_chosen":"THE_SILENT","items_purchased":["Blade Dance","ClockworkSouvenir","After Image","Flash of Steel","Slice","TheAbacus","Membership Card","Dodge and Roll+1","Tough Bandages","Underhanded Strike"],"campfire_rested":0,"item_purchase_floors":[11,22,36,36,36,36,53,53,53,53],"current_hp_per_floor":[62,62,62,62,67,66,66,66,66,66,66,66,65,23,23,18,61,53,53,41,41,41,41,41,38,38,38,38,38,38,38,38,29,64,64,64,64,63,63,63,63,63,63,63,63,63,63,63,63,46,68,68,68,61,0,0],"gold":32,"neow_bonus":"TRANSFORM_TWO_CARDS","is_daily":false,"chose_seed":false,"campfire_upgraded":7,"win_rate":0.0,"timestamp":1609059515,"path_taken":["M","M","?","M","M","E","R","M","T","?","?","?","E","?","R","BOSS","M","M","?","?","$","E","R","E","T","E","M","?","R","?","R","BOSS","M","$","?","M","M","E","R","E","T","M","?","M","?","E","R","BOSS","R","$","E","BOSS"],"items_purchased_type":["Card","Relic","Card","Card","Card","Relic","Relic","Card","Relic","Card"],"build_version":"2020-12-22","purchased_purges":2,"victory":false,"max_hp_per_floor":[70,70,70,70,75,75,75,75,75,75,75,75,75,75,75,75,75,75,75,75,75,75,75,75,75,75,75,75,75,75,75,75,75,75,75,75,75,75,75,75,75,75,75,75,75,75,75,75,75,75,75,75,75,75,75,75],"card_choices":[{"not_picked":["Quick Slash","Dagger Spray"],"picked":"Dagger Throw","floor":1.0},{"not_picked":["Dagger Throw","Caltrops"],"picked":"Eviscerate","floor":2.0},{"not_picked":["Expertise","Flying Knee"],"picked":"Slice","floor":4.0},{"not_picked":["Backflip","Flying Knee"],"picked":"Cloak And Dagger","floor":5.0},{"not_picked":["PiercingWail","Sucker Punch"],"picked":"Venomology","floor":6.0},{"not_picked":["Finisher","Flying Knee"],"picked":"Footwork","floor":8.0},{"not_picked":["Flying Knee","Doppelganger+1"],"picked":"Blade Dance+1","floor":13.0},{"not_picked":["Storm of Steel+1","Doppelganger+1"],"picked":"A Thousand Cuts","floor":16.0},{"not_picked":["Dagger Throw","Sucker Punch"],"picked":"Dodge and Roll+1","floor":18.0},{"not_picked":["Underhanded Strike","Dagger Throw"],"picked":"PiercingWail+1","floor":19.0},{"not_picked":["Glass Knife","Dash"],"picked":"Backstab","floor":23.0},{"not_picked":["Distraction+1","Flying Knee+1"],"picked":"Tactician+1","floor":25.0},{"not_picked":["Heel Hook","Skewer+1","Flechettes"],"picked":"SKIP","floor":27.0},{"not_picked":["Quick Slash+1","Predator"],"picked":"Expertise+1","floor":28.0},{"not_picked":["Well Laid Plans","Outmaneuver+1"],"picked":"Slice","floor":29.0},{"not_picked":["Grand Finale","Unload"],"picked":"Tools of the Trade","floor":33.0},{"not_picked":["PiercingWail+1","Deflect+1"],"picked":"Blade Dance+1","floor":35.0},{"not_picked":["Enlightenment+1","Deep Breath+1"],"picked":"Good Instincts+1","floor":37.0},{"not_picked":["Finisher","All Out Attack+1"],"picked":"Cloak And Dagger+1","floor":38.0},{"not_picked":["Sucker Punch","Crippling Poison+1"],"picked":"Accuracy+1","floor":39.0},{"not_picked":["All Out Attack+1","Caltrops+1"],"picked":"Masterful Stab+1","floor":40.0},{"not_picked":["Masterful Stab","PiercingWail+1"],"picked":"Blade Dance+1","floor":42.0},{"not_picked":["Flechettes","All Out Attack+1","Poisoned Stab"],"picked":"SKIP","floor":44.0},{"not_picked":["Deflect+1","Endless Agony"],"picked":"Blade Dance+1","floor":46.0},{"not_picked":["Dodge and Roll+1","Grand Finale"],"picked":"Deflect+1","floor":48.0},{"not_picked":["Flying Knee+1","Deflect+1"],"picked":"Slice+1","floor":54}],"player_experience":126042,"relics_obtained":[{"floor":6.0,"key":"Letter Opener"},{"floor":9.0,"key":"Juzu Bracelet"},{"floor":13.0,"key":"Toxic Egg 2"},{"floor":23.0,"key":"PreservedInsect"},{"floor":25.0,"key":"Dream Catcher"},{"floor":26.0,"key":"Bag of Preparation"},{"floor":27.0,"key":"Centennial Puzzle"},{"floor":29.0,"key":"Red Mask"},{"floor":40.0,"key":"Torii"},{"floor":42.0,"key":"Bottled Lightning"},{"floor":48.0,"key":"Pen Nib"}],"event_choices":[{"cards_removed":["Strike_G"],"damage_healed":0.0,"max_hp_gain":0.0,"max_hp_loss":0.0,"gold_gain":0.0,"event_name":"Bonfire Elementals","player_choice":"Offered Basic","floor":3.0,"gold_loss":0.0,"damage_taken":0.0},{"damage_healed":0.0,"max_hp_gain":0.0,"max_hp_loss":0.0,"gold_gain":0.0,"event_name":"Upgrade Shrine","player_choice":"Upgraded","floor":10.0,"gold_loss":0.0,"damage_taken":0.0,"cards_upgraded":["Eviscerate"]},{"damage_healed":0.0,"max_hp_gain":0.0,"max_hp_loss":0.0,"gold_gain":0.0,"event_name":"WeMeetAgain","player_choice":"Paid Gold","floor":12.0,"gold_loss":52.0,"damage_taken":0.0,"relics_obtained":["Akabeko"]},{"damage_healed":0.0,"max_hp_gain":0.0,"max_hp_loss":0.0,"gold_gain":0.0,"event_name":"Scrap Ooze","player_choice":"Success","floor":14.0,"gold_loss":0.0,"damage_taken":42.0,"relics_obtained":["Omamori"]},{"damage_healed":0.0,"max_hp_gain":0.0,"max_hp_loss":0.0,"gold_gain":90.0,"event_name":"Knowing Skull","player_choice":"GOLD ","floor":20.0,"potions_obtained":[],"gold_loss":0.0,"damage_taken":12.0,"cards_obtained":[]},{"damage_healed":0.0,"max_hp_gain":0.0,"max_hp_loss":0.0,"gold_gain":0.0,"event_name":"The Library","player_choice":"Read","floor":21.0,"gold_loss":0.0,"damage_taken":0.0,"cards_obtained":["Cloak And Dagger"]},{"damage_healed":0.0,"max_hp_gain":0.0,"max_hp_loss":0.0,"gold_gain":0.0,"event_name":"Masked Bandits","player_choice":"Fought Bandits","floor":29.0,"gold_loss":0.0,"damage_taken":0.0},{"damage_healed":0.0,"max_hp_gain":0.0,"max_hp_loss":0.0,"gold_gain":99.0,"event_name":"Nest","player_choice":"Stole From Cult","floor":31.0,"gold_loss":0.0,"damage_taken":0.0},{"damage_healed":0.0,"max_hp_gain":0.0,"max_hp_loss":0.0,"gold_gain":0.0,"event_name":"SensoryStone","player_choice":"Memory 1","floor":37.0,"gold_loss":0.0,"damage_taken":0.0},{"damage_healed":0.0,"max_hp_gain":0.0,"max_hp_loss":0.0,"gold_gain":222.0,"event_name":"Tomb of Lord Red Mask","player_choice":"Wore Mask","floor":45.0,"gold_loss":0.0,"damage_taken":0.0},{"damage_healed":0.0,"max_hp_gain":0.0,"max_hp_loss":0.0,"gold_gain":0.0,"event_name":"Lab","player_choice":"Got Potions","floor":47.0,"gold_loss":0.0,"damage_taken":0.0}],"is_beta":false,"boss_relics":[{"not_picked":["Tiny House","Philosopher\u0027s Stone"],"picked":"WristBlade"},{"not_picked":["Sozu","Empty Cage"],"picked":"Ring of the Serpent"}],"items_purged_floors":[22,53],"is_endless":false,"potions_floor_spawned":[2,4,5,16,27,28,33,39,46,48],"killed_by":"The Heart","ascension_level":6}}