{"host":"a7dhdzm3fda48fos","time":1609100087,"event":{"mods":["AchievementEnabler","BaseMod","Colored Map","Gold Saver","Minty Spire (QoL Compilation)","Remove Card Discount Mod","Shop Mod","StSLib"],"gold_per_floor":[112,122,136,87,87,117,117,30,56,69,69,83,118,133,133,230,230,243,243,257,269,279,279,239,239,239,259,259,259,259,29,29,29,29],"floor_reached":33,"playtime":2342,"items_purged":[],"score":282,"play_id":"68a7d638-d4ee-482c-b805-342c024bcfbc","local_time":"20201227211447","is_ascension_mode":false,"campfire_choices":[{"data":"Blade Dance","floor":7,"key":"SMITH"},{"floor":15,"key":"REST"},{"floor":23,"key":"REST"},{"floor":25,"key":"RECALL"},{"floor":29,"key":"REST"},{"data":"Adrenaline","floor":32,"key":"SMITH"}],"circlet_count":0,"master_deck":["Strike_G+1","Strike_G+1","Strike_G+1","Strike_G+1","Strike_G+1","Defend_G+1","Defend_G+1","Defend_G+1","Defend_G+1","Survivor","Neutralize","Dagger Throw","Blade Dance+1","Dagger Throw","Poisoned Stab","Well Laid Plans","Dramatic Entrance","Leg Sweep","Bullet Time","Tactician","Poisoned Stab","Flying Knee","A Thousand Cuts","Outmaneuver+1","Backflip","Adrenaline+1","Backflip","Infinite Blades","Acrobatics+1","Finesse"],"relics":["Ring of the Snake","Strawberry","PreservedInsect","FossilizedHelix","Black Star","Question Card","Snake Skull"],"acts_visited":["Exordium","TheCity"],"potions_floor_usage":[16,16,21,22,22,22],"damage_taken":[{"damage":2,"enemies":"Cultist","floor":1,"turns":4},{"damage":3,"enemies":"Jaw Worm","floor":2,"turns":3},{"damage":5,"enemies":"2 Louse","floor":3,"turns":2},{"damage":25,"enemies":"3 Sentries","floor":6,"turns":8},{"damage":0,"enemies":"2 Fungi Beasts","floor":10,"turns":2},{"damage":8,"enemies":"Exordium Thugs","floor":12,"turns":3},{"damage":12,"enemies":"Lagavulin","floor":13,"turns":5},{"damage":0,"enemies":"Exordium Wildlife","floor":14,"turns":4},{"damage":31,"enemies":"The Guardian","floor":16,"turns":10},{"damage":0,"enemies":"3 Byrds","floor":18,"turns":5},{"damage":13,"enemies":"Chosen","floor":20,"turns":6},{"damage":38,"enemies":"Sentry and Sphere","floor":21,"turns":6},{"damage":20,"enemies":"Snake Plant","floor":22,"turns":5},{"damage":6,"enemies":"Snecko","floor":27,"turns":5},{"damage":11,"enemies":"Colosseum Slavers","floor":28,"turns":5},{"damage":60,"enemies":"Automaton","floor":33,"turns":12}],"seed_played":"-2740377285242007702","potions_obtained":[{"floor":2,"key":"Energy Potion"},{"floor":3,"key":"Fire Potion"},{"floor":14,"key":"BlessingOfTheForge"},{"floor":16,"key":"SpeedPotion"},{"floor":19,"key":"GamblersBrew"},{"floor":19,"key":"LiquidMemories"},{"floor":21,"key":"GhostInAJar"}],"is_trial":false,"path_per_floor":["M","M","M","$","?","E","R","$","T","M","?","M","E","M","R","B",null,"M","?","M","M","M","R","$","R","T","M","?","R","?","$","R","B"],"character_chosen":"THE_SILENT","items_purchased":["Poisoned Stab","Dramatic Entrance","Infinite Blades","Snake Skull","Finesse"],"campfire_rested":3,"item_purchase_floors":[4,8,24,31,31],"current_hp_per_floor":[75,72,67,67,72,54,54,54,54,54,54,46,34,34,60,29,89,89,89,76,38,18,44,44,44,44,38,27,53,53,53,53,0,0],"gold":29,"neow_bonus":"TEN_PERCENT_HP_BONUS","is_daily":false,"chose_seed":false,"campfire_upgraded":2,"win_rate":0.0,"timestamp":1609100087,"path_taken":["M","M","M","$","?","E","R","$","T","M","?","M","E","?","R","BOSS","M","?","M","?","M","R","?","R","T","M","?","R","?","$","R","BOSS"],"items_purchased_type":["Card","Card","Card","Relic","Card"],"build_version":"2020-12-22","purchased_purges":0,"victory":false,"max_hp_per_floor":[77,77,77,77,82,89,89,89,89,89,89,89,89,89,89,89,89,89,89,89,89,89,89,89,89,89,89,89,89,89,89,89,89,89],"card_choices":[{"not_picked":["PiercingWail","Caltrops"],"picked":"Dagger Throw","floor":1},{"not_picked":["Endless Agony","Outmaneuver"],"picked":"Blade Dance","floor":2},{"not_picked":["Prepared","Sucker Punch"],"picked":"Dagger Throw","floor":3},{"not_picked":["Prepared","Underhanded Strike"],"picked":"Well Laid Plans","floor":6},{"not_picked":["Bane","Bouncing Flask"],"picked":"Leg Sweep","floor":10},{"not_picked":["Blade Dance","Dagger Throw"],"picked":"Tactician","floor":12},{"not_picked":["Sucker Punch","Dodge and Roll"],"picked":"Poisoned Stab","floor":13},{"not_picked":["Underhanded Strike","All Out Attack"],"picked":"Flying Knee","floor":14},{"not_picked":["Malaise","Storm of Steel"],"picked":"A Thousand Cuts","floor":16},{"not_picked":["Well Laid Plans","Dodge and Roll"],"picked":"Outmaneuver+1","floor":18},{"not_picked":["Blade Dance","Leg Sweep+1"],"picked":"Backflip","floor":20},{"not_picked":["Deflect","Cloak And Dagger"],"picked":"Adrenaline","floor":21},{"not_picked":["Skewer","Predator"],"picked":"Backflip","floor":22},{"not_picked":["Poisoned Stab+1","Quick Slash","Deflect"],"picked":"Acrobatics+1","floor":27}],"player_experience":47033,"relics_obtained":[{"floor":6,"key":"Strawberry"},{"floor":9,"key":"PreservedInsect"},{"floor":13,"key":"FossilizedHelix"},{"floor":26,"key":"Question Card"}],"event_choices":[{"damage_healed":0,"gold_gain":0,"player_choice":"Donut","damage_taken":0,"max_hp_gain":5,"max_hp_loss":0,"event_name":"Big Fish","floor":5,"gold_loss":0},{"damage_healed":0,"gold_gain":0,"cards_transformed":["Defend_G"],"player_choice":"Transformed","damage_taken":0,"max_hp_gain":0,"max_hp_loss":0,"event_name":"Transmorgrifier","floor":11,"gold_loss":0,"cards_obtained":["Bullet Time"]},{"damage_healed":0,"gold_gain":0,"player_choice":"Got Potions","damage_taken":0,"max_hp_gain":0,"max_hp_loss":0,"event_name":"Lab","floor":19,"gold_loss":0},{"damage_healed":0,"gold_gain":0,"player_choice":"Fight","damage_taken":0,"max_hp_gain":0,"max_hp_loss":0,"event_name":"Colosseum","floor":28,"gold_loss":0},{"damage_healed":0,"gold_gain":0,"player_choice":"Fled From Nobs","damage_taken":0,"max_hp_gain":0,"max_hp_loss":0,"event_name":"Colosseum","floor":28,"gold_loss":0},{"damage_healed":0,"gold_gain":0,"player_choice":"Simplicity","damage_taken":0,"max_hp_gain":0,"max_hp_loss":0,"event_name":"Back to Basics","floor":30,"gold_loss":0,"cards_upgraded":["Strike_G","Strike_G","Strike_G","Strike_G","Strike_G","Defend_G","Defend_G","Defend_G","Defend_G"]}],"is_beta":false,"boss_relics":[{"not_picked":["Tiny House","Calling Bell"],"picked":"Black Star"}],"items_purged_floors":[],"is_endless":false,"potions_floor_spawned":[2,3,14,16,21,28],"killed_by":"Automaton","ascension_level":0}}