{"host":"foq4mrde4mssg7vt","time":1609091458,"event":{"mods":["AchievementEnabler","BaseMod","Colored Map","Colored Powertips","Highlight Path","Minty Spire (QoL Compilation)","Relic Stats","everything is the same but u backflip on backflip"],"gold_per_floor":[117,128,128,128,140,140,140,173,222,262,262,283,69,97,97,180,180,208,225,294,310,310,310,14,25,48,91,91,91,91,104,104,192,192,207,227,56,83,83,122,122,32,32,43,84,97,119,162,162,162,162,162,37,72,72,72],"floor_reached":55,"playtime":3201,"items_purged":[],"score":1303,"play_id":"454eb556-d99d-4ebd-b04d-da74a6da55ce","local_time":"20201228015058","is_ascension_mode":true,"campfire_choices":[{"data":"Cleave","floor":6.0,"key":"SMITH"},{"floor":11.0,"key":"REST"},{"floor":15.0,"key":"REST"},{"floor":23.0,"key":"REST"},{"floor":28.0,"key":"REST"},{"data":"True Grit","floor":30.0,"key":"SMITH"},{"data":"Feed","floor":32.0,"key":"SMITH"},{"data":"Flame Barrier","floor":41.0,"key":"SMITH"},{"floor":49.0,"key":"RECALL"},{"data":"Spot Weakness","floor":52,"key":"SMITH"}],"circlet_count":0,"master_deck":["AscendersBane","Strike_R","Strike_R","Strike_R","Strike_R","Defend_R","Defend_R","Defend_R","Defend_R+1","Bash+1","Power Through+1","Cleave+1","Dramatic Entrance","Rampage","Feed+1","Spot Weakness+1","Flame Barrier+1","Shrug It Off+1","Inflame","Impervious","True Grit+1","Reaper+1","Offering","Feel No Pain+1","Dual Wield+1","Sword Boomerang+1","Uppercut+1","Metallicize+1","Corruption+1","Feel No Pain+1","Burning Pact"],"relics":["Runic Cube","CeramicFish","Centennial Puzzle","PreservedInsect","SacredBark","Molten Egg 2","Incense Burner","Akabeko","Frozen Egg 2","Philosopher\u0027s Stone","Medical Kit","Ginger","Potion Belt","War Paint","Boot","Pen Nib"],"acts_visited":["Exordium","TheCity","TheBeyond","TheEnding"],"potions_floor_usage":[54,55],"damage_taken":[{"damage":19.0,"enemies":"Jaw Worm","floor":1.0,"turns":4.0},{"damage":10.0,"enemies":"Small Slimes","floor":2.0,"turns":4.0},{"damage":1.0,"enemies":"2 Louse","floor":5.0,"turns":3.0},{"damage":15.0,"enemies":"3 Sentries","floor":8.0,"turns":6.0},{"damage":16.0,"enemies":"Gremlin Nob","floor":10.0,"turns":3.0},{"damage":0.0,"enemies":"Lots of Slimes","floor":12.0,"turns":2.0},{"damage":9.0,"enemies":"Red Slaver","floor":14.0,"turns":6.0},{"damage":39.0,"enemies":"Slime Boss","floor":16.0,"turns":10.0},{"damage":5.0,"enemies":"Chosen","floor":18.0,"turns":6.0},{"damage":34.0,"enemies":"Shell Parasite","floor":19.0,"turns":7.0},{"damage":22.0,"enemies":"Cultist and Chosen","floor":21.0,"turns":8.0},{"damage":10.0,"enemies":"Snecko","floor":25.0,"turns":5.0},{"damage":7.0,"enemies":"Slavers","floor":27.0,"turns":3.0},{"damage":35.0,"enemies":"Shelled Parasite and Fungi","floor":31.0,"turns":12.0},{"damage":40.0,"enemies":"Champ","floor":33.0,"turns":18.0},{"damage":6.0,"enemies":"3 Shapes","floor":35.0,"turns":4.0},{"damage":20.0,"enemies":"Orb Walker","floor":36.0,"turns":5.0},{"damage":8.0,"enemies":"Jaw Worm Horde","floor":38.0,"turns":5.0},{"damage":70.0,"enemies":"Giant Head","floor":40.0,"turns":9.0},{"damage":18.0,"enemies":"Maw","floor":44.0,"turns":10.0},{"damage":68.0,"enemies":"Nemesis","floor":45.0,"turns":22.0},{"damage":26.0,"enemies":"3 Darklings","floor":46.0,"turns":6.0},{"damage":56.0,"enemies":"Writhing Mass","floor":47.0,"turns":11.0},{"damage":25.0,"enemies":"Giant Head","floor":48.0,"turns":7.0},{"damage":103,"enemies":"Awakened One","floor":50,"turns":55},{"damage":95,"enemies":"Shield and Spear","floor":54,"turns":9},{"damage":35,"enemies":"The Heart","floor":55,"turns":2}],"seed_played":"1628113269882736442","potions_obtained":[{"floor":2.0,"key":"BlessingOfTheForge"},{"floor":5.0,"key":"Explosive Potion"},{"floor":10.0,"key":"Fire Potion"},{"floor":16.0,"key":"PowerPotion"},{"floor":25.0,"key":"BloodPotion"},{"floor":31.0,"key":"ColorlessPotion"},{"floor":33.0,"key":"CultistPotion"},{"floor":36.0,"key":"Block Potion"},{"floor":40.0,"key":"Swift Potion"},{"floor":44.0,"key":"LiquidMemories"},{"floor":46.0,"key":"CultistPotion"},{"floor":47.0,"key":"GamblersBrew"}],"is_trial":false,"path_per_floor":["M","M","?","?","M","R","?","E","T","E","R","M","$","M","R","B",null,"M","M","T","M","?","R","$","M","T","E","R","?","R","M","R","B",null,"M","M","$","M","T","E","R","?","T","M","E","M","M","E","R","B",null,"R","$","E","B"],"character_chosen":"IRONCLAD","items_purchased":["Flame Barrier","Shrug It Off","PreservedInsect","Incense Burner","Feel No Pain+1","Medical Kit","Feel No Pain+1","CultistPotion"],"campfire_rested":4,"item_purchase_floors":[13,13,13,24,37,37,53,53],"current_hp_per_floor":[49,39,39,39,38,38,38,23,23,7,29,29,29,23,46,10,63,58,27,27,8,8,34,34,24,24,20,47,90,90,93,93,65,89,87,81,81,88,88,53,53,53,53,49,35,67,34,46,46,125,125,125,125,34,0,0],"gold":72,"neow_bonus":"BOSS_RELIC","is_daily":false,"chose_seed":false,"campfire_upgraded":5,"win_rate":0.0,"timestamp":1609091458,"path_taken":["M","M","?","?","M","R","?","E","T","E","R","?","$","M","R","BOSS","M","M","?","?","?","R","$","M","T","E","R","?","R","M","R","BOSS","M","M","$","?","?","E","R","?","T","M","E","M","?","E","R","BOSS","R","$","E","BOSS"],"items_purchased_type":["Card","Card","Relic","Relic","Card","Relic","Card","Potion"],"build_version":"2020-12-22","purchased_purges":0,"victory":false,"max_hp_per_floor":[75,75,75,75,75,75,75,75,75,75,75,75,75,78,78,81,81,81,84,84,87,87,87,87,87,87,90,90,90,90,93,93,97,97,101,105,105,105,105,105,105,105,105,109,113,117,121,121,121,125,125,125,125,129,129,129],"relic_stats":{"Centennial Puzzle":[63],"counters":[27,242],"CeramicFish":153,"PreservedInsect":427,"Pen Nib":[0],"Ginger":[9],"War Paint":["Defend_R","Power Through"],"Medical Kit":[84],"Boot":[0],"obtain_stats":[{"Potion Belt":43,"CeramicFish":9,"SacredBark":17,"PreservedInsect":13,"Pen Nib":54,"Incense Burner":24,"Ginger":40,"Frozen Egg 2":27,"War Paint":45,"Medical Kit":37,"Boot":48,"Burning Blood":0,"Akabeko":26,"Centennial Puzzle":10,"Molten Egg 2":20,"Philosopher\u0027s Stone":34,"Runic Cube":0},{"Potion Belt":19,"CeramicFish":4,"SacredBark":8,"PreservedInsect":6,"Pen Nib":26,"Incense Burner":11,"Ginger":19,"Frozen Egg 2":13,"War Paint":21,"Medical Kit":17,"Boot":24,"Burning Blood":0,"Akabeko":12,"Centennial Puzzle":5,"Molten Egg 2":10,"Philosopher\u0027s Stone":15,"Runic Cube":0},{"Potion Belt":120,"CeramicFish":17,"SacredBark":38,"PreservedInsect":22,"Pen Nib":240,"Incense Burner":59,"Ginger":120,"Frozen Egg 2":67,"War Paint":152,"Medical Kit":106,"Boot":176,"Burning Blood":0,"Akabeko":64,"Centennial Puzzle":20,"Molten Egg 2":51,"Philosopher\u0027s Stone":97,"Runic Cube":0}],"Runic Cube":[102]},"card_choices":[{"not_picked":["Thunderclap","Warcry"],"picked":"Inflame","floor":1.0},{"not_picked":["Entrench","Infernal Blade"],"picked":"Power Through","floor":2.0},{"not_picked":["Infernal Blade","Armaments"],"picked":"Cleave","floor":5.0},{"not_picked":["Bludgeon","Armaments"],"picked":"Rampage","floor":8.0},{"not_picked":["Flex","Sever Soul"],"picked":"Feed","floor":10.0},{"not_picked":["Dual Wield","Ghostly Armor"],"picked":"Spot Weakness","floor":12.0},{"not_picked":["Seeing Red","Whirlwind"],"picked":"Inflame","floor":14.0},{"not_picked":["Immolate","Barricade"],"picked":"Impervious","floor":16.0},{"not_picked":["Anger","Headbutt"],"picked":"True Grit","floor":18.0},{"not_picked":["Seeing Red+1","Havoc","Cleave"],"picked":"SKIP","floor":19.0},{"not_picked":["Clothesline+1","Armaments","Perfected Strike+1"],"picked":"SKIP","floor":21.0},{"not_picked":["Headbutt+1","Clash+1","Havoc"],"picked":"SKIP","floor":25.0},{"not_picked":["Thunderclap+1","Carnage+1"],"picked":"Reaper+1","floor":27.0},{"not_picked":["Dark Embrace+1","Headbutt+1","Flex"],"picked":"SKIP","floor":31.0},{"not_picked":["Bludgeon+1","Reaper+1"],"picked":"Offering","floor":33.0},{"not_picked":["Twin Strike+1","Clash+1","Blood for Blood+1"],"picked":"SKIP","floor":35.0},{"not_picked":["Headbutt+1","Body Slam+1","Clash+1"],"picked":"SKIP","floor":36.0},{"not_picked":["Entrench","Havoc+1"],"picked":"Dual Wield+1","floor":38.0},{"not_picked":["Headbutt+1","Anger+1"],"picked":"Sword Boomerang+1","floor":40.0},{"not_picked":["Iron Wave+1","Combust+1","Spot Weakness"],"picked":"SKIP","floor":44.0},{"not_picked":["Berserk+1","Hemokinesis+1"],"picked":"Uppercut+1","floor":45.0},{"not_picked":["Whirlwind+1","Armaments+1","Perfected Strike+1"],"picked":"SKIP","floor":46.0},{"not_picked":["Clash+1","Clothesline+1"],"picked":"Metallicize+1","floor":47.0},{"not_picked":["Battle Trance","Body Slam+1"],"picked":"Corruption+1","floor":48.0},{"not_picked":["Combust+1","Spot Weakness"],"picked":"Burning Pact","floor":54}],"player_experience":300001,"relics_obtained":[{"floor":9.0,"key":"CeramicFish"},{"floor":10.0,"key":"Centennial Puzzle"},{"floor":20.0,"key":"Molten Egg 2"},{"floor":26.0,"key":"Akabeko"},{"floor":27.0,"key":"Frozen Egg 2"},{"floor":40.0,"key":"Ginger"},{"floor":43.0,"key":"Potion Belt"},{"floor":45.0,"key":"War Paint"},{"floor":48.0,"key":"Boot"},{"floor":54,"key":"Pen Nib"}],"event_choices":[{"damage_healed":0.0,"max_hp_gain":0.0,"max_hp_loss":0.0,"gold_gain":0.0,"event_name":"Liars Game","player_choice":"Ignored","floor":3.0,"gold_loss":0.0,"damage_taken":0.0},{"damage_healed":0.0,"max_hp_gain":0.0,"max_hp_loss":0.0,"gold_gain":0.0,"event_name":"Living Wall","player_choice":"Grow","floor":4.0,"gold_loss":0.0,"damage_taken":0.0,"cards_upgraded":["Bash"]},{"damage_healed":0.0,"max_hp_gain":0.0,"max_hp_loss":0.0,"gold_gain":0.0,"event_name":"Match and Keep!","player_choice":"1 cards matched","floor":7.0,"gold_loss":0.0,"damage_taken":0.0,"cards_obtained":["Dramatic Entrance"]},{"damage_healed":0.0,"max_hp_gain":0.0,"max_hp_loss":0.0,"gold_gain":0.0,"event_name":"Cursed Tome","player_choice":"Ignored","floor":22.0,"gold_loss":0.0,"damage_taken":0.0},{"cards_removed":["Inflame"],"damage_healed":43.0,"max_hp_gain":0.0,"max_hp_loss":0.0,"gold_gain":0.0,"event_name":"Bonfire Elementals","player_choice":"Offered Uncommon","floor":29.0,"gold_loss":0.0,"damage_taken":0.0},{"cards_removed":["Strike_R"],"damage_healed":0.0,"max_hp_gain":0.0,"max_hp_loss":0.0,"gold_gain":0.0,"event_name":"Designer","player_choice":"Upgrade and Remove","floor":42.0,"gold_loss":90.0,"damage_taken":0.0,"cards_upgraded":["Shrug It Off"]}],"is_beta":false,"boss_relics":[{"not_picked":["Mark of Pain","Runic Pyramid"],"picked":"SacredBark"},{"not_picked":["Black Star","Snecko Eye"],"picked":"Philosopher\u0027s Stone"}],"items_purged_floors":[],"is_endless":false,"potions_floor_spawned":[2,5,10,16,21,25,31,33,36,40,44,46,47],"killed_by":"The Heart","ascension_level":14}}