{"host":"7nu0fnckee4tlfez","time":1609091563,"event":{"mods":["2.2 Compatiblity","AchievementEnabler","Astrologer","BaseMod","CapriCore","Colored Map","Downfall","Lobotomy","LobotomyExtend","Marisa£¨Ùöéë¡¡Øª×âÞÞ£©","Minty Spire (QoL Compilation)","StSLib","SuperFastMode","The Immortal"],"gold_per_floor":[115,115,115,127,144,144,144,158,158,83,100,100,100,100],"floor_reached":13,"playtime":397,"items_purged":["Strike_R"],"score":75,"play_id":"5336dc72-ea2c-4976-892f-56ba81c323f5","local_time":"20201228025243","is_ascension_mode":false,"campfire_choices":[{"data":"Body Slam","floor":6,"key":"SMITH"}],"circlet_count":0,"master_deck":["Strike_R","Strike_R","Strike_R","Defend_R","Defend_R","Defend_R","Defend_R","Bash","LaLuna","LongBird","Cleave","SpiderBud","Body Slam+1","DespairKnight","Warcry","OSAHOGD"],"relics":["Burning Blood","CogitoBucket","RabbitCall","LetterFromLob","Question Card","Juzu Bracelet","Golden Idol"],"acts_visited":["Exordium"],"potions_floor_usage":[],"damage_taken":[{"damage":4,"enemies":"2 Louse","floor":1,"turns":3},{"damage":0,"enemies":"Small Slimes","floor":4,"turns":3},{"damage":7,"enemies":"Jaw Worm","floor":5,"turns":3},{"damage":14,"enemies":"Exordium Thugs","floor":8,"turns":4},{"damage":13,"enemies":"Gremlin Gang","floor":11,"turns":4},{"damage":38,"enemies":"3 Sentries","floor":13,"turns":8}],"seed_played":"7350530320880758022","potions_obtained":[{"floor":8,"key":"FearPotion"}],"is_trial":false,"path_per_floor":["M","?","?","M","M","R","?","M","T","$","M","?","E"],"character_chosen":"IRONCLAD","items_purchased":[],"campfire_rested":0,"item_purchase_floors":[],"current_hp_per_floor":[80,77,80,80,79,79,72,64,64,64,57,37,0,0],"gold":100,"neow_bonus":"","is_daily":false,"chose_seed":false,"campfire_upgraded":1,"win_rate":0.0,"timestamp":1609091563,"path_taken":["M","?","?","M","M","R","?","M","T","$","M","?","E"],"items_purchased_type":[],"build_version":"2020-12-22","purchased_purges":1,"victory":false,"max_hp_per_floor":[80,80,80,80,80,80,80,80,80,80,80,80,80,80],"card_choices":[{"not_picked":["CrumblingArmor","MeatLantern"],"picked":"LaLuna","floor":1},{"not_picked":["Heavy Blade","Sever Soul","Iron Wave"],"picked":"SKIP","floor":1},{"not_picked":["MeatLantern","Scorched"],"picked":"LongBird","floor":4},{"not_picked":["Pommel Strike","Headbutt","Iron Wave"],"picked":"Cleave","floor":4},{"not_picked":["MeatLantern","Murderer","MHz"],"picked":"Singing Bowl","floor":5},{"not_picked":["Bloodbath","Scorched"],"picked":"SpiderBud","floor":5},{"not_picked":["Rupture","Anger","Perfected Strike"],"picked":"Body Slam","floor":5},{"not_picked":["GreedKing","UniverseFragment"],"picked":"DespairKnight","floor":8},{"not_picked":["Headbutt","Dropkick","Combust"],"picked":"Warcry","floor":8},{"not_picked":["Porccubus","Scarecrow"],"picked":"OSAHOGD","floor":11},{"not_picked":["Heavy Blade","Wild Strike","Sentinel","Anger"],"picked":"SKIP","floor":11}],"player_experience":61304,"relics_obtained":[{"floor":1,"key":"LetterFromLob"},{"floor":9,"key":"Juzu Bracelet"}],"event_choices":[{"damage_healed":0,"gold_gain":0,"player_choice":"Success","damage_taken":3,"relics_obtained":["Question Card"],"max_hp_gain":0,"max_hp_loss":0,"event_name":"Scrap Ooze","floor":2,"gold_loss":0},{"cards_removed":["Strike_R"],"damage_healed":0,"gold_gain":0,"player_choice":"Card Removal","damage_taken":7,"max_hp_gain":0,"max_hp_loss":0,"event_name":"Golden Wing","floor":7,"gold_loss":0},{"damage_healed":0,"gold_gain":0,"player_choice":"Take Damage","damage_taken":20,"relics_obtained":["Golden Idol"],"max_hp_gain":0,"max_hp_loss":0,"event_name":"Golden Idol","floor":12,"gold_loss":0}],"is_beta":false,"boss_relics":[],"items_purged_floors":[10],"is_endless":false,"potions_floor_spawned":[8],"killed_by":"3 Sentries","ascension_level":0}}