{"host":"w4b7hmige5bnqipq","time":1609105663,"event":{"mods":["BaseMod","Minty Spire (QoL Compilation)","Rare Cards Sparkle","SuperFastMode","everything is the same but u backflip on backflip","slay the spire mod where everything is the same but ironclad has a cowboy hat"],"gold_per_floor":[114,114,39,49,49,49,81,81,81,100,100,113,143,143,143,143,143],"floor_reached":16,"playtime":301,"items_purged":["Strike_R"],"score":253,"play_id":"541a8fcb-5bd1-4bba-8e72-db17a9042f8e","local_time":"20201228064743","is_ascension_mode":true,"campfire_choices":[{"data":"Pommel Strike","floor":6.0,"key":"SMITH"},{"data":"Inflame","floor":8.0,"key":"SMITH"},{"data":"Shrug It Off","floor":15,"key":"SMITH"}],"circlet_count":0,"master_deck":["AscendersBane","Strike_R","Strike_R","Strike_R","Strike_R","Defend_R","Defend_R","Defend_R","Defend_R","Bash","Pommel Strike+1","Cleave","Inflame+1","Body Slam+1","Regret","Shrug It Off+1","Headbutt+1"],"relics":["Burning Blood","NeowsBlessing","Matryoshka","Centennial Puzzle","Molten Egg 2","Bag of Preparation","Paper Frog","Mercury Hourglass"],"acts_visited":["Exordium"],"potions_floor_usage":[16],"damage_taken":[{"damage":0.0,"enemies":"Cultist","floor":1.0,"turns":1.0},{"damage":0.0,"enemies":"2 Louse","floor":4.0,"turns":1.0},{"damage":0.0,"enemies":"Lagavulin","floor":7.0,"turns":1.0},{"damage":7.0,"enemies":"Jaw Worm","floor":10.0,"turns":3.0},{"damage":4.0,"enemies":"Gremlin Gang","floor":12.0,"turns":3.0},{"damage":36,"enemies":"3 Sentries","floor":13,"turns":6},{"damage":46,"enemies":"The Guardian","floor":16,"turns":8}],"seed_played":"-9080560234214827752","potions_obtained":[{"floor":1.0,"key":"Strength Potion"},{"floor":7.0,"key":"DistilledChaos"},{"floor":13,"key":"DistilledChaos"}],"is_trial":false,"path_per_floor":["M","T","$","M","?","R","E","R","T","M","?","M","E","?","R","B"],"character_chosen":"IRONCLAD","items_purchased":[],"campfire_rested":0,"item_purchase_floors":[],"current_hp_per_floor":[74,74,74,75,75,75,75,75,75,74,74,75,45,45,45,0,0],"gold":143,"neow_bonus":"THREE_ENEMY_KILL","is_daily":false,"chose_seed":false,"campfire_upgraded":3,"win_rate":0.0,"timestamp":1609105663,"path_taken":["M","?","$","M","?","R","E","R","T","?","?","M","E","?","R","BOSS"],"items_purchased_type":[],"build_version":"2020-12-22","purchased_purges":1,"victory":false,"max_hp_per_floor":[75,75,75,75,75,75,75,75,75,75,75,75,75,75,75,75,75],"card_choices":[{"not_picked":["Second Wind","Warcry"],"picked":"Pommel Strike","floor":1.0},{"not_picked":["Wild Strike","Heavy Blade"],"picked":"Cleave","floor":4.0},{"not_picked":["Double Tap","Rage"],"picked":"Inflame","floor":7.0},{"not_picked":["Headbutt+1","Warcry"],"picked":"Body Slam+1","floor":10.0},{"not_picked":["Pummel+1","Burning Pact"],"picked":"Shrug It Off","floor":12},{"not_picked":["Havoc","Anger+1"],"picked":"Headbutt+1","floor":13}],"player_experience":435212,"relics_obtained":[{"floor":2.0,"key":"Matryoshka"},{"floor":7.0,"key":"Centennial Puzzle"},{"floor":9.0,"key":"Molten Egg 2"},{"floor":9.0,"key":"Bag of Preparation"},{"floor":13,"key":"Mercury Hourglass"}],"event_choices":[{"damage_healed":0.0,"max_hp_gain":0.0,"max_hp_loss":0.0,"gold_gain":0.0,"event_name":"Match and Keep!","player_choice":"0 cards matched","floor":5.0,"gold_loss":0.0,"damage_taken":0.0,"cards_obtained":[]},{"damage_healed":0.0,"max_hp_gain":0.0,"max_hp_loss":0.0,"gold_gain":0.0,"event_name":"Big Fish","player_choice":"Box","floor":11.0,"gold_loss":0.0,"damage_taken":0.0,"relics_obtained":["Paper Frog"],"cards_obtained":["Regret"]},{"damage_healed":0,"gold_gain":0,"player_choice":"0 cards matched","damage_taken":0,"max_hp_gain":0,"max_hp_loss":0,"event_name":"Match and Keep!","floor":14,"gold_loss":0,"cards_obtained":[]},{"damage_healed":0,"gold_gain":0,"player_choice":"0 cards matched","damage_taken":0,"max_hp_gain":0,"max_hp_loss":0,"event_name":"Match and Keep!","floor":14,"gold_loss":0,"cards_obtained":[]}],"is_beta":false,"boss_relics":[],"items_purged_floors":[3],"is_endless":false,"potions_floor_spawned":[1,7,13],"killed_by":"The Guardian","ascension_level":18}}