{"host":"tpad8qsc9e0g0pa5","time":1609052570,"event":{"mods":["BaseMod","Minty Spire (QoL Compilation)","Quick Restart","StSLib","The Bug Knight","The Servant 0.9.4"],"gold_per_floor":[115,115,115,132,4,37,37,53,53,53,102,133,154,167,167,167,167],"floor_reached":16,"playtime":748,"items_purged":["Regret"],"score":130,"play_id":"507ec3b6-89bd-4293-a525-d20c939ef63f","local_time":"20201227150250","is_ascension_mode":true,"campfire_choices":[{"floor":7,"key":"REST"},{"floor":15,"key":"REST"}],"circlet_count":0,"master_deck":["HollowMod:QuickDashStart","HollowMod:QuickDashStart","HollowMod:QuickDashStart+1","HollowMod:QuickDashStart","HollowMod:FocusHealStart","HollowMod:PogoStrike","HollowMod:MawleksShell","HollowMod:InfectedAttack","HollowMod:InfectedAttack","HollowMod:InfectedAttack","HollowMod:InfectedAttack","HollowMod:GoodIntentions+1","HollowMod:InfectedCysts","HollowMod:theNailsmith"],"relics":["Snecko Eye","HollowMod:LifeEnderRelic","Sundial","War Paint","Golden Idol","Boot","Odd Mushroom"],"acts_visited":["Exordium"],"potions_floor_usage":[6,16],"damage_taken":[{"damage":2,"enemies":"Small Slimes","floor":1,"turns":4},{"damage":12,"enemies":"2 Louse","floor":4,"turns":3},{"damage":57,"enemies":"Gremlin Nob","floor":6,"turns":4},{"damage":0,"enemies":"Jaw Worm","floor":8,"turns":4},{"damage":17,"enemies":"The Mushroom Lair","floor":12,"turns":4},{"damage":0,"enemies":"Gremlin Gang","floor":13,"turns":2},{"damage":0,"enemies":"2 Fungi Beasts","floor":14,"turns":2},{"damage":56,"enemies":"HollowMod:FalseKnight","floor":16,"turns":6}],"seed_played":"-8121762075327605409","potions_obtained":[{"floor":4,"key":"Swift Potion"},{"floor":14,"key":"AttackPotion"}],"is_trial":false,"path_per_floor":["M","?","?","M","$","E","R","M","T","?","T","?","M","M","R","B"],"character_chosen":"THE_BUGKNIGHT","items_purchased":["HollowMod:InfectedCysts"],"campfire_rested":2,"item_purchase_floors":[5],"current_hp_per_floor":[73,73,73,61,61,4,26,26,26,26,26,15,15,15,35,0,0],"gold":167,"neow_bonus":"BOSS_RELIC","is_daily":false,"chose_seed":false,"campfire_upgraded":0,"win_rate":0.0,"timestamp":1609052570,"path_taken":["M","?","?","M","$","E","R","M","T","?","?","?","M","?","R","BOSS"],"items_purchased_type":["Card"],"build_version":"2020-12-22","purchased_purges":1,"victory":false,"max_hp_per_floor":[75,75,75,75,75,75,75,75,75,69,69,69,69,69,69,69,69],"card_choices":[{"not_picked":["HollowMod:NewJinnsSoul","HollowMod:ChannelNail"],"picked":"HollowMod:MawleksShell","floor":1},{"not_picked":["HollowMod:TaintedHusks","HollowMod:DesolateDive"],"picked":"HollowMod:GoodIntentions","floor":4},{"not_picked":["HollowMod:SoulShaman","HollowMod:Grubsong","HollowMod:NewLittleFool"],"picked":"SKIP","floor":6},{"not_picked":["HollowMod:DashSlash","HollowMod:SharpenedShadows","HollowMod:SoulEater"],"picked":"SKIP","floor":8},{"not_picked":["HollowMod:InfectedAttack","HollowMod:SoulStrike","HollowMod:HeavyBlow"],"picked":"SKIP","floor":13},{"not_picked":["HollowMod:RecoilStrike","HollowMod:WraithStrike"],"picked":"HollowMod:theNailsmith","floor":14}],"player_experience":282279,"relics_obtained":[{"floor":6,"key":"Sundial"},{"floor":9,"key":"War Paint"},{"floor":11,"key":"Boot"},{"floor":12,"key":"Odd Mushroom"}],"event_choices":[{"damage_healed":0,"gold_gain":0,"player_choice":"Box","damage_taken":0,"relics_obtained":["HollowMod:LifeEnderRelic"],"max_hp_gain":0,"max_hp_loss":0,"event_name":"Big Fish","floor":3,"gold_loss":0,"cards_obtained":["Regret"]},{"damage_healed":0,"gold_gain":0,"player_choice":"Lose Max HP","damage_taken":0,"relics_obtained":["Golden Idol"],"max_hp_gain":0,"max_hp_loss":6,"event_name":"Golden Idol","floor":10,"gold_loss":0},{"damage_healed":0,"gold_gain":0,"player_choice":"Fought Mushrooms","damage_taken":0,"max_hp_gain":0,"max_hp_loss":0,"event_name":"Mushrooms","floor":12,"gold_loss":0}],"is_beta":false,"boss_relics":[],"items_purged_floors":[5],"is_endless":false,"potions_floor_spawned":[4,14],"killed_by":"HollowMod:FalseKnight","ascension_level":1}}