{"host":"lhth1efayex2023z","time":1609109547,"event":{"mods":["BaseMod","Colored Map","Googly Eyes","Minty Spire (QoL Compilation)","StSLib"],"gold_per_floor":[119,119,187,237,254,281,281,291,316,316,350,419,469,499,499,599,599,612,662,712,485,501,501,501],"floor_reached":23,"playtime":970,"items_purged":["Thunderclap"],"score":324,"play_id":"05846351-d84d-4e1a-88ff-24076c76b277","local_time":"20201227155227","is_ascension_mode":true,"campfire_choices":[{"data":"Entrench","floor":7.0,"key":"SMITH"},{"data":"Limit Break","floor":10.0,"key":"SMITH"},{"floor":15,"key":"REST"}],"circlet_count":0,"master_deck":["AscendersBane","Bash","Pommel Strike","Clash+1","Entrench+1","Demon Form","Iron Wave","Limit Break+1","Pummel+1","Shrug It Off","Second Wind","Offering","Ghostly Armor","Havoc","Bludgeon","Offering","Sever Soul","Armaments","Double Tap"],"relics":["Burning Blood","SsserpentHead","Regal Pillow","Lantern","Tiny Chest","Dream Catcher","Pandora\u0027s Box","Matryoshka","Whetstone"],"acts_visited":["TheCity"],"potions_floor_usage":[14,16,23],"damage_taken":[{"damage":8.0,"enemies":"2 Louse","floor":1.0,"turns":3.0},{"damage":6.0,"enemies":"Cultist","floor":3.0,"turns":3.0},{"damage":3.0,"enemies":"Small Slimes","floor":5.0,"turns":4.0},{"damage":15.0,"enemies":"Lagavulin","floor":6.0,"turns":7.0},{"damage":7.0,"enemies":"Looter","floor":8.0,"turns":3.0},{"damage":30.0,"enemies":"3 Sentries","floor":11.0,"turns":11.0},{"damage":17.0,"enemies":"Exordium Thugs","floor":12.0,"turns":8.0},{"damage":22,"enemies":"Lagavulin","floor":14,"turns":9},{"damage":28,"enemies":"Slime Boss","floor":16,"turns":7},{"damage":18,"enemies":"2 Thieves","floor":18,"turns":3},{"damage":6,"enemies":"Shell Parasite","floor":22,"turns":2},{"damage":65,"enemies":"Gremlin Leader","floor":23,"turns":5}],"seed_played":"5497812371326606137","potions_obtained":[{"floor":5.0,"key":"DuplicationPotion"},{"floor":6.0,"key":"Swift Potion"},{"floor":11.0,"key":"LiquidMemories"},{"floor":18,"key":"DistilledChaos"}],"is_trial":false,"path_per_floor":["M","?","M","?","M","E","R","M","T","R","E","M","?","E","R","B",null,"M","?","T","$","M","E"],"character_chosen":"IRONCLAD","items_purchased":["Whetstone"],"campfire_rested":1,"item_purchase_floors":[21],"current_hp_per_floor":[70,70,70,70,73,64,64,63,63,63,39,28,28,12,51,29,67,55,55,55,55,55,0,0],"gold":501,"neow_bonus":"THREE_CARDS","is_daily":false,"chose_seed":false,"campfire_upgraded":2,"win_rate":0.0,"timestamp":1609109547,"path_taken":["M","?","?","?","M","E","R","M","T","R","E","?","?","E","R","BOSS","M","?","?","$","M","E"],"items_purchased_type":["Relic"],"build_version":"2020-12-22","purchased_purges":1,"victory":false,"max_hp_per_floor":[80,80,80,80,80,80,80,80,80,80,80,80,80,80,80,80,80,80,80,80,80,80,80,80],"card_choices":[{"not_picked":["Anger","Warcry"],"picked":"Pommel Strike","floor":0.0},{"not_picked":["Anger","Dark Embrace"],"picked":"Clash","floor":1.0},{"not_picked":["Shrug It Off","Warcry"],"picked":"Entrench","floor":3.0},{"not_picked":["Bloodletting","Whirlwind"],"picked":"Iron Wave","floor":5.0},{"not_picked":["Anger","Flex","Thunderclap"],"picked":"SKIP","floor":6.0},{"not_picked":["Headbutt","Pummel"],"picked":"Limit Break","floor":8.0},{"not_picked":["Thunderclap","Twin Strike"],"picked":"Pummel","floor":11.0},{"not_picked":["Perfected Strike","Sword Boomerang"],"picked":"Shrug It Off","floor":12.0},{"not_picked":["Evolve","Spot Weakness","Dropkick"],"picked":"SKIP","floor":14},{"not_picked":["Perfected Strike","Clash"],"picked":"Second Wind","floor":15},{"not_picked":["Bludgeon","Brutality"],"picked":"Offering","floor":16},{"not_picked":["Reckless Charge","Perfected Strike","Body Slam"],"picked":"SKIP","floor":18},{"not_picked":["Dropkick","Disarm","Bloodletting"],"picked":"SKIP","floor":22}],"player_experience":418544,"relics_obtained":[{"floor":6.0,"key":"Regal Pillow"},{"floor":9.0,"key":"Lantern"},{"floor":11.0,"key":"Tiny Chest"},{"floor":14,"key":"Dream Catcher"},{"floor":20,"key":"Matryoshka"}],"event_choices":[{"damage_healed":0.0,"max_hp_gain":0.0,"max_hp_loss":0.0,"gold_gain":0.0,"event_name":"FaceTrader","player_choice":"Trade","floor":2.0,"gold_loss":0.0,"damage_taken":0.0,"relics_obtained":["SsserpentHead"]},{"damage_healed":0.0,"max_hp_gain":0.0,"max_hp_loss":0.0,"gold_gain":0.0,"event_name":"Match and Keep!","player_choice":"1 cards matched","floor":4.0,"gold_loss":0.0,"damage_taken":0.0,"cards_obtained":["Demon Form"]},{"damage_healed":0.0,"max_hp_gain":0.0,"max_hp_loss":0.0,"gold_gain":0.0,"event_name":"Dead Adventurer","player_choice":"Searched \u00270\u0027 times","floor":13.0,"gold_loss":0.0,"damage_taken":0.0},{"cards_removed":["Spot Weakness"],"damage_healed":0,"gold_gain":0,"player_choice":"Purged","damage_taken":0,"max_hp_gain":0,"max_hp_loss":0,"event_name":"Purifier","floor":19,"gold_loss":0}],"is_beta":false,"boss_relics":[{"not_picked":["SlaversCollar","Tiny House"],"picked":"Pandora\u0027s Box"}],"items_purged_floors":[21],"is_endless":false,"potions_floor_spawned":[5,6,11,18],"killed_by":"Gremlin Leader","ascension_level":11}}