{"host":"mi0eibewekhugwl1","time":1609064756,"event":{"mods":["AchievementEnabler","BaseMod","Colored Map","Colored Powertips","DeckTracker","Keyboard Shortcuts","Minty Spire (QoL Compilation)","Quick Restart","Rare Cards Sparkle","Relic Stats","StSLib","SuperFastMode","everything is the same but u backflip on backflip"],"gold_per_floor":[117,117,127,147,162,162,174,174,174,187,197,227,246,264,264,336,336,354,19,19,34,53,53,68,68,68,83,101,120,77,91,91,91,91],"floor_reached":33,"playtime":764,"items_purged":["Strike_R"],"score":498,"play_id":"38c8ec47-4723-4cc0-aaee-caad066ff76e","local_time":"20201227192556","is_ascension_mode":true,"campfire_choices":[{"data":"Carnage","floor":6,"key":"SMITH"},{"data":"Inflame","floor":8,"key":"SMITH"},{"floor":15,"key":"REST"},{"data":"Barricade","floor":23,"key":"SMITH"},{"floor":25,"key":"REST"},{"floor":32,"key":"REST"}],"circlet_count":0,"master_deck":["AscendersBane","Strike_R","Strike_R","Strike_R","Defend_R","Defend_R","Defend_R","Bash","Offering","Carnage+1","Power Through","Inflame+1","Flame Barrier","Rampage","Barricade+1","Shrug It Off+1","Evolve","Disarm","Flash of Steel","Body Slam","Wild Strike+1","Bloodletting+1","Shockwave","Shrug It Off"],"relics":["Burning Blood","Sundial","Sozu","PreservedInsect"],"acts_visited":["Exordium","TheCity"],"potions_floor_usage":[29],"damage_taken":[{"damage":11,"enemies":"Small Slimes","floor":1,"turns":3},{"damage":1,"enemies":"Cultist","floor":3,"turns":3},{"damage":7,"enemies":"Jaw Worm","floor":4,"turns":3},{"damage":12,"enemies":"Looter","floor":5,"turns":3},{"damage":15,"enemies":"Lots of Slimes","floor":7,"turns":6},{"damage":3,"enemies":"Large Slime","floor":10,"turns":5},{"damage":6,"enemies":"Looter","floor":11,"turns":2},{"damage":15,"enemies":"Exordium Thugs","floor":13,"turns":3},{"damage":6,"enemies":"Red Slaver","floor":14,"turns":3},{"damage":27,"enemies":"The Guardian","floor":16,"turns":15},{"damage":13,"enemies":"3 Byrds","floor":18,"turns":5},{"damage":12,"enemies":"Shell Parasite","floor":21,"turns":4},{"damage":8,"enemies":"Centurion and Healer","floor":22,"turns":8},{"damage":48,"enemies":"Chosen and Byrds","floor":24,"turns":6},{"damage":22,"enemies":"Snake Plant","floor":27,"turns":4},{"damage":6,"enemies":"Sentry and Sphere","floor":28,"turns":6},{"damage":13,"enemies":"Snecko","floor":29,"turns":7},{"damage":8,"enemies":"Centurion and Healer","floor":31,"turns":7},{"damage":81,"enemies":"Collector","floor":33,"turns":6}],"seed_played":"-8125259805458315034","potions_obtained":[{"floor":1,"key":"Weak Potion"},{"floor":5,"key":"FairyPotion"}],"is_trial":false,"path_per_floor":["M","?","M","M","M","R","M","R","T","M","M","?","M","M","R","B",null,"M","$","?","M","M","R","M","R","T","M","M","M","$","M","R","B"],"character_chosen":"IRONCLAD","items_purchased":["Evolve","Disarm","Flash of Steel","Shockwave"],"campfire_rested":3,"item_purchase_floors":[19,19,19,30],"current_hp_per_floor":[45,45,50,49,43,43,34,34,34,37,37,37,28,28,50,29,64,57,57,57,51,49,49,7,29,29,13,13,28,28,26,48,0,0],"gold":91,"neow_bonus":"THREE_RARE_CARDS","is_daily":false,"chose_seed":false,"campfire_upgraded":3,"win_rate":0.0,"timestamp":1609064756,"path_taken":["M","?","M","M","M","R","M","R","T","M","?","?","M","M","R","BOSS","M","$","?","M","M","R","M","R","T","M","?","M","$","M","R","BOSS"],"items_purchased_type":["Card","Card","Card","Card"],"build_version":"2020-12-22","purchased_purges":1,"victory":false,"max_hp_per_floor":[75,75,75,75,75,75,75,75,75,75,75,75,75,75,75,75,75,75,75,75,75,75,75,75,75,75,75,75,75,75,75,75,75,75],"relic_stats":{"Sozu":4,"counters":[19,99],"Sundial":[14],"PreservedInsect":0,"obtain_stats":[{"Sozu":17,"Sundial":9,"PreservedInsect":26,"Burning Blood":0},{"Sozu":10,"Sundial":5,"PreservedInsect":14,"Burning Blood":0},{"Sozu":46,"Sundial":18,"PreservedInsect":69,"Burning Blood":0}],"Burning Blood":108},"card_choices":[{"not_picked":["Berserk","Juggernaut"],"picked":"Offering","floor":0},{"not_picked":["Havoc","Perfected Strike"],"picked":"Carnage","floor":1},{"not_picked":["Dual Wield","Thunderclap","Clothesline"],"picked":"SKIP","floor":3},{"not_picked":["Dual Wield","Heavy Blade"],"picked":"Power Through","floor":4},{"not_picked":["Pummel","Whirlwind","Twin Strike"],"picked":"SKIP","floor":5},{"not_picked":["Twin Strike","Shrug It Off"],"picked":"Inflame","floor":7},{"not_picked":["Bloodletting","Hemokinesis"],"picked":"Flame Barrier","floor":10},{"not_picked":["Warcry","Ghostly Armor","Flex"],"picked":"SKIP","floor":11},{"not_picked":["Heavy Blade","Flex"],"picked":"Rampage","floor":13},{"not_picked":["Havoc","True Grit","Iron Wave"],"picked":"SKIP","floor":14},{"not_picked":["Berserk","Offering"],"picked":"Barricade","floor":16},{"not_picked":["Anger","True Grit"],"picked":"Shrug It Off+1","floor":18},{"not_picked":["Sentinel","Sword Boomerang"],"picked":"Body Slam","floor":21},{"not_picked":["Clothesline","Warcry"],"picked":"Wild Strike+1","floor":22},{"not_picked":["Sword Boomerang","Wild Strike"],"picked":"Bloodletting+1","floor":24},{"not_picked":["Thunderclap+1","Disarm","Perfected Strike"],"picked":"SKIP","floor":27},{"not_picked":["Disarm","Sever Soul+1","Searing Blow"],"picked":"SKIP","floor":28},{"not_picked":["Blood for Blood","Body Slam","Twin Strike"],"picked":"SKIP","floor":29},{"not_picked":["Headbutt","Havoc"],"picked":"Shrug It Off","floor":31}],"player_experience":1709645,"relics_obtained":[{"floor":9,"key":"Sundial"},{"floor":26,"key":"PreservedInsect"}],"event_choices":[{"cards_removed":["Strike_R"],"damage_healed":0,"gold_gain":0,"player_choice":"Offered Basic","damage_taken":0,"max_hp_gain":0,"max_hp_loss":0,"event_name":"Bonfire Elementals","floor":2,"gold_loss":0},{"damage_healed":0,"gold_gain":30,"player_choice":"Searched \u00271\u0027 times","damage_taken":0,"max_hp_gain":0,"max_hp_loss":0,"event_name":"Dead Adventurer","floor":12,"gold_loss":0},{"cards_removed":["Defend_R"],"damage_healed":0,"gold_gain":0,"player_choice":"Purged","damage_taken":0,"max_hp_gain":0,"max_hp_loss":0,"event_name":"Purifier","floor":20,"gold_loss":0}],"is_beta":false,"boss_relics":[{"not_picked":["Runic Pyramid","Pandora\u0027s Box"],"picked":"Sozu"}],"items_purged_floors":[19],"is_endless":false,"potions_floor_spawned":[1,5,13,14,16,18,24,27,28],"killed_by":"Collector","ascension_level":20}}