{"host":"709gjpjg43u3i5a8","time":1609051810,"event":{"mods":["BaseMod","Colored Map","Colored Powertips","Downfall","Hermit","Hubris","Infinite Spire","Marisa????????","Minty Spire (QoL Compilation)","Remilia??????","StSLib","Td1madao Mod","The Animator","The Bug Knight","The Cursed","The Disciple","The Hierophant","The Jungle","The Servant 0.9.4"],"gold_per_floor":[116,116,128,138,154,187,202,263,263,290,290,290,317,331,331,433,433,443,368,368,368,385,418,437,454,454,474,500,511,511,511,511,511,511],"floor_reached":33,"playtime":2671,"items_purged":[],"score":309,"play_id":"ab9b6920-93c1-499a-8d75-ed81e9c20d71","local_time":"20201226235010","is_ascension_mode":false,"campfire_choices":[{"data":"HollowMod:FocusHealStart","floor":11,"key":"SMITH"},{"data":"hubris:DuctTapeCard","floor":15,"key":"SMITH"},{"floor":30,"key":"REST"},{"floor":32,"key":"REST"}],"circlet_count":0,"master_deck":["HollowMod:NailStrikeStart","HollowMod:NailStrikeStart","HollowMod:NailStrikeStart","HollowMod:NailStrikeStart","HollowMod:QuickDashStart","HollowMod:QuickDashStart","HollowMod:QuickDashStart","HollowMod:FocusHealStart+1","HollowMod:PogoStrike","HollowMod:PureVessel","HollowMod:PerfectDash","HollowMod:BaldurShell","HollowMod:GreatSlash","hubris:DuctTapeCard+2","HollowMod:FallenFury","HollowMod:DashSlash","HollowMod:DoubleDash","HollowMod:FallenFury","HollowMod:CloakDash","HollowMod:HornetsHelp","HollowMod:SoulStrike","HollowMod:SoulMaster","HollowMod:DoubleDash","HollowMod:MonarchWings","HollowMod:theNailsmith","HollowMod:VengefulSpirit","HollowMod:SoulMaster"],"relics":["HollowMod:VesselMask","hubris:DuctTape","StoneCalendar","Turnip","Anchor","hubris:Icosahedron","HollowMod:PaleOreRelic","SlaversCollar","Cauldron","Bag of Preparation","Boot"],"acts_visited":["Exordium","TheCity"],"potions_floor_usage":[10,10,10,13,23,23,25,33,33,33],"damage_taken":[{"damage":6,"enemies":"Jaw Worm","floor":1,"turns":3},{"damage":0,"enemies":"2 Louse","floor":3,"turns":2},{"damage":7,"enemies":"Small Slimes","floor":4,"turns":4},{"damage":3,"enemies":"Red Slaver","floor":5,"turns":4},{"damage":12,"enemies":"3 Sentries","floor":6,"turns":5},{"damage":0,"enemies":"Gremlin Gang","floor":7,"turns":1},{"damage":28,"enemies":"Lagavulin Event","floor":8,"turns":4},{"damage":3,"enemies":"Gremlin Nob","floor":10,"turns":3},{"damage":5,"enemies":"3 Sentries","floor":13,"turns":4},{"damage":0,"enemies":"Exordium Wildlife","floor":14,"turns":1},{"damage":14,"enemies":"Hexaghost","floor":16,"turns":8},{"damage":0,"enemies":"Chosen","floor":18,"turns":3},{"damage":9,"enemies":"HollowMod:HuskSentry","floor":22,"turns":7},{"damage":34,"enemies":"Nightmare","floor":23,"turns":7},{"damage":6,"enemies":"Snake Plant","floor":24,"turns":7},{"damage":15,"enemies":"3 Cultists","floor":25,"turns":7},{"damage":15,"enemies":"Shelled Parasite and Fungi","floor":27,"turns":4},{"damage":10,"enemies":"Book of Stabbing","floor":28,"turns":4},{"damage":17,"enemies":"Chosen and Byrds","floor":29,"turns":7},{"damage":146,"enemies":"Automaton","floor":33,"turns":12}],"seed_played":"7936064241529728139","potions_obtained":[{"floor":3,"key":"FearPotion"},{"floor":4,"key":"Weak Potion"},{"floor":5,"key":"PowerPotion"},{"floor":10,"key":"ColorlessPotion"},{"floor":16,"key":"Energy Potion"},{"floor":20,"key":"CultistPotion"},{"floor":20,"key":"Regen Potion"},{"floor":20,"key":"SkillPotion"},{"floor":24,"key":"Energy Potion"},{"floor":25,"key":"SteroidPotion"},{"floor":31,"key":"Regen Potion"}],"is_trial":false,"path_per_floor":["M","?","M","M","M","E","M","?","T","E","R","?","E","M","R","B",null,"M","?","AVR","?","M","NM","M","M","T","M","E","M","R","?","R","B"],"character_chosen":"THE_BUGKNIGHT","items_purchased":[],"campfire_rested":2,"item_purchase_floors":[],"current_hp_per_floor":[75,57,57,56,59,53,53,31,31,28,28,28,29,29,29,21,75,75,75,75,75,72,44,48,39,39,30,20,3,25,25,47,0,0],"gold":511,"neow_bonus":"ONE_RANDOM_RARE_CARD","is_daily":false,"chose_seed":false,"campfire_upgraded":2,"win_rate":0.0,"timestamp":1609051810,"path_taken":["M","?","M","M","M","E","M","?","T","E","R","?","E","M","R","BOSS","M","?","AVR","?","M","NM","M","M","T","M","E","M","R","?","R","BOSS"],"items_purchased_type":[],"build_version":"2020-12-22","purchased_purges":0,"victory":false,"max_hp_per_floor":[75,75,75,75,75,75,75,75,75,75,75,75,75,75,75,75,75,75,75,75,75,75,75,75,75,75,75,75,75,75,75,75,75,75],"card_choices":[{"not_picked":["HollowMod:InfectedAttack","HollowMod:InfectionAssault"],"picked":"HollowMod:PerfectDash","floor":1},{"not_picked":["infinitespire:SealOfDarkness+","infinitespire:Fortify"],"picked":"hubris:Fate","floor":2},{"not_picked":["HollowMod:SoulSplash","HollowMod:VengefulVoid"],"picked":"HollowMod:BaldurShell","floor":3},{"not_picked":["HollowMod:NewLittleFool","HollowMod:CornifersMapStart"],"picked":"HollowMod:GreatSlash","floor":4},{"not_picked":["HollowMod:PureNailStrike","HollowMod:SharpenedNail"],"picked":"HollowMod:CloakDash","floor":5},{"not_picked":["HollowMod:RecoilStrike","HollowMod:InfectedCysts"],"picked":"HollowMod:FallenFury","floor":6},{"not_picked":["HollowMod:PureVessel","HollowMod:GrimmsGift"],"picked":"HollowMod:DashSlash","floor":7},{"not_picked":["HollowMod:TaintedHusks","HollowMod:CloakDash"],"picked":"HollowMod:DoubleDash","floor":8},{"not_picked":["HollowMod:MothsMistake","HollowMod:DungDefenderAura"],"picked":"HollowMod:FallenFury","floor":10},{"not_picked":["HollowMod:BrokenVessel","HollowMod:RecoilStrike","HollowMod:DescendingDark"],"picked":"SKIP","floor":13},{"not_picked":["HollowMod:RecoilStrike","HollowMod:DreamGate"],"picked":"HollowMod:CloakDash","floor":14},{"not_picked":["HollowMod:NewInfectedGuardian","HollowMod:PureVessel"],"picked":"HollowMod:HornetsHelp","floor":16},{"not_picked":["HollowMod:ShadowDash+1","HollowMod:SiblingsShadow"],"picked":"HollowMod:SoulStrike","floor":18},{"not_picked":["HollowMod:SoulSplash","HollowMod:QuirrelsAssistance"],"picked":"HollowMod:SoulMaster","floor":22},{"not_picked":["HollowMod:NewLittleFool","HollowMod:FastStrike"],"picked":"HollowMod:DoubleDash","floor":23},{"not_picked":["HollowMod:SiblingsSouls","HollowMod:NewJinnsSoul"],"picked":"HollowMod:MonarchWings","floor":24},{"not_picked":["HollowMod:TaintedHusks","HollowMod:SiblingsSouls"],"picked":"HollowMod:theNailsmith","floor":25},{"not_picked":["HollowMod:GoodIntentions","HollowMod:WraithStrike"],"picked":"HollowMod:VengefulSpirit","floor":27},{"not_picked":["HollowMod:DreamGate+1","HollowMod:PerfectDash"],"picked":"HollowMod:SoulMaster","floor":28},{"not_picked":["HollowMod:DoubleDash","HollowMod:GoodIntentions","HollowMod:SharpenedNail+1"],"picked":"SKIP","floor":29}],"player_experience":392295,"relics_obtained":[{"floor":6,"key":"hubris:DuctTape"},{"floor":9,"key":"Turnip"},{"floor":10,"key":"Anchor"},{"floor":13,"key":"HollowMod:PaleOreRelic"},{"floor":23,"key":"Bag of Preparation"},{"floor":28,"key":"Boot"}],"event_choices":[{"damage_healed":0,"gold_gain":0,"player_choice":"Searched \u00272\u0027 times","damage_taken":0,"relics_obtained":["StoneCalendar"],"max_hp_gain":0,"max_hp_loss":0,"event_name":"Dead Adventurer","floor":8,"gold_loss":0},{"cards_removed":["HollowMod:QuickDashStart"],"damage_healed":0,"gold_gain":0,"player_choice":"Gave Gold","damage_taken":0,"max_hp_gain":0,"max_hp_loss":0,"event_name":"Beggar","floor":19,"gold_loss":75},{"damage_healed":0,"gold_gain":0,"player_choice":"Got Potions","damage_taken":0,"max_hp_gain":0,"max_hp_loss":0,"event_name":"Lab","floor":31,"gold_loss":0}],"is_beta":false,"boss_relics":[{"not_picked":["Pandora\u0027s Box","Philosopher\u0027s Stone"],"picked":"SlaversCollar"}],"items_purged_floors":[],"is_endless":true,"potions_floor_spawned":[3,4,5,10,16,24,25],"killed_by":"Automaton","ascension_level":0}}