{"host":"0hb9w7uizu7y13wj","time":1609101004,"event":{"mods":["Act Like it!","Aspiration","BaseMod","BetterRewards","Colored Map","Conspire","Downfall","Energized Spire","FTL Soundtrack","Friendly Minions","Halation","Hubris","Infinite Spire","Minty Spire (QoL Compilation)","Quick Restart","Replay The Spire","StSLib","Synergy Search","The Factory","The Hierophant","The Jungle","The Poker Player","Trackpad","everything is the same but u backflip on backflip","vexMod"],"gold_per_floor":[117,117,21,21,36,67,87,87,87,97,97,97,130,130,130,230,230,245,245,245,259,277,277,304,304,304,321,335,335,335],"floor_reached":29,"playtime":1076,"items_purged":["Injury"],"score":551,"play_id":"f84abc1e-a072-4a45-822b-6e1256f0fb1b","local_time":"20201227203003","is_ascension_mode":true,"campfire_choices":[{"floor":11.0,"key":"REST"},{"data":"Defragment","floor":15.0,"key":"SMITH"},{"data":"Defragment","floor":23.0,"key":"SMITH"},{"data":"Hyperbeam","floor":25.0,"key":"SMITH"}],"circlet_count":0,"master_deck":["Strike_B","Strike_B","Strike_B","Strike_B","Defend_B","Defend_B","Defend_B","Defend_B","Zap","Dualcast","Defragment+1","Defragment+1","hubris:EnhanceAbility","Storm","Ball Lightning","Static Discharge+1","expansioncontent:CaCaw","Replay:Dark Deal","conspire:Banana","Sunder","Self Repair","Heatsinks","Core Surge","Heatsinks+1","Redo+1","Hyperbeam+1","Sweeping Beam"],"relics":["Cracked Core","Mercury Hourglass","Girya","trackpad:ToughGloves","Sling","Cables","PreservedInsect","ReplayTheSpireMod:Ninjato","Frozen Egg 2","ReplayTheSpireMod:TigerMarble","hubris:TinFlute","conspire:BottledYoYo"],"acts_visited":["Exordium","theJungle:Jungle"],"potions_floor_usage":[],"damage_taken":[{"damage":3.0,"enemies":"2 Louse","floor":1.0,"turns":2.0},{"damage":6.0,"enemies":"Cultist","floor":5.0,"turns":4.0},{"damage":6.0,"enemies":"Gremlin Nob","floor":6.0,"turns":3.0},{"damage":0.0,"enemies":"Small Slimes","floor":7.0,"turns":3.0},{"damage":0.0,"enemies":"Blue Slaver","floor":8.0,"turns":1.0},{"damage":7.0,"enemies":"Looter","floor":10.0,"turns":3.0},{"damage":5.0,"enemies":"3 Sentries","floor":13.0,"turns":2.0},{"damage":9.0,"enemies":"The Guardian","floor":16.0,"turns":7.0},{"damage":8.0,"enemies":"theJungle:GiantWrat","floor":18.0,"turns":7.0},{"damage":22.0,"enemies":"theJungle:MUSHROOMGANG","floor":21.0,"turns":3.0},{"damage":18.0,"enemies":"theJungle:Lyon","floor":22.0,"turns":3.0},{"damage":0.0,"enemies":"theJungle:MamaSnecko","floor":24.0,"turns":3.0},{"damage":24.0,"enemies":"Snake Plant","floor":27.0,"turns":3.0},{"damage":3.0,"enemies":"theJungle:2_Snecko_Cultists","floor":28.0,"turns":2.0},{"damage":5,"enemies":"theJungle:2_Phrogs","floor":29,"turns":3}],"seed_played":"1101045149370201016","potions_obtained":[{"floor":5.0,"key":"Adrenaline Potion"},{"floor":6.0,"key":"SmokeBomb"},{"floor":10.0,"key":"AttackPotion"},{"floor":16.0,"key":"Block Potion"},{"floor":22.0,"key":"SteroidPotion"},{"floor":27.0,"key":"FearPotion"}],"is_trial":false,"path_per_floor":["M","?","$","?","M","E","M","M","T","M","R","?","E","?","R","B",null,"M","AVR","?","M","M","R","E","R","T","M","M","E"],"character_chosen":"DEFECT","items_purchased":["Defragment","Mercury Hourglass","hubris:EnhanceAbility","Storm","Ball Lightning","Static Discharge+1","Sling","expansioncontent:CaCaw","Replay:Dark Deal","conspire:Banana"],"campfire_rested":1,"item_purchase_floors":[0,0,0,0,0,0,0,0,0,3],"current_hp_per_floor":[18,18,18,18,13,8,8,9,9,10,33,59,55,55,55,54,74,74,74,74,53,42,42,50,50,50,27,24,20,20],"gold":335,"neow_bonus":"","is_daily":false,"chose_seed":false,"campfire_upgraded":3,"win_rate":0.0,"timestamp":1609101003,"path_taken":["M","?","$","?","M","E","?","M","T","M","R","?","E","?","R","BOSS","M","AVR","?","M","M","R","E","R","T","M","M","E"],"items_purchased_type":["Card","Relic","Card","Card","Card","Card","Relic","Card","Card","Card"],"build_version":"2020-12-22","purchased_purges":1,"victory":false,"max_hp_per_floor":[75,75,75,75,76,77,77,78,78,79,79,79,80,80,80,81,81,82,82,82,83,83,83,84,84,84,85,85,86,86],"card_choices":[{"not_picked":["Fusion","Beam Cell","Coolheaded"],"picked":"SKIP","floor":1.0},{"not_picked":["Coolheaded","Ball Lightning"],"picked":"Sunder","floor":5.0},{"not_picked":["Turbo","Time Bomb","Undo"],"picked":"SKIP","floor":6.0},{"not_picked":["Stack","Capacitor"],"picked":"Self Repair","floor":7.0},{"not_picked":["Turbo","Beam Cell"],"picked":"Heatsinks","floor":10.0},{"not_picked":["Hologram","Aggregate","Beam Cell"],"picked":"SKIP","floor":13.0},{"not_picked":["Multi-Cast","Rainbow"],"picked":"Core Surge","floor":16.0},{"not_picked":["Gash","Go for the Eyes"],"picked":"Heatsinks+1","floor":18.0},{"not_picked":["ReplayTheSpireMod:GoodbyeWorld+1","ReplayTheSpireMod:Reroute Power"],"picked":"Redo+1","floor":21.0},{"not_picked":["Steam","Rebound","ReplayTheSpireMod:GoodbyeWorld+1"],"picked":"SKIP","floor":22.0},{"not_picked":["White Noise+1","Steam"],"picked":"Hyperbeam","floor":24.0},{"not_picked":["Leap","Rebound","conspire:Rain"],"picked":"SKIP","floor":27.0},{"not_picked":["hubris:Ukulele","Ball Lightning"],"picked":"Sweeping Beam","floor":28.0}],"player_experience":910425,"relics_obtained":[{"floor":6.0,"key":"Cables"},{"floor":9.0,"key":"PreservedInsect"},{"floor":13.0,"key":"ReplayTheSpireMod:Ninjato"},{"floor":24.0,"key":"hubris:TinFlute"},{"floor":26.0,"key":"conspire:BottledYoYo"}],"event_choices":[{"damage_healed":0.0,"max_hp_gain":0.0,"max_hp_loss":0.0,"gold_gain":0.0,"event_name":"conspire:LoneGhost","player_choice":"Disagree","floor":2.0,"gold_loss":0.0,"damage_taken":0.0},{"damage_healed":0.0,"max_hp_gain":0.0,"max_hp_loss":0.0,"gold_gain":0.0,"event_name":"WeMeetAgain","player_choice":"Ignored","floor":4.0,"gold_loss":0.0,"damage_taken":0.0},{"damage_healed":26.0,"max_hp_gain":0.0,"max_hp_loss":0.0,"gold_gain":0.0,"event_name":"Big Fish","player_choice":"Banana","floor":12.0,"gold_loss":0.0,"damage_taken":0.0}],"is_beta":false,"boss_relics":[{"not_picked":["trackpad:StolenKidneys","halation:PinkAlligatorPlush","halation:ForbiddenBikini"]}],"items_purged_floors":[19],"is_endless":false,"potions_floor_spawned":[5,6,10,16,22,27],"killed_by":"theJungle:2_Phrogs","ascension_level":9}}