{"host":"dcj2yvrgcvh5dl2s","time":1609066997,"event":{"mods":["BaseMod","Better Note","Block Reminder","Colored Powertips","DeckTracker","Minty Spire (QoL Compilation)","Quick Restart","Rare Cards Sparkle","Relic Stats","StSLib"],"gold_per_floor":[112,130,130,130,150,150,150,75,100,135,60,78,78,114,114,114,114],"floor_reached":16,"playtime":751,"items_purged":["Strike_R"],"score":200,"play_id":"8f474fa5-ded5-4237-8eba-eb8983194c0f","local_time":"20201227210317","is_ascension_mode":true,"campfire_choices":[{"data":"Metallicize","floor":7,"key":"SMITH"},{"floor":13,"key":"REST"},{"floor":15,"key":"REST"}],"circlet_count":0,"master_deck":["AscendersBane","Strike_R","Strike_R","Strike_R","Strike_R","Defend_R","Defend_R","Defend_R","Defend_R","Bash","Metallicize+1","Searing Blow","Berserk"],"relics":["Burning Blood","NeowsBlessing","Golden Idol","Juzu Bracelet","Strawberry","Ornamental Fan","Regal Pillow"],"acts_visited":["Exordium"],"potions_floor_usage":[10,14,14],"damage_taken":[{"damage":0,"enemies":"2 Louse","floor":1,"turns":1},{"damage":0,"enemies":"Small Slimes","floor":2,"turns":1},{"damage":0,"enemies":"Jaw Worm","floor":5,"turns":1},{"damage":27,"enemies":"Lagavulin","floor":10,"turns":6},{"damage":10,"enemies":"Blue Slaver","floor":12,"turns":6},{"damage":24,"enemies":"Gremlin Nob","floor":14,"turns":4},{"damage":77,"enemies":"Hexaghost","floor":16,"turns":9}],"seed_played":"-7968058455925243717","potions_obtained":[{"floor":1,"key":"Explosive Potion"},{"floor":2,"key":"AttackPotion"},{"floor":10,"key":"Fire Potion"}],"is_trial":false,"path_per_floor":["M","M","?","?","M","?","R","?","T","E","$","M","R","E","R","B"],"character_chosen":"IRONCLAD","items_purchased":[],"campfire_rested":2,"item_purchase_floors":[],"current_hp_per_floor":[74,75,68,42,48,48,48,48,55,34,34,30,54,36,75,0,0],"gold":114,"neow_bonus":"THREE_ENEMY_KILL","is_daily":false,"chose_seed":false,"campfire_upgraded":1,"win_rate":0.0,"timestamp":1609066997,"path_taken":["M","M","?","?","M","?","R","?","T","E","$","M","R","E","R","BOSS"],"items_purchased_type":[],"build_version":"2020-12-22","purchased_purges":1,"victory":false,"max_hp_per_floor":[75,75,75,75,75,75,75,75,82,82,82,82,82,82,82,82,82],"relic_stats":{"Regal Pillow":15,"counters":[7,28],"Golden Idol":22,"Ornamental Fan":[4],"Juzu Bracelet":1,"obtain_stats":[{"Regal Pillow":14,"NeowsBlessing":0,"Golden Idol":4,"Ornamental Fan":10,"Strawberry":9,"Juzu Bracelet":6,"Burning Blood":0},{"Regal Pillow":6,"NeowsBlessing":0,"Golden Idol":2,"Ornamental Fan":4,"Strawberry":3,"Juzu Bracelet":3,"Burning Blood":0},{"Regal Pillow":19,"NeowsBlessing":0,"Golden Idol":2,"Ornamental Fan":9,"Strawberry":3,"Juzu Bracelet":3,"Burning Blood":0}],"Burning Blood":31},"card_choices":[{"not_picked":["Blood for Blood","True Grit"],"picked":"Clash","floor":1},{"not_picked":["Clothesline","Anger","Armaments"],"picked":"SKIP","floor":2},{"not_picked":["Headbutt","Cleave"],"picked":"Metallicize","floor":5},{"not_picked":["Body Slam","Cleave"],"picked":"Searing Blow","floor":10},{"not_picked":["Clash","Wild Strike"],"picked":"Berserk","floor":12},{"not_picked":["Perfected Strike","Heavy Blade","Cleave"],"picked":"SKIP","floor":14}],"player_experience":2071082,"relics_obtained":[{"floor":9,"key":"Strawberry"},{"floor":10,"key":"Ornamental Fan"},{"floor":14,"key":"Regal Pillow"}],"event_choices":[{"cards_removed":["Clash"],"damage_healed":0,"gold_gain":0,"player_choice":"Card Removal","damage_taken":7,"max_hp_gain":0,"max_hp_loss":0,"event_name":"Golden Wing","floor":3,"gold_loss":0},{"damage_healed":0,"gold_gain":0,"player_choice":"Take Damage","damage_taken":26,"relics_obtained":["Golden Idol"],"max_hp_gain":0,"max_hp_loss":0,"event_name":"Golden Idol","floor":4,"gold_loss":0},{"damage_healed":0,"gold_gain":0,"player_choice":"Box","damage_taken":0,"relics_obtained":["Juzu Bracelet"],"max_hp_gain":0,"max_hp_loss":0,"event_name":"Big Fish","floor":6,"gold_loss":0,"cards_obtained":["Regret"]},{"cards_removed":["Regret"],"damage_healed":0,"gold_gain":0,"player_choice":"Card Removal","damage_taken":0,"max_hp_gain":0,"max_hp_loss":0,"event_name":"The Cleric","floor":8,"gold_loss":75}],"is_beta":false,"boss_relics":[],"items_purged_floors":[11],"is_endless":false,"potions_floor_spawned":[1,2,10],"killed_by":"Hexaghost","ascension_level":17}}