{"host":"6pgtslebjnyv5xmi","time":1609071786,"event":{"mods":["AchievementEnabler","BaseMod","Colored Map","Minty Spire (QoL Compilation)","Rare Cards Sparkle","StSLib","SuperFastMode","everything is the same but u backflip on backflip"],"gold_per_floor":[110,126,126,140,140,140,150,174,200,200,52,52,52,95,95,220,220,243,158,203,103,137,137,172,172,181,205,205,237,237,265,265,391,391,424,424,119,128,200,200,75,88,121,152,7,7,7,31,40,40],"floor_reached":51,"playtime":2881,"items_purged":["Strike_R","Bash","Defend_R"],"score":1074,"play_id":"a34cdf6d-bbd6-4708-ad7d-b953ff27b93e","local_time":"20201227212306","is_ascension_mode":true,"campfire_choices":[{"data":"Power Through","floor":6.0,"key":"SMITH"},{"data":"Seeing Red","floor":10.0,"key":"SMITH"},{"data":"Evolve","floor":13.0,"key":"SMITH"},{"data":"Wild Strike","floor":15.0,"key":"SMITH"},{"data":"Fire Breathing","floor":23.0,"key":"SMITH"},{"data":"Double Tap","floor":25.0,"key":"SMITH"},{"floor":28.0,"key":"REST"},{"data":"Barricade","floor":32.0,"key":"SMITH"},{"data":"Body Slam","floor":40.0,"key":"SMITH"},{"floor":46,"key":"REST"},{"floor":49,"key":"REST"}],"circlet_count":0,"master_deck":["Defend_R+1","Defend_R+1","Seeing Red+1","Flex+1","Power Through+1","Wild Strike+1","Evolve+1","Thunderclap","Double Tap+1","Bite","Bite","Bite","Bite","Bite","Fire Breathing+1","True Grit+1","Barricade+1","Feel No Pain+1","Body Slam+1","Apotheosis+1","Panacea+1","Shrug It Off+1","Decay","Disarm+1"],"relics":["Burning Blood","NeowsBlessing","Odd Mushroom","Strawberry","Golden Idol","War Paint","Cursed Key","CeramicFish","WingedGreaves","Toxic Egg 2","Empty Cage","Dream Catcher","Unceasing Top","Oddly Smooth Stone","Juzu Bracelet","OrangePellets"],"acts_visited":["Exordium","TheCity","TheBeyond"],"potions_floor_usage":[44,44,50],"damage_taken":[{"damage":0.0,"enemies":"Jaw Worm","floor":1.0,"turns":1.0},{"damage":0.0,"enemies":"Cultist","floor":2.0,"turns":1.0},{"damage":0.0,"enemies":"2 Louse","floor":4.0,"turns":1.0},{"damage":12.0,"enemies":"Exordium Thugs","floor":7.0,"turns":4.0},{"damage":29.0,"enemies":"The Mushroom Lair","floor":8.0,"turns":6.0},{"damage":30.0,"enemies":"3 Sentries","floor":14.0,"turns":13.0},{"damage":34.0,"enemies":"Hexaghost","floor":16.0,"turns":10.0},{"damage":12.0,"enemies":"3 Byrds","floor":18.0,"turns":4.0},{"damage":3.0,"enemies":"2 Thieves","floor":22.0,"turns":4.0},{"damage":38.0,"enemies":"Book of Stabbing","floor":24.0,"turns":5.0},{"damage":43.0,"enemies":"Shelled Parasite and Fungi","floor":27.0,"turns":7.0},{"damage":26.0,"enemies":"Snake Plant","floor":29.0,"turns":5.0},{"damage":3.0,"enemies":"Chosen and Byrds","floor":31.0,"turns":6.0},{"damage":0.0,"enemies":"Champ","floor":33.0,"turns":13.0},{"damage":59.0,"enemies":"3 Darklings","floor":35.0,"turns":9.0},{"damage":31.0,"enemies":"Mind Bloom Boss Battle","floor":39.0,"turns":8.0},{"damage":25.0,"enemies":"Orb Walker","floor":42.0,"turns":4.0},{"damage":28,"enemies":"Reptomancer","floor":44,"turns":6},{"damage":9,"enemies":"4 Shapes","floor":48,"turns":4},{"damage":45,"enemies":"Awakened One","floor":50,"turns":11}],"seed_played":"-7671784881298409494","potions_obtained":[{"floor":2.0,"key":"ColorlessPotion"},{"floor":3.0,"key":"Regen Potion"},{"floor":3.0,"key":"Dexterity Potion"},{"floor":7.0,"key":"SkillPotion"},{"floor":14.0,"key":"BlessingOfTheForge"},{"floor":24.0,"key":"AttackPotion"},{"floor":29.0,"key":"SpeedPotion"},{"floor":31.0,"key":"Ancient Potion"},{"floor":35.0,"key":"ElixirPotion"},{"floor":42.0,"key":"FearPotion"},{"floor":48,"key":"SkillPotion"}],"is_trial":false,"path_per_floor":["M","M","?","M","?","R","M","?","T","R","$","?","R","E","R","B",null,"M","?","?","$","M","R","E","R","T","M","R","M","?","M","R","B",null,"M","?","$","?","?","R","$","M","T","E","$","R","?","M","R","B",null],"character_chosen":"IRONCLAD","items_purchased":["Evolve","Apotheosis+1","Dream Catcher","OrangePellets"],"campfire_rested":3,"item_purchase_floors":[11,37,37,45],"current_hp_per_floor":[78,80,80,80,80,80,74,51,58,58,58,58,58,49,49,21,66,60,60,56,56,56,56,42,42,42,23,39,33,33,50,50,56,56,27,27,27,27,37,37,37,35,35,29,29,45,45,45,56,56],"gold":40,"neow_bonus":"THREE_ENEMY_KILL","is_daily":false,"chose_seed":false,"campfire_upgraded":8,"win_rate":0.0,"timestamp":1609071786,"path_taken":["M","M","?","?","?","R","?","?","T","R","$","?","R","E","R","BOSS","M","?","?","$","M","R","E","R","T","M","R","M","?","M","R","BOSS","M","?","$","?","?","R","$","?","T","E","?","R","?","M","R","BOSS"],"items_purchased_type":["Card","Card","Relic","Relic"],"build_version":"2020-12-22","purchased_purges":3,"victory":true,"max_hp_per_floor":[80,80,80,80,80,80,80,80,87,87,87,81,81,81,81,81,81,81,81,56,56,56,56,56,56,56,56,56,56,56,56,56,56,56,56,56,56,56,56,56,56,56,56,56,56,56,56,56,56,56],"card_choices":[{"not_picked":["Shrug It Off","Thunderclap"],"picked":"Seeing Red","floor":1.0},{"not_picked":["Bloodletting","Clothesline"],"picked":"Flex","floor":2.0},{"not_picked":["Clash","Shrug It Off"],"picked":"Power Through","floor":4.0},{"not_picked":["Battle Trance","Headbutt"],"picked":"Wild Strike","floor":7.0},{"not_picked":["Pommel Strike","Seeing Red"],"picked":"Thunderclap","floor":14.0},{"not_picked":["Limit Break","Juggernaut"],"picked":"Double Tap","floor":16.0},{"not_picked":["Anger","Whirlwind","Warcry"],"picked":"SKIP","floor":18.0},{"not_picked":["Wild Strike","Searing Blow+1"],"picked":"Fire Breathing","floor":22.0},{"not_picked":["Havoc","Disarm","Rampage"],"picked":"SKIP","floor":24.0},{"not_picked":["Havoc","Disarm","Rampage"],"picked":"SKIP","floor":24.0},{"not_picked":["Twin Strike","Perfected Strike"],"picked":"True Grit+1","floor":27.0},{"not_picked":["Infernal Blade+1","Shrug It Off+1"],"picked":"Barricade","floor":29.0},{"not_picked":["Rage+1","True Grit+1"],"picked":"Feel No Pain+1","floor":31.0},{"not_picked":["Whirlwind+1","Pommel Strike+1"],"picked":"Body Slam","floor":35.0},{"not_picked":["Thinking Ahead+1","Flash of Steel"],"picked":"Panacea+1","floor":38.0},{"not_picked":["Twin Strike+1","Cleave+1"],"picked":"Shrug It Off+1","floor":39.0},{"not_picked":["Havoc+1","Body Slam","Cleave+1"],"picked":"SKIP","floor":42.0},{"not_picked":["Headbutt","Brutality","Sword Boomerang+1"],"picked":"SKIP","floor":44},{"not_picked":["Heavy Blade+1","Anger","Armaments+1"],"picked":"SKIP","floor":48},{"not_picked":["Bloodletting+1","Headbutt"],"picked":"Disarm+1","floor":49}],"player_experience":517024,"relics_obtained":[{"floor":8.0,"key":"Odd Mushroom"},{"floor":9.0,"key":"Strawberry"},{"floor":14.0,"key":"War Paint"},{"floor":24.0,"key":"WingedGreaves"},{"floor":26.0,"key":"Toxic Egg 2"},{"floor":39.0,"key":"Unceasing Top"},{"floor":43.0,"key":"Oddly Smooth Stone"},{"floor":44,"key":"Juzu Bracelet"}],"event_choices":[{"damage_healed":0.0,"max_hp_gain":0.0,"max_hp_loss":0.0,"gold_gain":0.0,"event_name":"Lab","player_choice":"Got Potions","floor":3.0,"gold_loss":0.0,"damage_taken":0.0},{"damage_healed":0.0,"max_hp_gain":0.0,"max_hp_loss":0.0,"gold_gain":0.0,"event_name":"Upgrade Shrine","player_choice":"Upgraded","floor":5.0,"gold_loss":0.0,"damage_taken":0.0,"cards_upgraded":["Flex"]},{"damage_healed":0.0,"max_hp_gain":0.0,"max_hp_loss":0.0,"gold_gain":0.0,"event_name":"Mushrooms","player_choice":"Fought Mushrooms","floor":8.0,"gold_loss":0.0,"damage_taken":0.0},{"damage_healed":0.0,"max_hp_gain":0.0,"max_hp_loss":6.0,"gold_gain":0.0,"event_name":"Golden Idol","player_choice":"Lose Max HP","floor":12.0,"gold_loss":0.0,"damage_taken":0.0,"relics_obtained":["Golden Idol"]},{"damage_healed":0.0,"max_hp_gain":0.0,"max_hp_loss":0.0,"gold_gain":0.0,"event_name":"Addict","player_choice":"Obtained Relic","floor":19.0,"gold_loss":85.0,"damage_taken":0.0,"relics_obtained":["CeramicFish"]},{"damage_healed":0.0,"max_hp_gain":0.0,"max_hp_loss":25.0,"gold_gain":0.0,"event_name":"Vampires","player_choice":"Became a vampire","floor":20.0,"gold_loss":0.0,"damage_taken":0.0,"cards_obtained":["Bite","Bite","Bite","Bite","Bite"]},{"damage_healed":0.0,"max_hp_gain":0.0,"max_hp_loss":0.0,"gold_gain":0.0,"event_name":"Cursed Tome","player_choice":"Ignored","floor":30.0,"gold_loss":0.0,"damage_taken":0.0},{"damage_healed":0.0,"max_hp_gain":0.0,"max_hp_loss":0.0,"gold_gain":0.0,"event_name":"Mysterious Sphere","player_choice":"Ignored","floor":36.0,"gold_loss":0.0,"damage_taken":0.0},{"damage_healed":0.0,"max_hp_gain":0.0,"max_hp_loss":0.0,"gold_gain":0.0,"event_name":"SensoryStone","player_choice":"Memory 1","floor":38.0,"gold_loss":0.0,"damage_taken":0.0},{"damage_healed":0.0,"max_hp_gain":0.0,"max_hp_loss":0.0,"gold_gain":0.0,"event_name":"MindBloom","player_choice":"Fight","floor":39.0,"gold_loss":0.0,"damage_taken":0.0},{"damage_healed":0,"gold_gain":0,"player_choice":"Ignored","damage_taken":0,"max_hp_gain":0,"max_hp_loss":0,"event_name":"WeMeetAgain","floor":47,"gold_loss":0}],"is_beta":false,"boss_relics":[{"not_picked":["Snecko Eye","Philosopher\u0027s Stone"],"picked":"Cursed Key"},{"not_picked":["Black Star","Busted Crown"],"picked":"Empty Cage"}],"items_purged_floors":[11,21,41],"is_endless":false,"potions_floor_spawned":[2,7,14,24,29,31,35,42,48],"ascension_level":9}}