{"host":"ryuep8ewa00k39z9","time":1609107610,"event":{"mods":["AchievementEnabler","BaseMod","Best Route Mod","Colored Map","Colored Powertips","Displayed Cursed Tome","Highlight Path","Minty Spire (QoL Compilation)","Quick Restart","SuperFastMode"],"gold_per_floor":[119,119,119,119,130,130,29,29,75,75,92,107,137,151,151,250,250,264,174,39,66,77,77,112,112,112,112,144,144,144,155,155,257,257,270,270,270,286,336,371,53,84,84,84,114,114,114,0,0,0,0,0,0,35,35],"floor_reached":56,"playtime":15117,"items_purged":["Defend_B","Strike_B","Defend_B"],"score":1444,"play_id":"2280f473-ee90-4eea-9659-79ae7efd04cb","local_time":"20201227162010","is_ascension_mode":true,"campfire_choices":[{"data":"Blizzard","floor":6.0,"key":"SMITH"},{"data":"Coolheaded","floor":8.0,"key":"SMITH"},{"data":"Dualcast","floor":10.0,"key":"SMITH"},{"data":"Blizzard","floor":15.0,"key":"SMITH"},{"data":"Chill","floor":23.0,"key":"SMITH"},{"floor":25.0,"key":"REST"},{"floor":30.0,"key":"REST"},{"floor":32.0,"key":"REST"},{"floor":44.0,"key":"RECALL"},{"data":"Echo Form","floor":46.0,"key":"SMITH"},{"data":"Creative AI","floor":49.0,"key":"SMITH"},{"data":"Defragment","floor":52.0,"key":"SMITH"}],"circlet_count":0,"master_deck":["Defend_B","Defend_B+1","Zap","Dualcast+1","Hyperbeam+1","Coolheaded+1","Blizzard+1","Coolheaded+1","Coolheaded+1","Blizzard+1","Coolheaded","Amplify+1","Chill+1","Glacier","Glacier","Defragment+1","Creative AI+1","Trip+1","Blizzard+1","Defragment+1","Loop","Echo Form+1"],"relics":["Cracked Core","Dream Catcher","Art of War","Runic Pyramid","Omamori","FossilizedHelix","White Beast Statue","InkBottle","Oddly Smooth Stone","Calling Bell","Juzu Bracelet","Toxic Egg 2","Ginger","Dead Branch","Anchor","Lee\u0027s Waffle","War Paint","Nunchaku","Red Mask","Whetstone"],"acts_visited":["TheCity","TheBeyond","TheEnding"],"potions_floor_usage":[],"damage_taken":[{"damage":6.0,"enemies":"Jaw Worm","floor":1.0,"turns":4.0},{"damage":0.0,"enemies":"Small Slimes","floor":5.0,"turns":1.0},{"damage":0.0,"enemies":"Cultist","floor":11.0,"turns":2.0},{"damage":2.0,"enemies":"Red Slaver","floor":12.0,"turns":2.0},{"damage":11.0,"enemies":"Lagavulin","floor":13.0,"turns":9.0},{"damage":0.0,"enemies":"Gremlin Gang","floor":14.0,"turns":1.0},{"damage":15.0,"enemies":"Slime Boss","floor":16.0,"turns":7.0},{"damage":21.0,"enemies":"2 Thieves","floor":18.0,"turns":3.0},{"damage":8.0,"enemies":"Shell Parasite","floor":22.0,"turns":5.0},{"damage":26.0,"enemies":"Slavers","floor":24.0,"turns":4.0},{"damage":7.0,"enemies":"Book of Stabbing","floor":28.0,"turns":6.0},{"damage":0.0,"enemies":"Snecko","floor":31.0,"turns":6.0},{"damage":3.0,"enemies":"Collector","floor":33.0,"turns":10.0},{"damage":0.0,"enemies":"3 Shapes","floor":35.0,"turns":4.0},{"damage":6.0,"enemies":"3 Darklings","floor":38.0,"turns":4.0},{"damage":6.0,"enemies":"Mind Bloom Boss Battle","floor":39.0,"turns":8.0},{"damage":22.0,"enemies":"Nemesis","floor":40.0,"turns":9.0},{"damage":9.0,"enemies":"Reptomancer","floor":42.0,"turns":8.0},{"damage":0.0,"enemies":"Nemesis","floor":45.0,"turns":7.0},{"damage":0.0,"enemies":"Awakened One","floor":50.0,"turns":14.0},{"damage":10.0,"enemies":"Shield and Spear","floor":54.0,"turns":5.0},{"damage":42,"enemies":"The Heart","floor":55,"turns":12}],"seed_played":"13080253443704331","potions_obtained":[{"floor":1.0,"key":"Swift Potion"},{"floor":5.0,"key":"Fire Potion"},{"floor":16.0,"key":"Strength Potion"},{"floor":22.0,"key":"DuplicationPotion"},{"floor":28.0,"key":"EssenceOfSteel"},{"floor":33.0,"key":"SmokeBomb"},{"floor":38.0,"key":"Strength Potion"},{"floor":39.0,"key":"ColorlessPotion"},{"floor":40.0,"key":"Explosive Potion"},{"floor":42.0,"key":"Ancient Potion"},{"floor":45.0,"key":"Fire Potion"},{"floor":54.0,"key":"PowerPotion"}],"is_trial":false,"path_per_floor":["M","?","?","?","M","R","$","R","T","R","M","M","E","M","R","B",null,"M","?","$","T","M","R","E","R","T","?","E","T","R","M","R","B",null,"M","?","?","M","?","E","$","E","T","R","E","R","?","?","R","B",null,"R","$","E","B",null],"character_chosen":"DEFECT","items_purchased":["Coolheaded","Chill","Lee\u0027s Waffle","Loop"],"campfire_rested":3,"item_purchase_floors":[7,20,41,41],"current_hp_per_floor":[62,62,55,55,55,55,55,55,55,55,55,53,42,42,42,27,68,47,47,47,47,39,39,13,33,33,33,26,26,46,46,66,63,68,68,68,68,62,56,34,75,66,66,66,66,66,66,66,66,66,75,75,75,65,23],"gold":35,"neow_bonus":"THREE_RARE_CARDS","is_daily":false,"chose_seed":false,"campfire_upgraded":8,"win_rate":0.0,"timestamp":1609107610,"path_taken":["M","?","?","?","?","R","?","R","T","R","?","M","E","M","R","BOSS","M","?","$","?","?","R","E","R","T","?","E","?","R","M","R","BOSS","M","?","?","M","?","E","$","E","T","R","E","R","?","?","R","BOSS","R","$","E","BOSS"],"items_purchased_type":["Card","Card","Relic","Card"],"build_version":"2020-12-22","purchased_purges":3,"victory":true,"max_hp_per_floor":[68,68,68,68,68,68,68,68,68,68,68,68,68,68,68,68,68,68,68,68,68,68,68,68,68,68,68,68,68,68,68,68,68,68,68,68,68,68,68,68,75,75,75,75,75,75,75,75,75,75,75,75,75,75,75],"card_choices":[{"not_picked":["Seek","Thunder Strike"],"picked":"Hyperbeam","floor":0.0},{"not_picked":["Loop","Turbo"],"picked":"Coolheaded","floor":1.0},{"not_picked":["Beam Cell","Redo"],"picked":"Blizzard","floor":5.0},{"not_picked":["Reinforced Body","Sweeping Beam"],"picked":"Coolheaded","floor":11.0},{"not_picked":["Leap","Recycle","FTL"],"picked":"SKIP","floor":12.0},{"not_picked":["Gash","Multi-Cast"],"picked":"Blizzard","floor":13.0},{"not_picked":["Barrage","Turbo"],"picked":"Coolheaded","floor":14.0},{"not_picked":["Reboot","Biased Cognition"],"picked":"Amplify","floor":16.0},{"not_picked":["Gash","Rip and Tear+1","Beam Cell"],"picked":"SKIP","floor":18.0},{"not_picked":["Beam Cell+1","Steam","Darkness+1"],"picked":"SKIP","floor":22.0},{"not_picked":["Force Field","Redo+1","Gash"],"picked":"SKIP","floor":24.0},{"not_picked":["Leap+1","Beam Cell"],"picked":"Glacier","floor":28.0},{"not_picked":["Streamline+1","Heatsinks"],"picked":"Glacier","floor":30.0},{"not_picked":["Conserve Battery","Rebound+1"],"picked":"Defragment","floor":31.0},{"not_picked":["Thunder Strike","Rainbow"],"picked":"Creative AI","floor":33.0},{"not_picked":["Redo+1","Steam+1","Conserve Battery+1"],"picked":"SKIP","floor":35.0},{"not_picked":["Violence+1","Chrysalis+1"],"picked":"Trip+1","floor":36.0},{"not_picked":["Streamline","Barrage+1","Coolheaded+1"],"picked":"SKIP","floor":38.0},{"not_picked":["Cold Snap+1","Force Field+1"],"picked":"Defragment+1","floor":40.0},{"not_picked":["Rebound","Conserve Battery+1"],"picked":"Echo Form","floor":42.0},{"not_picked":["Gash+1","Force Field+1","Cold Snap+1"],"picked":"SKIP","floor":45.0},{"not_picked":["Turbo+1","BootSequence+1","Redo+1"],"picked":"SKIP","floor":54.0}],"player_experience":3545324,"relics_obtained":[{"floor":9.0,"key":"Dream Catcher"},{"floor":13.0,"key":"Art of War"},{"floor":21.0,"key":"Omamori"},{"floor":24.0,"key":"FossilizedHelix"},{"floor":26.0,"key":"White Beast Statue"},{"floor":28.0,"key":"InkBottle"},{"floor":29.0,"key":"Oddly Smooth Stone"},{"floor":34.0,"key":"Juzu Bracelet"},{"floor":34.0,"key":"Toxic Egg 2"},{"floor":34.0,"key":"Ginger"},{"floor":39.0,"key":"Dead Branch"},{"floor":40.0,"key":"Anchor"},{"floor":42.0,"key":"War Paint"},{"floor":45.0,"key":"Nunchaku"},{"floor":54.0,"key":"Whetstone"}],"event_choices":[{"damage_healed":0.0,"max_hp_gain":0.0,"max_hp_loss":0.0,"gold_gain":0.0,"event_name":"Living Wall","player_choice":"Grow","floor":2.0,"gold_loss":0.0,"damage_taken":0.0,"cards_upgraded":["Hyperbeam"]},{"cards_removed":["Strike_B"],"damage_healed":0.0,"max_hp_gain":0.0,"max_hp_loss":0.0,"gold_gain":0.0,"event_name":"Golden Wing","player_choice":"Card Removal","floor":3.0,"gold_loss":0.0,"damage_taken":7.0},{"damage_healed":0.0,"max_hp_gain":0.0,"max_hp_loss":0.0,"gold_gain":0.0,"event_name":"Upgrade Shrine","player_choice":"Upgraded","floor":4.0,"gold_loss":0.0,"damage_taken":0.0,"cards_upgraded":["Coolheaded"]},{"cards_removed":["Strike_B"],"damage_healed":0.0,"max_hp_gain":0.0,"max_hp_loss":0.0,"gold_gain":0.0,"event_name":"Designer","player_choice":"Upgrade and Remove","floor":19.0,"gold_loss":90.0,"damage_taken":0.0,"cards_upgraded":["Defend_B"]},{"damage_healed":0.0,"max_hp_gain":0.0,"max_hp_loss":0.0,"gold_gain":0.0,"event_name":"Forgotten Altar","player_choice":"Smashed Altar","floor":27.0,"gold_loss":0.0,"damage_taken":0.0,"cards_obtained":["Decay"]},{"damage_healed":0.0,"max_hp_gain":0.0,"max_hp_loss":0.0,"gold_gain":0.0,"event_name":"SensoryStone","player_choice":"Memory 1","floor":36.0,"gold_loss":0.0,"damage_taken":0.0},{"damage_healed":0.0,"max_hp_gain":0.0,"max_hp_loss":0.0,"gold_gain":0.0,"event_name":"Match and Keep!","player_choice":"1 cards matched","floor":37.0,"gold_loss":0.0,"damage_taken":0.0,"cards_obtained":["Blizzard"]},{"damage_healed":0.0,"max_hp_gain":0.0,"max_hp_loss":0.0,"gold_gain":0.0,"event_name":"MindBloom","player_choice":"Fight","floor":39.0,"gold_loss":0.0,"damage_taken":0.0},{"cards_removed":["Strike_B"],"damage_healed":0.0,"max_hp_gain":0.0,"max_hp_loss":0.0,"gold_gain":0.0,"event_name":"Falling","player_choice":"Removed Attack","floor":47.0,"gold_loss":0.0,"damage_taken":0.0},{"damage_healed":0.0,"max_hp_gain":0.0,"max_hp_loss":0.0,"gold_gain":0.0,"event_name":"Tomb of Lord Red Mask","player_choice":"Paid","floor":48.0,"gold_loss":114.0,"damage_taken":0.0,"relics_obtained":["Red Mask"]}],"is_beta":false,"boss_relics":[{"not_picked":["Runic Dome","Sozu"],"picked":"Runic Pyramid"},{"not_picked":["Snecko Eye","Nuclear Battery"],"picked":"Calling Bell"}],"items_purged_floors":[7,20,41],"is_endless":false,"potions_floor_spawned":[1,5,16,22,28,31,33,35,38,39,40,42,45,54],"ascension_level":2}}