{"host":"yvb207ks1sg3cxef","time":1609068312,"event":{"mods":["2.2 Compatiblity","BaseMod","Bestiary","Colored Powertips","Minty Spire (QoL Compilation)","Permanent Neow","Quick Restart","Relic Stats","StSLib"],"gold_per_floor":[117,117,136,150,225,225,225],"floor_reached":6,"playtime":207,"items_purged":[],"score":68,"play_id":"8ac19a93-d0c7-418a-a4d3-a0dfc2536909","local_time":"20201227165512","is_ascension_mode":true,"campfire_choices":[],"circlet_count":0,"master_deck":["AscendersBane","Strike_G","Strike_G","Strike_G","Strike_G","Strike_G","Defend_G","Defend_G","Defend_G","Defend_G","Defend_G","Survivor","Neutralize","Skewer","Acrobatics","Flying Knee"],"relics":["Fusion Hammer","Anchor"],"acts_visited":["Exordium"],"potions_floor_usage":[],"damage_taken":[{"damage":1.0,"enemies":"2 Louse","floor":1.0,"turns":4.0},{"damage":0,"enemies":"Jaw Worm","floor":3,"turns":3},{"damage":1,"enemies":"Small Slimes","floor":4,"turns":3},{"damage":25,"enemies":"3 Sentries","floor":6,"turns":6}],"seed_played":"5916452935113871543","potions_obtained":[{"floor":4,"key":"LiquidBronze"}],"is_trial":false,"path_per_floor":["M","?","M","M","?","E"],"character_chosen":"THE_SILENT","items_purchased":[],"campfire_rested":0,"item_purchase_floors":[],"current_hp_per_floor":[58,53,53,52,41,16,16],"gold":225,"neow_bonus":"BOSS_RELIC","is_daily":false,"chose_seed":false,"campfire_upgraded":0,"win_rate":0.0,"timestamp":1609068312,"path_taken":["M","?","M","M","?","E"],"items_purchased_type":[],"build_version":"2020-12-22","purchased_purges":0,"victory":false,"max_hp_per_floor":[66,66,66,66,66,66,66],"relic_stats":{"counters":[4,16],"obtain_stats":[{"Anchor":2,"Fusion Hammer":0,"Ring of the Snake":0},{"Anchor":1,"Fusion Hammer":0,"Ring of the Snake":0},{"Anchor":4,"Fusion Hammer":0,"Ring of the Snake":0}]},"card_choices":[{"not_picked":["Prepared","Cloak And Dagger"],"picked":"Skewer","floor":1.0},{"not_picked":["Setup","PiercingWail"],"picked":"Acrobatics","floor":3},{"not_picked":["Calculated Gamble","Slice"],"picked":"Flying Knee","floor":4}],"player_experience":234019,"relics_obtained":[],"event_choices":[{"damage_healed":0.0,"max_hp_gain":0.0,"max_hp_loss":0.0,"gold_gain":0.0,"event_name":"Scrap Ooze","player_choice":"Success","floor":2.0,"gold_loss":0.0,"damage_taken":5.0,"relics_obtained":["Anchor"]},{"damage_healed":0,"gold_gain":75,"player_choice":"Gather Gold","damage_taken":11,"max_hp_gain":0,"max_hp_loss":0,"event_name":"World of Goop","floor":5,"gold_loss":0}],"is_beta":false,"boss_relics":[],"items_purged_floors":[],"is_endless":false,"potions_floor_spawned":[4],"killed_by":"3 Sentries","ascension_level":18}}