{"host":"6dypmz777xraikqf","time":1609027842,"event":{"mods":["AchievementEnabler","BaseMod","BetterRewards","Colored Map","Colored Powertips","Downfall","Highlight Path","Hubris","Infinite Spire","Minty Spire (QoL Compilation)","Replay The Spire","StSLib"],"gold_per_floor":[118,135,155,173,173,205,205,130,130,130,130,143,159,159,179,210,210,210,210],"floor_reached":18,"playtime":588,"items_purged":["Defend_R"],"score":124,"play_id":"45748809-5b22-4acd-a940-def044ee4acb","local_time":"20201227001042","is_ascension_mode":false,"campfire_choices":[{"data":"ReplayTheSpireMod:Strike From Hell","floor":7,"key":"SMITH"},{"floor":17,"key":"REST"}],"circlet_count":0,"master_deck":["Strike_R","Strike_R","Strike_R","Strike_R","Strike_R","Defend_R","Defend_R","Defend_R","Bash","Perfected Strike","ReplayTheSpireMod:Strike From Hell+1","Shrug It Off","Sword Boomerang","Cleave","Battle Trance","hubris:SharpeningStone","Barricade","Perfected Strike"],"relics":["Burning Blood","NeowsBlessing","hubris:OldNail","Bronze Scales","Mummified Hand","NlothsMask","Matryoshka"],"acts_visited":["Exordium"],"potions_floor_usage":[18],"damage_taken":[{"damage":0,"enemies":"Cultist","floor":1,"turns":1},{"damage":0,"enemies":"Small Slimes","floor":2,"turns":1},{"damage":0,"enemies":"infinitespire:Voidling","floor":3,"turns":1},{"damage":24,"enemies":"Large Slime","floor":4,"turns":6},{"damage":32,"enemies":"Replay:BlueRogue","floor":6,"turns":6},{"damage":0,"enemies":"Exordium Wildlife","floor":12,"turns":2},{"damage":6,"enemies":"2 Fungi Beasts","floor":13,"turns":2},{"damage":7,"enemies":"Blue Slaver","floor":15,"turns":3},{"damage":27,"enemies":"3 Sentries","floor":16,"turns":6},{"damage":43,"enemies":"The Guardian","floor":18,"turns":9}],"seed_played":"-5339469654611702468","potions_obtained":[{"floor":2,"key":"Swift Potion"},{"floor":3,"key":"DuplicationPotion"},{"floor":12,"key":"Ancient Potion"},{"floor":16,"key":"sneckomod:MuddlingPotion"}],"is_trial":false,"path_per_floor":["M","M","M","M","?","E","R","$","PTL","PTL","T","M","M","?","M","E","R","B"],"character_chosen":"IRONCLAD","items_purchased":[],"campfire_rested":1,"item_purchase_floors":[],"current_hp_per_floor":[80,80,80,62,59,33,33,33,33,33,33,39,39,39,38,17,41,0,0],"gold":210,"neow_bonus":"THREE_ENEMY_KILL","is_daily":false,"chose_seed":false,"campfire_upgraded":1,"win_rate":0.0,"timestamp":1609027842,"path_taken":["M","M","M","M","?","E","R","$","PTL","PTL","T","M","M","?","M","E","R","BOSS"],"items_purchased_type":[],"build_version":"2020-12-22","purchased_purges":1,"victory":false,"max_hp_per_floor":[80,80,80,80,80,80,80,80,80,80,80,80,80,80,80,80,80,80,80],"card_choices":[{"not_picked":["Thunderclap","Flex"],"picked":"Perfected Strike","floor":1},{"not_picked":["Combust","Clothesline"],"picked":"ReplayTheSpireMod:Strike From Hell","floor":2},{"not_picked":["Rupture","Hemogenesis"],"picked":"Shrug It Off","floor":3},{"not_picked":["Armaments","Carnage"],"picked":"Sword Boomerang","floor":4},{"not_picked":["Fire Breathing","Iron Wave"],"picked":"Cleave","floor":6},{"not_picked":["Headbutt","Disarm"],"picked":"Battle Trance","floor":12},{"not_picked":["Cleave","Blood for Blood"],"picked":"hubris:SharpeningStone","floor":13},{"not_picked":["Anger","Iron Wave"],"picked":"Barricade","floor":15},{"not_picked":["Run Through","Pummel"],"picked":"Perfected Strike","floor":16}],"player_experience":0,"relics_obtained":[{"floor":6,"key":"Bronze Scales"},{"floor":11,"key":"Mummified Hand"},{"floor":16,"key":"Matryoshka"}],"event_choices":[{"damage_healed":0,"gold_gain":0,"player_choice":"Success","damage_taken":3,"relics_obtained":["hubris:OldNail"],"max_hp_gain":0,"max_hp_loss":0,"event_name":"Scrap Ooze","floor":5,"gold_loss":0},{"damage_healed":0,"gold_gain":0,"player_choice":"Trade","damage_taken":0,"relics_obtained":["NlothsMask"],"max_hp_gain":0,"max_hp_loss":0,"event_name":"FaceTrader","floor":14,"gold_loss":0}],"is_beta":false,"boss_relics":[],"items_purged_floors":[8],"is_endless":false,"potions_floor_spawned":[2,3,12,16],"killed_by":"The Guardian","ascension_level":0}}