{"host":"hfxp6ue4pvwo3fit","time":1609028314,"event":{"mods":["AchievementEnabler","BaseMod","Colored Map","Colored Powertips","Highlight Path","Minty Spire (QoL Compilation)","StSLib","SuperFastMode"],"gold_per_floor":[118,83,83,98,111,111,122,154,181,206,206,236,236,94,94,170,170,190,203,203,213,232,232,257,257,257,257,103,103,114,125,125,199,199,213,261,281,237,256,256,290,290,315,253,253,51,51,51,51,51,51],"floor_reached":50,"playtime":2272,"items_purged":["Perfected Strike+1"],"score":1087,"play_id":"a7f9ddbf-d0f4-4791-8f78-cfc7c1484ee1","local_time":"20201226181834","is_ascension_mode":true,"campfire_choices":[{"data":"Perfected Strike","floor":6,"key":"SMITH"},{"data":"Flame Barrier","floor":11,"key":"SMITH"},{"data":"Corruption","floor":13,"key":"SMITH"},{"data":"Feel No Pain","floor":15,"key":"SMITH"},{"floor":23,"key":"REST"},{"data":"Armaments","floor":25,"key":"SMITH"},{"data":"Dark Embrace","floor":29,"key":"SMITH"},{"data":"RitualDagger","floor":32,"key":"SMITH"},{"data":"Uppercut","floor":40,"key":"SMITH"},{"data":"Warcry","floor":42,"key":"SMITH"},{"data":"Offering","floor":49,"key":"SMITH"}],"circlet_count":0,"master_deck":["AscendersBane","Defend_R","Defend_R","Defend_R","Defend_R","Bash+1","Flame Barrier+1","Shrug It Off","Inflame","Armaments+1","Dropkick","Corruption+1","Feel No Pain+1","Offering+1","Shrug It Off","RitualDagger+1","Feel No Pain","Havoc","Bite","Bite","Bite","Bite","Bite","Dark Embrace+1","Shrug It Off","Uppercut+1","Reaper","Warcry+1","Warcry+1","Spot Weakness","Disarm","Feel No Pain+1"],"relics":["Runic Cube","Oddly Smooth Stone","Juzu Bracelet","Anchor","Sozu","Shuriken","Bird Faced Urn","Coffee Dripper","Magic Flower","Strawberry","Boot","Pen Nib","DollysMirror"],"acts_visited":["Exordium","TheCity","TheBeyond"],"potions_floor_usage":[8,10,16,24,24],"damage_taken":[{"damage":4,"enemies":"2 Louse","floor":1,"turns":3},{"damage":7,"enemies":"Jaw Worm","floor":4,"turns":3},{"damage":1,"enemies":"Small Slimes","floor":5,"turns":5},{"damage":8,"enemies":"Blue Slaver","floor":7,"turns":3},{"damage":0,"enemies":"Gremlin Nob","floor":8,"turns":2},{"damage":14,"enemies":"3 Sentries","floor":10,"turns":9},{"damage":25,"enemies":"Lagavulin","floor":12,"turns":6},{"damage":20,"enemies":"The Guardian","floor":16,"turns":14},{"damage":6,"enemies":"2 Thieves","floor":18,"turns":4},{"damage":6,"enemies":"Spheric Guardian","floor":19,"turns":4},{"damage":9,"enemies":"Cultist and Chosen","floor":21,"turns":6},{"damage":20,"enemies":"Sentry and Sphere","floor":22,"turns":6},{"damage":44,"enemies":"Book of Stabbing","floor":24,"turns":6},{"damage":6,"enemies":"Centurion and Healer","floor":30,"turns":7},{"damage":12,"enemies":"Shelled Parasite and Fungi","floor":31,"turns":5},{"damage":118,"enemies":"Collector","floor":33,"turns":15},{"damage":0,"enemies":"3 Shapes","floor":35,"turns":5},{"damage":44,"enemies":"2 Orb Walkers","floor":36,"turns":5},{"damage":15,"enemies":"3 Darklings","floor":37,"turns":5},{"damage":28,"enemies":"Maw","floor":39,"turns":7},{"damage":111,"enemies":"Nemesis","floor":41,"turns":12},{"damage":65,"enemies":"Time Eater","floor":50,"turns":6}],"seed_played":"-379250013154526389","potions_obtained":[{"floor":1,"key":"DistilledChaos"},{"floor":4,"key":"Energy Potion"},{"floor":8,"key":"BloodPotion"},{"floor":16,"key":"GamblersBrew"}],"is_trial":false,"path_per_floor":["M","?","?","M","M","R","M","E","T","E","R","E","R","$","R","B",null,"M","M","?","M","M","R","E","R","T","?","$","R","M","M","R","B",null,"M","?","M","$","M","R","E","R","T","?","?","$","?","?","R","B"],"character_chosen":"IRONCLAD","items_purchased":["Feel No Pain","Dexterity Potion","Dark Embrace","Spot Weakness","Disarm","DollysMirror"],"campfire_rested":1,"item_purchase_floors":[14,14,28,38,46,46],"current_hp_per_floor":[64,75,75,68,67,67,59,59,59,47,47,24,24,24,24,6,58,54,50,44,37,19,41,14,14,14,14,14,14,43,65,65,12,59,75,57,75,75,75,75,39,39,39,39,39,39,39,39,39,0,0],"gold":51,"neow_bonus":"BOSS_RELIC","is_daily":false,"chose_seed":false,"campfire_upgraded":10,"win_rate":0.0,"timestamp":1609028314,"path_taken":["M","?","?","M","M","R","M","E","T","E","R","E","R","$","R","BOSS","M","M","?","M","M","R","E","R","T","?","$","R","M","M","R","BOSS","M","?","M","$","M","R","E","R","T","?","?","$","?","?","R","BOSS"],"items_purchased_type":["Card","Potion","Card","Card","Card","Relic"],"build_version":"2020-12-22","purchased_purges":1,"victory":false,"max_hp_per_floor":[75,75,75,75,75,75,75,75,75,75,75,75,75,75,75,75,75,75,75,75,75,75,75,75,75,75,75,75,75,75,75,75,75,75,75,75,75,75,75,75,82,82,82,82,82,82,82,78,78,78,78],"card_choices":[{"not_picked":["Dropkick","Shrug It Off"],"picked":"Flame Barrier","floor":1},{"not_picked":["Flex","Iron Wave"],"picked":"Shrug It Off","floor":4},{"not_picked":["Sword Boomerang","Evolve"],"picked":"Perfected Strike","floor":5},{"not_picked":["Iron Wave","Searing Blow"],"picked":"Inflame","floor":7},{"not_picked":["Sword Boomerang","Sentinel"],"picked":"Armaments","floor":8},{"not_picked":["Twin Strike","Fire Breathing"],"picked":"Dropkick","floor":10},{"not_picked":["Armaments","Havoc"],"picked":"Corruption","floor":12},{"not_picked":["Barricade","Bludgeon"],"picked":"Offering","floor":16},{"not_picked":["Sword Boomerang","Whirlwind"],"picked":"Shrug It Off","floor":18},{"not_picked":["Flex","Wild Strike","Armaments"],"picked":"SKIP","floor":19},{"not_picked":["Iron Wave","Intimidate"],"picked":"Feel No Pain","floor":21},{"not_picked":["Blood for Blood","Body Slam","Cleave+1"],"picked":"SKIP","floor":22},{"not_picked":["Twin Strike","Bludgeon"],"picked":"Havoc","floor":24},{"not_picked":["Sever Soul","Wild Strike"],"picked":"Shrug It Off","floor":30},{"not_picked":["Iron Wave","Sword Boomerang+1"],"picked":"Uppercut","floor":31},{"not_picked":["Impervious","Bludgeon"],"picked":"Reaper","floor":33},{"not_picked":["Wild Strike","Rampage"],"picked":"Warcry","floor":35},{"not_picked":["Wild Strike","Body Slam"],"picked":"Warcry+1","floor":36},{"not_picked":["Iron Wave","Body Slam","Clash+1"],"picked":"SKIP","floor":37},{"not_picked":["Pommel Strike+1","Flex","Wild Strike"],"picked":"SKIP","floor":39},{"not_picked":["Entrench","Blood for Blood","Carnage+1"],"picked":"SKIP","floor":41}],"player_experience":435758,"relics_obtained":[{"floor":8,"key":"Oddly Smooth Stone"},{"floor":9,"key":"Blood Vial"},{"floor":10,"key":"Juzu Bracelet"},{"floor":12,"key":"Anchor"},{"floor":24,"key":"Shuriken"},{"floor":26,"key":"Bird Faced Urn"},{"floor":36,"key":"Magic Flower"},{"floor":41,"key":"Strawberry"},{"floor":43,"key":"Boot"}],"event_choices":[{"damage_healed":18,"gold_gain":0,"player_choice":"Healed","damage_taken":0,"max_hp_gain":0,"max_hp_loss":0,"event_name":"The Cleric","floor":2,"gold_loss":35},{"damage_healed":0,"gold_gain":0,"player_choice":"Grow","damage_taken":0,"max_hp_gain":0,"max_hp_loss":0,"event_name":"Living Wall","floor":3,"gold_loss":0,"cards_upgraded":["Bash"]},{"damage_healed":0,"gold_gain":0,"player_choice":"Joined the Cult","damage_taken":6,"max_hp_gain":0,"max_hp_loss":0,"event_name":"Nest","floor":20,"gold_loss":0,"cards_obtained":["RitualDagger"]},{"damage_healed":0,"gold_gain":0,"player_choice":"Became a vampire (Vial)","damage_taken":0,"max_hp_gain":0,"max_hp_loss":0,"event_name":"Vampires","floor":27,"relics_lost":["Blood Vial"],"gold_loss":0,"cards_obtained":["Bite","Bite","Bite","Bite","Bite"]},{"damage_healed":0,"gold_gain":0,"player_choice":"Fight","damage_taken":0,"max_hp_gain":0,"max_hp_loss":0,"event_name":"Mysterious Sphere","floor":36,"gold_loss":0},{"damage_healed":0,"gold_gain":0,"player_choice":"Paid Gold","damage_taken":0,"relics_obtained":["Pen Nib"],"max_hp_gain":0,"max_hp_loss":0,"event_name":"WeMeetAgain","floor":44,"gold_loss":62},{"damage_healed":0,"gold_gain":0,"player_choice":"Ignored","damage_taken":0,"max_hp_gain":0,"max_hp_loss":0,"event_name":"The Moai Head","floor":45,"gold_loss":0},{"damage_healed":0,"gold_gain":0,"player_choice":"Memory 1","damage_taken":0,"max_hp_gain":0,"max_hp_loss":0,"event_name":"SensoryStone","floor":47,"gold_loss":0},{"damage_healed":0,"gold_gain":0,"player_choice":"Max HP","damage_taken":0,"max_hp_gain":0,"max_hp_loss":4,"event_name":"Winding Halls","floor":48,"gold_loss":0}],"is_beta":false,"boss_relics":[{"not_picked":["Empty Cage","Busted Crown"],"picked":"Sozu"},{"not_picked":["Tiny House","SlaversCollar"],"picked":"Coffee Dripper"}],"items_purged_floors":[28],"is_endless":false,"potions_floor_spawned":[1,4,8,16,18,24,33,36,37],"killed_by":"Time Eater","ascension_level":20}}