{"host":"vbgsu3zpv6j9f5su","time":1609100465,"event":{"mods":["BaseMod","Block Reminder","Colored Powertips","DeckTracker","JesterMod","Minty Spire (QoL Compilation)","Quick Restart","StSLib"],"gold_per_floor":[119,132,148,162,162,196,210,540,566,597,597,606,606,658,658,757,757,770,770,770,668,668,668,127,147,147,183,183,225,250,294,294,294,294],"floor_reached":33,"playtime":1687,"items_purged":["Strike_R","Strike_R"],"score":641,"play_id":"7fc5b538-5b69-4c17-8cc6-cf1345748743","local_time":"20201227212105","is_ascension_mode":true,"campfire_choices":[{"data":"Armaments","floor":11,"key":"SMITH"},{"floor":13,"key":"REST"},{"data":"Offering","floor":15,"key":"SMITH"},{"data":"Evolve","floor":23,"key":"SMITH"},{"floor":28,"key":"REST"},{"floor":32,"key":"REST"}],"circlet_count":0,"master_deck":["AscendersBane","Strike_R","Defend_R","Defend_R","Defend_R","Defend_R","Bash","Carnage","Headbutt","Power Through","Second Wind","Offering+1","Armaments+1","Injury","Warcry","Bludgeon","Evolve+1","Immolate","Apotheosis","Immolate"],"relics":["Burning Blood","Red Skull","Old Coin","Toy Ornithopter","CeramicFish","Golden Idol","Juzu Bracelet","Snecko Eye","Nunchaku","Medical Kit","Akabeko","Magic Flower","Bronze Scales"],"acts_visited":["Exordium","TheCity"],"potions_floor_usage":[4,4,7,16,27,31],"damage_taken":[{"damage":7,"enemies":"Small Slimes","floor":1,"turns":3},{"damage":9,"enemies":"Jaw Worm","floor":2,"turns":4},{"damage":1,"enemies":"2 Louse","floor":3,"turns":3},{"damage":1,"enemies":"Looter","floor":4,"turns":3},{"damage":20,"enemies":"Gremlin Nob","floor":6,"turns":4},{"damage":8,"enemies":"Gremlin Gang","floor":7,"turns":5},{"damage":21,"enemies":"3 Sentries","floor":8,"turns":8},{"damage":23,"enemies":"Lagavulin","floor":10,"turns":6},{"damage":6,"enemies":"Gremlin Nob","floor":14,"turns":2},{"damage":62,"enemies":"The Guardian","floor":16,"turns":18},{"damage":17,"enemies":"2 Thieves","floor":18,"turns":4},{"damage":9,"enemies":"Spheric Guardian","floor":25,"turns":3},{"damage":15,"enemies":"Book of Stabbing","floor":27,"turns":4},{"damage":24,"enemies":"Gremlin Leader","floor":29,"turns":6},{"damage":10,"enemies":"Centurion and Healer","floor":30,"turns":3},{"damage":20,"enemies":"Book of Stabbing","floor":31,"turns":4},{"damage":98,"enemies":"Champ","floor":33,"turns":8}],"seed_played":"4819671771746008258","potions_obtained":[{"floor":1,"key":"Explosive Potion"},{"floor":4,"key":"Fruit Juice"},{"floor":6,"key":"Explosive Potion"},{"floor":8,"key":"EssenceOfSteel"},{"floor":16,"key":"ElixirPotion"},{"floor":27,"key":"Fruit Juice"},{"floor":30,"key":"SteroidPotion"}],"is_trial":false,"path_per_floor":["M","M","M","M","?","E","M","E","T","E","R","?","R","E","R","B",null,"M","?","?","$","?","R","$","M","T","E","R","E","M","E","R","B"],"character_chosen":"IRONCLAD","items_purchased":["Evolve","Immolate","Apotheosis","Medical Kit"],"campfire_rested":3,"item_purchase_floors":[21,24,24,24],"current_hp_per_floor":[74,71,76,86,86,72,70,55,55,38,38,38,64,64,64,13,69,58,58,58,58,58,58,58,55,55,56,83,65,64,61,88,0,0],"gold":294,"neow_bonus":"TEN_PERCENT_HP_BONUS","is_daily":false,"chose_seed":false,"campfire_upgraded":3,"win_rate":0.0,"timestamp":1609100465,"path_taken":["M","M","M","M","?","E","M","E","T","E","R","?","R","E","R","BOSS","M","?","?","$","?","R","$","M","T","E","R","E","M","E","R","BOSS"],"items_purchased_type":["Card","Card","Card","Relic"],"build_version":"2020-12-22","purchased_purges":2,"victory":false,"max_hp_per_floor":[82,82,82,87,87,87,87,87,87,87,87,87,87,87,87,87,87,87,87,87,87,87,87,87,87,87,92,92,92,92,92,92,92,92],"card_choices":[{"not_picked":["True Grit","Havoc"],"picked":"Carnage","floor":1},{"not_picked":["Second Wind","Clothesline"],"picked":"Headbutt","floor":2},{"not_picked":["Body Slam","Hemokinesis"],"picked":"Power Through","floor":3},{"not_picked":["Cleave","Anger"],"picked":"Second Wind","floor":4},{"not_picked":["Intimidate","Wild Strike","Reckless Charge"],"picked":"SKIP","floor":6},{"not_picked":["Havoc","Disarm"],"picked":"Offering","floor":7},{"not_picked":["Reckless Charge","Clash"],"picked":"Armaments","floor":8},{"not_picked":["Wild Strike","Clash","Body Slam"],"picked":"SKIP","floor":10},{"not_picked":["Second Wind","Flex"],"picked":"Warcry","floor":14},{"not_picked":["Limit Break","Impervious"],"picked":"Bludgeon","floor":16},{"not_picked":["Blood for Blood","Cleave","True Grit"],"picked":"SKIP","floor":18},{"not_picked":["Wild Strike","Perfected Strike","Cleave+1"],"picked":"SKIP","floor":25},{"not_picked":["Dropkick","Double Tap","Havoc"],"picked":"SKIP","floor":27},{"not_picked":["Headbutt","Feel No Pain"],"picked":"Immolate","floor":29},{"not_picked":["Carnage+1","Intimidate","Armaments"],"picked":"SKIP","floor":30},{"not_picked":["Clash","Double Tap","Anger"],"picked":"SKIP","floor":31}],"player_experience":776733,"relics_obtained":[{"floor":6,"key":"Red Skull"},{"floor":8,"key":"Old Coin"},{"floor":9,"key":"Toy Ornithopter"},{"floor":10,"key":"CeramicFish"},{"floor":14,"key":"Juzu Bracelet"},{"floor":20,"key":"Nunchaku"},{"floor":27,"key":"Akabeko"},{"floor":29,"key":"Magic Flower"},{"floor":31,"key":"Bronze Scales"}],"event_choices":[{"cards_removed":["Strike_R"],"damage_healed":0,"gold_gain":0,"player_choice":"Forget","damage_taken":0,"max_hp_gain":0,"max_hp_loss":0,"event_name":"Living Wall","floor":5,"gold_loss":0},{"damage_healed":0,"gold_gain":0,"player_choice":"Take Wound","damage_taken":0,"relics_obtained":["Golden Idol"],"max_hp_gain":0,"max_hp_loss":0,"event_name":"Golden Idol","floor":12,"gold_loss":0,"cards_obtained":["Injury"]},{"cards_removed":["Strike_R"],"damage_healed":0,"gold_gain":0,"player_choice":"Elegance","damage_taken":0,"max_hp_gain":0,"max_hp_loss":0,"event_name":"Back to Basics","floor":19,"gold_loss":0},{"damage_healed":0,"gold_gain":0,"player_choice":"Relic","damage_taken":0,"max_hp_gain":0,"max_hp_loss":0,"event_name":"Wheel of Change","floor":20,"gold_loss":0},{"damage_healed":0,"gold_gain":0,"player_choice":"Ignored","damage_taken":0,"max_hp_gain":0,"max_hp_loss":0,"event_name":"Ghosts","floor":22,"gold_loss":0}],"is_beta":false,"boss_relics":[{"not_picked":["Sozu","Tiny House"],"picked":"Snecko Eye"}],"items_purged_floors":[21,24],"is_endless":false,"potions_floor_spawned":[1,4,6,8,16,27,30],"killed_by":"Champ","ascension_level":16}}