{"host":"8qb550oiisecbnz6","time":1609104449,"event":{"mods":["AchievementEnabler","BaseMod","Colored Map","Colored Powertips","Minty Spire (QoL Compilation)","Quick Restart","Slay-I","StSLib"],"gold_per_floor":[112,129,79,79,99,99,132,146,171,171,189,218,143,159,159,264,264,280,297,297,297,52,87,87,87,87],"floor_reached":25,"playtime":1493,"items_purged":["Defend_G","Expertise+1"],"score":383,"play_id":"344a3612-1e92-4c41-bc4f-cb03f5b62735","local_time":"20201227222729","is_ascension_mode":true,"campfire_choices":[{"data":"Neutralize","floor":6,"key":"SMITH"},{"data":"Envenom","floor":10,"key":"SMITH"},{"data":"Footwork","floor":15,"key":"SMITH"},{"data":"Burst","floor":24,"key":"SMITH"}],"circlet_count":0,"master_deck":["Strike_G","Defend_G+1","Defend_G+1","Defend_G+1","Survivor","Neutralize+1","Doppelganger+1","Skewer+1","Footwork+1","Caltrops","Backflip+1","Envenom+1","Burst+1","Deadly Poison","Blur"],"relics":["Astrolabe","War Paint","MealTicket","Boot","Sozu","Tiny Chest","Dream Catcher"],"acts_visited":["Exordium","TheCity"],"potions_floor_usage":[12,19,23],"damage_taken":[{"damage":2,"enemies":"Jaw Worm","floor":1,"turns":3},{"damage":1,"enemies":"Small Slimes","floor":2,"turns":4},{"damage":2,"enemies":"2 Louse","floor":5,"turns":4},{"damage":12,"enemies":"Gremlin Nob","floor":7,"turns":4},{"damage":4,"enemies":"Red Slaver","floor":8,"turns":2},{"damage":1,"enemies":"Blue Slaver","floor":11,"turns":3},{"damage":0,"enemies":"Lagavulin","floor":12,"turns":5},{"damage":0,"enemies":"2 Fungi Beasts","floor":14,"turns":4},{"damage":0,"enemies":"Hexaghost","floor":16,"turns":10},{"damage":2,"enemies":"3 Byrds","floor":18,"turns":2},{"damage":0,"enemies":"Chosen","floor":19,"turns":4},{"damage":34,"enemies":"Gremlin Leader","floor":23,"turns":7},{"damage":33,"enemies":"Slavers","floor":25,"turns":7}],"seed_played":"-753047588037541004","potions_obtained":[{"floor":1,"key":"Weak Potion"},{"floor":7,"key":"Strength Potion"},{"floor":8,"key":"AttackPotion"},{"floor":12,"key":"Strength Potion"},{"floor":16,"key":"Poison Potion"}],"is_trial":false,"path_per_floor":["M","M","?","?","M","R","E","M","T","R","M","E","$","M","R","B",null,"M","M","?","?","$","E","R","E"],"character_chosen":"THE_SILENT","items_purchased":["Tiny Chest"],"campfire_rested":0,"item_purchase_floors":[22],"current_hp_per_floor":[68,67,67,53,51,51,39,35,35,35,34,34,49,49,49,49,65,63,63,63,50,65,31,31,0,0],"gold":87,"neow_bonus":"BOSS_RELIC","is_daily":false,"chose_seed":false,"campfire_upgraded":4,"win_rate":0.0,"timestamp":1609104449,"path_taken":["M","M","?","?","M","R","E","M","T","R","M","E","$","M","R","BOSS","M","M","?","?","$","E","R","E"],"items_purchased_type":["Relic"],"build_version":"2020-12-22","purchased_purges":2,"victory":false,"max_hp_per_floor":[70,70,70,70,70,70,70,70,70,70,70,70,70,70,70,70,70,70,70,70,75,75,75,75,75,75],"card_choices":[{"not_picked":["Acrobatics","Outmaneuver"],"picked":"Footwork","floor":1},{"not_picked":["Underhanded Strike","Deadly Poison"],"picked":"Caltrops","floor":2},{"not_picked":["Dagger Throw","Calculated Gamble"],"picked":"Backflip","floor":5},{"not_picked":["Tools of the Trade","Caltrops"],"picked":"Envenom","floor":7},{"not_picked":["Blade Dance","Accuracy","Dagger Throw"],"picked":"SKIP","floor":8},{"not_picked":["Dagger Spray","Distraction","Blade Dance"],"picked":"SKIP","floor":11},{"not_picked":["Predator","Reflex","Deflect"],"picked":"SKIP","floor":12},{"not_picked":["Accuracy","Reflex","Deflect"],"picked":"SKIP","floor":14},{"not_picked":["Grand Finale","Tools of the Trade"],"picked":"Burst","floor":16},{"not_picked":["Dash","Quick Slash","Skewer"],"picked":"SKIP","floor":18},{"not_picked":["Dodge and Roll","Crippling Poison"],"picked":"Deadly Poison","floor":19},{"not_picked":["PiercingWail+1","Accuracy"],"picked":"Blur","floor":23}],"player_experience":413878,"relics_obtained":[{"floor":7,"key":"War Paint"},{"floor":9,"key":"MealTicket"},{"floor":12,"key":"Boot"},{"floor":23,"key":"Dream Catcher"}],"event_choices":[{"cards_removed":["Strike_G"],"damage_healed":0,"gold_gain":0,"player_choice":"Card Removal","damage_taken":0,"max_hp_gain":0,"max_hp_loss":0,"event_name":"The Cleric","floor":3,"gold_loss":50},{"damage_healed":0,"gold_gain":0,"player_choice":"Entered Light","damage_taken":14,"max_hp_gain":0,"max_hp_loss":0,"event_name":"Shining Light","floor":4,"gold_loss":0,"cards_upgraded":["Defend_G","Defend_G"]},{"cards_removed":["Strike_G"],"damage_healed":0,"gold_gain":0,"player_choice":"Elegance","damage_taken":0,"max_hp_gain":0,"max_hp_loss":0,"event_name":"Back to Basics","floor":20,"gold_loss":0},{"damage_healed":0,"gold_gain":0,"player_choice":"Shed Blood","damage_taken":18,"max_hp_gain":5,"max_hp_loss":0,"event_name":"Forgotten Altar","floor":21,"gold_loss":0}],"is_beta":false,"boss_relics":[{"not_picked":["Coffee Dripper","Fusion Hammer"],"picked":"Sozu"}],"items_purged_floors":[13,22],"is_endless":false,"potions_floor_spawned":[1,7,8,12,16,18],"killed_by":"Slavers","ascension_level":5}}