{"host":"tqzdgk8qbc9onyko","time":1609075764,"event":{"mods":["AchievementEnabler","BaseMod","Better Altar","Better Match","Better Note","Better Sensory Stone","Better Skull","Better Third Choice","Colored Powertips","Downfall","Infinite Spire","Luminous","Marisa????????","Mimic Mod","Minty Spire (QoL Compilation)","Replay The Spire","StSLib","The Construct","The Poker Player","The Servant 0.9.4"],"gold_per_floor":[113,288,65,65,80,113,113,113,164,164,194,213,248,265,265,363,363,381,392,392,392,467,493,493,507,531,549,549,549],"floor_reached":28,"playtime":1449,"items_purged":["Doubt"],"score":306,"play_id":"b357e0cf-9fb5-4aa4-97d6-cd84ab28074d","local_time":"20201227102924","is_ascension_mode":false,"campfire_choices":[{"data":"Chaos","floor":7.0,"key":"SMITH"},{"data":"Rainbow","floor":15.0,"key":"SMITH"},{"floor":24.0,"key":"REST"}],"circlet_count":0,"master_deck":["Strike_B","Strike_B+1","Strike_B","Strike_B","Defend_B","Defend_B","Defend_B","Defend_B","Zap","Dualcast","Chaos+1","Streamline+1","Rainbow+1","Rainbow","Darkness","Echo Form"],"relics":["Cracked Core","NeowsBlessing","Nunchaku","WarpedTongs","Pantograph","Whetstone","Gambling Chip","Ancient Tea Set","SacredBark","betterThird:NestCultRelic","Bottled Flame","Regal Pillow"],"acts_visited":[],"potions_floor_usage":[28],"damage_taken":[{"damage":0.0,"enemies":"Cultist","floor":1.0,"turns":1.0},{"damage":2.0,"enemies":"Small Slimes","floor":5.0,"turns":1.0},{"damage":0.0,"enemies":"Lagavulin","floor":6.0,"turns":1.0},{"damage":0.0,"enemies":"Gremlin Nob","floor":11.0,"turns":3.0},{"damage":0.0,"enemies":"2 Louse","floor":12.0,"turns":3.0},{"damage":1.0,"enemies":"Lagavulin","floor":13.0,"turns":5.0},{"damage":2.0,"enemies":"Blue Slaver","floor":14.0,"turns":3.0},{"damage":33.0,"enemies":"Hexaghost","floor":16.0,"turns":8.0},{"damage":6.0,"enemies":"Spheric Guardian","floor":18.0,"turns":4.0},{"damage":26.0,"enemies":"2 Thieves","floor":19.0,"turns":4.0},{"damage":22.0,"enemies":"Nightmare","floor":23.0,"turns":6.0},{"damage":11,"enemies":"Snake Plant","floor":25,"turns":3},{"damage":43,"enemies":"Centurion and Healer","floor":27,"turns":7},{"damage":31,"enemies":"Gremlin Leader","floor":28,"turns":5}],"seed_played":"272755662446792646","potions_obtained":[{"floor":5.0,"key":"BlessingOfTheForge"},{"floor":6.0,"key":"AttackPotion"},{"floor":11.0,"key":"Dexterity Potion"},{"floor":14.0,"key":"SkillPotion"},{"floor":16.0,"key":"Strength Potion"},{"floor":19.0,"key":"Slimebound:ThreeZeroPotion"},{"floor":25,"key":"FairyPotion"},{"floor":27,"key":"Languid Potion"}],"is_trial":false,"path_per_floor":["M","?","$","?","M","E","R","?","T","?","E","M","E","M","R","B",null,"M","M","?","?","?","NM","R","M","T","M","E"],"character_chosen":"DEFECT","items_purchased":["Nunchaku"],"campfire_rested":1,"item_purchase_floors":[3],"current_hp_per_floor":[75,75,75,75,73,73,73,66,66,66,66,66,65,63,63,42,75,69,43,43,43,36,14,36,25,25,31,0,0],"gold":549,"neow_bonus":"THREE_ENEMY_KILL","is_daily":false,"chose_seed":false,"campfire_upgraded":2,"win_rate":0.0,"timestamp":1609075764,"path_taken":["M","?","$","?","?","E","R","?","T","?","E","M","E","M","R","BOSS","M","M","?","?","?","NM","R","M","T","M","E"],"items_purchased_type":["Relic"],"build_version":"2020-12-22","purchased_purges":1,"victory":false,"max_hp_per_floor":[75,75,75,75,75,75,75,75,75,75,75,75,75,75,75,75,75,75,75,75,75,75,75,75,75,75,75,75,75],"card_choices":[{"not_picked":["Turbo","Hologram","Lockon"],"picked":"SKIP","floor":1.0},{"not_picked":["Cold Snap","Streamline"],"picked":"Chaos","floor":5.0},{"not_picked":["Sweeping Beam","Skim"],"picked":"Streamline","floor":6.0},{"not_picked":["Consume","BootSequence","Heatsinks"],"picked":"SKIP","floor":11.0},{"not_picked":["Static Discharge","Leap"],"picked":"Rainbow","floor":12.0},{"not_picked":["Beam Cell","Consume","All For One"],"picked":"SKIP","floor":13.0},{"not_picked":["Scrape","Leap","Barrage"],"picked":"SKIP","floor":14.0},{"not_picked":["Hyperbeam","Meteor Strike"],"picked":"Rainbow","floor":16.0},{"not_picked":["Conserve Battery","Turbo","Scrape"],"picked":"SKIP","floor":18.0},{"not_picked":["Leap+1","Rebound"],"picked":"Darkness","floor":19.0},{"not_picked":["Cold Snap+1","Self Repair"],"picked":"Echo Form","floor":23.0},{"not_picked":["Rebound","Coolheaded+1","Ball Lightning"],"picked":"SKIP","floor":25},{"not_picked":["Leap+1","Coolheaded","Sweeping Beam"],"picked":"SKIP","floor":27}],"player_experience":57124,"relics_obtained":[{"floor":6.0,"key":"Pantograph"},{"floor":9.0,"key":"Whetstone"},{"floor":11.0,"key":"Gambling Chip"},{"floor":13.0,"key":"Ancient Tea Set"},{"floor":23.0,"key":"Bottled Flame"},{"floor":26,"key":"Regal Pillow"}],"event_choices":[{"damage_healed":0.0,"max_hp_gain":0.0,"max_hp_loss":0.0,"gold_gain":175.0,"event_name":"Liars Game","player_choice":"AGREE","floor":2.0,"gold_loss":0.0,"damage_taken":0.0,"cards_obtained":["Doubt"]},{"damage_healed":0.0,"max_hp_gain":0.0,"max_hp_loss":0.0,"gold_gain":0.0,"event_name":"Accursed Blacksmith","player_choice":"Rummage","floor":4.0,"gold_loss":0.0,"damage_taken":0.0,"relics_obtained":["WarpedTongs"],"cards_obtained":["Pain"]},{"cards_removed":["Pain"],"damage_healed":0.0,"max_hp_gain":0.0,"max_hp_loss":0.0,"gold_gain":0.0,"event_name":"Golden Wing","player_choice":"Card Removal","floor":8.0,"gold_loss":0.0,"damage_taken":7.0},{"damage_healed":0.0,"max_hp_gain":0.0,"max_hp_loss":0.0,"gold_gain":0.0,"event_name":"The Cleric","player_choice":"Leave","floor":10.0,"gold_loss":0.0,"damage_taken":0.0},{"cards_removed":["Strike_B"],"damage_healed":0.0,"max_hp_gain":0.0,"max_hp_loss":0.0,"gold_gain":0.0,"event_name":"betterNote:BetterNote","player_choice":"Give","floor":20.0,"gold_loss":0.0,"damage_taken":0.0,"cards_obtained":["Strike_G"]},{"damage_healed":0.0,"max_hp_gain":0.0,"max_hp_loss":0.0,"gold_gain":0.0,"event_name":"betterThird:BetterNest","player_choice":"Madness","floor":21.0,"gold_loss":0.0,"damage_taken":0.0,"relics_obtained":["betterThird:NestCultRelic"]},{"damage_healed":0.0,"max_hp_gain":0.0,"max_hp_loss":0.0,"gold_gain":75.0,"event_name":"FaceTrader","player_choice":"Touch","floor":22.0,"gold_loss":0.0,"damage_taken":7.0}],"is_beta":false,"boss_relics":[{"not_picked":["Empty Cage","Cursed Key"],"picked":"SacredBark"}],"items_purged_floors":[3],"is_endless":false,"potions_floor_spawned":[5,6,11,14,16,19,25,27],"killed_by":"Gremlin Leader","ascension_level":0}}