{"host":"aaqofma31c3gm2hj","time":1609072523,"event":{"mods":["BaseMod","Minty Spire (QoL Compilation)","Replay The Spire","Spicy Shops","StSLib"],"gold_per_floor":[215,97,116,136,155,155,171,171,197,209,221,233,59,90,90,165,165,165,165],"floor_reached":18,"playtime":309,"items_purged":["Strike_R","Strike_R"],"score":220,"play_id":"2618a1b5-17dd-48c8-a2c9-7c6e9c1526d5","local_time":"20201227203523","is_ascension_mode":true,"campfire_choices":[{"data":"Whirlwind","floor":6,"key":"SMITH"},{"data":"ReplayTheSpireMod:Muscle Training","floor":8,"key":"SMITH"},{"data":"Sword Boomerang","floor":15,"key":"SMITH"},{"data":"ReplayTheSpireMod:Muscle Training","floor":17,"key":"SMITH"}],"circlet_count":0,"master_deck":["AscendersBane","Strike_R","Strike_R","Strike_R","Defend_R","Defend_R","Defend_R","Bash","ReplayTheSpireMod:Muscle Training+1","Shrug It Off+1","Whirlwind+1","Sword Boomerang+1","ReplayTheSpireMod:Muscle Training+1"],"relics":["Burning Blood","MawBank","Replay:Wax Seal","Potion Belt"],"acts_visited":["Exordium"],"potions_floor_usage":[18,18],"damage_taken":[{"damage":0,"enemies":"Small Slimes","floor":1,"turns":4},{"damage":1,"enemies":"2 Louse","floor":3,"turns":4},{"damage":8,"enemies":"Jaw Worm","floor":4,"turns":3},{"damage":5,"enemies":"Large Slime","floor":5,"turns":4},{"damage":22,"enemies":"Exordium Thugs","floor":7,"turns":3},{"damage":14,"enemies":"Replay:BlueRogue","floor":14,"turns":4},{"damage":1,"enemies":"Fading Forest","floor":18,"turns":1}],"seed_played":"1457778349215594578","potions_obtained":[{"floor":1,"key":"ColorlessPotion"},{"floor":3,"key":"Venom Potion"},{"floor":7,"key":"AttackPotion"},{"floor":14,"key":"FearPotion"}],"is_trial":false,"path_per_floor":["M","$","M","M","M","R","M","R","T","PTL","PTL","?","$","E","R","?","R","B"],"character_chosen":"IRONCLAD","items_purchased":["Shrug It Off+1","Replay:Wax Seal"],"campfire_rested":0,"item_purchase_floors":[2,13],"current_hp_per_floor":[74,74,75,73,74,74,58,58,58,58,58,58,58,50,50,39,39,38,38],"gold":165,"neow_bonus":"HUNDRED_GOLD","is_daily":false,"chose_seed":false,"campfire_upgraded":4,"win_rate":0.0,"timestamp":1609072523,"path_taken":["M","$","M","M","M","R","M","R","T","PTL","PTL","?","$","E","R","?","R","BOSS"],"items_purchased_type":["Card","Relic"],"build_version":"2020-12-22","purchased_purges":2,"victory":false,"max_hp_per_floor":[75,75,75,75,75,75,75,75,75,75,75,75,75,75,75,75,75,75,75],"card_choices":[{"not_picked":["Blood for Blood","Headbutt"],"picked":"ReplayTheSpireMod:Muscle Training","floor":1},{"not_picked":["Iron Wave","Body Slam"],"picked":"Whirlwind","floor":3},{"not_picked":["Infernal Blade","Combust"],"picked":"Sword Boomerang","floor":4},{"not_picked":["Flex","Perfected Strike","Blood for Blood"],"picked":"SKIP","floor":5},{"not_picked":["Body Slam","Infernal Blade"],"picked":"ReplayTheSpireMod:Muscle Training","floor":7},{"not_picked":["Clothesline","Spot Weakness","Anger"],"picked":"SKIP","floor":14}],"player_experience":542235,"relics_obtained":[{"floor":9,"key":"MawBank"},{"floor":14,"key":"Potion Belt"}],"event_choices":[{"damage_healed":0,"gold_gain":75,"player_choice":"Gather Gold","damage_taken":11,"max_hp_gain":0,"max_hp_loss":0,"event_name":"World of Goop","floor":16,"gold_loss":0}],"is_beta":false,"boss_relics":[],"items_purged_floors":[2,13],"is_endless":false,"potions_floor_spawned":[1,3,7,14],"killed_by":"Fading Forest","ascension_level":20}}