{"host":"xkmvu47k9fdstweo","time":1609034684,"event":{"mods":["BaseMod","Colored Map","Conspire","Hubris","Minty Spire (QoL Compilation)","Quick Restart","Railgun Mod","Shop Mod","StSLib","The Alterego","The Servant 0.9.4","The Wild Card","TheBandit","WarShipGirlsR/??è≠èóR mod","vexMod"],"gold_per_floor":[111,81,98,3,14,14,33,33,101,136,136,161,161,187,187,284,284,299,316,137,66,82,116,116,141,196,196,230,230,242,242,242,341,341,353,52,65,65,83,83,96,96,96],"floor_reached":42,"playtime":962,"items_purged":[],"score":699,"play_id":"34aeda19-e717-444c-8b71-460f30a2e232","local_time":"20201226210444","is_ascension_mode":true,"campfire_choices":[{"data":"Streamline","floor":6,"key":"SMITH"},{"data":"Genetic Algorithm","floor":8,"key":"SMITH"},{"data":"Reboot","floor":11,"key":"SMITH"},{"data":"Buffer","floor":15,"key":"SMITH"},{"data":"Hyperbeam","floor":24,"key":"SMITH"},{"floor":27,"key":"REST"},{"floor":29,"key":"REST"},{"data":"Metamorphosis","floor":32,"key":"SMITH"},{"floor":40,"key":"REST"}],"circlet_count":0,"master_deck":["Strike_B","Strike_B","Strike_B","Defend_B","Defend_B","Defend_B","Defend_B","Zap","Dualcast","Beam Cell","Genetic Algorithm+1","Sweeping Beam","Streamline+1","Conserve Battery","Ball Lightning","Reboot+1","Buffer+1","Conserve Battery","Hyperbeam+1","Skim","Metamorphosis+1","Self Repair","hubris:Ukulele+1","Streamline","Darkness+1","Normality","Sweeping Beam+1","Rip and Tear+1","Rainbow","Ball Lightning+1","Ball Lightning+1","Trip","Cold Snap","Skim+1"],"relics":["Cracked Core","NeowsBlessing","Symbiotic Virus","Nunchaku","hubris:AstralHammer","Bag of Marbles","Cursed Key","vexMod:MemoryStick","Ornamental Fan","Strawberry","vexMod:Dragonfruit","Sozu","Runic Capacitor","PreservedInsect"],"acts_visited":["Exordium","TheCity","TheBeyond"],"potions_floor_usage":[10,23,23,28],"damage_taken":[{"damage":0,"enemies":"2 Louse","floor":1,"turns":1},{"damage":0,"enemies":"Cultist","floor":3,"turns":1},{"damage":0,"enemies":"Jaw Worm","floor":5,"turns":1},{"damage":4,"enemies":"Looter","floor":7,"turns":3},{"damage":0,"enemies":"Lagavulin","floor":10,"turns":3},{"damage":12,"enemies":"Gremlin Nob","floor":12,"turns":3},{"damage":20,"enemies":"3 Sentries","floor":14,"turns":5},{"damage":41,"enemies":"Hexaghost","floor":16,"turns":11},{"damage":11,"enemies":"Spheric Guardian","floor":18,"turns":4},{"damage":4,"enemies":"Shell Parasite","floor":19,"turns":5},{"damage":5,"enemies":"Snake Plant","floor":22,"turns":4},{"damage":35,"enemies":"Book of Stabbing","floor":23,"turns":5},{"damage":16,"enemies":"Gremlin Leader","floor":25,"turns":5},{"damage":32,"enemies":"Slavers","floor":28,"turns":4},{"damage":0,"enemies":"Chosen and Byrds","floor":30,"turns":4},{"damage":59,"enemies":"Automaton","floor":33,"turns":7},{"damage":19,"enemies":"3 Shapes","floor":35,"turns":4},{"damage":0,"enemies":"3 Darklings","floor":37,"turns":1},{"damage":34,"enemies":"Writhing Mass","floor":39,"turns":6},{"damage":13,"enemies":"Jaw Worm Horde","floor":41,"turns":3},{"damage":55,"enemies":"Nemesis","floor":42,"turns":3}],"seed_played":"-6927227367725025992","potions_obtained":[{"floor":2,"key":"FairyPotion"},{"floor":2,"key":"Fire Potion"},{"floor":3,"key":"FairyPotion"},{"floor":10,"key":"FearPotion"},{"floor":19,"key":"Swift Potion"},{"floor":25,"key":"Explosive Potion"},{"floor":33,"key":"PowerPotion"}],"is_trial":false,"path_per_floor":["M","?","M","$","M","R","M","R","T","E","R","E","?","E","R","B",null,"M","M","$","$","M","E","R","E","T","R","E","R","M","?","R","B",null,"M","$","M","?","M","R","M","E"],"character_chosen":"DEFECT","items_purchased":["Sweeping Beam","Streamline","Metamorphosis","Self Repair","Runic Capacitor","PreservedInsect"],"campfire_rested":3,"item_purchase_floors":[4,4,20,21,36,36],"current_hp_per_floor":[68,68,68,68,68,68,64,64,64,64,64,52,52,32,32,14,60,49,45,45,45,47,19,19,10,17,41,14,40,40,40,40,33,74,55,55,55,55,21,47,41,0,0],"gold":96,"neow_bonus":"THREE_ENEMY_KILL","is_daily":false,"chose_seed":false,"campfire_upgraded":6,"win_rate":0.0,"timestamp":1609034684,"path_taken":["M","?","M","$","?","R","?","R","T","E","R","E","?","E","R","BOSS","M","M","?","$","M","E","R","E","T","R","E","R","?","?","R","BOSS","M","$","M","?","M","R","M","E"],"items_purchased_type":["Card","Card","Card","Card","Relic","Relic"],"build_version":"2020-12-22","purchased_purges":0,"victory":false,"max_hp_per_floor":[75,75,75,75,75,75,75,75,75,75,75,75,75,75,75,75,75,75,75,75,75,75,75,75,75,82,82,87,87,87,87,87,87,87,87,87,87,87,87,87,87,87,87],"card_choices":[{"not_picked":["Go for the Eyes","Steam"],"picked":"Beam Cell","floor":1},{"not_picked":["Coolheaded","Barrage"],"picked":"Genetic Algorithm","floor":3},{"not_picked":["Go for the Eyes","Ball Lightning"],"picked":"Conserve Battery","floor":5},{"not_picked":["Go for the Eyes","Redo"],"picked":"Ball Lightning","floor":7},{"not_picked":["Coolheaded","Steam Power"],"picked":"Reboot","floor":10},{"not_picked":["Steam","Turbo"],"picked":"Buffer","floor":12},{"not_picked":["hubris:Prefetch","Lockon"],"picked":"Conserve Battery","floor":14},{"not_picked":["Multi-Cast","Biased Cognition"],"picked":"Hyperbeam","floor":16},{"not_picked":["Consume","Compile Driver+1","Stack"],"picked":"SKIP","floor":18},{"not_picked":["Barrage","BootSequence+1"],"picked":"Skim","floor":19},{"not_picked":["Steam+1","Ball Lightning"],"picked":"hubris:Ukulele+1","floor":22},{"not_picked":["Cold Snap+1","Undo"],"picked":"Streamline","floor":23},{"not_picked":["Double Energy","Storm"],"picked":"Darkness+1","floor":25},{"not_picked":["Streamline","Storm+1"],"picked":"Sweeping Beam+1","floor":28},{"not_picked":["Ball Lightning","Multi-Cast"],"picked":"Rip and Tear+1","floor":30},{"not_picked":["All For One","Reboot"],"picked":"Rainbow","floor":33},{"not_picked":["Gash+1","Steam+1"],"picked":"Ball Lightning+1","floor":35},{"not_picked":["Self Repair","Go for the Eyes+1"],"picked":"Ball Lightning+1","floor":37},{"not_picked":["Flash of Steel","vexMod:EmailVexCard"],"picked":"Trip","floor":38},{"not_picked":["conspire:Rain+1","Coolheaded+1"],"picked":"Cold Snap","floor":39},{"not_picked":["BootSequence+1","Rebound+1"],"picked":"Skim+1","floor":41}],"player_experience":341510,"relics_obtained":[{"floor":9,"key":"Symbiotic Virus"},{"floor":10,"key":"Nunchaku"},{"floor":12,"key":"hubris:AstralHammer"},{"floor":14,"key":"Bag of Marbles"},{"floor":23,"key":"vexMod:MemoryStick"},{"floor":25,"key":"Ornamental Fan"},{"floor":26,"key":"Strawberry"},{"floor":28,"key":"vexMod:Dragonfruit"}],"event_choices":[{"damage_healed":0,"gold_gain":0,"player_choice":"Bought 2 Potions","damage_taken":0,"max_hp_gain":0,"max_hp_loss":0,"event_name":"The Woman in Blue","floor":2,"gold_loss":0},{"cards_removed":["Strike_B"],"damage_healed":0,"gold_gain":0,"player_choice":"Purged","damage_taken":0,"max_hp_gain":0,"max_hp_loss":0,"event_name":"Purifier","floor":13,"gold_loss":0},{"damage_healed":0,"gold_gain":0,"player_choice":"Ignored","damage_taken":0,"max_hp_gain":0,"max_hp_loss":0,"event_name":"Vampires","floor":31,"gold_loss":0},{"damage_healed":0,"gold_gain":0,"player_choice":"Memory 1","damage_taken":0,"max_hp_gain":0,"max_hp_loss":0,"event_name":"SensoryStone","floor":38,"gold_loss":0}],"is_beta":false,"boss_relics":[{"not_picked":["vexMod:RockOfEvil","Fusion Hammer"],"picked":"Cursed Key"},{"not_picked":["vexMod:CursedCompass","Velvet Choker"],"picked":"Sozu"}],"items_purged_floors":[],"is_endless":false,"potions_floor_spawned":[3,10,19,25,33,41],"killed_by":"Nemesis","ascension_level":8}}