{"host":"j1eo1fqrqta44853","time":1609109584,"event":{"mods":["Act Like it!","BaseMod","CatGirl Mod","Custom Start","Downfall","Elementarium","Gensokyo","GungeonMod","HololiveMod","Hubris","Infinite Spire","Lobotomy","LobotomyExtend","Marisa????????","Minty Spire (QoL Compilation)","Pale of the Ancients","Rare Cards Sparkle","Replay The Spire","SIMod","Shedinja","StSLib","The Jungle","The Marked","The Mystic","The Runesmith","The Vixen","TheBandit","Waifu the Spire"],"gold_per_floor":[99,110,110,110,260,278,331,181,181,181,10,20,20,46,65,169,169,169,189,204,204,218,238,284,284,14,14,14,14,14,14],"floor_reached":30,"playtime":2918,"items_purged":["sneckomod:Defend","Slimebound:Icky"],"score":251,"play_id":"cad01d7a-2740-4913-8b8b-9ff4c4d25d9a","local_time":"20201227165304","is_ascension_mode":false,"campfire_choices":[{"floor":1.0,"key":"RECALL"},{"data":"sneckomod:CheapStock","floor":8.0,"key":"SMITH"},{"data":"sneckomod:UnknownUncommonSkill","floor":10.0,"key":"SMITH"},{"data":"sneckomod:MorePower","floor":13.0,"key":"SMITH"},{"data":"sneckomod:SerpentMind","floor":18.0,"key":"SMITH"},{"floor":28,"key":"REST"}],"circlet_count":0,"master_deck":["sneckomod:Strike","sneckomod:Strike","sneckomod:Strike","sneckomod:Defend","sneckomod:Defend","sneckomod:Defend","sneckomod:TailWhip","sneckomod:SnekBite","sneckomod:Unknown","sneckomod:Unknown","Replay:SS_hec_1","sneckomod:UnknownUncommonSkill+1","sneckomod:CheapStock+1","sneckomod:Unknown0Cost","sneckomod:MorePower+1","sneckomod:UnknownRareSkill+1","sneckomod:UnknownClassShop Special","sneckomod:UnknownClassTHE_CHAMP_GRAY+1","sneckomod:Nope","sneckomod:UnknownEthereal+1","sneckomod:SerpentMind+1","Parasite","DemoMod:TableTechHeat","sneckomod:UnknownRarePower","ReplayTheSpireMod:Uncanny Aura","infinitespire:FutureSight","sneckomod:UnknownClassSLIMEBOUND+1","sneckomod:SoulDraw","sneckomod:UnknownClassAchievements+1","sneckomod:Restock","sneckomod:IronFang","sneckomod:QuickBite+1","sneckomod:SnakeSap"],"relics":["sneckomod:SneckoSoul","LetterFromLob","Pyrelight","hubris:SlimyHat","downfall:HeartBlessingRed","downfall:HeartBlessingBlue","hubris:TenFootPole","DemoMod:WhiteGuonStone","ReplayTheSpireMod:SealedPack","Iron Hammer","DemoMod:Metronome","MarkOfWind"],"acts_visited":["Exordium","TheCity"],"potions_floor_usage":[20,22,23,23],"damage_taken":[{"damage":4.0,"enemies":"2 Louse","floor":2.0,"turns":4.0},{"damage":1.0,"enemies":"Small Slimes","floor":6.0,"turns":4.0},{"damage":0.0,"enemies":"downfall:FleeingMerchant","floor":11.0,"turns":4.0},{"damage":10.0,"enemies":"Jaw Worm","floor":12.0,"turns":6.0},{"damage":24.0,"enemies":"Gremlin Nob","floor":14.0,"turns":4.0},{"damage":9.0,"enemies":"Blue Slaver","floor":15.0,"turns":4.0},{"damage":35.0,"enemies":"downfall:Watcher","floor":16.0,"turns":8.0},{"damage":31.0,"enemies":"Shell Parasite","floor":19.0,"turns":5.0},{"damage":32,"enemies":"Spheric Guardian","floor":20,"turns":6},{"damage":21,"enemies":"Snecko","floor":22,"turns":10},{"damage":11,"enemies":"Centurion and Healer","floor":23,"turns":5},{"damage":12,"enemies":"downfall:FleeingMerchant","floor":26,"turns":4},{"damage":44,"enemies":"Gremlin Leader","floor":30,"turns":2}],"seed_played":"3226886317820414740","potions_obtained":[{"floor":2.0,"key":"DuplicationPotion"},{"floor":12.0,"key":"PowerPotion"},{"floor":19.0,"key":"Weak Potion"},{"floor":20,"key":"Dexterity Potion"},{"floor":22,"key":"SkillPotion"}],"is_trial":false,"path_per_floor":["R","M","?","?","?","M","T","R","E","R","$","M","R","E","M","B",null,"R","M","M","?","M","M","T","?","$","?","R","?","E"],"character_chosen":"THE_SNECKO","items_purchased":["hubris:TenFootPole","sneckomod:SnakeSap"],"campfire_rested":1,"item_purchase_floors":[11,26],"current_hp_per_floor":[90,87,87,87,87,86,86,96,96,96,97,87,87,69,61,27,107,107,77,46,46,31,20,20,20,8,11,44,44,0,0],"gold":14,"neow_bonus":"RANDOM_COLORLESS","is_daily":false,"chose_seed":false,"campfire_upgraded":4,"win_rate":0.0,"timestamp":1609109584,"path_taken":["R","M","?","?","?","M","T","R","E","R","$","M","R","E","M","BOSS","R","M","M","?","M","M","T","?","$","?","R","?","E"],"items_purchased_type":["Relic","Card"],"build_version":"2020-12-22","purchased_purges":2,"victory":false,"max_hp_per_floor":[90,91,91,91,91,91,91,101,101,101,102,102,102,104,105,106,107,107,108,109,109,109,109,109,109,109,112,112,112,112,112],"card_choices":[{"not_picked":["ReplayTheSpireMod:Private Reserves","Flash of Steel"],"picked":"Replay:SS_hec_1","floor":0.0},{"not_picked":["sneckomod:UnknownCommonSkill","sneckomod:UnknownClassHUNTRESS"],"picked":"sneckomod:UnknownUncommonSkill","floor":2.0},{"not_picked":["sneckomod:UnknownWeak","sneckomod:DiceCrush"],"picked":"sneckomod:CheapStock","floor":6.0},{"not_picked":["sneckomod:UnknownClassLobotomy","sneckomod:UnknownClassBLUE"],"picked":"sneckomod:Unknown0Cost","floor":11.0},{"not_picked":["sneckomod:UnknownUncommonAttack","sneckomod:SnekBeam"],"picked":"sneckomod:MorePower","floor":12.0},{"not_picked":["sneckomod:UnknownClassMYSTIC_PURPLE+1","sneckomod:UnknownClassAngela+1"],"picked":"sneckomod:UnknownRareSkill+1","floor":14.0},{"not_picked":["sneckomod:UnknownBlock","sneckomod:UnknownCommonAttack"],"picked":"sneckomod:UnknownClassShop Special","floor":14.0},{"not_picked":["sneckomod:UnknownColorless+1","sneckomod:UnknownClassRAINBOW_COLOR+1"],"picked":"sneckomod:UnknownClassTHE_CHAMP_GRAY+1","floor":15.0},{"not_picked":["sneckomod:UnknownExhaust","sneckomod:UnknownStrike"],"picked":"sneckomod:Nope","floor":15.0},{"not_picked":["sneckomod:UnknownClassTHE_VIXEN_ORANGE+1","sneckomod:UnknownColorless+1"],"picked":"sneckomod:UnknownEthereal+1","floor":16.0},{"not_picked":["sneckomod:MorePower","sneckomod:UnknownRareSkill"],"picked":"sneckomod:SerpentMind","floor":16.0},{"not_picked":["Replay:GuardianBash","theMarked:SoldierOfQuellstein"],"picked":"DemoMod:TableTechHeat","floor":17.0},{"not_picked":["sneckomod:UnknownRareAttack","sneckomod:SoulExchange"],"picked":"sneckomod:UnknownRarePower","floor":17.0},{"not_picked":["Specialist","expansioncontent:PolyBeam"],"picked":"ReplayTheSpireMod:Uncanny Aura","floor":17.0},{"not_picked":["infinitespire:Collect","infinitespire:TheBestDefense"],"picked":"infinitespire:FutureSight","floor":17.0},{"not_picked":["sneckomod:Unknown0Cost+1","sneckomod:UnknownClassHEXA_GHOST_PURPLE+1"],"picked":"sneckomod:UnknownClassSLIMEBOUND+1","floor":19.0},{"not_picked":["sneckomod:DiceCrush","sneckomod:Unknown1Cost"],"picked":"sneckomod:SoulDraw","floor":19.0},{"not_picked":["sneckomod:UnknownClassUrban Legend+1","sneckomod:UnknownClassFLUTTERSHY_COLOR+1"],"picked":"sneckomod:UnknownClassAchievements+1","floor":20},{"not_picked":["sneckomod:UnknownClassGUARDIAN","sneckomod:Unknown0Cost"],"picked":"sneckomod:Restock","floor":20},{"not_picked":["sneckomod:RainOfDice","sneckomod:Unknown1Cost"],"picked":"sneckomod:IronFang","floor":22},{"not_picked":["sneckomod:UnknownClassMARISA_DERIVATIONS+1","sneckomod:UnknownClassRED+1","sneckomod:UnknownEthereal+1"],"picked":"SKIP","floor":22},{"not_picked":["sneckomod:IronFang","sneckomod:UnknownClassHololive_BLUE"],"picked":"sneckomod:QuickBite+1","floor":23},{"not_picked":["sneckomod:UnknownClassTWILIGHT_COLOR+1","sneckomod:UnknownBlock+1","sneckomod:UnknownClassHololive_BLUE+1"],"picked":"SKIP","floor":23},{"not_picked":["sneckomod:Unknown+1","sneckomod:UnknownClassRAINBOW_COLOR+1","sneckomod:UnknownClassFLUTTERSHY_COLOR+1"],"picked":"SKIP","floor":26},{"not_picked":["sneckomod:UnknownStrike","sneckomod:UnknownCommonAttack","sneckomod:UnknownClassFLUTTERSHY_COLOR"],"picked":"SKIP","floor":26}],"player_experience":974949,"relics_obtained":[{"floor":2.0,"key":"LetterFromLob"},{"floor":14.0,"key":"DemoMod:WhiteGuonStone"},{"floor":24,"key":"DemoMod:Metronome"}],"event_choices":[{"damage_healed":0,"gold_gain":0,"player_choice":"Ignored","damage_taken":0,"max_hp_gain":0,"max_hp_loss":0,"event_name":"Ghosts","floor":29,"gold_loss":0}],"is_beta":false,"boss_relics":[{"not_picked":["infinitespire:Cupcake","Velvet Choker"],"picked":"ReplayTheSpireMod:SealedPack"}],"items_purged_floors":[26,26],"is_endless":false,"potions_floor_spawned":[2,12,19,20,22],"killed_by":"Gremlin Leader","ascension_level":0}}