{"host":"m9i7qe3hvz6jihjh","time":1609092338,"event":{"mods":["BaseMod","Colored Powertips","Infinite Spire","Minty Spire (QoL Compilation)","Quick Restart","StSLib","The Animator","Waifu the Spire"],"gold_per_floor":[119,132,5,18,0,49,49,49,49,80,98,98,115,126,126,221,221,236,249,269,269,269,269,5,5,30,48,67,67,77,94,94,94,94],"floor_reached":33,"playtime":1284,"items_purged":["Defend_P"],"score":261,"play_id":"8d1c4424-ae48-4863-a5dc-950c1b60cda9","local_time":"20201227190538","is_ascension_mode":false,"campfire_choices":[{"data":"ForeignInfluence","floor":8,"key":"SMITH"},{"floor":12,"key":"REST"},{"floor":15,"key":"REST"},{"data":"Worship","floor":23,"key":"SMITH"},{"floor":32,"key":"REST"}],"circlet_count":0,"master_deck":["Strike_P","Strike_P","Strike_P","Defend_P","Defend_P","Vigilance","Protect","ForeignInfluence+1","Prostrate","Worship+1","Prostrate","WaveOfTheHand","Brilliance","Worship","PathToVictory","Consecrate","BattleHymn","Evaluate","Wish","WindmillStrike","Consecrate+1","Omniscience","Perseverance+1"],"relics":["PureWater","NeowsBlessing","Mercury Hourglass","Ornamental Fan","Question Card","Empty Cage","Nilry\u0027s Codex","Smiling Mask","Blood Vial"],"acts_visited":["Exordium","TheCity"],"potions_floor_usage":[6,6,10,16,16,27,28,31],"damage_taken":[{"damage":0,"enemies":"2 Louse","floor":1,"turns":1},{"damage":0,"enemies":"Small Slimes","floor":2,"turns":1},{"damage":0,"enemies":"Jaw Worm","floor":4,"turns":1},{"damage":5,"enemies":"Lagavulin","floor":6,"turns":3},{"damage":11,"enemies":"3 Sentries","floor":10,"turns":5},{"damage":12,"enemies":"Lots of Slimes","floor":11,"turns":4},{"damage":10,"enemies":"Exordium Wildlife","floor":13,"turns":4},{"damage":0,"enemies":"Looter","floor":14,"turns":3},{"damage":53,"enemies":"Hexaghost","floor":16,"turns":6},{"damage":12,"enemies":"Shell Parasite","floor":18,"turns":8},{"damage":1,"enemies":"Chosen","floor":19,"turns":3},{"damage":13,"enemies":"Centurion and Healer","floor":20,"turns":6},{"damage":7,"enemies":"Snake Plant","floor":27,"turns":3},{"damage":16,"enemies":"3 Cultists","floor":28,"turns":6},{"damage":18,"enemies":"Snecko","floor":30,"turns":4},{"damage":27,"enemies":"Shelled Parasite and Fungi","floor":31,"turns":4},{"damage":31,"enemies":"Collector","floor":33,"turns":8}],"seed_played":"1930140790579889806","potions_obtained":[{"floor":1,"key":"BottledMiracle"},{"floor":6,"key":"DuplicationPotion"},{"floor":11,"key":"PowerPotion"},{"floor":14,"key":"SkillPotion"},{"floor":20,"key":"AttackPotion"},{"floor":27,"key":"LiquidMemories"},{"floor":30,"key":"Regen Potion"}],"is_trial":false,"path_per_floor":["M","M","$","M","?","E","?","R","T","E","M","R","M","M","R","B",null,"M","M","M","?","?","R","$","?","T","M","M","?","M","M","R","B"],"character_chosen":"WATCHER","items_purchased":["ColorlessPotion","BattleHymn","Evaluate","Wish"],"campfire_rested":3,"item_purchase_floors":[3,24,24,24],"current_hp_per_floor":[72,72,72,72,72,67,60,60,60,49,37,58,48,48,69,16,72,60,59,46,46,70,70,70,54,54,47,31,31,15,2,23,0,0],"gold":94,"neow_bonus":"THREE_ENEMY_KILL","is_daily":false,"chose_seed":false,"campfire_upgraded":2,"win_rate":0.0,"timestamp":1609092338,"path_taken":["M","M","$","M","?","E","?","R","T","E","M","R","M","M","R","BOSS","M","M","M","?","?","R","$","?","T","M","M","?","?","?","R","BOSS"],"items_purchased_type":["Potion","Card","Card","Card"],"build_version":"2020-12-22","purchased_purges":1,"victory":false,"max_hp_per_floor":[72,72,72,72,72,72,72,72,72,72,72,72,72,72,72,72,72,72,72,72,72,72,72,72,72,72,72,72,72,72,72,72,72,72],"card_choices":[{"not_picked":["CrushJoints","FlyingSleeves"],"picked":"Protect","floor":1},{"not_picked":["CarveReality","Protect"],"picked":"ForeignInfluence","floor":2},{"not_picked":["CrushJoints","ClearTheMind"],"picked":"Prostrate","floor":4},{"not_picked":["Wallop","Nirvana","Blasphemy"],"picked":"SKIP","floor":6},{"not_picked":["Halt","FlyingSleeves"],"picked":"Worship","floor":10},{"not_picked":["SashWhip","ClearTheMind","WheelKick","JustLucky"],"picked":"SKIP","floor":11},{"not_picked":["Halt","FollowUp","CutThroughFate"],"picked":"Prostrate","floor":13},{"not_picked":["JustLucky","FlurryOfBlows","Protect"],"picked":"WaveOfTheHand","floor":14},{"not_picked":["Ragnarok","Vault","Wish"],"picked":"Brilliance","floor":16},{"not_picked":["EmptyBody","BowlingBash","FollowUp"],"picked":"Worship","floor":18},{"not_picked":["Conclude","SandsOfTime","CrushJoints+1"],"picked":"PathToVictory","floor":19},{"not_picked":["BattleHymn","FlurryOfBlows","Indignation"],"picked":"Consecrate","floor":20},{"not_picked":["Halt+1","ThirdEye","Indignation"],"picked":"WindmillStrike","floor":27},{"not_picked":["FlurryOfBlows","Fasting2","Tantrum"],"picked":"Consecrate+1","floor":28},{"not_picked":["Swivel","MentalFortress","Evaluate"],"picked":"Omniscience","floor":30},{"not_picked":["Nirvana","CrushJoints","PathToVictory"],"picked":"Perseverance+1","floor":31}],"player_experience":884532,"relics_obtained":[{"floor":6,"key":"Mercury Hourglass"},{"floor":9,"key":"Ornamental Fan"},{"floor":10,"key":"Question Card"},{"floor":25,"key":"Nilry\u0027s Codex"},{"floor":26,"key":"Smiling Mask"}],"event_choices":[{"damage_healed":0,"gold_gain":0,"player_choice":"Left Gold","damage_taken":0,"max_hp_gain":0,"max_hp_loss":0,"event_name":"World of Goop","floor":5,"gold_loss":18},{"cards_removed":["Strike_P"],"damage_healed":0,"gold_gain":0,"player_choice":"Card Removal","damage_taken":7,"max_hp_gain":0,"max_hp_loss":0,"event_name":"Golden Wing","floor":7,"gold_loss":0},{"damage_healed":24,"gold_gain":0,"player_choice":"Heal","damage_taken":0,"max_hp_gain":0,"max_hp_loss":0,"event_name":"The Library","floor":22,"gold_loss":0},{"damage_healed":0,"gold_gain":0,"player_choice":"Obtained Book","damage_taken":16,"max_hp_gain":0,"max_hp_loss":0,"event_name":"Cursed Tome","floor":25,"gold_loss":0},{"damage_healed":0,"gold_gain":0,"player_choice":"Opened","damage_taken":0,"relics_obtained":["Blood Vial"],"max_hp_gain":0,"max_hp_loss":0,"event_name":"The Mausoleum","floor":29,"gold_loss":0}],"is_beta":false,"boss_relics":[{"not_picked":["Runic Dome","Calling Bell"],"picked":"Empty Cage"}],"items_purged_floors":[3],"is_endless":false,"potions_floor_spawned":[1,6,11,14,20,27,30],"killed_by":"Collector","ascension_level":0}}