{"host":"v4tuy5ykrbdcm9o9","time":1609047879,"event":{"mods":["BaseMod","Duelist Mod","Minty Spire (QoL Compilation)","Replay The Spire","StSLib"],"gold_per_floor":[109,109,31,31,31,31,60,60,139,169,188,188,188,241,241,337,337,350,150,168,108,123,155,173,173,224,224,258,270,284,284,284],"floor_reached":31,"playtime":2845,"items_purged":[],"score":381,"play_id":"85afc3d6-8209-47e9-93ee-1564a7129f9d","local_time":"20201227004439","is_ascension_mode":true,"campfire_choices":[{"data":"EmptyFist","floor":6,"key":"SMITH"},{"floor":8,"key":"REST"},{"data":"Meditate","floor":12,"key":"SMITH"},{"floor":15,"key":"REST"},{"floor":27,"key":"REST"}],"circlet_count":0,"master_deck":["Strike_P","Strike_P+1","Strike_P","Strike_P","Defend_P","Defend_P+1","Defend_P","Defend_P","Eruption+1","Vigilance+1","EmptyFist+1","Meditate+1","Replay:Anticipation","FlyingSleeves","Replay:AllIn","Vengeance+1","Pray","Worship","TalkToTheHand+1","Prostrate+1","Replay:ManipulateFuture","Judgement","FearNoEvil","Doubt","Indignation+1","FlurryOfBlows","Replay:Hum"],"relics":["PureWater","Regal Pillow","Mercury Hourglass","Replay:Baseball","Meat on the Bone","Cursed Key","TeardropLocket","Ring of Fangs","Boot","Replay:Wax Seal"],"acts_visited":["Exordium","TheCity"],"potions_floor_usage":[28,28,31],"damage_taken":[{"damage":0,"enemies":"Small Slimes","floor":1,"turns":3},{"damage":12,"enemies":"Gremlin Nob","floor":7,"turns":3},{"damage":0,"enemies":"3 Sentries","floor":10,"turns":4},{"damage":4,"enemies":"Jaw Worm","floor":11,"turns":3},{"damage":24,"enemies":"The Guardian","floor":16,"turns":11},{"damage":4,"enemies":"Shell Parasite","floor":18,"turns":3},{"damage":0,"enemies":"Spheric Guardian","floor":20,"turns":2},{"damage":14,"enemies":"Cultist and Chosen","floor":22,"turns":5},{"damage":0,"enemies":"theDuelist:KaibaA2","floor":23,"turns":6},{"damage":18,"enemies":"Centurion and Healer","floor":24,"turns":2},{"damage":35,"enemies":"Book of Stabbing","floor":28,"turns":5},{"damage":36,"enemies":"Snake Plant","floor":29,"turns":4},{"damage":9,"enemies":"Chosen and Byrds","floor":30,"turns":3},{"damage":26,"enemies":"Shelled Parasite and Fungi","floor":31,"turns":3}],"seed_played":"7195105971279830734","potions_obtained":[{"floor":11,"key":"BottledMiracle"},{"floor":16,"key":"FearPotion"},{"floor":23,"key":"SteroidPotion"},{"floor":24,"key":"AttackPotion"},{"floor":30,"key":"Languid Potion"}],"is_trial":false,"path_per_floor":["M","?","$","?","?","R","E","R","T","E","M","R","?","?","R","B",null,"M","$","M","?","M","E","M","?","T","R","E","M","M","M"],"character_chosen":"WATCHER","items_purchased":["Reflective Coating","Pray","Worship","TalkToTheHand+1"],"campfire_rested":3,"item_purchase_floors":[3,19,19,19],"current_hp_per_floor":[79,63,63,63,63,63,51,79,79,79,75,75,75,56,79,55,79,75,75,75,75,61,61,43,43,43,79,44,20,23,0,0],"gold":284,"neow_bonus":"TEN_PERCENT_HP_BONUS","is_daily":false,"chose_seed":false,"campfire_upgraded":2,"win_rate":0.0,"timestamp":1609047879,"path_taken":["M","?","$","?","?","R","E","R","T","E","M","R","?","?","R","BOSS","M","$","?","?","M","E","M","?","T","R","E","M","M","M"],"items_purchased_type":["Potion","Card","Card","Card"],"build_version":"2020-12-22","purchased_purges":0,"victory":false,"max_hp_per_floor":[79,79,79,79,79,79,79,79,79,79,79,79,79,79,79,79,79,79,79,79,79,79,79,79,79,79,79,79,79,79,79,79],"card_choices":[{"not_picked":["Evaluate","SashWhip"],"picked":"EmptyFist","floor":1},{"not_picked":["CrushJoints","Protect"],"picked":"Meditate","floor":7},{"not_picked":["ClearTheMind","SpiritShield","WaveOfTheHand"],"picked":"SKIP","floor":10},{"not_picked":["Replay:AtTheReady","CrushJoints"],"picked":"Replay:Anticipation","floor":11},{"not_picked":["EmptyFist","Protect"],"picked":"FlyingSleeves","floor":14},{"not_picked":["Wish","Scrawl"],"picked":"Replay:AllIn","floor":16},{"not_picked":["Consecrate","Replay:Cycle+1"],"picked":"Vengeance+1","floor":18},{"not_picked":["Crescendo+1","FollowUp"],"picked":"Prostrate+1","floor":20},{"not_picked":["CrushJoints","PathToVictory"],"picked":"Replay:ManipulateFuture","floor":22},{"not_picked":["JustLucky","Tantrum+1"],"picked":"Judgement","floor":23},{"not_picked":["PathToVictory","Wallop"],"picked":"FearNoEvil","floor":24},{"not_picked":["Replay:DivineShield+1","CrushJoints"],"picked":"Indignation+1","floor":28},{"not_picked":["Vengeance","Replay:Vibes"],"picked":"FlurryOfBlows","floor":29},{"not_picked":["Protect","Ragnarok"],"picked":"Replay:Hum","floor":30}],"player_experience":467698,"relics_obtained":[{"floor":7,"key":"Regal Pillow"},{"floor":9,"key":"Mercury Hourglass"},{"floor":10,"key":"Replay:Baseball"},{"floor":14,"key":"Meat on the Bone"},{"floor":23,"key":"TeardropLocket"},{"floor":25,"key":"Ring of Fangs"},{"floor":26,"key":"Boot"},{"floor":28,"key":"Replay:Wax Seal"}],"event_choices":[{"damage_healed":0,"gold_gain":0,"player_choice":"Entered Light","damage_taken":16,"max_hp_gain":0,"max_hp_loss":0,"event_name":"Shining Light","floor":2,"gold_loss":0,"cards_upgraded":["Defend_P","Vigilance"]},{"damage_healed":0,"gold_gain":0,"player_choice":"Grow","damage_taken":0,"max_hp_gain":0,"max_hp_loss":0,"event_name":"Living Wall","floor":4,"gold_loss":0,"cards_upgraded":["Eruption"]},{"damage_healed":0,"gold_gain":0,"player_choice":"Ignored","damage_taken":0,"max_hp_gain":0,"max_hp_loss":0,"event_name":"Golden Wing","floor":5,"gold_loss":0}],"is_beta":false,"boss_relics":[{"not_picked":["Replay:Drink Me","Runic Dome"],"picked":"Cursed Key"}],"items_purged_floors":[],"is_endless":false,"potions_floor_spawned":[11,16,20,23,24,30],"killed_by":"Shelled Parasite and Fungi","ascension_level":3}}