{"host":"wfkvcf4y4vkrpwe0","time":1609108293,"event":{"mods":["BaseMod","Conspire","Downfall","Hermit","Minty Spire (QoL Compilation)","Replay The Spire","StSLib","The Construct","The Cursed","The Disciple","The Hierophant","The Necromancer"],"gold_per_floor":[99,111,124,177,177,194,194,119,145,43,72,83,8,18,35,133,133,133,144,244,158,158,158,181,192,192,292,59,59,59,59],"floor_reached":29,"playtime":1481,"items_purged":["Parasite"],"score":258,"play_id":"a3971fed-fb99-4221-973f-bf3300a65252","local_time":"20201227223133","is_ascension_mode":false,"campfire_choices":[{"floor":1,"key":"RECALL"},{"data":"hexamod:ChargedBarrage","floor":8,"key":"SMITH"},{"floor":13,"key":"REST"},{"data":"hexamod:SearingWound","floor":18,"key":"SMITH"},{"floor":26,"key":"REST"}],"circlet_count":0,"master_deck":["hexamod:Strike","hexamod:Strike","hexamod:Strike","hexamod:Defend","hexamod:Defend","hexamod:Defend","hexamod:Defend+1","hexamod:Sear","hexamod:Float","hexamod:FastForward","hexamod:SoulSteal+1","hexamod:HauntingEcho","hexamod:ChargedBarrage+1","hexamod:RadiantFlame+1","hexamod:StepThrough","hexamod:HeatCrush","hexamod:BurningTouch","hexamod:CatchUp","hexamod:StepThrough","hexamod:NightmareGuise","hexamod:SearingWound+1","Clumsy","hexamod:SoulSteal","hexamod:RainOfEmbers","hexamod:RadiantFlame+1","hexamod:BurningTouch+1","hexamod:Incineration+1"],"relics":["hexamod:SpiritBrand","Eternal Feather","Mirror","downfall:HeartBlessingRed","Happy Flower","The Courier","downfall:HeartBlessingGreen","Replay:Ancient Bell","Gremlin Food","Golden Egg","Mango","Omamori","Guide Book"],"acts_visited":["Exordium","TheCity"],"potions_floor_usage":[29],"damage_taken":[{"damage":6,"enemies":"Jaw Worm","floor":2,"turns":3},{"damage":5,"enemies":"Small Slimes","floor":3,"turns":3},{"damage":1,"enemies":"2 Louse","floor":6,"turns":3},{"damage":20,"enemies":"Lagavulin","floor":9,"turns":5},{"damage":4,"enemies":"downfall:FleeingMerchant","floor":10,"turns":4},{"damage":10,"enemies":"3 Sentries","floor":11,"turns":4},{"damage":12,"enemies":"3 Louse","floor":12,"turns":3},{"damage":1,"enemies":"Red Slaver","floor":14,"turns":3},{"damage":5,"enemies":"3 Louse","floor":15,"turns":3},{"damage":23,"enemies":"downfall:Silent","floor":16,"turns":6},{"damage":4,"enemies":"Chosen","floor":19,"turns":3},{"damage":24,"enemies":"Snecko","floor":21,"turns":5},{"damage":39,"enemies":"Shelled Parasite and Fungi","floor":25,"turns":6},{"damage":9,"enemies":"downfall:FleeingMerchant","floor":28,"turns":4},{"damage":57,"enemies":"Gremlin Leader","floor":29,"turns":2}],"seed_played":"-5055464613059519243","potions_obtained":[{"floor":2,"key":"Strength Potion"},{"floor":4,"key":"Reflective Coating"},{"floor":11,"key":"DistilledChaos"}],"is_trial":false,"path_per_floor":["R","M","M","?","?","M","T","R","E","$","E","M","R","M","M","B",null,"R","M","?","M","?","?","T","M","R","?","$","E"],"character_chosen":"THE_SPIRIT","items_purchased":["hexamod:HeatCrush","hexamod:BurningTouch","hexamod:Incineration+1","Guide Book"],"campfire_rested":2,"item_purchase_floors":[10,10,28,28],"current_hp_per_floor":[77,71,66,66,66,65,65,71,51,47,37,25,57,56,51,28,91,91,87,87,63,63,63,63,24,66,66,57,0,0,0],"gold":59,"neow_bonus":"TEN_PERCENT_HP_BONUS","is_daily":false,"chose_seed":false,"campfire_upgraded":2,"win_rate":0.0,"timestamp":1609108293,"path_taken":["R","M","M","?","?","M","T","R","E","$","E","M","R","M","M","BOSS","R","M","?","M","?","?","T","M","R","?","$","E"],"items_purchased_type":["Card","Card","Card","Relic"],"build_version":"2020-12-22","purchased_purges":1,"victory":false,"max_hp_per_floor":[77,77,77,77,77,77,77,77,77,77,77,77,77,77,77,77,91,91,91,91,91,91,91,91,91,91,91,88,88,88,88],"card_choices":[{"not_picked":["hexamod:EtherealExpedition","hexamod:GhostLash"],"picked":"hexamod:FastForward","floor":2},{"not_picked":["hexamod:RainOfEmbers","hexamod:HeatCrush"],"picked":"hexamod:SoulSteal","floor":3},{"not_picked":["hexamod:ShieldOfDarkness","hexamod:InspiringFlames"],"picked":"hexamod:HauntingEcho","floor":4},{"not_picked":["hexamod:RainOfEmbers","hexamod:SearingWound"],"picked":"hexamod:ChargedBarrage","floor":6},{"not_picked":["hexamod:SwordOfDarkness","hexamod:EtherealExpedition"],"picked":"hexamod:RadiantFlame","floor":9},{"not_picked":["hexamod:Haunt","hexamod:GhostShield"],"picked":"hexamod:StepThrough","floor":10},{"not_picked":["hexamod:ShieldOfDarkness","hexamod:TurnItUp","hexamod:RecurringNightmare"],"picked":"SKIP","floor":11},{"not_picked":["hexamod:Hexaguard","hexamod:GhostOfSpireFuture"],"picked":"hexamod:CatchUp","floor":12},{"not_picked":["hexamod:SwordOfDarkness","hexamod:SpectersWail"],"picked":"hexamod:StepThrough","floor":14},{"not_picked":["hexamod:UnleashSpirits","hexamod:HauntingEcho"],"picked":"hexamod:NightmareGuise","floor":15},{"not_picked":["hexamod:TimeWarp","hexamod:UnleashSpirits"],"picked":"hexamod:SearingWound","floor":16},{"not_picked":["ReplayTheSpireMod:Splinters","AbeCurse"],"picked":"ReplayTheSpireMod:IOU","floor":17},{"not_picked":["hexamod:Haunted","Voices"],"picked":"Clumsy","floor":17},{"not_picked":["hermit:ImpendingDoom","CommonCold"],"picked":"Parasite","floor":17},{"not_picked":["hexamod:SwordOfDarkness","hexamod:EmpoweredFlame+1"],"picked":"hexamod:SoulSteal","floor":19},{"not_picked":["hexamod:CatchUp","hexamod:DynamicBlow+1"],"picked":"hexamod:RainOfEmbers","floor":21},{"not_picked":["hexamod:ShieldOfDarkness","hexamod:FirstSeal"],"picked":"hexamod:RadiantFlame+1","floor":25},{"not_picked":["hexamod:ParanormalForm","hexamod:RainOfEmbers"],"picked":"hexamod:BurningTouch","floor":28}],"player_experience":551616,"relics_obtained":[{"floor":4,"key":"Eternal Feather"},{"floor":7,"key":"Mirror"},{"floor":9,"key":"Happy Flower"},{"floor":11,"key":"The Courier"},{"floor":24,"key":"Omamori"}],"event_choices":[{"damage_healed":0,"gold_gain":0,"player_choice":"Ignored","damage_taken":0,"max_hp_gain":0,"max_hp_loss":0,"event_name":"Vampires","floor":22,"gold_loss":0}],"is_beta":false,"boss_relics":[{"not_picked":["Coffee Dripper","conspire:SpecialSausage"],"picked":"Replay:Ancient Bell"},{"not_picked":["Centennial Puzzle","Dream Catcher"],"picked":"Gremlin Food"},{"not_picked":["conspire:DeflatedDodgeball","Pantograph"],"picked":"Golden Egg"},{"not_picked":["conspire:GlowingRock","Peace Pipe"],"picked":"Mango"}],"items_purged_floors":[28],"is_endless":false,"potions_floor_spawned":[2,11,12,16,19,25],"killed_by":"Gremlin Leader","ascension_level":0}}