{"host":"m99pr52ak2jwx2yo","time":1609091414,"event":{"mods":["BaseMod","Better Match","BetterRewards","Colored Map","Friendly Minions","Hermit","Hubris","Kiyohime£¨?ýï£©","Marisa£¨Ùöéë¡¡Øª×âÞÞ£©","Minty Spire (QoL Compilation)","Prisma Mod","Relic Stats","StSLib","SuperFastMode","Td1madao Mod","The Animator","The Cursed"],"gold_per_floor":[10011,10011,10021,9293,9293,9293,9319,9319,9319],"floor_reached":8,"playtime":479,"items_purged":["animator:Defend"],"score":60,"play_id":"5674c11c-7fab-4b97-ae20-6ca1c924ddd1","local_time":"20201228025014","is_ascension_mode":true,"campfire_choices":[{"floor":6,"key":"RECALL"}],"circlet_count":0,"master_deck":["animator:Strike_Fate","animator:Defend_Fate","animator:Strike","animator:Strike","animator:Strike","animator:Defend","animator:Defend","animator:Alexander","animator:Rider","animator:PandorasActor","animator:NagisaMomoe","animator:Caster"],"relics":["animator:LivingPicture","animator:TheMissingPiece","NeowsBlessing","Chemical X","Question Card","Mercury Hourglass","Golden Idol"],"acts_visited":["Exordium"],"potions_floor_usage":[],"damage_taken":[{"damage":0,"enemies":"Small Slimes","floor":1,"turns":1},{"damage":0,"enemies":"Jaw Worm","floor":3,"turns":1},{"damage":0,"enemies":"2 Louse","floor":7,"turns":1},{"damage":73,"enemies":"Gremlin Nob","floor":8,"turns":5}],"seed_played":"-8705415087141638233","potions_obtained":[{"floor":1,"key":"DuplicationPotion"}],"is_trial":false,"path_per_floor":["M","?","M","$","?","R","M","E"],"character_chosen":"THE_ANIMATOR","items_purchased":["Chemical X","Question Card","Mercury Hourglass"],"campfire_rested":0,"item_purchase_floors":[4,4,4],"current_hp_per_floor":[59,59,59,59,43,43,43,0,0],"gold":9319,"neow_bonus":"THREE_ENEMY_KILL","is_daily":false,"chose_seed":false,"campfire_upgraded":0,"win_rate":0.0,"timestamp":1609091414,"path_taken":["M","?","M","$","?","R","M","E"],"items_purchased_type":["Relic","Relic","Relic"],"build_version":"2020-12-22","purchased_purges":1,"victory":false,"max_hp_per_floor":[66,66,66,66,66,66,66,66,66],"relic_stats":{"counters":[4,8],"Golden Idol":3,"Chemical X":[1],"Question Card":1,"obtain_stats":[{"NeowsBlessing":0,"Golden Idol":5,"animator:TheMissingPiece":0,"animator:LivingPicture":0,"Chemical X":4,"Question Card":4,"Mercury Hourglass":4},{"NeowsBlessing":0,"Golden Idol":2,"animator:TheMissingPiece":0,"animator:LivingPicture":0,"Chemical X":2,"Question Card":2,"Mercury Hourglass":2},{"NeowsBlessing":0,"Golden Idol":2,"animator:TheMissingPiece":0,"animator:LivingPicture":0,"Chemical X":2,"Question Card":2,"Mercury Hourglass":2}],"Mercury Hourglass":[17]},"card_choices":[{"not_picked":["animator:Evileye","animator:OrikoMikuni"],"picked":"animator:PandorasActor","floor":1},{"not_picked":["animator:GazelDwargon","animator:Alexander"],"picked":"animator:NagisaMomoe","floor":3},{"not_picked":["animator:Berserker","animator:Shuna","animator:Benimaru"],"picked":"animator:Caster","floor":7}],"player_experience":98668,"relics_obtained":[],"event_choices":[{"damage_healed":0,"gold_gain":0,"player_choice":"Ignored","damage_taken":0,"max_hp_gain":0,"max_hp_loss":0,"event_name":"Liars Game","floor":2,"gold_loss":0},{"damage_healed":0,"gold_gain":0,"player_choice":"Take Damage","damage_taken":16,"relics_obtained":["Golden Idol"],"max_hp_gain":0,"max_hp_loss":0,"event_name":"Golden Idol","floor":5,"gold_loss":0}],"is_beta":false,"boss_relics":[],"items_purged_floors":[4],"is_endless":false,"potions_floor_spawned":[1],"killed_by":"Gremlin Nob","ascension_level":6}}