{"host":"nptej036rrbiurf5","time":1609059583,"event":{"mods":["BaseMod","Colored Map","Colored Powertips","DeckTracker","Minty Spire (QoL Compilation)","StSLib","SuperFastMode"],"gold_per_floor":[116,116,128,145,145,172,192,31,86,98,98,109,120,150,150,227,227,239,239,289,308,233,233,233],"floor_reached":23,"playtime":696,"items_purged":[],"score":406,"play_id":"913c3b64-5e2b-489a-be48-b6cae6c257d6","local_time":"20201227175943","is_ascension_mode":true,"campfire_choices":[{"data":"Eruption","floor":11.0,"key":"SMITH"},{"data":"MentalFortress","floor":15.0,"key":"SMITH"}],"circlet_count":0,"master_deck":["AscendersBane","Strike_P","Strike_P","Strike_P","Defend_P","Defend_P","Defend_P","Eruption+1","Vigilance","FearNoEvil","EmptyBody","SandsOfTime","Ragnarok","FlurryOfBlows","TalkToTheHand","MentalFortress+1","DeusExMachina","EmptyMind","Meditate"],"relics":["PureWater","Lizard Tail","Meat on the Bone","Blood Vial","Regal Pillow","Sozu"],"acts_visited":["Exordium","TheCity"],"potions_floor_usage":[],"damage_taken":[{"damage":0.0,"enemies":"Jaw Worm","floor":1.0,"turns":4.0},{"damage":0.0,"enemies":"Cultist","floor":3.0,"turns":2.0},{"damage":5.0,"enemies":"2 Louse","floor":4.0,"turns":2.0},{"damage":13.0,"enemies":"Lagavulin","floor":6.0,"turns":5.0},{"damage":0.0,"enemies":"Blue Slaver","floor":7.0,"turns":3.0},{"damage":8.0,"enemies":"3 Louse","floor":10.0,"turns":3.0},{"damage":1.0,"enemies":"2 Fungi Beasts","floor":12.0,"turns":2.0},{"damage":8.0,"enemies":"Blue Slaver","floor":13.0,"turns":3.0},{"damage":7.0,"enemies":"3 Sentries","floor":14.0,"turns":4.0},{"damage":24.0,"enemies":"The Guardian","floor":16.0,"turns":13.0},{"damage":32.0,"enemies":"2 Thieves","floor":18.0,"turns":3.0},{"damage":27.0,"enemies":"3 Byrds","floor":21.0,"turns":7.0},{"damage":87,"enemies":"Gremlin Leader","floor":23,"turns":4}],"seed_played":"2096991911860863873","potions_obtained":[{"floor":1.0,"key":"Fire Potion"},{"floor":3.0,"key":"SkillPotion"},{"floor":4.0,"key":"AttackPotion"},{"floor":10.0,"key":"BlessingOfTheForge"},{"floor":13.0,"key":"Weak Potion"}],"is_trial":false,"path_per_floor":["M","?","M","M","?","E","M","$","T","M","R","M","M","E","R","B",null,"M","?","?","M","?","E"],"character_chosen":"WATCHER","items_purchased":["Ragnarok"],"campfire_rested":0,"item_purchase_floors":[8],"current_hp_per_floor":[43,43,43,38,43,30,42,42,42,48,48,49,43,38,38,28,62,44,44,44,31,31,0,0],"gold":233,"neow_bonus":"ONE_RARE_RELIC","is_daily":false,"chose_seed":false,"campfire_upgraded":2,"win_rate":0.0,"timestamp":1609059583,"path_taken":["M","?","?","M","?","E","M","?","T","M","R","M","M","E","R","BOSS","M","?","?","M","?","E"],"items_purchased_type":["Card"],"build_version":"2020-12-22","purchased_purges":0,"victory":false,"max_hp_per_floor":[68,68,68,68,73,73,73,73,73,73,73,73,73,73,73,73,73,73,73,73,73,73,73,73],"card_choices":[{"not_picked":["BowlingBash","CrushJoints"],"picked":"FearNoEvil","floor":1.0},{"not_picked":["CutThroughFate","Crescendo","FollowUp"],"picked":"SKIP","floor":3.0},{"not_picked":["Crescendo","Halt"],"picked":"EmptyBody","floor":4.0},{"not_picked":["EmptyMind","Crescendo"],"picked":"SandsOfTime","floor":6.0},{"not_picked":["Pray","CutThroughFate","BowlingBash"],"picked":"SKIP","floor":7.0},{"not_picked":["SpiritShield","FearNoEvil","DeceiveReality"],"picked":"SKIP","floor":10.0},{"not_picked":["DeceiveReality","Nirvana"],"picked":"FlurryOfBlows","floor":12.0},{"not_picked":["Consecrate","Evaluate"],"picked":"TalkToTheHand","floor":13.0},{"not_picked":["ClearTheMind","SandsOfTime"],"picked":"MentalFortress","floor":14.0},{"not_picked":["Wish","Omniscience"],"picked":"DeusExMachina","floor":16.0},{"not_picked":["BowlingBash+1","Crescendo","CarveReality"],"picked":"SKIP","floor":18.0},{"not_picked":["Protect","Prostrate"],"picked":"Meditate","floor":21.0}],"player_experience":860371,"relics_obtained":[{"floor":6.0,"key":"Meat on the Bone"},{"floor":9.0,"key":"Blood Vial"},{"floor":14.0,"key":"Regal Pillow"}],"event_choices":[{"cards_removed":["Defend_P"],"damage_healed":0.0,"max_hp_gain":0.0,"max_hp_loss":0.0,"gold_gain":0.0,"event_name":"Bonfire Elementals","player_choice":"Offered Basic","floor":2.0,"gold_loss":0.0,"damage_taken":0.0},{"damage_healed":0.0,"max_hp_gain":5.0,"max_hp_loss":0.0,"gold_gain":0.0,"event_name":"Big Fish","player_choice":"Donut","floor":5.0,"gold_loss":0.0,"damage_taken":0.0},{"damage_healed":0.0,"max_hp_gain":0.0,"max_hp_loss":0.0,"gold_gain":0.0,"event_name":"The Library","player_choice":"Read","floor":19.0,"gold_loss":0.0,"damage_taken":0.0,"cards_obtained":["EmptyMind"]},{"damage_healed":0.0,"max_hp_gain":0.0,"max_hp_loss":0.0,"gold_gain":50.0,"event_name":"Nest","player_choice":"Stole From Cult","floor":20.0,"gold_loss":0.0,"damage_taken":0.0},{"cards_removed":["Strike_P"],"damage_healed":0.0,"max_hp_gain":0.0,"max_hp_loss":0.0,"gold_gain":0.0,"event_name":"Beggar","player_choice":"Gave Gold","floor":22.0,"gold_loss":75.0,"damage_taken":0.0}],"is_beta":false,"boss_relics":[{"not_picked":["Tiny House","Coffee Dripper"],"picked":"Sozu"}],"items_purged_floors":[],"is_endless":false,"potions_floor_spawned":[1,3,4,10,13],"killed_by":"Gremlin Leader","ascension_level":20}}