{"host":"oy4pyvr762z5n0bb","time":1609045300,"event":{"mods":["AchievementEnabler","BaseMod","Colored Map","Colored Powertips","Googly Eyes","Key Reminder","Minty Spire (QoL Compilation)","Quick Restart","Relic Sorter","StSLib","SuperFastMode","Unceasing Turn Reminder","slay the spire mod where everything is the same but ironclad has a cowboy hat"],"gold_per_floor":[112,112,112,19,38,72,72,72,99,133,133,153,181,201,201,298,298,316,516,132,149,167,167,193,193,218,236,255,170,184,184,184,184,184],"floor_reached":33,"playtime":834,"items_purged":["Rampage"],"score":475,"play_id":"5a517990-f915-444b-9536-8dde21298bbf","local_time":"20201226210140","is_ascension_mode":true,"campfire_choices":[{"floor":7,"key":"REST"},{"floor":11,"key":"REST"},{"data":"Offering","floor":15,"key":"SMITH"},{"floor":23,"key":"REST"},{"floor":32,"key":"RECALL"}],"circlet_count":0,"master_deck":["Defend_R","Defend_R","Defend_R","Defend_R","Bash","Dark Embrace+1","Fiend Fire","Shrug It Off+1","Ghostly Armor","Cleave","Rage","Offering+1","Anger","Blood for Blood","Anger","Bludgeon","Shrug It Off+1","Flash of Steel","Flame Barrier+1","Disarm+1","Heavy Blade","Clothesline+1","Bite","Bite","Bite","Bite","Bite","Wild Strike","Armaments+1","Feel No Pain+1"],"relics":["Burning Blood","PreservedInsect","Vajra","Happy Flower","keyreminder:keyreminder","Fusion Hammer","Centennial Puzzle","Bottled Tornado","War Paint","Bag of Preparation"],"acts_visited":["Exordium","TheCity"],"potions_floor_usage":[13,16,24,33,33,33,33,33],"damage_taken":[{"damage":7,"enemies":"2 Louse","floor":1,"turns":3},{"damage":5,"enemies":"Small Slimes","floor":5,"turns":3},{"damage":86,"enemies":"Gremlin Nob","floor":6,"turns":7},{"damage":16,"enemies":"3 Sentries","floor":10,"turns":5},{"damage":6,"enemies":"Cultist","floor":12,"turns":3},{"damage":6,"enemies":"Gremlin Nob","floor":13,"turns":3},{"damage":6,"enemies":"Red Slaver","floor":14,"turns":2},{"damage":6,"enemies":"Slime Boss","floor":16,"turns":5},{"damage":25,"enemies":"3 Byrds","floor":18,"turns":5},{"damage":6,"enemies":"Shell Parasite","floor":21,"turns":3},{"damage":7,"enemies":"Snecko","floor":22,"turns":3},{"damage":11,"enemies":"Book of Stabbing","floor":24,"turns":2},{"damage":7,"enemies":"Shelled Parasite and Fungi","floor":27,"turns":3},{"damage":20,"enemies":"Centurion and Healer","floor":28,"turns":4},{"damage":15,"enemies":"Cultist and Chosen","floor":30,"turns":5},{"damage":121,"enemies":"Collector","floor":33,"turns":14}],"seed_played":"-3739027525106796098","potions_obtained":[{"floor":1,"key":"FairyPotion"},{"floor":8,"key":"EssenceOfSteel"},{"floor":8,"key":"Strength Potion"},{"floor":8,"key":"SneckoOil"},{"floor":13,"key":"Weak Potion"},{"floor":21,"key":"Fire Potion"},{"floor":24,"key":"EntropicBrew"}],"is_trial":false,"path_per_floor":["M","?","?","$","M","E","R","?","T","E","R","M","E","M","R","B",null,"M","?","$","M","M","R","E","?","T","M","M","?","M","?","R","B"],"character_chosen":"IRONCLAD","items_purchased":["Ghostly Armor","Cleave","Flash of Steel","Flame Barrier","Centennial Puzzle"],"campfire_rested":3,"item_purchase_floors":[4,4,20,20,20],"current_hp_per_floor":[71,71,57,57,58,27,48,48,48,38,59,59,59,61,61,63,70,53,53,53,55,56,72,67,67,67,72,64,64,65,65,65,0,0],"gold":184,"neow_bonus":"TRANSFORM_TWO_CARDS","is_daily":false,"chose_seed":false,"campfire_upgraded":1,"win_rate":0.0,"timestamp":1609045300,"path_taken":["M","?","?","$","M","E","R","?","T","E","R","M","E","M","R","BOSS","M","?","$","M","?","R","E","?","T","M","M","?","M","?","R","BOSS"],"items_purchased_type":["Card","Card","Card","Card","Relic"],"build_version":"2020-12-22","purchased_purges":1,"victory":false,"max_hp_per_floor":[72,72,72,72,72,72,72,72,72,72,72,72,72,72,72,72,72,72,72,72,72,72,72,72,72,72,72,72,72,72,72,72,72,72],"card_choices":[{"not_picked":["Clothesline","Body Slam"],"picked":"Shrug It Off","floor":1},{"not_picked":["Havoc","Heavy Blade"],"picked":"Rage","floor":5},{"not_picked":["Wild Strike","Infernal Blade"],"picked":"Offering","floor":6},{"not_picked":["Armaments","Burning Pact"],"picked":"Anger","floor":10},{"not_picked":["Headbutt","Perfected Strike"],"picked":"Blood for Blood","floor":12},{"not_picked":["Carnage","Cleave"],"picked":"Rampage","floor":13},{"not_picked":["Pommel Strike","Headbutt"],"picked":"Anger","floor":14},{"not_picked":["Barricade","Limit Break"],"picked":"Bludgeon","floor":16},{"not_picked":["Thunderclap","Armaments"],"picked":"Shrug It Off+1","floor":18},{"not_picked":["Body Slam","Warcry"],"picked":"Disarm","floor":21},{"not_picked":["Perfected Strike","Clash"],"picked":"Heavy Blade","floor":22},{"not_picked":["Uppercut","Exhume"],"picked":"Clothesline+1","floor":24},{"not_picked":["Headbutt","Cleave"],"picked":"Wild Strike","floor":27},{"not_picked":["Limit Break","Sever Soul"],"picked":"Armaments+1","floor":28},{"not_picked":["Body Slam","Anger+1"],"picked":"Feel No Pain","floor":30}],"player_experience":586831,"relics_obtained":[{"floor":6,"key":"PreservedInsect"},{"floor":9,"key":"Vajra"},{"floor":10,"key":"Happy Flower"},{"floor":13,"key":"Blood Vial"},{"floor":24,"key":"Bottled Tornado"},{"floor":26,"key":"War Paint"}],"event_choices":[{"damage_healed":0,"gold_gain":0,"player_choice":"Grow","damage_taken":0,"max_hp_gain":0,"max_hp_loss":0,"event_name":"Living Wall","floor":2,"gold_loss":0,"cards_upgraded":["Dark Embrace"]},{"damage_healed":0,"gold_gain":0,"player_choice":"Entered Light","damage_taken":14,"max_hp_gain":0,"max_hp_loss":0,"event_name":"Shining Light","floor":3,"gold_loss":0,"cards_upgraded":["Strike_R","Shrug It Off"]},{"damage_healed":0,"gold_gain":0,"player_choice":"Got Potions","damage_taken":0,"max_hp_gain":0,"max_hp_loss":0,"event_name":"Lab","floor":8,"gold_loss":0},{"damage_healed":0,"gold_gain":250,"player_choice":"Bet on Owner","damage_taken":0,"max_hp_gain":0,"max_hp_loss":0,"event_name":"The Joust","floor":19,"gold_loss":50},{"damage_healed":0,"gold_gain":0,"player_choice":"Became a vampire (Vial)","damage_taken":0,"max_hp_gain":0,"max_hp_loss":0,"event_name":"Vampires","floor":25,"relics_lost":["Blood Vial"],"gold_loss":0,"cards_obtained":["Bite","Bite","Bite","Bite","Bite"]},{"damage_healed":0,"gold_gain":0,"player_choice":"Obtained Relic","damage_taken":0,"relics_obtained":["Bag of Preparation"],"max_hp_gain":0,"max_hp_loss":0,"event_name":"Addict","floor":29,"gold_loss":85},{"damage_healed":0,"gold_gain":0,"player_choice":"Upgraded","damage_taken":0,"max_hp_gain":0,"max_hp_loss":0,"event_name":"Upgrade Shrine","floor":31,"gold_loss":0,"cards_upgraded":["Feel No Pain"]}],"is_beta":false,"boss_relics":[{"not_picked":["SlaversCollar","Black Star"],"picked":"Fusion Hammer"}],"items_purged_floors":[20],"is_endless":false,"potions_floor_spawned":[1,13,14,21,24,30],"killed_by":"Collector","ascension_level":5}}