{"host":"Zion","time":1609112908,"event":{"mods":["AchievementEnabler","BaseMod","Colored Map","DeckTracker","Minty Spire (QoL Compilation)","Quick Restart","Rare Cards Sparkle"],"gold_per_floor":[116,41,58,58,72,72,87,87,87,87,103,120,20,46,46,151,151,161,36,51,67,82,107,122,148,175,175,175,175,195,230,230,332,332,351,370,370,387,237,237,268,281,281,106,117,137,169,187,187,187],"floor_reached":51,"playtime":3272,"items_purged":["Strike_P","Defend_P","Strike_P","Strike_P","Defend_P"],"score":999,"play_id":"73e5b522-cfb3-451c-ab3b-659bef7b95ad","local_time":"20201228084828","is_ascension_mode":true,"campfire_choices":[{"data":"Eruption","floor":6.0,"key":"SMITH"},{"data":"CutThroughFate","floor":8.0,"key":"SMITH"},{"floor":15.0,"key":"DIG"},{"floor":27.0,"key":"REST"},{"data":"Adaptation","floor":32.0,"key":"SMITH"},{"data":"Tantrum","floor":40.0,"key":"SMITH"},{"floor":49.0,"key":"DIG"}],"circlet_count":0,"master_deck":["Eruption+1","Vigilance","CutThroughFate+1","InnerPeace","Judgement","Tantrum+1","Adaptation+1","MentalFortress+1","FlurryOfBlows+1"],"relics":["PureWater","NeowsBlessing","Unceasing Top","Shovel","Centennial Puzzle","Empty Cage","StrikeDummy","Molten Egg 2","Bag of Marbles","Red Mask","VioletLotus","Eternal Feather","Potion Belt","Bottled Flame","Mercury Hourglass"],"acts_visited":["Exordium","TheCity","TheBeyond"],"potions_floor_usage":[],"damage_taken":[{"damage":0.0,"enemies":"Cultist","floor":1.0,"turns":1.0},{"damage":0.0,"enemies":"2 Louse","floor":3.0,"turns":1.0},{"damage":0.0,"enemies":"Jaw Worm","floor":5.0,"turns":1.0},{"damage":0.0,"enemies":"2 Fungi Beasts","floor":7.0,"turns":2.0},{"damage":4.0,"enemies":"Large Slime","floor":11.0,"turns":6.0},{"damage":8.0,"enemies":"Gremlin Gang","floor":12.0,"turns":6.0},{"damage":27.0,"enemies":"Lagavulin","floor":14.0,"turns":5.0},{"damage":20.0,"enemies":"Slime Boss","floor":16.0,"turns":9.0},{"damage":0.0,"enemies":"Spheric Guardian","floor":18.0,"turns":1.0},{"damage":0.0,"enemies":"3 Byrds","floor":20.0,"turns":3.0},{"damage":7.0,"enemies":"3 Cultists","floor":21.0,"turns":3.0},{"damage":4.0,"enemies":"Chosen and Byrds","floor":22.0,"turns":3.0},{"damage":29.0,"enemies":"Book of Stabbing","floor":23.0,"turns":4.0},{"damage":4.0,"enemies":"Cultist and Chosen","floor":24.0,"turns":3.0},{"damage":22.0,"enemies":"Gremlin Leader","floor":25.0,"turns":4.0},{"damage":0.0,"enemies":"Snake Plant","floor":30.0,"turns":1.0},{"damage":0.0,"enemies":"Masked Bandits","floor":31.0,"turns":2.0},{"damage":8.0,"enemies":"Automaton","floor":33.0,"turns":3.0},{"damage":0.0,"enemies":"Orb Walker","floor":35.0,"turns":2.0},{"damage":0.0,"enemies":"3 Darklings","floor":36.0,"turns":2.0},{"damage":11.0,"enemies":"Jaw Worm Horde","floor":38.0,"turns":2.0},{"damage":1.0,"enemies":"Reptomancer","floor":41.0,"turns":2.0},{"damage":3.0,"enemies":"Sphere and 2 Shapes","floor":42.0,"turns":2.0},{"damage":0.0,"enemies":"Transient","floor":45.0,"turns":5.0},{"damage":0.0,"enemies":"4 Shapes","floor":46.0,"turns":3.0},{"damage":1.0,"enemies":"Giant Head","floor":47.0,"turns":2.0},{"damage":0.0,"enemies":"Maw","floor":48.0,"turns":4.0},{"damage":6,"enemies":"Awakened One","floor":50,"turns":3}],"seed_played":"6782594889869391089","potions_obtained":[{"floor":5.0,"key":"DuplicationPotion"},{"floor":11.0,"key":"StancePotion"},{"floor":14.0,"key":"Dexterity Potion"},{"floor":20.0,"key":"ColorlessPotion"},{"floor":30.0,"key":"BottledMiracle"},{"floor":31.0,"key":"Energy Potion"},{"floor":36.0,"key":"CultistPotion"},{"floor":38.0,"key":"Fire Potion"},{"floor":45.0,"key":"AttackPotion"},{"floor":46.0,"key":"ColorlessPotion"}],"is_trial":false,"path_per_floor":["M","$","M","$","M","R","M","R","T","$","M","M","$","E","R","B",null,"M","$","M","M","M","E","M","E","T","R","?","?","M","?","R","B",null,"M","M","?","M","$","R","E","M","T","$","M","M","E","M","R","B",null],"character_chosen":"WATCHER","items_purchased":[],"campfire_rested":1,"item_purchase_floors":[],"current_hp_per_floor":[72,72,72,72,72,72,72,72,72,72,68,60,60,33,33,13,72,72,72,72,65,61,32,28,6,6,27,27,27,27,27,27,19,72,72,72,72,61,61,61,60,57,57,57,57,57,56,56,59,53],"gold":187,"neow_bonus":"THREE_ENEMY_KILL","is_daily":false,"chose_seed":false,"campfire_upgraded":4,"win_rate":0.0,"timestamp":1609112908,"path_taken":["M","?","M","$","M","R","?","R","T","$","M","M","$","E","R","BOSS","M","$","M","M","M","E","M","E","T","R","?","?","?","?","R","BOSS","M","M","?","M","$","R","E","M","T","$","?","M","E","M","R","BOSS"],"items_purchased_type":[],"build_version":"2020-12-18","purchased_purges":5,"victory":true,"max_hp_per_floor":[72,72,72,72,72,72,72,72,72,72,72,72,72,72,72,72,72,72,72,72,72,72,72,72,72,72,72,72,72,72,72,72,72,72,72,72,72,72,72,72,72,72,72,72,72,72,72,72,72,72],"card_choices":[{"not_picked":["ThirdEye","FollowUp"],"picked":"CutThroughFate","floor":1.0},{"not_picked":["BowlingBash","FlyingSleeves"],"picked":"InnerPeace","floor":3.0},{"not_picked":["Halt","Evaluate","PathToVictory"],"picked":"SKIP","floor":5.0},{"not_picked":["Establishment","EmptyFist","CrushJoints"],"picked":"SKIP","floor":7.0},{"not_picked":["Evaluate","EmptyBody","ClearTheMind"],"picked":"SKIP","floor":11.0},{"not_picked":["Evaluate","Sanctity","FlyingSleeves"],"picked":"SKIP","floor":12.0},{"not_picked":["ThirdEye","Conclude","Wireheading"],"picked":"SKIP","floor":14.0},{"not_picked":["Omniscience","DeusExMachina"],"picked":"Judgement","floor":16.0},{"not_picked":["FollowUp","Fasting2","ThirdEye"],"picked":"SKIP","floor":18.0},{"not_picked":["InnerPeace","WheelKick","FlyingSleeves"],"picked":"SKIP","floor":20.0},{"not_picked":["Evaluate+1","Wish"],"picked":"Tantrum","floor":21.0},{"not_picked":["WheelKick","ClearTheMind","JustLucky"],"picked":"SKIP","floor":22.0},{"not_picked":["BowlingBash","Swivel","EmptyMind+1"],"picked":"SKIP","floor":23.0},{"not_picked":["Conclude","SpiritShield","Crescendo"],"picked":"SKIP","floor":24.0},{"not_picked":["SashWhip+1","MasterReality"],"picked":"Adaptation","floor":25.0},{"not_picked":["ClearTheMind","EmptyBody","BowlingBash+1"],"picked":"SKIP","floor":30.0},{"not_picked":["ClearTheMind","EmptyBody","BowlingBash+1"],"picked":"SKIP","floor":30.0},{"not_picked":["FollowUp+1","FlurryOfBlows+1"],"picked":"MentalFortress+1","floor":35.0},{"not_picked":["JustLucky+1","Prostrate+1","BowlingBash+1"],"picked":"SKIP","floor":36.0},{"not_picked":["Sanctity+1","FollowUp+1","PathToVictory"],"picked":"SKIP","floor":38.0},{"not_picked":["Meditate+1","Tantrum+1","InnerPeace"],"picked":"SKIP","floor":41.0},{"not_picked":["TalkToTheHand+1","Tantrum+1","Weave+1"],"picked":"SKIP","floor":42.0},{"not_picked":["Establishment","Protect","SandsOfTime+1"],"picked":"SKIP","floor":45.0},{"not_picked":["Conclude+1","Protect+1"],"picked":"FlurryOfBlows+1","floor":46.0},{"not_picked":["InnerPeace+1","Perseverance","FlyingSleeves+1"],"picked":"SKIP","floor":47.0},{"not_picked":["FollowUp+1","FlyingSleeves+1","Pray+1"],"picked":"SKIP","floor":48.0}],"player_experience":185624,"relics_obtained":[{"floor":9.0,"key":"Unceasing Top"},{"floor":14.0,"key":"Shovel"},{"floor":15.0,"key":"Centennial Puzzle"},{"floor":23.0,"key":"StrikeDummy"},{"floor":25.0,"key":"Molten Egg 2"},{"floor":26.0,"key":"Bag of Marbles"},{"floor":31.0,"key":"Red Mask"},{"floor":41.0,"key":"Eternal Feather"},{"floor":43.0,"key":"Potion Belt"},{"floor":47.0,"key":"Bottled Flame"},{"floor":49.0,"key":"Mercury Hourglass"}],"event_choices":[{"cards_removed":["Defend_P"],"damage_healed":0.0,"max_hp_gain":0.0,"max_hp_loss":0.0,"gold_gain":0.0,"event_name":"Back to Basics","player_choice":"Elegance","floor":28.0,"gold_loss":0.0,"damage_taken":0.0},{"damage_healed":0.0,"max_hp_gain":0.0,"max_hp_loss":0.0,"gold_gain":0.0,"event_name":"Vampires","player_choice":"Ignored","floor":29.0,"gold_loss":0.0,"damage_taken":0.0},{"damage_healed":0.0,"max_hp_gain":0.0,"max_hp_loss":0.0,"gold_gain":0.0,"event_name":"Masked Bandits","player_choice":"Fought Bandits","floor":31.0,"gold_loss":0.0,"damage_taken":0.0},{"damage_healed":0.0,"max_hp_gain":0.0,"max_hp_loss":0.0,"gold_gain":0.0,"event_name":"Match and Keep!","player_choice":"0 cards matched","floor":37.0,"gold_loss":0.0,"damage_taken":0.0,"cards_obtained":[]}],"is_beta":true,"boss_relics":[{"not_picked":["Runic Pyramid","Black Star"],"picked":"Empty Cage"},{"not_picked":["Busted Crown","Coffee Dripper"],"picked":"VioletLotus"}],"items_purged_floors":[2,13,19,39,44],"is_endless":false,"potions_floor_spawned":[5,11,14,20,22,30,31,36,38,45,46],"ascension_level":4}}