{"host":"7pal6f3elqhvlig9","time":1609088978,"event":{"mods":["2.2 Compatiblity","AchievementEnabler","Arknights The Spire","BaseMod","Colored Map","Marisa£¨Ùöéë¡¡Øª×âÞÞ£©","Minty Spire (QoL Compilation)","StSLib","The Bug Knight","everything is the same but u backflip on backflip"],"gold_per_floor":[112,77,77,77,77,77,110,110,180,208,208,208,224,241,241,345,395,410,335,335,22,121,155,155,155,155,167,167,167,167,167,167,167,167],"floor_reached":33,"playtime":1042,"items_purged":[],"score":340,"play_id":"4ec3a5f5-c915-4681-9652-b916aa0f8068","local_time":"20201228020938","is_ascension_mode":false,"campfire_choices":[{"data":"ats:Assault Order","floor":6,"key":"SMITH"},{"data":"ats:Emotion Absorption","floor":12,"key":"SMITH"},{"data":"ats:Chain Hook","floor":15,"key":"SMITH"},{"floor":25,"key":"RECALL"},{"data":"ats:True Silver Slash","floor":29,"key":"SMITH"},{"floor":32,"key":"REST"}],"circlet_count":0,"master_deck":["ats:Strike C","ats:Strike G","ats:Strike S","ats:Armor Crushing Shot","ats:Defend","ats:Defend","ats:Defend","ats:Emotion Absorption+1","ats:Assault Order+1","ats:Chain Hook+1","ats:Sunburst","ats:Charging Defense","ats:Ignite+1","ats:True Silver Slash+1","ats:Leaping Hammer","ats:Red Shift","ats:Counter Healing Mode","ats:Rat Pack"],"relics":["ats:Sanity","NeowsBlessing","ats:Originium","ats:Lavender","Matryoshka","ats:Originium","Ancient Tea Set","Tiny House","FossilizedHelix","ats:Originium","Peace Pipe","HornCleat","Bottled Lightning","Meat on the Bone","StrikeDummy"],"acts_visited":["Exordium","TheCity"],"potions_floor_usage":[23,23,23],"damage_taken":[{"damage":0,"enemies":"Jaw Worm","floor":1,"turns":1},{"damage":0,"enemies":"3 Sentries","floor":7,"turns":2},{"damage":0,"enemies":"Lagavulin","floor":10,"turns":1},{"damage":0,"enemies":"Small Slimes","floor":13,"turns":2},{"damage":0,"enemies":"Cultist","floor":14,"turns":3},{"damage":76,"enemies":"The Guardian","floor":16,"turns":14},{"damage":0,"enemies":"3 Byrds","floor":18,"turns":4},{"damage":39,"enemies":"Slavers","floor":23,"turns":5},{"damage":0,"enemies":"Spheric Guardian","floor":27,"turns":3},{"damage":84,"enemies":"Collector","floor":33,"turns":13}],"seed_played":"512177433200380170","potions_obtained":[{"floor":13,"key":"LiquidBronze"},{"floor":14,"key":"BlessingOfTheForge"},{"floor":17,"key":"LiquidBronze"},{"floor":18,"key":"Swift Potion"}],"is_trial":false,"path_per_floor":["M","$","?","?","$","R","E","?","T","E","$","R","M","M","R","B",null,"M","?","?","$","?","E","?","R","T","M","?","R","$","T","R","B"],"character_chosen":"DOCTOR_CLASS","items_purchased":["ats:Chain Hook","FossilizedHelix"],"campfire_rested":1,"item_purchase_floors":[2,21],"current_hp_per_floor":[72,72,65,70,70,70,70,70,70,70,70,70,71,73,73,10,82,82,82,82,82,82,46,46,46,46,48,32,32,32,32,58,0,0],"gold":167,"neow_bonus":"THREE_ENEMY_KILL","is_daily":false,"chose_seed":false,"campfire_upgraded":4,"win_rate":0.0,"timestamp":1609088978,"path_taken":["M","$","?","?","?","R","E","?","T","E","$","R","M","?","R","BOSS","M","?","?","$","?","E","?","R","T","M","?","R","?","?","R","BOSS"],"items_purchased_type":["Card","Relic"],"build_version":"2020-12-22","purchased_purges":0,"victory":false,"max_hp_per_floor":[72,72,72,77,77,77,77,77,77,77,77,77,77,77,77,77,82,82,82,82,82,82,82,82,82,82,82,87,87,87,87,87,87,87],"card_choices":[{"not_picked":["ats:Consecutive Shot Auto","ats:Directed Diagnosis"],"picked":"ats:Assault Order","floor":1},{"not_picked":["ats:Flexible Camouflage","ats:Powerful Strike"],"picked":"ats:Sunburst","floor":7},{"not_picked":["ats:Sunburst","ats:LN2 Cannon","ats:Consecutive Shot Auto"],"picked":"SKIP","floor":10},{"not_picked":["ats:Collapsing Strike","ats:Revitalization"],"picked":"ats:Charging Defense","floor":13},{"not_picked":["ats:Shell Defense","ats:Flexible Camouflage"],"picked":"ats:Ignite","floor":14},{"not_picked":["ats:Ambush","ats:Durian"],"picked":"ats:True Silver Slash","floor":16},{"not_picked":["ats:Flexible Camouflage","ats:Healing Strengthening"],"picked":"ats:Leaping Hammer","floor":18},{"not_picked":["ats:Ignite","ats:Chain Hook"],"picked":"ats:Red Shift","floor":23},{"not_picked":["ats:Assault Order","ats:Directed Diagnosis"],"picked":"ats:Rat Pack","floor":27}],"player_experience":230165,"relics_obtained":[{"floor":7,"key":"ats:Originium"},{"floor":7,"key":"ats:Lavender"},{"floor":9,"key":"Matryoshka"},{"floor":10,"key":"ats:Originium"},{"floor":10,"key":"Ancient Tea Set"},{"floor":23,"key":"ats:Originium"},{"floor":23,"key":"Peace Pipe"},{"floor":26,"key":"HornCleat"},{"floor":26,"key":"Bottled Lightning"},{"floor":31,"key":"Meat on the Bone"},{"floor":31,"key":"StrikeDummy"}],"event_choices":[{"cards_removed":["ats:Defend"],"damage_healed":0,"gold_gain":0,"player_choice":"Card Removal","damage_taken":7,"max_hp_gain":0,"max_hp_loss":0,"event_name":"Golden Wing","floor":3,"gold_loss":0},{"damage_healed":0,"gold_gain":0,"player_choice":"Donut","damage_taken":0,"max_hp_gain":5,"max_hp_loss":0,"event_name":"Big Fish","floor":4,"gold_loss":0},{"damage_healed":0,"gold_gain":0,"player_choice":"Ignored","damage_taken":0,"max_hp_gain":0,"max_hp_loss":0,"event_name":"NoteForYourself","floor":8,"gold_loss":0},{"cards_removed":["ats:Strike V"],"damage_healed":0,"gold_gain":0,"player_choice":"Gave Gold","damage_taken":0,"max_hp_gain":0,"max_hp_loss":0,"event_name":"Beggar","floor":19,"gold_loss":75},{"damage_healed":0,"gold_gain":0,"player_choice":"Ignored","damage_taken":0,"max_hp_gain":0,"max_hp_loss":0,"event_name":"Ghosts","floor":20,"gold_loss":0},{"damage_healed":0,"gold_gain":99,"player_choice":"Stole From Cult","damage_taken":0,"max_hp_gain":0,"max_hp_loss":0,"event_name":"Nest","floor":22,"gold_loss":0},{"damage_healed":0,"gold_gain":0,"player_choice":"Read","damage_taken":0,"max_hp_gain":0,"max_hp_loss":0,"event_name":"The Library","floor":24,"gold_loss":0,"cards_obtained":["ats:Counter Healing Mode"]},{"damage_healed":0,"gold_gain":0,"player_choice":"Shed Blood","damage_taken":21,"max_hp_gain":5,"max_hp_loss":0,"event_name":"Forgotten Altar","floor":28,"gold_loss":0}],"is_beta":false,"boss_relics":[{"not_picked":["SacredBark","Philosopher\u0027s Stone"],"picked":"Tiny House"}],"items_purged_floors":[],"is_endless":false,"potions_floor_spawned":[13,14,18],"killed_by":"Collector","ascension_level":0}}