{"host":"8cthvke634f9mtsj","time":1609027616,"event":{"mods":["AchievementEnabler","BaseMod","Colored Map","Colored Powertips","Minty Spire (QoL Compilation)","Rare Cards Sparkle"],"gold_per_floor":[112,126,146,162,112,112,144,154,206,206,235,235,235,258,258,258,258],"floor_reached":16,"playtime":1473,"items_purged":[],"score":118,"play_id":"4326094c-bae5-4062-b73d-a4365c2a756c","local_time":"20201227010656","is_ascension_mode":true,"campfire_choices":[{"data":"Eruption","floor":6,"key":"SMITH"},{"data":"MentalFortress","floor":13,"key":"SMITH"},{"data":"Prostrate","floor":15,"key":"SMITH"}],"circlet_count":0,"master_deck":["Strike_P","Strike_P","Strike_P","Strike_P","Defend_P","Defend_P","Defend_P","Eruption+1","Vigilance","FlurryOfBlows","FearNoEvil","Halt","Prostrate+1","CutThroughFate","FlurryOfBlows","MentalFortress+1","FollowUp"],"relics":["PureWater","Oddly Smooth Stone","Blood Vial","Gremlin Horn","Golden Idol"],"acts_visited":["Exordium"],"potions_floor_usage":[7,7,16],"damage_taken":[{"damage":2,"enemies":"Small Slimes","floor":1,"turns":4},{"damage":0,"enemies":"Cultist","floor":2,"turns":2},{"damage":0,"enemies":"2 Louse","floor":3,"turns":2},{"damage":6,"enemies":"Lots of Slimes","floor":4,"turns":6},{"damage":7,"enemies":"3 Sentries","floor":7,"turns":5},{"damage":0,"enemies":"Exordium Thugs","floor":8,"turns":3},{"damage":8,"enemies":"Lagavulin","floor":11,"turns":7},{"damage":1,"enemies":"Blue Slaver","floor":14,"turns":3},{"damage":63,"enemies":"Hexaghost","floor":16,"turns":9}],"seed_played":"-1288828215644811352","potions_obtained":[{"floor":1,"key":"Ambrosia"},{"floor":2,"key":"GamblersBrew"},{"floor":3,"key":"PowerPotion"},{"floor":14,"key":"PowerPotion"}],"is_trial":false,"path_per_floor":["M","M","M","M","?","R","E","M","T","$","E","?","R","M","R","B"],"character_chosen":"WATCHER","items_purchased":[],"campfire_rested":0,"item_purchase_floors":[],"current_hp_per_floor":[77,77,77,71,71,71,64,64,64,64,58,58,58,59,59,0,0],"gold":258,"neow_bonus":"TEN_PERCENT_HP_BONUS","is_daily":false,"chose_seed":false,"campfire_upgraded":3,"win_rate":0.0,"timestamp":1609027616,"path_taken":["M","M","M","M","?","R","E","M","T","$","E","?","R","M","R","BOSS"],"items_purchased_type":[],"build_version":"2020-12-22","purchased_purges":0,"victory":false,"max_hp_per_floor":[79,79,79,79,79,79,79,79,79,79,79,73,73,73,73,73,73],"card_choices":[{"not_picked":["Weave","FollowUp"],"picked":"FlurryOfBlows","floor":1},{"not_picked":["Perseverance","Collect"],"picked":"FearNoEvil","floor":2},{"not_picked":["ReachHeaven","FlyingSleeves"],"picked":"Halt","floor":3},{"not_picked":["Protect","Fasting2"],"picked":"Prostrate","floor":4},{"not_picked":["SashWhip","Meditate"],"picked":"CutThroughFate","floor":7},{"not_picked":["Collect","ThirdEye"],"picked":"FlurryOfBlows","floor":8},{"not_picked":["PathToVictory","Wish"],"picked":"MentalFortress","floor":11},{"not_picked":["Protect","CrushJoints"],"picked":"FollowUp","floor":14}],"player_experience":271672,"relics_obtained":[{"floor":7,"key":"Oddly Smooth Stone"},{"floor":9,"key":"Blood Vial"},{"floor":11,"key":"Gremlin Horn"}],"event_choices":[{"cards_removed":["Defend_P"],"damage_healed":0,"gold_gain":0,"player_choice":"Card Removal","damage_taken":0,"max_hp_gain":0,"max_hp_loss":0,"event_name":"The Cleric","floor":5,"gold_loss":50},{"damage_healed":0,"gold_gain":0,"player_choice":"Lose Max HP","damage_taken":0,"relics_obtained":["Golden Idol"],"max_hp_gain":0,"max_hp_loss":6,"event_name":"Golden Idol","floor":12,"gold_loss":0}],"is_beta":false,"boss_relics":[],"items_purged_floors":[],"is_endless":false,"potions_floor_spawned":[1,2,3,14],"killed_by":"Hexaghost","ascension_level":1}}