{"host":"zhec3g4cvsmevugl","time":1609081638,"event":{"mods":["BaseMod","BetterRewards","Curses Come First","Minty Spire (QoL Compilation)","Relic Stats","Slay-I","StSLib"],"gold_per_floor":[110,121,140,66,85,117,117,131,131,187,187,30,43,58,58,162,162,178,191,20,20,20,49,61,61,111,111,210,222,238,238,238],"floor_reached":31,"playtime":1726,"items_purged":[],"score":420,"play_id":"f9715ec5-786a-41f0-b64f-814cf36fd961","local_time":"20201227230718","is_ascension_mode":true,"campfire_choices":[{"floor":7,"key":"REST"},{"floor":15,"key":"REST"},{"floor":25,"key":"REST"}],"circlet_count":0,"master_deck":["Survivor","Neutralize","Apotheosis","Finisher","Purity","Dagger Throw","Leg Sweep","Poisoned Stab","Masterful Stab","Slice","Masterful Stab","Finisher","Slice","PiercingWail","Unload","Envenom","Heel Hook","Unload","Corpse Explosion","Blur","Sucker Punch","Accuracy","Deadly Poison","Quick Slash","Riddle With Holes","Burst","Quick Slash","Riddle With Holes","The Bomb","The Bomb","Crippling Poison+1","Storm of Steel","Terror","Deflect","Catalyst"],"relics":["Ring of the Snake","MealTicket","Mango","Orichalcum","Regal Pillow","Dream Catcher","Pandora\u0027s Box","Anchor","Lantern","Gremlin Horn"],"acts_visited":["Exordium","TheCity"],"potions_floor_usage":[3,16,16,31,31,31],"damage_taken":[{"damage":2,"enemies":"Cultist","floor":1,"turns":4},{"damage":11,"enemies":"Jaw Worm","floor":2,"turns":3},{"damage":1,"enemies":"Small Slimes","floor":3,"turns":2},{"damage":6,"enemies":"Exordium Thugs","floor":5,"turns":3},{"damage":34,"enemies":"3 Sentries","floor":6,"turns":9},{"damage":5,"enemies":"Looter","floor":8,"turns":2},{"damage":0,"enemies":"2 Fungi Beasts","floor":13,"turns":2},{"damage":4,"enemies":"Large Slime","floor":14,"turns":6},{"damage":6,"enemies":"Hexaghost","floor":16,"turns":8},{"damage":10,"enemies":"3 Byrds","floor":18,"turns":5},{"damage":3,"enemies":"Shell Parasite","floor":19,"turns":2},{"damage":35,"enemies":"Book of Stabbing","floor":23,"turns":6},{"damage":11,"enemies":"Chosen and Byrds","floor":24,"turns":5},{"damage":30,"enemies":"Centurion and Healer","floor":29,"turns":6},{"damage":8,"enemies":"Snecko","floor":30,"turns":4},{"damage":16,"enemies":"Colosseum Slavers","floor":31,"turns":4},{"damage":17,"enemies":"Colosseum Nobs","floor":31,"turns":3}],"seed_played":"-7852859370700228548","potions_obtained":[{"floor":1,"key":"PowerPotion"},{"floor":3,"key":"ColorlessPotion"},{"floor":5,"key":"BlessingOfTheForge"},{"floor":13,"key":"Ancient Potion"},{"floor":18,"key":"Weak Potion"},{"floor":23,"key":"GhostInAJar"}],"is_trial":false,"path_per_floor":["M","M","M","$","M","E","R","M","T","?","?","$","M","M","R","B",null,"M","M","$","?","$","E","M","R","T","?","?","M","M","?"],"character_chosen":"THE_SILENT","items_purchased":["MealTicket","Apotheosis","Finisher","Masterful Stab","Dream Catcher","The Bomb"],"campfire_rested":3,"item_purchase_floors":[0,0,0,4,12,20],"current_hp_per_floor":[54,43,42,57,51,17,40,35,35,35,35,50,50,46,79,73,79,69,66,79,79,79,44,33,71,71,71,71,41,33,0,0],"gold":238,"neow_bonus":"","is_daily":false,"chose_seed":false,"campfire_upgraded":0,"win_rate":0.0,"timestamp":1609081638,"path_taken":["M","M","?","?","?","E","R","M","T","?","?","$","M","M","R","BOSS","M","M","$","?","?","E","M","R","T","?","?","M","M","?"],"items_purchased_type":["Relic","Card","Card","Card","Relic","Card"],"build_version":"2020-12-22","purchased_purges":0,"victory":false,"max_hp_per_floor":[79,79,79,79,79,79,79,79,79,79,79,79,79,79,79,79,79,79,79,79,79,79,79,79,79,79,79,79,79,79,79,79],"relic_stats":{"Regal Pillow":40,"Dream Catcher":2,"Gremlin Horn":[2,2],"counters":[46,162],"MealTicket":88,"Pandora\u0027s Box":["Heel Hook","Unload","Corpse Explosion","Blur","Sucker Punch","Accuracy","Deadly Poison","Quick Slash","Riddle With Holes","Burst"],"Orichalcum":[156],"obtain_stats":[{"Regal Pillow":38,"Lantern":26,"Singing Bowl":43,"Gremlin Horn":27,"Vajra":3,"Mango":0,"Bag of Preparation":22,"Boot":8,"Smiling Mask":26,"ClockworkSouvenir":39,"Blood Vial":23,"Nunchaku":39,"Dream Catcher":12,"Matryoshka":9,"MealTicket":6,"Philosopher\u0027s Stone":34,"Ring of the Snake":0,"Potion Belt":13,"Girya":42,"Pear":39,"Dead Branch":23,"Thread and Needle":11,"PreservedInsect":26,"Pen Nib":40,"War Paint":44,"Orichalcum":6,"Medical Kit":22,"Question Card":38,"Peace Pipe":29,"Strange Spoon":42,"Anchor":29,"CaptainsWheel":44,"Pandora\u0027s Box":17,"Turnip":40,"Black Star":17,"Membership Card":3},{"Regal Pillow":22,"Lantern":42,"Singing Bowl":24,"Gremlin Horn":42,"Vajra":1,"Mango":29,"Bag of Preparation":12,"Boot":5,"Smiling Mask":14,"ClockworkSouvenir":22,"Blood Vial":13,"Nunchaku":22,"Dream Catcher":35,"Matryoshka":5,"MealTicket":3,"Philosopher\u0027s Stone":20,"Ring of the Snake":0,"Potion Belt":8,"Girya":24,"Pear":22,"Dead Branch":13,"Thread and Needle":7,"PreservedInsect":14,"Pen Nib":23,"War Paint":25,"Orichalcum":34,"Medical Kit":12,"Question Card":22,"Peace Pipe":17,"Strange Spoon":24,"Anchor":17,"CaptainsWheel":25,"Pandora\u0027s Box":38,"Turnip":23,"Black Star":10,"Membership Card":1},{"Regal Pillow":65,"Lantern":145,"Singing Bowl":72,"Gremlin Horn":145,"Vajra":2,"Mango":88,"Bag of Preparation":34,"Boot":11,"Smiling Mask":41,"ClockworkSouvenir":65,"Blood Vial":39,"Nunchaku":65,"Dream Catcher":111,"Matryoshka":11,"MealTicket":7,"Philosopher\u0027s Stone":60,"Ring of the Snake":0,"Potion Belt":23,"Girya":72,"Pear":65,"Dead Branch":39,"Thread and Needle":19,"PreservedInsect":41,"Pen Nib":69,"War Paint":75,"Orichalcum":109,"Medical Kit":34,"Question Card":65,"Peace Pipe":49,"Strange Spoon":72,"Anchor":49,"CaptainsWheel":75,"Pandora\u0027s Box":127,"Turnip":69,"Black Star":30,"Membership Card":2}],"Ring of the Snake":[93]},"card_choices":[{"not_picked":["Outmaneuver","Caltrops"],"picked":"Dagger Throw","floor":1},{"not_picked":["Flying Knee","Outmaneuver"],"picked":"Leg Sweep","floor":2},{"not_picked":["PiercingWail","Well Laid Plans"],"picked":"Poisoned Stab","floor":3},{"not_picked":["Infinite Blades","Flying Knee"],"picked":"Slice","floor":5},{"not_picked":["Crippling Poison","Escape Plan"],"picked":"Masterful Stab","floor":6},{"not_picked":["Endless Agony","Catalyst"],"picked":"Finisher","floor":8},{"not_picked":["Dagger Throw","Catalyst"],"picked":"Slice","floor":13},{"not_picked":["Deadly Poison","Outmaneuver"],"picked":"PiercingWail","floor":14},{"not_picked":["Concentrate","Dagger Spray"],"picked":"Unload","floor":15},{"not_picked":["Grand Finale","Malaise"],"picked":"Envenom","floor":16},{"not_picked":["Crippling Poison","Acrobatics"],"picked":"Quick Slash","floor":18},{"not_picked":["Blade Dance","Slice"],"picked":"Riddle With Holes","floor":19},{"not_picked":["Setup","Backflip+1"],"picked":"Crippling Poison+1","floor":23},{"not_picked":["Accuracy+1","Outmaneuver"],"picked":"Storm of Steel","floor":24},{"not_picked":["Underhanded Strike","Leg Sweep"],"picked":"Terror","floor":25},{"not_picked":["Well Laid Plans+1","Flying Knee"],"picked":"Deflect","floor":29},{"not_picked":["Cloak And Dagger","Flying Knee"],"picked":"Catalyst","floor":30}],"player_experience":182649,"relics_obtained":[{"floor":6,"key":"Orichalcum"},{"floor":9,"key":"Regal Pillow"},{"floor":23,"key":"Anchor"},{"floor":26,"key":"Lantern"}],"event_choices":[{"damage_healed":0,"gold_gain":56,"player_choice":"Gained Gold","damage_taken":0,"max_hp_gain":0,"max_hp_loss":0,"event_name":"Golden Wing","floor":10,"gold_loss":0},{"damage_healed":0,"gold_gain":0,"player_choice":"Bought 0 Potions","damage_taken":0,"max_hp_gain":0,"max_hp_loss":0,"event_name":"The Woman in Blue","floor":11,"gold_loss":0},{"damage_healed":0,"gold_gain":0,"player_choice":"Copied","damage_taken":0,"max_hp_gain":0,"max_hp_loss":0,"event_name":"Duplicator","floor":21,"gold_loss":0,"cards_obtained":["The Bomb"]},{"damage_healed":0,"gold_gain":0,"player_choice":"Opened","damage_taken":0,"relics_obtained":["Gremlin Horn"],"max_hp_gain":0,"max_hp_loss":0,"event_name":"The Mausoleum","floor":27,"gold_loss":0},{"damage_healed":0,"gold_gain":99,"player_choice":"Stole From Cult","damage_taken":0,"max_hp_gain":0,"max_hp_loss":0,"event_name":"Nest","floor":28,"gold_loss":0},{"damage_healed":0,"gold_gain":0,"player_choice":"Fight","damage_taken":0,"max_hp_gain":0,"max_hp_loss":0,"event_name":"Colosseum","floor":31,"gold_loss":0},{"damage_healed":0,"gold_gain":0,"player_choice":"Fought Nobs","damage_taken":0,"max_hp_gain":0,"max_hp_loss":0,"event_name":"Colosseum","floor":31,"gold_loss":0}],"is_beta":false,"boss_relics":[{"not_picked":["SacredBark","Philosopher\u0027s Stone"],"picked":"Pandora\u0027s Box"}],"items_purged_floors":[],"is_endless":false,"potions_floor_spawned":[1,3,5,13,14,18,23],"killed_by":"Colosseum Nobs","ascension_level":2}}