{"host":"a464imauj9yqom7y","time":1609066253,"event":{"mods":["AchievementEnabler","BaseMod","Better Altar","Better Match","Better Note","Better Sensory Stone","Better Skull","BetterRewards","Colored Map","Colored Powertips","Hubris","Minty Spire (QoL Compilation)","Rare Cards Sparkle","Shade Mod","StSLib"],"gold_per_floor":[216,295,295,314,340,369,369,382,464,482,495,495,505,505,505,608,608,624,624,613,538,557,557,573,573,573],"floor_reached":25,"playtime":1326,"items_purged":[],"score":205,"play_id":"c9e7dfa9-1f07-4dc2-9f44-bd01bf2c2c4c","local_time":"20201227045053","is_ascension_mode":false,"campfire_choices":[{"floor":7,"key":"REST"},{"floor":12,"key":"REST"},{"data":"Searing Blow","floor":15,"key":"SMITH"},{"data":"Searing Blow+1","floor":23,"key":"SMITH"}],"circlet_count":0,"master_deck":["Strike_R","Strike_R","Strike_R","Strike_R","Strike_R","Defend_R","Defend_R","Defend_R","Defend_R","Bash","Heavy Blade","Searing Blow+2","hubris:CleavingFinish","Shrug It Off","Warcry","Offering","Power Through","Second Wind","Impervious","Burning Pact+1","Pommel Strike","Demon Form+1","Second Wind+1","Headbutt+1","Infernal Blade+1"],"relics":["Burning Blood","Centennial Puzzle","hubris:OldNail","Frozen Egg 2","Shade:YorickSkull","Nloth\u0027s Gift"],"acts_visited":["Exordium","TheCity"],"potions_floor_usage":[6,16,18,24,25],"damage_taken":[{"damage":7,"enemies":"2 Louse","floor":1,"turns":3},{"damage":0,"enemies":"Small Slimes","floor":4,"turns":3},{"damage":65,"enemies":"Lagavulin","floor":6,"turns":11},{"damage":1,"enemies":"Jaw Worm","floor":8,"turns":6},{"damage":7,"enemies":"Looter","floor":10,"turns":4},{"damage":29,"enemies":"Large Slime","floor":11,"turns":9},{"damage":7,"enemies":"2 Fungi Beasts","floor":13,"turns":2},{"damage":13,"enemies":"Slime Boss","floor":16,"turns":8},{"damage":27,"enemies":"Chosen","floor":18,"turns":5},{"damage":6,"enemies":"2 Thieves","floor":20,"turns":4},{"damage":23,"enemies":"Cultist and Chosen","floor":22,"turns":6},{"damage":32,"enemies":"Shelled Parasite and Fungi","floor":24,"turns":4},{"damage":17,"enemies":"Gremlin Leader","floor":25,"turns":5}],"seed_played":"-9217279086783948305","potions_obtained":[{"floor":4,"key":"PowerPotion"},{"floor":8,"key":"SteroidPotion"},{"floor":10,"key":"DistilledChaos"},{"floor":20,"key":"Energy Potion"},{"floor":22,"key":"Fire Potion"}],"is_trial":false,"path_per_floor":["M","?","?","M","T","E","R","M","T","M","M","R","M","$","R","B",null,"M","?","M","?","M","R","M","E"],"character_chosen":"IRONCLAD","items_purchased":[],"campfire_rested":2,"item_purchase_floors":[],"current_hp_per_floor":[79,79,79,80,80,21,45,50,50,49,26,50,49,49,49,42,80,59,59,59,59,42,42,16,0,0],"gold":573,"neow_bonus":"HUNDRED_GOLD","is_daily":false,"chose_seed":false,"campfire_upgraded":2,"win_rate":0.0,"timestamp":1609066253,"path_taken":["M","?","?","M","?","E","R","M","T","M","M","R","M","$","R","BOSS","M","?","M","?","M","R","M","E"],"items_purchased_type":[],"build_version":"2020-12-22","purchased_purges":0,"victory":false,"max_hp_per_floor":[80,80,80,80,80,80,80,80,80,80,80,80,80,80,80,80,80,80,80,80,80,80,80,80,80,80],"card_choices":[{"not_picked":["Anger","Perfected Strike"],"picked":"Heavy Blade","floor":1},{"not_picked":["Impervious","hubris:ReadiedAction"],"picked":"hubris:CleavingFinish","floor":4},{"not_picked":["Clothesline","Fire Breathing"],"picked":"Shrug It Off","floor":6},{"not_picked":["Heavy Blade","Searing Blow"],"picked":"Warcry","floor":8},{"not_picked":["Twin Strike","Reckless Charge"],"picked":"Offering","floor":10},{"not_picked":["Shrug It Off","Cleave"],"picked":"Power Through","floor":11},{"not_picked":["Blood for Blood","Iron Wave"],"picked":"Second Wind","floor":13},{"not_picked":["Reaper","hubris:StunningStrike"],"picked":"Impervious","floor":16},{"not_picked":["Headbutt","Body Slam"],"picked":"Burning Pact+1","floor":18},{"not_picked":["Juggernaut+1","Disarm"],"picked":"Pommel Strike","floor":20},{"not_picked":["Corruption+1","Fiend Fire+1"],"picked":"Demon Form+1","floor":21},{"not_picked":["Shockwave+1","Pummel+1"],"picked":"Second Wind+1","floor":21},{"not_picked":["Shrug It Off","Clash+1"],"picked":"Headbutt+1","floor":22},{"not_picked":["Shockwave","Shrug It Off"],"picked":"Infernal Blade+1","floor":24}],"player_experience":13471,"relics_obtained":[{"floor":5,"key":"Centennial Puzzle"},{"floor":6,"key":"hubris:OldNail"},{"floor":9,"key":"Frozen Egg 2"}],"event_choices":[{"damage_healed":0,"gold_gain":79,"player_choice":"Gained Gold","damage_taken":0,"max_hp_gain":0,"max_hp_loss":0,"event_name":"Golden Wing","floor":2,"gold_loss":0},{"damage_healed":0,"gold_gain":0,"player_choice":"Traded Relic","damage_taken":0,"relics_obtained":["Nloth\u0027s Gift"],"max_hp_gain":0,"max_hp_loss":0,"event_name":"N\u0027loth","floor":19,"relics_lost":["hubris:Backtick"],"gold_loss":0},{"damage_healed":0,"gold_gain":0,"player_choice":"2","damage_taken":0,"max_hp_gain":0,"max_hp_loss":0,"event_name":"betterMatch:BetterMatch","floor":21,"gold_loss":0,"cards_obtained":["betterMatch:RareCard","betterMatch:UncommonCard"]}],"is_beta":false,"boss_relics":[{"not_picked":["Runic Cube","hubris:Stopwatch"],"picked":"hubris:Backtick"}],"items_purged_floors":[],"is_endless":false,"potions_floor_spawned":[4,8,10,20,22],"killed_by":"Gremlin Leader","ascension_level":0}}