{"host":"8qb550oiisecbnz6","time":1609102953,"event":{"mods":["AchievementEnabler","BaseMod","Colored Map","Colored Powertips","Minty Spire (QoL Compilation)","Quick Restart","Slay-I","StSLib"],"gold_per_floor":[112,62,72,21,96,124,124,124,177,188,206,206,236,252,252,351,351,371,470,470,470,487,512,512,531,556,556,556],"floor_reached":27,"playtime":1347,"items_purged":[],"score":301,"play_id":"833adab9-34c8-4c6d-a3f0-bfa9523426a8","local_time":"20201227220233","is_ascension_mode":true,"campfire_choices":[{"floor":12,"key":"REST"},{"floor":15,"key":"REST"},{"data":"Poisoned Stab","floor":24,"key":"SMITH"}],"circlet_count":0,"master_deck":["Strike_G","Strike_G","Strike_G","Strike_G","Defend_G","Defend_G","Defend_G","Defend_G","Defend_G","Survivor","Terror","Crippling Poison","Crippling Poison","Leg Sweep","Footwork","Envenom","Leg Sweep","Decay","Poisoned Stab+1"],"relics":["Snecko Eye","Art of War","StrikeDummy","PreservedInsect","Shuriken","Philosopher\u0027s Stone","Regal Pillow","Oddly Smooth Stone"],"acts_visited":["Exordium","TheCity"],"potions_floor_usage":[6,16,16,23,23],"damage_taken":[{"damage":11,"enemies":"Jaw Worm","floor":1,"turns":5},{"damage":9,"enemies":"2 Louse","floor":3,"turns":3},{"damage":14,"enemies":"Lagavulin","floor":6,"turns":7},{"damage":0,"enemies":"Cultist","floor":10,"turns":3},{"damage":1,"enemies":"3 Louse","floor":11,"turns":3},{"damage":19,"enemies":"Gremlin Nob","floor":13,"turns":5},{"damage":0,"enemies":"Looter","floor":14,"turns":2},{"damage":12,"enemies":"The Guardian","floor":16,"turns":11},{"damage":0,"enemies":"Spheric Guardian","floor":18,"turns":4},{"damage":0,"enemies":"Chosen","floor":22,"turns":6},{"damage":22,"enemies":"Gremlin Leader","floor":23,"turns":5},{"damage":21,"enemies":"Centurion and Healer","floor":25,"turns":8},{"damage":0,"enemies":"Snake Plant","floor":27,"turns":1}],"seed_played":"-2150840163756898424","potions_obtained":[{"floor":6,"key":"LiquidMemories"},{"floor":10,"key":"PowerPotion"},{"floor":13,"key":"Strength Potion"},{"floor":14,"key":"DuplicationPotion"},{"floor":18,"key":"Poison Potion"},{"floor":22,"key":"ColorlessPotion"},{"floor":25,"key":"Fire Potion"}],"is_trial":false,"path_per_floor":["M","?","M","$","?","E","?","?","T","M","M","R","E","M","R","B",null,"M","?","?","?","M","E","R","M","T","M"],"character_chosen":"THE_SILENT","items_purchased":["PowerPotion"],"campfire_rested":2,"item_purchase_floors":[4],"current_hp_per_floor":[59,59,50,50,39,25,18,18,18,18,17,38,19,19,40,28,60,60,60,47,47,47,25,25,4,4,4,4],"gold":556,"neow_bonus":"BOSS_RELIC","is_daily":false,"chose_seed":false,"campfire_upgraded":1,"win_rate":0.0,"timestamp":1609102953,"path_taken":["M","?","M","$","?","E","?","?","T","?","M","R","E","M","R","BOSS","M","?","?","?","M","E","R","?","T","M"],"items_purchased_type":["Potion"],"build_version":"2020-12-22","purchased_purges":0,"victory":false,"max_hp_per_floor":[70,70,70,70,70,70,70,70,70,70,70,70,70,70,70,70,70,70,70,75,75,75,75,75,75,75,75,75],"card_choices":[{"not_picked":["Backflip","Finisher"],"picked":"Terror","floor":1},{"not_picked":["Cloak And Dagger","Deflect"],"picked":"Crippling Poison","floor":3},{"not_picked":["Flying Knee","Accuracy"],"picked":"Crippling Poison","floor":6},{"not_picked":["Reflex","Deflect"],"picked":"Leg Sweep","floor":10},{"not_picked":["Sucker Punch","Blur","Catalyst"],"picked":"SKIP","floor":11},{"not_picked":["Cloak And Dagger","Heel Hook","Sucker Punch"],"picked":"SKIP","floor":13},{"not_picked":["Acrobatics","Quick Slash"],"picked":"Footwork","floor":14},{"not_picked":["After Image","Tools of the Trade"],"picked":"Envenom","floor":16},{"not_picked":["Flying Knee+1","Masterful Stab"],"picked":"Leg Sweep","floor":18},{"not_picked":["Backflip+1","Bane"],"picked":"Poisoned Stab","floor":22},{"not_picked":["Dagger Spray","Blade Dance+1","Acrobatics"],"picked":"SKIP","floor":23},{"not_picked":["Dodge and Roll","Infinite Blades","Outmaneuver"],"picked":"SKIP","floor":25}],"player_experience":413878,"relics_obtained":[{"floor":6,"key":"Art of War"},{"floor":9,"key":"PreservedInsect"},{"floor":13,"key":"Shuriken"},{"floor":23,"key":"Regal Pillow"},{"floor":26,"key":"Oddly Smooth Stone"}],"event_choices":[{"cards_removed":["Neutralize"],"damage_healed":0,"gold_gain":0,"player_choice":"Card Removal","damage_taken":0,"max_hp_gain":0,"max_hp_loss":0,"event_name":"The Cleric","floor":2,"gold_loss":50},{"damage_healed":0,"gold_gain":75,"player_choice":"Gather Gold","damage_taken":11,"max_hp_gain":0,"max_hp_loss":0,"event_name":"World of Goop","floor":5,"gold_loss":0},{"cards_removed":["Strike_G"],"damage_healed":0,"gold_gain":0,"player_choice":"Card Removal","damage_taken":7,"max_hp_gain":0,"max_hp_loss":0,"event_name":"Golden Wing","floor":7,"gold_loss":0},{"damage_healed":0,"gold_gain":0,"player_choice":"Gave Potion","damage_taken":0,"relics_obtained":["StrikeDummy"],"max_hp_gain":0,"max_hp_loss":0,"event_name":"WeMeetAgain","floor":8,"gold_loss":0},{"damage_healed":0,"gold_gain":99,"player_choice":"Stole From Cult","damage_taken":0,"max_hp_gain":0,"max_hp_loss":0,"event_name":"Nest","floor":19,"gold_loss":0},{"damage_healed":0,"gold_gain":0,"player_choice":"Shed Blood","damage_taken":18,"max_hp_gain":5,"max_hp_loss":0,"event_name":"Forgotten Altar","floor":20,"gold_loss":0},{"damage_healed":0,"gold_gain":0,"player_choice":"Cursed","damage_taken":0,"max_hp_gain":0,"max_hp_loss":0,"event_name":"Wheel of Change","floor":21,"gold_loss":0,"cards_obtained":["Decay"]}],"is_beta":false,"boss_relics":[{"not_picked":["Runic Dome","Tiny House"],"picked":"Philosopher\u0027s Stone"}],"items_purged_floors":[],"is_endless":false,"potions_floor_spawned":[6,10,13,14,18,22,25],"killed_by":"Snake Plant","ascension_level":5}}