{"host":"eemx8njkng76fu5x","time":1609073129,"event":{"mods":["2.2 Compatiblity","BaseMod","Downfall","Minty Spire (QoL Compilation)","Permanent Neow","StSLib","Unceasing Turn Reminder","Unknown Chances"],"gold_per_floor":[99,119,129,148,167,181,207,223,248,260,197,209,247,12,22,121,121,121,121,141,141,160,25,25,43,43,53,53,66,77,111,122,220,220,70,80,91,106,41,55,55,72,7,7,21,21,21,36,51,51],"floor_reached":51,"playtime":3022,"items_purged":["champ:Strike","champ:FlashCut","champ:Balance"],"score":986,"play_id":"6b9b3b56-5c01-4ab3-855d-790ffdddbc3d","local_time":"20201227204529","is_ascension_mode":true,"campfire_choices":[{"data":"champ:Taunt","floor":1,"key":"SMITH"},{"data":"champ:IgnorePain","floor":11,"key":"SMITH"},{"data":"champ:TornadoPunch","floor":18,"key":"SMITH"},{"data":"champ:HoldFirm","floor":26,"key":"SMITH"},{"floor":28,"key":"RECALL"},{"data":"champ:Improvising","floor":35,"key":"SMITH"},{"data":"champ:ShieldThrow","floor":44,"key":"SMITH"},{"data":"champ:TornadoPunch","floor":47,"key":"SMITH"}],"circlet_count":0,"master_deck":["champ:Strike","champ:Strike","champ:Defend+1","champ:Defend+1","champ:Defend","champ:Defend","champ:Execute","champ:Taunt+1","champ:SteelEdge+1","champ:RisingSlash","champ:CrookedStrike+1","champ:FocusedDefense+1","champ:IgnorePain+1","champ:FocusedDefense","champ:DefensiveStyle+1","champ:TornadoPunch+1","champ:IgnorePain+1","champ:HoldFirm+1","champ:DefensiveStyle+1","champ:Circumvent+1","champ:TornadoPunch+1","champ:BringItOn","champ:Improvising+1","champ:ShieldThrow+1","CurseOfTheBell","champ:ViciousMockery+1"],"relics":["champ:ChampionCrown","Bronze Scales","MawBank","downfall:HeartBlessingGreen","hexamod:BolsterEngine","champ:Barbells","Velvet Choker","PreservedInsect","Calling Bell","Smiling Mask","Mercury Hourglass","champ:GladiatorsBookOfMartialProwess","downfall:HeartBlessingRed","downfall:HeartBlessingBlue","Unceasing Top"],"acts_visited":["Exordium","TheCity","TheBeyond"],"potions_floor_usage":[9,13,33],"damage_taken":[{"damage":5,"enemies":"Cultist","floor":2,"turns":4},{"damage":5,"enemies":"2 Louse","floor":3,"turns":3},{"damage":12,"enemies":"Jaw Worm","floor":4,"turns":3},{"damage":5,"enemies":"Gremlin Gang","floor":5,"turns":6},{"damage":20,"enemies":"Large Slime","floor":6,"turns":6},{"damage":5,"enemies":"Red Slaver","floor":8,"turns":4},{"damage":29,"enemies":"Lagavulin","floor":9,"turns":8},{"damage":7,"enemies":"3 Sentries","floor":13,"turns":8},{"damage":5,"enemies":"downfall:FleeingMerchant","floor":14,"turns":4},{"damage":0,"enemies":"Exordium Thugs","floor":15,"turns":3},{"damage":30,"enemies":"downfall:Watcher","floor":16,"turns":9},{"damage":0,"enemies":"Chosen","floor":19,"turns":1},{"damage":0,"enemies":"Centurion and Healer","floor":20,"turns":8},{"damage":7,"enemies":"Shelled Parasite and Fungi","floor":22,"turns":4},{"damage":5,"enemies":"downfall:FleeingMerchant","floor":23,"turns":4},{"damage":0,"enemies":"Cultist and Chosen","floor":25,"turns":4},{"damage":0,"enemies":"Snecko","floor":27,"turns":4},{"damage":5,"enemies":"3 Cultists","floor":29,"turns":4},{"damage":0,"enemies":"Chosen and Byrds","floor":30,"turns":4},{"damage":0,"enemies":"Book of Stabbing","floor":31,"turns":5},{"damage":7,"enemies":"Centurion and Healer","floor":32,"turns":6},{"damage":0,"enemies":"downfall:Ironclad","floor":33,"turns":9},{"damage":0,"enemies":"Orb Walker","floor":36,"turns":3},{"damage":0,"enemies":"3 Darklings","floor":37,"turns":3},{"damage":0,"enemies":"Maw","floor":38,"turns":7},{"damage":0,"enemies":"downfall:FleeingMerchant","floor":39,"turns":4},{"damage":26,"enemies":"Transient","floor":40,"turns":5},{"damage":1,"enemies":"Writhing Mass","floor":42,"turns":3},{"damage":0,"enemies":"downfall:FleeingMerchant","floor":43,"turns":4},{"damage":0,"enemies":"Spire Growth","floor":45,"turns":5},{"damage":0,"enemies":"Sphere and 2 Shapes","floor":48,"turns":4},{"damage":0,"enemies":"Jaw Worm Horde","floor":49,"turns":4},{"damage":8,"enemies":"downfall:Silent","floor":50,"turns":9}],"seed_played":"-5266222079003867736","potions_obtained":[{"floor":2,"key":"SpeedPotion"},{"floor":4,"key":"ColorlessPotion"},{"floor":9,"key":"Slimebound:ThreeZeroPotion"},{"floor":16,"key":"champ:TechniquePotion"},{"floor":20,"key":"sneckomod:MuddlingPotion"},{"floor":27,"key":"Explosive Potion"},{"floor":31,"key":"SkillPotion"},{"floor":33,"key":"GamblersBrew"},{"floor":37,"key":"Block Potion"},{"floor":40,"key":"Dexterity Potion"}],"is_trial":false,"path_per_floor":["R","M","M","M","M","M","T","M","E","?","R","?","E","$","M","B",null,"R","M","M","?","M","$","T","M","R","M","R","M","M","E","M","B",null,"R","M","M","M","$","M","T","M","$","R","M","?","R","M","M","B",null],"character_chosen":"THE_CHAMP","items_purchased":["champ:Barbells","champ:DefensiveStyle","champ:TornadoPunch","champ:TornadoPunch"],"campfire_rested":0,"item_purchase_floors":[14,14,14,23],"current_hp_per_floor":[81,81,81,74,74,59,59,54,30,30,30,30,25,25,25,10,70,70,70,70,35,28,28,28,28,28,28,28,28,28,28,21,21,73,83,83,83,83,83,57,57,56,56,56,56,56,56,56,56,48],"gold":51,"neow_bonus":"ONE_RANDOM_RARE_CARD","is_daily":false,"chose_seed":false,"campfire_upgraded":7,"win_rate":0.0,"timestamp":1609073129,"path_taken":["R","M","M","M","M","M","T","M","E","?","R","?","E","?","M","BOSS","R","M","?","?","M","$","T","M","R","M","R","M","M","E","M","BOSS","R","M","M","?","?","M","T","M","$","R","M","?","R","M","M","BOSS"],"items_purchased_type":["Relic","Card","Card","Card"],"build_version":"2020-12-22","purchased_purges":3,"victory":true,"max_hp_per_floor":[90,90,90,90,90,90,90,90,90,90,90,90,90,90,90,90,90,90,90,90,90,90,90,90,90,90,90,90,90,90,90,90,90,90,100,100,100,100,100,100,100,100,100,100,100,100,100,100,100,100],"card_choices":[{"not_picked":["champ:PerfectedStrike","champ:Circumvent"],"picked":"champ:RisingSlash","floor":2},{"not_picked":["champ:Backstep","champ:Haymaker"],"picked":"champ:CrookedStrike","floor":3},{"not_picked":["champ:DefensiveStyle","champ:PerfectedStrike"],"picked":"champ:FocusedDefense","floor":4},{"not_picked":["champ:StanceDance","champ:AdrenalArmor"],"picked":"champ:FlashCut","floor":5},{"not_picked":["champ:CrookedStrike","champ:Backstep"],"picked":"champ:IgnorePain","floor":6},{"not_picked":["champ:PerfectedStrike","champ:FlashCut"],"picked":"champ:FocusedDefense","floor":8},{"not_picked":["champ:HeavySlash","champ:ShieldSlam","champ:BerserkersShout"],"picked":"SKIP","floor":9},{"not_picked":["champ:FightOn","champ:PerfectedStrike","champ:Haymaker"],"picked":"SKIP","floor":13},{"not_picked":["champ:ShieldSigil","champ:Circumvent"],"picked":"champ:Balance","floor":14},{"not_picked":["champ:PerfectedStrike","champ:DefensiveShout"],"picked":"champ:IgnorePain","floor":15},{"not_picked":["champ:LastStand","champ:SwordThrow"],"picked":"champ:HoldFirm","floor":16},{"not_picked":["champ:Balance","champ:HeartStrike+1"],"picked":"champ:DefensiveStyle+1","floor":19},{"not_picked":["champ:BerserkersShout","champ:RageSigil"],"picked":"champ:Circumvent+1","floor":20},{"not_picked":["champ:BladeFlurry","champ:GutPunch","champ:RageSigil"],"picked":"SKIP","floor":22},{"not_picked":["champ:BladeFlurry","champ:GutPunch","champ:RageSigil"],"picked":"SKIP","floor":22},{"not_picked":["champ:StanceDance","champ:CrookedStrike","champ:EndlessRage"],"picked":"SKIP","floor":23},{"not_picked":["champ:ShieldSigil+1","champ:Aggression","champ:PerfectedStrike"],"picked":"SKIP","floor":25},{"not_picked":["champ:TornadoPunch","champ:GutPunch","champ:SwordThrow"],"picked":"SKIP","floor":27},{"not_picked":["champ:BladeFlurry","champ:Haymaker+1"],"picked":"champ:BringItOn","floor":29},{"not_picked":["champ:StanceDance","champ:CrookedStrike+1","champ:BladeFlurry"],"picked":"SKIP","floor":30},{"not_picked":["champ:PreciseThrust","champ:EnragedBash"],"picked":"champ:Improvising","floor":31},{"not_picked":["champ:EnGarde","champ:DeathBlow","champ:BringItOn+1"],"picked":"SKIP","floor":32},{"not_picked":["champ:EnchantShield","champ:PerfectForm"],"picked":"champ:ShieldThrow","floor":33},{"not_picked":["champ:Riposte","champ:PerfectedStrike+1","champ:FanOfKnives"],"picked":"SKIP","floor":36},{"not_picked":["champ:Haymaker+1","champ:BerserkersShout+1","champ:EnGarde+1"],"picked":"SKIP","floor":37},{"not_picked":["champ:Shatter","champ:Control+1","champ:ShieldSigil"],"picked":"SKIP","floor":38},{"not_picked":["champ:PerfectedStrike+1","champ:BladeFlurry+1","champ:Backstep+1"],"picked":"SKIP","floor":39},{"not_picked":["champ:FocusedBerserking+1","champ:DefensiveShout","champ:Haymaker+1"],"picked":"SKIP","floor":40},{"not_picked":["champ:Riposte","champ:TornadoPunch","champ:AdrenalArmor+1"],"picked":"SKIP","floor":42},{"not_picked":["champ:RisingSlash+1","champ:Control","champ:FlashCut"],"picked":"SKIP","floor":43},{"not_picked":["champ:Riposte+1","champ:Backstep+1","champ:StrikeOfGenius"],"picked":"SKIP","floor":45},{"not_picked":["champ:ShieldSigil+1","champ:StanceDance","champ:RageSigil"],"picked":"SKIP","floor":48},{"not_picked":["champ:ShieldWall","champ:FightOn"],"picked":"champ:ViciousMockery+1","floor":49}],"player_experience":391958,"relics_obtained":[{"floor":7,"key":"Bronze Scales"},{"floor":9,"key":"MawBank"},{"floor":13,"key":"hexamod:BolsterEngine"},{"floor":31,"key":"PreservedInsect"},{"floor":34,"key":"Smiling Mask"},{"floor":34,"key":"Mercury Hourglass"},{"floor":34,"key":"champ:GladiatorsBookOfMartialProwess"},{"floor":41,"key":"Unceasing Top"}],"event_choices":[{"cards_removed":["champ:Strike"],"damage_healed":0,"gold_gain":0,"player_choice":"Forget","damage_taken":0,"max_hp_gain":0,"max_hp_loss":0,"event_name":"Living Wall","floor":12,"gold_loss":0},{"damage_healed":0,"gold_gain":0,"player_choice":"Upgraded","damage_taken":0,"max_hp_gain":0,"max_hp_loss":0,"event_name":"Upgrade Shrine","floor":46,"gold_loss":0,"cards_upgraded":["champ:SteelEdge"]}],"is_beta":false,"boss_relics":[{"not_picked":["SlaversCollar","Black Star"],"picked":"Velvet Choker"},{"not_picked":["SacredBark","Sozu"],"picked":"Calling Bell"}],"items_purged_floors":[23,39,43],"is_endless":false,"potions_floor_spawned":[2,4,9,16,20,27,31,32,33,37,38,40,48],"ascension_level":6}}