{"host":"xumidyqji6pg2yy3","time":1609077752,"event":{"mods":["BaseMod","Highlight Path","Minty Spire (QoL Compilation)","StSLib","The Alterego"],"gold_per_floor":[117,137,155,171,189,224,224,255,281,293,318,405,224,242,242,344,344,362,373,373,393,293,293,304,314,340,340,215,215,40,50,50,154,154,170,170,185,10,10,10,37,51,51,82,82,101,115,126,126,126],"floor_reached":51,"playtime":2851,"items_purged":["alterego_mod:BrynhildrsRune","alterego_mod:Impale","alterego_mod:Defend","Writhe","alterego_mod:Defend"],"score":748,"play_id":"ee64830c-93be-4e57-a7d7-8dce1570beb3","local_time":"20201227220232","is_ascension_mode":false,"campfire_choices":[{"data":"alterego_mod:BigMeatyClaws","floor":7.0,"key":"SMITH"},{"data":"alterego_mod:DiscoLights","floor":10.0,"key":"SMITH"},{"data":"alterego_mod:Cushion","floor":15.0,"key":"SMITH"},{"data":"alterego_mod:GIGAMILK","floor":23,"key":"SMITH"},{"floor":32,"key":"REST"},{"data":"alterego_mod:Tantrum","floor":40,"key":"SMITH"},{"data":"alterego_mod:PerceptionDisorder","floor":49,"key":"SMITH"}],"circlet_count":0,"master_deck":["alterego_mod:Strike","alterego_mod:Strike","alterego_mod:Strike","alterego_mod:Strike","alterego_mod:Defend","alterego_mod:BigMeatyClaws+1","alterego_mod:SakuraFive","alterego_mod:Rip","alterego_mod:DiscoLights+1","alterego_mod:Collar","alterego_mod:PerceptionDisorder+1","alterego_mod:Cushion+1","alterego_mod:Weigh","alterego_mod:Exercise","alterego_mod:Rip","alterego_mod:GIGAMILK+1","alterego_mod:BiFurious+1","alterego_mod:Birthday","alterego_mod:Tantrum+1","alterego_mod:Birthday","alterego_mod:TrickOrTreatment"],"relics":["alterego_mod:MasochisticConstitution","NeowsBlessing","Potion Belt","Tiny Chest","MawBank","Philosopher\u0027s Stone","alterego_mod:FleetingLove","Vajra","HornCleat","Blood Vial","Coffee Dripper","Boot","Gambling Chip","Bronze Scales","Ornamental Fan"],"acts_visited":["Exordium","TheCity","TheBeyond"],"potions_floor_usage":[42,50,50,50,50,50,50,50],"damage_taken":[{"damage":3.0,"enemies":"2 Louse","floor":1.0,"turns":2.0},{"damage":3.0,"enemies":"Cultist","floor":2.0,"turns":4.0},{"damage":3.0,"enemies":"Small Slimes","floor":3.0,"turns":3.0},{"damage":21.0,"enemies":"3 Louse","floor":4.0,"turns":4.0},{"damage":25.0,"enemies":"Exordium Wildlife","floor":5.0,"turns":4.0},{"damage":8.0,"enemies":"Gremlin Nob","floor":6.0,"turns":3.0},{"damage":19.0,"enemies":"3 Sentries","floor":8.0,"turns":5.0},{"damage":0.0,"enemies":"Large Slime","floor":11.0,"turns":3.0},{"damage":0.0,"enemies":"Red Slaver","floor":14.0,"turns":1.0},{"damage":15.0,"enemies":"Hexaghost","floor":16.0,"turns":7.0},{"damage":2.0,"enemies":"Chosen","floor":18.0,"turns":4.0},{"damage":19,"enemies":"3 Byrds","floor":19,"turns":4},{"damage":0,"enemies":"Snecko","floor":21,"turns":2},{"damage":16,"enemies":"Centurion and Healer","floor":24,"turns":3},{"damage":13,"enemies":"Cultist and Chosen","floor":25,"turns":4},{"damage":7,"enemies":"Snecko","floor":31,"turns":4},{"damage":20,"enemies":"Champ","floor":33,"turns":7},{"damage":0,"enemies":"3 Shapes","floor":35,"turns":3},{"damage":6,"enemies":"3 Darklings","floor":37,"turns":3},{"damage":14,"enemies":"Giant Head","floor":41,"turns":5},{"damage":42,"enemies":"Writhing Mass","floor":42,"turns":4},{"damage":0,"enemies":"Nemesis","floor":44,"turns":3},{"damage":1,"enemies":"Transient","floor":46,"turns":5},{"damage":1,"enemies":"3 Darklings","floor":47,"turns":4},{"damage":5,"enemies":"Sphere and 2 Shapes","floor":48,"turns":3},{"damage":40,"enemies":"Time Eater","floor":50,"turns":4}],"seed_played":"-2115244136740375560","potions_obtained":[{"floor":3.0,"key":"Strength Potion"},{"floor":4.0,"key":"Weak Potion"},{"floor":6.0,"key":"ColorlessPotion"},{"floor":11.0,"key":"Dexterity Potion"},{"floor":14.0,"key":"Fire Potion"},{"floor":18.0,"key":"EntropicBrew"},{"floor":33,"key":"AttackPotion"},{"floor":37,"key":"FearPotion"},{"floor":42,"key":"AttackPotion"}],"is_trial":false,"path_per_floor":["M","M","M","M","M","E","R","E","T","R","M","?","$","M","R","B",null,"M","M","?","M","$","R","M","M","T","T","$","?","$","M","R","B",null,"M","?","M","$","?","R","E","M","T","E","T","M","M","M","R","B",null],"character_chosen":"The_Alterego","items_purchased":["alterego_mod:Exercise","PowerPotion","alterego_mod:Birthday"],"campfire_rested":1,"item_purchase_floors":[13,13,30],"current_hp_per_floor":[71,72,73,67,50,43,43,32,32,32,32,25,25,25,25,41,78,77,59,59,59,59,59,44,32,32,32,32,32,32,30,54,39,84,84,84,79,79,79,79,72,37,37,43,43,49,59,59,59,26],"gold":126,"neow_bonus":"THREE_ENEMY_KILL","is_daily":false,"chose_seed":false,"campfire_upgraded":6,"win_rate":0.0,"timestamp":1609077752,"path_taken":["M","M","M","M","M","E","R","E","T","R","M","?","$","M","R","BOSS","M","?","?","M","$","R","M","M","T","?","$","?","$","M","R","BOSS","M","?","M","$","?","R","E","M","T","E","?","M","?","M","R","BOSS"],"items_purchased_type":["Card","Potion","Card"],"build_version":"2020-12-22","purchased_purges":5,"victory":true,"max_hp_per_floor":[71,72,73,74,75,76,76,77,77,77,77,77,77,77,77,78,78,79,80,80,80,80,80,81,82,82,82,82,82,82,83,83,84,84,84,84,85,85,85,85,86,87,87,87,87,88,89,90,90,91],"card_choices":[{"not_picked":["alterego_mod:Bounce","alterego_mod:GoddessCore"],"picked":"alterego_mod:SakuraFive","floor":1.0},{"not_picked":["alterego_mod:MagicResistance","alterego_mod:SakuraPetals"],"picked":"alterego_mod:Rip","floor":2.0},{"not_picked":["alterego_mod:Cushion","alterego_mod:1TonWallop"],"picked":"alterego_mod:DiscoLights","floor":3.0},{"not_picked":["alterego_mod:Undulate","alterego_mod:ChallengeComplete"],"picked":"alterego_mod:Collar","floor":4.0},{"not_picked":["alterego_mod:Santa","alterego_mod:Cooking","alterego_mod:Collar"],"picked":"SKIP","floor":5.0},{"not_picked":["alterego_mod:Bunnysuit","alterego_mod:IndependentAction"],"picked":"alterego_mod:PerceptionDisorder","floor":6.0},{"not_picked":["alterego_mod:Lingerie","alterego_mod:Cycle"],"picked":"alterego_mod:Cushion","floor":8.0},{"not_picked":["alterego_mod:MagicResistance","alterego_mod:PerceptionDisorder"],"picked":"alterego_mod:Weigh","floor":11.0},{"not_picked":["alterego_mod:Punishment","alterego_mod:Undulate"],"picked":"alterego_mod:Rip","floor":14.0},{"not_picked":["alterego_mod:InsideBaseball","alterego_mod:Vow"],"picked":"alterego_mod:GIGAMILK","floor":16.0},{"not_picked":["alterego_mod:Skirt","alterego_mod:SakuraLabyrinth+1","alterego_mod:BustOut+1"],"picked":"SKIP","floor":18.0},{"not_picked":["alterego_mod:Complex+1","alterego_mod:Lingerie"],"picked":"alterego_mod:BiFurious+1","floor":19},{"not_picked":["alterego_mod:Maid","alterego_mod:Cycle","alterego_mod:DustData"],"picked":"SKIP","floor":21},{"not_picked":["alterego_mod:DiscoLights","alterego_mod:Jiggle","alterego_mod:DestructionOfProperty"],"picked":"SKIP","floor":24},{"not_picked":["alterego_mod:PerceptionDisorder","alterego_mod:Rip","alterego_mod:HighServant"],"picked":"SKIP","floor":25},{"not_picked":["alterego_mod:Nekomimi+1","alterego_mod:Vow","alterego_mod:Clones"],"picked":"SKIP","floor":31},{"not_picked":["alterego_mod:InsideBaseball","alterego_mod:AlterEgo"],"picked":"alterego_mod:Tantrum","floor":33},{"not_picked":["alterego_mod:Belts","alterego_mod:RocketPunch+1","alterego_mod:Undulate+1"],"picked":"SKIP","floor":35},{"not_picked":["alterego_mod:Punishment+1","alterego_mod:Valentines","alterego_mod:GachaTicket"],"picked":"SKIP","floor":37},{"not_picked":["alterego_mod:BiFurious","alterego_mod:Rip","alterego_mod:MagicResistance+1"],"picked":"SKIP","floor":41},{"not_picked":["alterego_mod:ChallengeComplete+1","alterego_mod:HighServant","alterego_mod:Support"],"picked":"SKIP","floor":42},{"not_picked":["alterego_mod:Clones+1","alterego_mod:Cycle+1"],"picked":"alterego_mod:TrickOrTreatment","floor":44},{"not_picked":["alterego_mod:MaintainEyeContact","alterego_mod:Mirror","alterego_mod:Cooking+1"],"picked":"SKIP","floor":46},{"not_picked":["alterego_mod:1TonWallop+1","alterego_mod:Clones","alterego_mod:Clap+1"],"picked":"SKIP","floor":47},{"not_picked":["alterego_mod:BustOut+1","alterego_mod:Clones","alterego_mod:GoddessCore"],"picked":"SKIP","floor":48}],"player_experience":52679,"relics_obtained":[{"floor":6.0,"key":"Potion Belt"},{"floor":8.0,"key":"Tiny Chest"},{"floor":9.0,"key":"MawBank"},{"floor":26,"key":"Vajra"},{"floor":27,"key":"HornCleat"},{"floor":41,"key":"Boot"},{"floor":43,"key":"Gambling Chip"},{"floor":44,"key":"Bronze Scales"},{"floor":45,"key":"Ornamental Fan"}],"event_choices":[{"damage_healed":0.0,"max_hp_gain":0.0,"max_hp_loss":0.0,"gold_gain":75.0,"event_name":"FaceTrader","player_choice":"Touch","floor":12.0,"gold_loss":0.0,"damage_taken":7.0},{"damage_healed":0,"gold_gain":0,"player_choice":"Choice 1","damage_taken":0,"relics_obtained":["alterego_mod:FleetingLove"],"max_hp_gain":0,"max_hp_loss":0,"event_name":"°®µÄÉñÊ¥»¨Ô°","floor":20,"gold_loss":0},{"damage_healed":0,"gold_gain":0,"player_choice":"Opened","damage_taken":0,"relics_obtained":["Blood Vial"],"max_hp_gain":0,"max_hp_loss":0,"event_name":"The Mausoleum","floor":29,"gold_loss":0,"cards_obtained":["Writhe"]},{"cards_removed":["alterego_mod:Defend"],"damage_healed":0,"gold_gain":0,"player_choice":"Removed Skill","damage_taken":0,"max_hp_gain":0,"max_hp_loss":0,"event_name":"Falling","floor":36,"gold_loss":0},{"damage_healed":0,"gold_gain":0,"player_choice":"Copied","damage_taken":0,"max_hp_gain":0,"max_hp_loss":0,"event_name":"Duplicator","floor":39,"gold_loss":0,"cards_obtained":["alterego_mod:Birthday"]}],"is_beta":false,"boss_relics":[{"not_picked":["Velvet Choker","Cursed Key"],"picked":"Philosopher\u0027s Stone"},{"not_picked":["Astrolabe","Black Star"],"picked":"Coffee Dripper"}],"items_purged_floors":[13,22,28,30,38],"is_endless":false,"potions_floor_spawned":[3,4,6,11,14,18,19,25,33,37,42,47,48],"ascension_level":0}}