{"host":"202rh853cfmsp27s","time":1609048221,"event":{"mods":["2.2 Compatiblity","AchievementEnabler","BaseMod","Bestiary","Better Altar","Better Match","Better Note","Better Sensory Stone","Better Skull","Better Third Choice","Better Vampires","BetterRewards","Colored Map","Colored Powertips","Curses Come First","Decade(???)","DeckTracker","Displayed Cursed Tome","Downfall","GifTheSpireLib","Gold Saver","Googly Eyes","Gremlin Mod","Halation","Hermit","Highlight Path","Infinite Spire","Minty Spire (QoL Compilation)","Permanent Neow","Random Character Button","Rare Cards Sparkle","Relic Stats","Replay The Spire","Shade Mod","Spicy Shops","StSLib","The Animator","The Bug Knight","The Wild Card","Transform Curses","Unceasing Turn Reminder"],"gold_per_floor":[117,192,192,5,28,28,61,10,65,65,84,84,98,113,113,113,113],"floor_reached":16,"playtime":648,"items_purged":[],"score":98,"play_id":"5f018044-ee62-4dbe-a242-d093a663d38b","local_time":"20201226225021","is_ascension_mode":false,"campfire_choices":[{"data":"Zap","floor":6,"key":"SMITH"},{"data":"Dualcast","floor":10,"key":"SMITH"},{"data":"Creative AI","floor":12,"key":"SMITH"},{"data":"Genetic Algorithm","floor":15,"key":"SMITH"}],"circlet_count":0,"master_deck":["Strike_B","Strike_B","Strike_B","Defend_B","Defend_B","Defend_B","Defend_B","Zap+1","Dualcast+1","Sweeping Beam","Coolheaded","ReplayTheSpireMod:Reroute Power","Rebound","Rebound","ReplayTheSpireMod:GoodbyeWorld","Creative AI+1","Cold Snap","Genetic Algorithm+1"],"relics":["Cracked Core","infinitespire:Freezer","Orichalcum","infinitespire:FocusingShard","HollowMod:PaleOreRelic"],"acts_visited":["Exordium"],"potions_floor_usage":[16],"damage_taken":[{"damage":10,"enemies":"Small Slimes","floor":1,"turns":2},{"damage":6,"enemies":"Gremlin Nob","floor":7,"turns":4},{"damage":0,"enemies":"2 Louse","floor":11,"turns":2},{"damage":0,"enemies":"Jaw Worm","floor":13,"turns":3},{"damage":11,"enemies":"Gremlin Gang","floor":14,"turns":4},{"damage":37,"enemies":"Slime Boss","floor":16,"turns":11}],"seed_played":"3520964748339275078","potions_obtained":[{"floor":1,"key":"FearPotion"}],"is_trial":false,"path_per_floor":["M","?","?","$","T","R","E","$","T","R","M","R","M","M","R","B"],"character_chosen":"DEFECT","items_purchased":["infinitespire:Freezer","Rebound","PowerPotion"],"campfire_rested":0,"item_purchase_floors":[4,4,8],"current_hp_per_floor":[65,54,54,54,54,54,48,48,48,48,48,48,48,37,37,0,0],"gold":113,"neow_bonus":"THREE_CARDS","is_daily":false,"chose_seed":false,"campfire_upgraded":4,"win_rate":0.0,"timestamp":1609048221,"path_taken":["M","?","?","$","?","R","E","$","T","R","M","R","M","M","R","BOSS"],"items_purchased_type":["Relic","Card","Potion"],"build_version":"2020-12-22","purchased_purges":0,"victory":false,"max_hp_per_floor":[75,75,75,75,75,75,75,75,75,75,75,75,75,75,75,75,75],"relic_stats":{"counters":[6,26],"Orichalcum":[72],"obtain_stats":[{"infinitespire:FocusingShard":7,"HollowMod:PaleOreRelic":9,"Orichalcum":5,"Cracked Core":0,"infinitespire:Freezer":4},{"infinitespire:FocusingShard":2,"HollowMod:PaleOreRelic":2,"Orichalcum":1,"Cracked Core":0,"infinitespire:Freezer":1},{"infinitespire:FocusingShard":6,"HollowMod:PaleOreRelic":6,"Orichalcum":2,"Cracked Core":0,"infinitespire:Freezer":2}]},"card_choices":[{"not_picked":["ReplaySolidLightProjector","Barrage"],"picked":"Sweeping Beam","floor":0},{"not_picked":["Streamline","Steam"],"picked":"Coolheaded","floor":1},{"not_picked":["Beam Cell","Go for the Eyes"],"picked":"ReplayTheSpireMod:GoodbyeWorld","floor":7},{"not_picked":["Genetic Algorithm","Coolheaded"],"picked":"Creative AI","floor":11},{"not_picked":["Compile Driver","Leap"],"picked":"Cold Snap","floor":13},{"not_picked":["ReplaySort","Sweeping Beam"],"picked":"Genetic Algorithm","floor":14}],"player_experience":109506,"relics_obtained":[{"floor":5,"key":"Orichalcum"},{"floor":7,"key":"infinitespire:FocusingShard"},{"floor":9,"key":"HollowMod:PaleOreRelic"}],"event_choices":[{"damage_healed":0,"gold_gain":75,"player_choice":"Gold","damage_taken":11,"max_hp_gain":0,"max_hp_loss":0,"event_name":"betterThird:BetterGoop","floor":2,"gold_loss":0},{"damage_healed":0,"gold_gain":0,"cards_transformed":["Strike_B"],"player_choice":"Change","damage_taken":0,"max_hp_gain":0,"max_hp_loss":0,"event_name":"Living Wall","floor":3,"gold_loss":0,"cards_obtained":["ReplayTheSpireMod:Reroute Power"]}],"is_beta":false,"boss_relics":[],"items_purged_floors":[],"is_endless":false,"potions_floor_spawned":[1],"killed_by":"Slime Boss","ascension_level":0}}