{"host":"x6tlfgqpy55vgxdn","time":1609062703,"event":{"mods":["AchievementEnabler","BaseMod","DeckTracker","Minty Spire (QoL Compilation)","Permanent Neow","StSLib","SuperFastMode"],"gold_per_floor":[111,111,130,145,159,159,191,191,191,225,225,175,23,54,54,153,153,173,173,88,52,52,78,78,78,78,95,95,107,107,133,133,236,236,250,150,164,439,455,455,485,535,561,561,561,128,128,160,160,160,160,160,9,41,41,41],"floor_reached":55,"playtime":1933,"items_purged":["Strike_B","Zap","Strike_B+1"],"score":1195,"play_id":"1de77871-6dfb-4198-ba3b-6b6bf85657e3","local_time":"20201227185143","is_ascension_mode":true,"campfire_choices":[{"data":"Darkness","floor":6.0,"key":"SMITH"},{"data":"Dualcast","floor":8.0,"key":"SMITH"},{"data":"Redo","floor":11.0,"key":"SMITH"},{"data":"Defragment","floor":15.0,"key":"SMITH"},{"data":"Genetic Algorithm","floor":24.0,"key":"SMITH"},{"data":"Multi-Cast","floor":30.0,"key":"SMITH"},{"data":"Biased Cognition","floor":32.0,"key":"SMITH"},{"data":"Redo","floor":40.0,"key":"SMITH"},{"floor":45.0,"key":"RECALL"},{"data":"Buffer","floor":49.0,"key":"SMITH"},{"data":"Seek","floor":52.0,"key":"SMITH"}],"circlet_count":0,"master_deck":["Defend_B","Dualcast+1","Darkness+1","Rebound+1","Seek+1","Cold Snap","Redo+1","Defragment+1","Core Surge","Genetic Algorithm+1","Ghostly","Ghostly","Ghostly","Ghostly","Ghostly","Redo+1","Multi-Cast+1","Biased Cognition+1","Lockon+1","Buffer+1","CurseOfTheBell","Self Repair+1","Hologram+1","Madness","Madness"],"relics":["Cursed Key","Gambling Chip","Calipers","Bottled Tornado","Empty Cage","Mercury Hourglass","Lizard Tail","Toy Ornithopter","Anchor","Calling Bell","Omamori","Frozen Egg 2","Ice Cream","Whetstone","Girya","Runic Capacitor","Oddly Smooth Stone","Dream Catcher","DataDisk","Happy Flower"],"acts_visited":["Exordium","TheCity","TheBeyond","TheEnding"],"potions_floor_usage":[55,55,55,55],"damage_taken":[{"damage":3.0,"enemies":"2 Louse","floor":1.0,"turns":3.0},{"damage":4.0,"enemies":"Small Slimes","floor":3.0,"turns":4.0},{"damage":4.0,"enemies":"Jaw Worm","floor":4.0,"turns":4.0},{"damage":14.0,"enemies":"3 Louse","floor":5.0,"turns":3.0},{"damage":5.0,"enemies":"Lagavulin","floor":7.0,"turns":5.0},{"damage":5.0,"enemies":"Gremlin Nob","floor":10.0,"turns":3.0},{"damage":7.0,"enemies":"3 Sentries","floor":14.0,"turns":6.0},{"damage":0.0,"enemies":"Slime Boss","floor":16.0,"turns":4.0},{"damage":10.0,"enemies":"Shell Parasite","floor":18.0,"turns":3.0},{"damage":0.0,"enemies":"Book of Stabbing","floor":23.0,"turns":5.0},{"damage":14.0,"enemies":"3 Byrds","floor":27.0,"turns":5.0},{"damage":0.0,"enemies":"Shelled Parasite and Fungi","floor":29.0,"turns":3.0},{"damage":4.0,"enemies":"Gremlin Leader","floor":31.0,"turns":6.0},{"damage":8.0,"enemies":"Collector","floor":33.0,"turns":7.0},{"damage":0.0,"enemies":"Orb Walker","floor":35.0,"turns":3.0},{"damage":0.0,"enemies":"3 Darklings","floor":37.0,"turns":7.0},{"damage":0.0,"enemies":"Jaw Worm Horde","floor":39.0,"turns":5.0},{"damage":0.0,"enemies":"Reptomancer","floor":41.0,"turns":5.0},{"damage":2.0,"enemies":"Mind Bloom Boss Battle","floor":42.0,"turns":6.0},{"damage":0.0,"enemies":"Nemesis","floor":48.0,"turns":5.0},{"damage":20.0,"enemies":"Donu and Deca","floor":50.0,"turns":8.0},{"damage":0.0,"enemies":"Shield and Spear","floor":54.0,"turns":6.0},{"damage":64,"enemies":"The Heart","floor":55,"turns":9}],"seed_played":"-4454206236477250740","potions_obtained":[{"floor":3.0,"key":"Fire Potion"},{"floor":14.0,"key":"Dexterity Potion"},{"floor":16.0,"key":"AttackPotion"},{"floor":29.0,"key":"Block Potion"},{"floor":33.0,"key":"Swift Potion"},{"floor":35.0,"key":"Dexterity Potion"},{"floor":37.0,"key":"EntropicBrew"}],"is_trial":false,"path_per_floor":["M","?","M","M","M","R","E","R","T","E","R","?","$","E","R","B",null,"M","?","?","$","?","E","R","T","T","M","?","M","R","E","R","B",null,"M","$","M","?","M","R","E","?","T","?","R","$","?","E","R","B",null,"R","$","E","B"],"character_chosen":"DEFECT","items_purchased":["Defragment","Genetic Algorithm","Runic Capacitor","Oddly Smooth Stone","DataDisk"],"campfire_rested":0,"item_purchase_floors":[13,21,46,46,53],"current_hp_per_floor":[65,50,46,42,28,28,23,23,23,18,18,18,18,11,11,11,59,49,49,49,49,37,37,37,37,37,23,23,23,23,19,19,11,31,31,31,37,37,37,37,37,37,37,37,37,37,32,32,32,22,33,33,33,37,0,0],"gold":41,"neow_bonus":"BOSS_RELIC","is_daily":false,"chose_seed":false,"campfire_upgraded":10,"win_rate":0.0,"timestamp":1609062703,"path_taken":["M","?","M","M","M","R","E","R","T","E","R","?","?","E","R","BOSS","M","?","?","$","?","E","R","?","T","M","?","?","R","E","R","BOSS","M","$","M","?","?","R","E","?","T","?","R","$","?","E","R","BOSS","R","$","E","BOSS"],"items_purchased_type":["Card","Card","Relic","Relic","Relic"],"build_version":"2020-12-22","purchased_purges":3,"victory":false,"max_hp_per_floor":[75,75,75,75,75,75,75,75,75,75,75,75,75,75,75,75,75,75,75,75,75,37,37,37,37,37,37,37,37,37,37,37,37,37,37,37,37,37,37,37,37,37,37,37,37,37,37,37,37,37,37,37,37,37,37,37],"card_choices":[{"not_picked":["Go for the Eyes","Rip and Tear"],"picked":"Darkness","floor":1.0},{"not_picked":["Gash","Rebound","Barrage"],"picked":"SKIP","floor":3.0},{"not_picked":["Gash","Barrage"],"picked":"Rebound","floor":3.0},{"not_picked":["Sweeping Beam","Double Energy","Rip and Tear"],"picked":"SKIP","floor":4.0},{"not_picked":["Conserve Battery","Scrape"],"picked":"Seek","floor":5.0},{"not_picked":["Compile Driver","Auto Shields"],"picked":"Cold Snap","floor":7.0},{"not_picked":["Redo","Streamline","Barrage"],"picked":"SKIP","floor":10.0},{"not_picked":["Streamline","Barrage"],"picked":"Redo","floor":10.0},{"not_picked":["Barrage","Rebound","Redo"],"picked":"SKIP","floor":14.0},{"not_picked":["Amplify","Rainbow"],"picked":"Core Surge","floor":16.0},{"not_picked":["Ball Lightning+1","Beam Cell","Turbo"],"picked":"SKIP","floor":18.0},{"not_picked":["Coolheaded","Gash","Auto Shields+1"],"picked":"SKIP","floor":23.0},{"not_picked":["Coolheaded","Gash","Auto Shields+1"],"picked":"SKIP","floor":23.0},{"not_picked":["Streamline","Cold Snap","Go for the Eyes+1"],"picked":"SKIP","floor":27.0},{"not_picked":["Coolheaded","Hello World"],"picked":"Biased Cognition","floor":29.0},{"not_picked":["Seek","Streamline","Lockon"],"picked":"SKIP","floor":31.0},{"not_picked":["Seek","Streamline"],"picked":"Lockon","floor":31.0},{"not_picked":["Rainbow","All For One"],"picked":"Buffer","floor":33.0},{"not_picked":["Turbo+1","Go for the Eyes"],"picked":"Self Repair+1","floor":35.0},{"not_picked":["Compile Driver+1","Melter+1","Darkness"],"picked":"SKIP","floor":37.0},{"not_picked":["Compile Driver+1","Melter+1","Darkness"],"picked":"SKIP","floor":37.0},{"not_picked":["Compile Driver+1","Melter+1","Darkness"],"picked":"SKIP","floor":37.0},{"not_picked":["Glacier","FTL","Stack+1"],"picked":"SKIP","floor":39.0},{"not_picked":["Melter","Streamline+1","Doom and Gloom+1"],"picked":"SKIP","floor":41.0},{"not_picked":["Static Discharge+1","Reprogram+1"],"picked":"Hologram+1","floor":42.0},{"not_picked":["Doom and Gloom","Tempest","Storm+1"],"picked":"SKIP","floor":48.0},{"not_picked":["Chill","Ball Lightning","Streamline+1"],"picked":"SKIP","floor":54.0}],"player_experience":200258,"relics_obtained":[{"floor":7.0,"key":"Gambling Chip"},{"floor":10.0,"key":"Calipers"},{"floor":14.0,"key":"Bottled Tornado"},{"floor":23.0,"key":"Toy Ornithopter"},{"floor":31.0,"key":"Anchor"},{"floor":34.0,"key":"Omamori"},{"floor":34.0,"key":"Frozen Egg 2"},{"floor":34.0,"key":"Ice Cream"},{"floor":41.0,"key":"Whetstone"},{"floor":42.0,"key":"Girya"},{"floor":48.0,"key":"Dream Catcher"},{"floor":54.0,"key":"Happy Flower"}],"event_choices":[{"damage_healed":0.0,"max_hp_gain":0.0,"max_hp_loss":0.0,"gold_gain":0.0,"event_name":"Shining Light","player_choice":"Entered Light","floor":2.0,"gold_loss":0.0,"damage_taken":15.0,"cards_upgraded":["Strike_B","Strike_B"]},{"cards_removed":["Strike_B"],"damage_healed":0.0,"max_hp_gain":0.0,"max_hp_loss":0.0,"gold_gain":0.0,"event_name":"The Cleric","player_choice":"Card Removal","floor":12.0,"gold_loss":50.0,"damage_taken":0.0},{"damage_healed":0.0,"max_hp_gain":0.0,"max_hp_loss":0.0,"gold_gain":0.0,"event_name":"The Mausoleum","player_choice":"Opened","floor":19.0,"gold_loss":0.0,"damage_taken":0.0,"relics_obtained":["Mercury Hourglass"]},{"damage_healed":0.0,"max_hp_gain":0.0,"max_hp_loss":0.0,"gold_gain":0.0,"event_name":"Addict","player_choice":"Obtained Relic","floor":20.0,"gold_loss":85.0,"damage_taken":0.0,"relics_obtained":["Lizard Tail"]},{"damage_healed":0.0,"max_hp_gain":0.0,"max_hp_loss":38.0,"gold_gain":0.0,"event_name":"Ghosts","player_choice":"Became a Ghost","floor":22.0,"gold_loss":0.0,"damage_taken":0.0,"cards_obtained":["Ghostly","Ghostly","Ghostly","Ghostly","Ghostly"]},{"damage_healed":0.0,"max_hp_gain":0.0,"max_hp_loss":0.0,"gold_gain":0.0,"cards_transformed":["Strike_B","Defend_B"],"event_name":"Drug Dealer","player_choice":"Became Test Subject","floor":28.0,"gold_loss":0.0,"damage_taken":0.0,"cards_obtained":["Redo","Multi-Cast"]},{"damage_healed":0.0,"max_hp_gain":0.0,"max_hp_loss":0.0,"gold_gain":275.0,"event_name":"Golden Shrine","player_choice":"Desecrate","floor":38.0,"gold_loss":0.0,"damage_taken":0.0,"cards_obtained":["Regret"]},{"damage_healed":0.0,"max_hp_gain":0.0,"max_hp_loss":0.0,"gold_gain":0.0,"event_name":"MindBloom","player_choice":"Fight","floor":42.0,"gold_loss":0.0,"damage_taken":0.0},{"damage_healed":0.0,"max_hp_gain":0.0,"max_hp_loss":0.0,"gold_gain":0.0,"event_name":"Tomb of Lord Red Mask","player_choice":"Ignored","floor":44.0,"gold_loss":0.0,"damage_taken":0.0},{"damage_healed":0.0,"max_hp_gain":0.0,"max_hp_loss":0.0,"gold_gain":0.0,"event_name":"Winding Halls","player_choice":"Embrace Madness","floor":47.0,"gold_loss":0.0,"damage_taken":5.0,"cards_obtained":["Madness","Madness"]}],"is_beta":false,"boss_relics":[{"not_picked":["Runic Dome","Busted Crown"],"picked":"Empty Cage"},{"not_picked":["SlaversCollar","Philosopher\u0027s Stone"],"picked":"Calling Bell"}],"items_purged_floors":[13,36,46],"is_endless":false,"potions_floor_spawned":[3,14,16,29,33,35,37,39,42],"killed_by":"The Heart","ascension_level":6}}