{"host":"bq4pt811tk9yrmjl","time":1609031128,"event":{"mods":["AchievementEnabler","BaseMod","Colored Map","Colored Powertips","Defuse TimeMaze Blight","Hermit","Minty Spire (QoL Compilation)","StSLib","SuperFastMode","UnlockEverythingMod"],"gold_per_floor":[115,180,195,195,42,72,72,97,97,117,117,131,164,20,20,125,125,136,136,150,169,215,215,256,256,281,299,299,299,299],"floor_reached":29,"playtime":609,"items_purged":[],"score":300,"play_id":"b15fd41c-b2b8-4286-8d6c-9e8e04885cc5","local_time":"20201226230528","is_ascension_mode":true,"campfire_choices":[{"data":"hermit:BodyArmor","floor":7.0,"key":"SMITH"},{"floor":15.0,"key":"REST"},{"data":"hermit:TakeAim","floor":23.0,"key":"SMITH"},{"floor":25,"key":"REST"}],"circlet_count":0,"master_deck":["hermit:Strike_Hermit","hermit:Strike_Hermit","hermit:Strike_Hermit","hermit:Strike_Hermit","hermit:Defend_Hermit","hermit:Defend_Hermit","hermit:Defend_Hermit+1","hermit:Defend_Hermit+1","hermit:Snapshot+1","hermit:Covet","hermit:HighCaliber","hermit:TakeAim+1","hermit:BodyArmor+1","hermit:Headshot","hermit:Glare","hermit:BigShot","hermit:Scavenge+1","hermit:ItchyTrigger","hermit:LowProfile+1","hermit:CalledShot+1","Writhe"],"relics":["hermit:Momento","NeowsBlessing","War Paint","Pocketwatch","Bag of Marbles","Singing Bowl","Akabeko","Sozu","Smiling Mask","Ice Cream","Blood Vial","Oddly Smooth Stone"],"acts_visited":["Exordium","TheCity"],"potions_floor_usage":[24],"damage_taken":[{"damage":0.0,"enemies":"2 Louse","floor":1.0,"turns":1.0},{"damage":0.0,"enemies":"Jaw Worm","floor":3.0,"turns":1.0},{"damage":0.0,"enemies":"3 Sentries","floor":6.0,"turns":1.0},{"damage":31.0,"enemies":"Gremlin Nob","floor":8.0,"turns":5.0},{"damage":0.0,"enemies":"Cultist","floor":10.0,"turns":1.0},{"damage":0.0,"enemies":"Red Slaver","floor":12.0,"turns":1.0},{"damage":11.0,"enemies":"3 Sentries","floor":13.0,"turns":6.0},{"damage":28.0,"enemies":"The Guardian","floor":16.0,"turns":12.0},{"damage":2.0,"enemies":"Chosen","floor":18.0,"turns":4.0},{"damage":0.0,"enemies":"Spheric Guardian","floor":20.0,"turns":3.0},{"damage":6.0,"enemies":"Centurion and Healer","floor":21.0,"turns":7.0},{"damage":23,"enemies":"Book of Stabbing","floor":24,"turns":7},{"damage":32,"enemies":"Cultist and Chosen","floor":27,"turns":7},{"damage":0,"enemies":"Gremlin Leader","floor":29,"turns":1}],"seed_played":"-4730068692795957652","potions_obtained":[{"floor":10.0,"key":"SneckoOil"},{"floor":13.0,"key":"SpeedPotion"},{"floor":16.0,"key":"GamblersBrew"}],"is_trial":false,"path_per_floor":["M","?","M","?","$","E","R","E","T","M","$","M","E","$","R","B",null,"M","$","M","M","T","R","E","R","T","M","?","E"],"character_chosen":"HERMIT","items_purchased":["War Paint","Akabeko"],"campfire_rested":2,"item_purchase_floors":[5,14],"current_hp_per_floor":[75,75,75,75,75,75,75,44,44,44,44,44,35,35,58,32,79,79,79,79,73,73,73,50,74,74,44,44,46,46],"gold":299,"neow_bonus":"THREE_ENEMY_KILL","is_daily":false,"chose_seed":false,"campfire_upgraded":2,"win_rate":0.0,"timestamp":1609031128,"path_taken":["M","?","M","?","?","E","R","E","T","?","$","M","E","?","R","BOSS","M","$","M","?","?","R","E","R","T","?","?","E"],"items_purchased_type":["Relic","Relic"],"build_version":"2020-12-22","purchased_purges":0,"victory":false,"max_hp_per_floor":[75,75,75,75,75,75,75,75,75,75,75,75,77,77,77,79,79,81,81,81,81,81,81,81,81,81,81,81,81,81],"card_choices":[{"not_picked":["hermit:BodyArmor","hermit:Feint"],"picked":"hermit:HighCaliber","floor":1.0},{"not_picked":["hermit:Glare","hermit:NoHoldsBarred"],"picked":"hermit:TakeAim","floor":3.0},{"not_picked":["hermit:Ricochet","hermit:Spite","hermit:BodyArmor"],"picked":"SKIP","floor":6.0},{"not_picked":["hermit:Ricochet","hermit:Spite"],"picked":"hermit:BodyArmor","floor":6.0},{"not_picked":["hermit:SprayPray","hermit:WideOpen","hermit:Headshot"],"picked":"SKIP","floor":8.0},{"not_picked":["hermit:SprayPray","hermit:WideOpen"],"picked":"hermit:Headshot","floor":8.0},{"not_picked":["hermit:Determination","hermit:HoleUp"],"picked":"hermit:Glare","floor":10.0},{"not_picked":["hermit:Dive","hermit:Headshot"],"picked":"hermit:BigShot","floor":12.0},{"not_picked":["hermit:BigShot","hermit:ItchyTrigger","hermit:TakeAim"],"picked":"Singing Bowl","floor":13.0},{"not_picked":["hermit:OverwhelmingPower","hermit:FromBeyond","hermit:Purgatory"],"picked":"Singing Bowl","floor":16.0},{"not_picked":["hermit:LoneWolf","hermit:WideOpen","hermit:Misfire"],"picked":"Singing Bowl","floor":18.0},{"not_picked":["hermit:Ricochet","hermit:HoleUp+1"],"picked":"hermit:Scavenge+1","floor":20.0},{"not_picked":["hermit:Quickdraw","hermit:Horror"],"picked":"hermit:ItchyTrigger","floor":21.0},{"not_picked":["hermit:Desperado","hermit:ItchyTrigger+1"],"picked":"hermit:LowProfile+1","floor":24},{"not_picked":["hermit:FullyLoaded+1","hermit:FatalDesire"],"picked":"hermit:CalledShot+1","floor":27}],"player_experience":121276,"relics_obtained":[{"floor":6.0,"key":"Pocketwatch"},{"floor":8.0,"key":"Bag of Marbles"},{"floor":13.0,"key":"Singing Bowl"},{"floor":22.0,"key":"Smiling Mask"},{"floor":24,"key":"Ice Cream"},{"floor":26,"key":"Blood Vial"}],"event_choices":[{"damage_healed":0.0,"max_hp_gain":0.0,"max_hp_loss":0.0,"gold_gain":65.0,"event_name":"Golden Wing","player_choice":"Gained Gold","floor":2.0,"gold_loss":0.0,"damage_taken":0.0},{"damage_healed":0.0,"max_hp_gain":0.0,"max_hp_loss":0.0,"gold_gain":0.0,"event_name":"Living Wall","player_choice":"Grow","floor":4.0,"gold_loss":0.0,"damage_taken":0.0,"cards_upgraded":["hermit:Snapshot"]},{"damage_healed":0,"gold_gain":0,"player_choice":"Opened","damage_taken":0,"relics_obtained":["Oddly Smooth Stone"],"max_hp_gain":0,"max_hp_loss":0,"event_name":"The Mausoleum","floor":28,"gold_loss":0,"cards_obtained":["Writhe"]}],"is_beta":false,"boss_relics":[{"not_picked":["Calling Bell","Runic Pyramid"],"picked":"Sozu"}],"items_purged_floors":[],"is_endless":false,"potions_floor_spawned":[10,13,16,20,21],"killed_by":"Gremlin Leader","ascension_level":1}}