{"host":"newqdrzxfhh2im9e","time":1609045135,"event":{"mods":["AchievementEnabler","BaseMod","BetterRewards","Block Reminder","Colored Map","Jorbs\u0027s Wanderer Trilogy","Minty Spire (QoL Compilation)","Rare Cards Sparkle","Shop Mod","StSLib"],"gold_per_floor":[209,220,9,9,27,27,52,52,124,299,1,16,29,56,56,56,56],"floor_reached":16,"playtime":572,"items_purged":["Doubt"],"score":127,"play_id":"4d945603-67a4-44e9-bc11-5659269ad258","local_time":"20201226205855","is_ascension_mode":true,"campfire_choices":[{"data":"Violence","floor":6,"key":"SMITH"},{"floor":8,"key":"REST"},{"floor":15,"key":"REST"}],"circlet_count":0,"master_deck":["Strike_B+1","Strike_B","Strike_B","Strike_B","Defend_B","Defend_B","Defend_B+1","Defend_B","Zap","Dualcast","Go for the Eyes","Stack","Heatsinks","Violence+1","Recycle","White Noise","Defragment","Reinforced Body","Static Discharge","Multi-Cast"],"relics":["Cracked Core","Tiny Chest","InkBottle","Lee\u0027s Waffle","Prayer Wheel"],"acts_visited":["Exordium"],"potions_floor_usage":[7,13],"damage_taken":[{"damage":1,"enemies":"Cultist","floor":1,"turns":3},{"damage":7,"enemies":"Jaw Worm","floor":2,"turns":3},{"damage":0,"enemies":"Small Slimes","floor":5,"turns":3},{"damage":45,"enemies":"3 Sentries","floor":7,"turns":12},{"damage":25,"enemies":"3 Louse","floor":12,"turns":4},{"damage":14,"enemies":"Large Slime","floor":13,"turns":6},{"damage":27,"enemies":"Lagavulin","floor":14,"turns":5},{"damage":42,"enemies":"Slime Boss","floor":16,"turns":5}],"seed_played":"1097891846364346134","potions_obtained":[{"floor":2,"key":"LiquidBronze"},{"floor":12,"key":"DistilledChaos"}],"is_trial":false,"path_per_floor":["M","M","$","?","M","R","E","R","T","?","$","M","M","E","R","B"],"character_chosen":"DEFECT","items_purchased":["Heatsinks","Violence","Lee\u0027s Waffle","Defragment"],"campfire_rested":2,"item_purchase_floors":[3,3,11,11],"current_hp_per_floor":[74,67,67,52,52,52,7,29,29,29,82,57,43,16,40,0,0],"gold":56,"neow_bonus":"HUNDRED_GOLD","is_daily":false,"chose_seed":false,"campfire_upgraded":1,"win_rate":0.0,"timestamp":1609045135,"path_taken":["M","M","$","?","M","R","E","R","T","?","$","M","M","E","R","BOSS"],"items_purchased_type":["Card","Card","Relic","Card"],"build_version":"2020-12-22","purchased_purges":1,"victory":false,"max_hp_per_floor":[75,75,75,75,75,75,75,75,75,75,82,82,82,82,82,82,82],"card_choices":[{"not_picked":["Barrage","Coolheaded"],"picked":"Go for the Eyes","floor":1},{"not_picked":["Cold Snap","Hologram"],"picked":"Stack","floor":2},{"not_picked":["Coolheaded","Barrage"],"picked":"Recycle","floor":5},{"not_picked":["Beam Cell","Stack"],"picked":"White Noise","floor":7},{"not_picked":["Streamline","Turbo"],"picked":"Reinforced Body","floor":12},{"not_picked":["Rebound","Leap"],"picked":"Static Discharge","floor":13},{"not_picked":["Melter","Stack"],"picked":"Multi-Cast","floor":14}],"player_experience":641075,"relics_obtained":[{"floor":7,"key":"Tiny Chest"},{"floor":9,"key":"InkBottle"},{"floor":14,"key":"Prayer Wheel"}],"event_choices":[{"damage_healed":0,"gold_gain":0,"player_choice":"Entered Light","damage_taken":15,"max_hp_gain":0,"max_hp_loss":0,"event_name":"Shining Light","floor":4,"gold_loss":0,"cards_upgraded":["Defend_B","Strike_B"]},{"damage_healed":0,"gold_gain":175,"player_choice":"AGREE","damage_taken":0,"max_hp_gain":0,"max_hp_loss":0,"event_name":"Liars Game","floor":10,"gold_loss":0,"cards_obtained":["Doubt"]}],"is_beta":false,"boss_relics":[],"items_purged_floors":[11],"is_endless":false,"potions_floor_spawned":[2,12],"killed_by":"Slime Boss","ascension_level":3}}