{"host":"3olzf542l24t7rz7","time":1609049838,"event":{"mods":["Aspiration","BaseMod","BetterRewards","Colored Map","Colored Powertips","Conspire","Halation","Hubris","Infinite Spire","Luminous","Minty Spire (QoL Compilation)","Replay The Spire","Shop Mod","StSLib","The Blue Laboratory","The Runesmith","TheSwordswoman","Waifu the Spire","WarShipGirlsR/????R mod","vexMod"],"gold_per_floor":[110,110,125,144,144,144,144,177,177,31,31,75,89,105,105,228,228,252,252,275,275,175,175,95,95,95,95,108,108,152,165,165,289,352,367,367,367,367,392,423,423,448,502,502,502,502,515,535,535,535,535],"floor_reached":50,"playtime":1762,"items_purged":["Strike_G","Envenom","Poison Darts"],"score":574,"play_id":"30ae01ea-b400-458d-a202-32e4783e1f8c","local_time":"20201227011718","is_ascension_mode":true,"campfire_choices":[{"data":"conspire:PoisonWeapons","floor":6,"key":"SMITH"},{"data":"Infinite Blades","floor":11,"key":"SMITH"},{"floor":15,"key":"REST"},{"data":"Accuracy","floor":23,"key":"SMITH"},{"data":"Cloak And Dagger","floor":25,"key":"SMITH"},{"data":"Blade Dance","floor":27,"key":"SMITH"},{"data":"Poisoned Stab","floor":29,"key":"SMITH"},{"floor":32,"key":"REST"},{"floor":41,"key":"REST"},{"data":"hubris:Sniper","floor":49,"key":"SMITH"}],"circlet_count":0,"master_deck":["Strike_G","Strike_G","Strike_G","Strike_G","Defend_G+1","Defend_G","Defend_G","Defend_G","Survivor","Neutralize+1","Poisoned Stab+1","conspire:PoisonWeapons+1","Infinite Blades+1","Accuracy+1","Cloak And Dagger+1","Flying Knee+1","Blade Dance+1","Hidden Blade","Blade Dance+1","Cloak And Dagger+1","hubris:Sniper+1"],"relics":["Ring of the Snake","Golden Idol","hubris:Towel","Bag of Preparation","conspire:DeflatedDodgeball","Strawberry","WristBlade","PreservedInsect","FossilizedHelix","Bird Faced Urn","Tiny House","aspiration:PoetsPen_weak","Replay:Wax Seal","infinitespire:Beetle Shell","halation:PapillonHeart"],"acts_visited":["Exordium","TheCity","TheBeyond"],"potions_floor_usage":[8,12,20,28,31,31,40,42,50],"damage_taken":[{"damage":0,"enemies":"Small Slimes","floor":1,"turns":4},{"damage":4,"enemies":"infinitespire:Voidling","floor":3,"turns":4},{"damage":0,"enemies":"2 Louse","floor":4,"turns":3},{"damage":10,"enemies":"Lagavulin","floor":8,"turns":5},{"damage":15,"enemies":"3 Sentries","floor":12,"turns":7},{"damage":10,"enemies":"conspire:2 RoseBushes","floor":13,"turns":4},{"damage":6,"enemies":"Blue Slaver","floor":14,"turns":3},{"damage":1,"enemies":"Hexaghost","floor":16,"turns":9},{"damage":7,"enemies":"Chosen","floor":18,"turns":5},{"damage":2,"enemies":"Spheric Guardian","floor":20,"turns":4},{"damage":0,"enemies":"Snecko","floor":28,"turns":3},{"damage":0,"enemies":"Replay:Snechameleon","floor":30,"turns":3},{"damage":12,"enemies":"Shelled Parasite and Fungi","floor":31,"turns":2},{"damage":19,"enemies":"conspire:MysteriousRune","floor":33,"turns":7},{"damage":36,"enemies":"3 Darklings","floor":35,"turns":5},{"damage":0,"enemies":"Orb Walker","floor":39,"turns":2},{"damage":18,"enemies":"Reptomancer","floor":40,"turns":4},{"damage":23,"enemies":"Writhing Mass","floor":42,"turns":4},{"damage":0,"enemies":"Sphere and 2 Shapes","floor":47,"turns":3},{"damage":0,"enemies":"Spire Growth","floor":48,"turns":2},{"damage":64,"enemies":"hubris:GrandSnecko","floor":50,"turns":4}],"seed_played":"13706215094643","potions_obtained":[{"floor":3,"key":"blueLaboratory:BlinkPotion"},{"floor":8,"key":"blueLaboratory:EmptyBottle"},{"floor":12,"key":"blueLaboratory:NullPotion"},{"floor":16,"key":"blueLaboratory:BlinkPotion"},{"floor":20,"key":"Ancient Potion"},{"floor":28,"key":"blueLaboratory:BubblePotion"},{"floor":30,"key":"blueLaboratory:FruitPunch"},{"floor":33,"key":"blueLaboratory:RememoryPotion"},{"floor":34,"key":"DuplicationPotion"},{"floor":39,"key":"blueLaboratory:PyrophylliteBrew"},{"floor":42,"key":"blueLaboratory:EnvenomedCoating"}],"is_trial":false,"path_per_floor":["M","?","M","M","?","R","?","E","T","$","R","E","M","M","R","B",null,"M","?","M","?","$","R","?","R","T","R","M","R","E","M","R","B",null,"M","AVR","?","?","M","E","R","M","T","?","?","?","M","M","R","B"],"character_chosen":"THE_SILENT","items_purchased":["Accuracy"],"campfire_rested":3,"item_purchase_floors":[10],"current_hp_per_floor":[70,70,70,70,53,53,53,43,43,43,43,35,25,19,42,41,77,70,70,68,68,68,68,68,68,68,68,68,68,68,62,79,60,84,50,50,50,50,54,42,67,48,48,48,48,48,52,56,56,0,0],"gold":535,"neow_bonus":"UPGRADE_CARD","is_daily":false,"chose_seed":true,"campfire_upgraded":7,"win_rate":0.0,"timestamp":1609049838,"path_taken":["M","?","?","?","?","R","?","E","T","?","R","E","M","?","R","BOSS","M","?","?","?","$","R","?","R","T","R","M","R","E","M","R","BOSS","M","AVR","?","?","?","E","R","M","T","?","?","?","M","M","R","BOSS"],"items_purchased_type":["Card"],"build_version":"2020-12-22","purchased_purges":3,"victory":false,"max_hp_per_floor":[70,70,70,70,70,70,70,70,70,70,70,77,77,77,77,77,77,77,77,77,77,77,77,77,77,77,77,77,77,77,79,79,79,84,84,84,84,84,84,84,84,84,84,80,77,77,77,77,77,77,77],"card_choices":[{"not_picked":["Dagger Throw","Prepared"],"picked":"Poisoned Stab","floor":1},{"not_picked":["Atom Bomb","hubris:Sniper"],"picked":"conspire:PoisonWeapons","floor":3},{"not_picked":["Draining Mist","Hidden Blade"],"picked":"Infinite Blades","floor":4},{"not_picked":["Blade Dance","hubris:Counter","Bane"],"picked":"SKIP","floor":8},{"not_picked":["Heel Hook","Tactician","Poisoned Stab"],"picked":"SKIP","floor":12},{"not_picked":["Quick Slash","hubris:SlightOfHand"],"picked":"Cloak And Dagger","floor":13},{"not_picked":["Skewer","Dodge and Roll"],"picked":"Envenom","floor":14},{"not_picked":["Replay:Bag of Tricks","Atom Bomb"],"picked":"Poison Darts","floor":16},{"not_picked":["Deflect+1","Expertise"],"picked":"Flying Knee+1","floor":18},{"not_picked":["Dagger Throw","Hidden Blade"],"picked":"Blade Dance","floor":20},{"not_picked":["Tactician","ReplayTheSpireMod:Scrap Shanks","hubris:SlightOfHand+1"],"picked":"SKIP","floor":28},{"not_picked":["infinitespire:Neurotoxin","Outmaneuver","Riddle With Holes"],"picked":"SKIP","floor":30},{"not_picked":["Sucker Punch","Dagger Spray","Eviscerate+1"],"picked":"SKIP","floor":31},{"not_picked":["Dagger Throw","Quick Slash+1"],"picked":"Hidden Blade","floor":34},{"not_picked":["Sneak Up","hubris:TrickCloak","Sucker Punch"],"picked":"SKIP","floor":35},{"not_picked":["Hidden Blade","Crippling Poison","All Out Attack"],"picked":"SKIP","floor":39},{"not_picked":["Hidden Blade","Backflip+1"],"picked":"Blade Dance+1","floor":40},{"not_picked":["Choke","Flechettes"],"picked":"Cloak And Dagger+1","floor":42},{"not_picked":["Finisher+1","ReplayTheSpireMod:Tripwire+1"],"picked":"hubris:Sniper","floor":47},{"not_picked":["Blade Dance+1","A Thousand Cuts","Prepared"],"picked":"SKIP","floor":48}],"player_experience":427618,"relics_obtained":[{"floor":8,"key":"Bag of Preparation"},{"floor":9,"key":"conspire:DeflatedDodgeball"},{"floor":12,"key":"Strawberry"},{"floor":19,"key":"PreservedInsect"},{"floor":26,"key":"FossilizedHelix"},{"floor":30,"key":"Bird Faced Urn"},{"floor":40,"key":"Replay:Wax Seal"},{"floor":43,"key":"infinitespire:Beetle Shell"}],"event_choices":[{"cards_removed":["Defend_G"],"damage_healed":0,"gold_gain":0,"player_choice":"Offered Basic","damage_taken":0,"max_hp_gain":0,"max_hp_loss":0,"event_name":"Bonfire Elementals","floor":2,"gold_loss":0},{"damage_healed":0,"gold_gain":0,"player_choice":"Take Damage","damage_taken":17,"relics_obtained":["Golden Idol"],"max_hp_gain":0,"max_hp_loss":0,"event_name":"Golden Idol","floor":5,"gold_loss":0},{"damage_healed":0,"gold_gain":0,"player_choice":"Relic","damage_taken":0,"max_hp_gain":0,"max_hp_loss":0,"event_name":"Wheel of Change","floor":19,"gold_loss":0},{"damage_healed":0,"gold_gain":0,"player_choice":"Leave","damage_taken":0,"max_hp_gain":0,"max_hp_loss":0,"event_name":"conspire:Investor","floor":21,"gold_loss":0},{"damage_healed":0,"gold_gain":0,"player_choice":"Ignored","damage_taken":0,"max_hp_gain":0,"max_hp_loss":0,"event_name":"Transmorgrifier","floor":38,"gold_loss":0},{"damage_healed":0,"gold_gain":0,"player_choice":"Ignored","damage_taken":0,"max_hp_gain":0,"max_hp_loss":0,"event_name":"Tomb of Lord Red Mask","floor":46,"gold_loss":0}],"is_beta":false,"boss_relics":[{"not_picked":["Ectoplasm","infinitespire:Cupcake"],"picked":"WristBlade"},{"not_picked":["ChewingGum","halation:PlatinumPhoenix"],"picked":"Tiny House"}],"items_purged_floors":[10,22,36],"is_endless":false,"potions_floor_spawned":[3,8,12,16,20,28,30,33,39,42],"killed_by":"hubris:GrandSnecko","ascension_level":1}}