{"host":"gttgmv2wah99hzdm","time":1609096576,"event":{"mods":["AchievementEnabler","BaseMod","Bestiary","Block Reminder","Filter the Spire","Highlight Path","Minty Spire (QoL Compilation)","Permanent Neow","Random Character Button","Relic Stats","StSLib","ojb\u0027s Info Mod"],"gold_per_floor":[99,99,99,99,99,99,99,99,99,99,99,99,99,39,39,39,39,39,39,39,39,39,39,39,39,39,39,39,39,39],"floor_reached":29,"playtime":3842,"items_purged":[],"score":573,"play_id":"e1cce07c-0d29-498d-ae01-40dc01d4f751","local_time":"20201227131616","is_ascension_mode":true,"campfire_choices":[{"data":"Tantrum","floor":7.0,"key":"SMITH"},{"data":"SashWhip","floor":12.0,"key":"SMITH"},{"data":"BattleHymn","floor":15.0,"key":"SMITH"},{"data":"EmptyFist","floor":24,"key":"SMITH"}],"circlet_count":0,"master_deck":["AscendersBane","Strike_P","Strike_P","Strike_P","Defend_P","Defend_P","Defend_P","Defend_P","Eruption","Vigilance","SashWhip+1","ClearTheMind","Tantrum+1","ThirdEye","Halt","InnerPeace","BattleHymn+1","CutThroughFate","Alpha","ThirdEye+1","FlurryOfBlows+1","EmptyFist+1","EmptyFist+1","WheelKick","FearNoEvil","Wireheading","Wish","CutThroughFate","FlurryOfBlows+1"],"relics":["Ectoplasm","CeramicFish","Eternal Feather","Prayer Wheel","Gremlin Horn","Runic Pyramid","The Courier","Molten Egg 2","Singing Bowl"],"acts_visited":["Exordium","TheCity"],"potions_floor_usage":[28],"damage_taken":[{"damage":2.0,"enemies":"Jaw Worm","floor":1.0,"turns":4.0},{"damage":2.0,"enemies":"2 Louse","floor":3.0,"turns":3.0},{"damage":0.0,"enemies":"Small Slimes","floor":4.0,"turns":2.0},{"damage":3.0,"enemies":"Blue Slaver","floor":5.0,"turns":5.0},{"damage":3.0,"enemies":"3 Sentries","floor":6.0,"turns":4.0},{"damage":5.0,"enemies":"Gremlin Gang","floor":8.0,"turns":6.0},{"damage":19.0,"enemies":"Gremlin Nob","floor":11.0,"turns":4.0},{"damage":7.0,"enemies":"Lagavulin","floor":13.0,"turns":7.0},{"damage":5.0,"enemies":"Looter","floor":14.0,"turns":4.0},{"damage":11.0,"enemies":"Hexaghost","floor":16.0,"turns":6.0},{"damage":4,"enemies":"Shell Parasite","floor":18,"turns":3},{"damage":0,"enemies":"Chosen","floor":19,"turns":4},{"damage":7,"enemies":"Centurion and Healer","floor":20,"turns":3},{"damage":6,"enemies":"Snake Plant","floor":22,"turns":3},{"damage":0,"enemies":"Gremlin Leader","floor":23,"turns":5},{"damage":1,"enemies":"Cultist and Chosen","floor":25,"turns":3},{"damage":33,"enemies":"Shelled Parasite and Fungi","floor":28,"turns":4},{"damage":22,"enemies":"Book of Stabbing","floor":29,"turns":2}],"seed_played":"-4122975412949859602","potions_obtained":[{"floor":3.0,"key":"SkillPotion"},{"floor":4.0,"key":"LiquidBronze"},{"floor":6.0,"key":"AttackPotion"},{"floor":11.0,"key":"Explosive Potion"},{"floor":19,"key":"Energy Potion"}],"is_trial":false,"path_per_floor":["M","?","M","M","M","E","R","M","T","?","E","R","E","M","R","B",null,"M","M","M","?","M","E","R","M","T","T","M","E"],"character_chosen":"WATCHER","items_purchased":[],"campfire_rested":0,"item_purchase_floors":[],"current_hp_per_floor":[59,52,50,50,47,44,44,39,39,39,20,29,22,17,26,15,55,51,51,44,44,38,38,53,52,52,52,21,0,0],"gold":39,"neow_bonus":"BOSS_RELIC","is_daily":false,"chose_seed":false,"campfire_upgraded":4,"win_rate":0.0,"timestamp":1609096576,"path_taken":["M","?","M","M","M","E","R","M","T","?","E","R","E","M","R","BOSS","M","M","M","?","M","E","R","M","T","?","M","E"],"items_purchased_type":[],"build_version":"2020-12-22","purchased_purges":0,"victory":false,"max_hp_per_floor":[68,68,68,68,68,68,68,68,68,68,68,68,68,68,68,68,68,68,68,68,68,68,68,68,68,68,68,70,70,70],"relic_stats":{"Gremlin Horn":[7,7],"Singing Bowl":2,"counters":[18,72],"CeramicFish":0,"Eternal Feather":33,"Prayer Wheel":7,"Ectoplasm":569,"obtain_stats":[{"Gremlin Horn":13,"Singing Bowl":27,"CeramicFish":6,"Eternal Feather":9,"Prayer Wheel":11,"Molten Egg 2":26,"Ectoplasm":0,"The Courier":23,"PureWater":0,"Runic Pyramid":17},{"Gremlin Horn":8,"Singing Bowl":16,"CeramicFish":5,"Eternal Feather":6,"Prayer Wheel":7,"Molten Egg 2":16,"Ectoplasm":0,"The Courier":15,"PureWater":0,"Runic Pyramid":10},{"Gremlin Horn":35,"Singing Bowl":66,"CeramicFish":18,"Eternal Feather":24,"Prayer Wheel":28,"Molten Egg 2":66,"Ectoplasm":0,"The Courier":63,"PureWater":0,"Runic Pyramid":45}]},"card_choices":[{"not_picked":["FollowUp","Fasting2"],"picked":"SashWhip","floor":1.0},{"not_picked":["Fasting2","EmptyBody"],"picked":"ClearTheMind","floor":3.0},{"not_picked":["JustLucky","ClearTheMind"],"picked":"Tantrum","floor":4.0},{"not_picked":["Prostrate","Indignation"],"picked":"ThirdEye","floor":5.0},{"not_picked":["Indignation","Nirvana"],"picked":"Halt","floor":6.0},{"not_picked":["Blasphemy","Crescendo","ThirdEye"],"picked":"SKIP","floor":8.0},{"not_picked":["ClearTheMind","DeceiveReality"],"picked":"InnerPeace","floor":11.0},{"not_picked":["FlurryOfBlows","EmptyBody"],"picked":"BattleHymn","floor":13.0},{"not_picked":["Nirvana","JustLucky"],"picked":"CutThroughFate","floor":14.0},{"not_picked":["SignatureMove","Evaluate","PathToVictory"],"picked":"SKIP","floor":14.0},{"not_picked":["Wish","DeusExMachina"],"picked":"Alpha","floor":16.0},{"not_picked":["CarveReality","JustLucky"],"picked":"ThirdEye+1","floor":18},{"not_picked":["CarveReality","Collect+1"],"picked":"FlurryOfBlows+1","floor":18},{"not_picked":["CrushJoints","SashWhip"],"picked":"EmptyFist","floor":19},{"not_picked":["Protect","Tantrum","Consecrate"],"picked":"SKIP","floor":19},{"not_picked":["WreathOfFlame+1","Indignation"],"picked":"EmptyFist+1","floor":20},{"not_picked":["SashWhip","FlyingSleeves+1","PathToVictory"],"picked":"SKIP","floor":20},{"not_picked":["ClearTheMind","Blasphemy"],"picked":"WheelKick","floor":22},{"not_picked":["SandsOfTime+1","EmptyFist"],"picked":"FearNoEvil","floor":22},{"not_picked":["Wireheading","SashWhip","JustLucky"],"picked":"SKIP","floor":23},{"not_picked":["SashWhip","JustLucky"],"picked":"Wireheading","floor":23},{"not_picked":["CutThroughFate","SashWhip"],"picked":"Wish","floor":25},{"not_picked":["FollowUp","Consecrate"],"picked":"CutThroughFate","floor":25},{"not_picked":["FollowUp+1","Meditate","Protect"],"picked":"Singing Bowl","floor":28},{"not_picked":["Indignation","Swivel"],"picked":"FlurryOfBlows+1","floor":28}],"player_experience":991907,"relics_obtained":[{"floor":6.0,"key":"CeramicFish"},{"floor":9.0,"key":"Eternal Feather"},{"floor":11.0,"key":"Prayer Wheel"},{"floor":13.0,"key":"Gremlin Horn"},{"floor":23,"key":"The Courier"},{"floor":26,"key":"Molten Egg 2"},{"floor":27,"key":"Singing Bowl"}],"event_choices":[{"cards_removed":["Strike_P"],"damage_healed":0.0,"max_hp_gain":0.0,"max_hp_loss":0.0,"gold_gain":0.0,"event_name":"Golden Wing","player_choice":"Card Removal","floor":2.0,"gold_loss":0.0,"damage_taken":7.0},{"damage_healed":0.0,"max_hp_gain":0.0,"max_hp_loss":0.0,"gold_gain":0.0,"event_name":"Liars Game","player_choice":"Ignored","floor":10.0,"gold_loss":0.0,"damage_taken":0.0},{"damage_healed":0,"gold_gain":0,"player_choice":"Ignored","damage_taken":0,"max_hp_gain":0,"max_hp_loss":0,"event_name":"Cursed Tome","floor":21,"gold_loss":0}],"is_beta":false,"boss_relics":[{"not_picked":["Empty Cage","Fusion Hammer"],"picked":"Runic Pyramid"}],"items_purged_floors":[],"is_endless":false,"potions_floor_spawned":[3,4,6,11,13,19,20],"killed_by":"Book of Stabbing","ascension_level":19}}