{"host":"ds1yr10zonoc6w4a","time":1609096634,"event":{"mods":["2.2 Compatiblity","AchievementEnabler","Act Like it!","BaseMod","Downfall","Elementarium","Gensokyo","Infinite Spire","Jorbs\u0027s Wanderer Trilogy","Koishi","Menagerie","Minty Spire (QoL Compilation)","Pale of the Ancients","StSLib","The Animator","Wandering Minibosses","vexMod","??????REMEMod"],"gold_per_floor":[130,143,143,143,3,30,30,30,56,73,73,43,43,74,74,74,74],"floor_reached":16,"playtime":1167,"items_purged":[],"score":164,"play_id":"f4834d73-7892-4ca0-a7a9-f1f2a1baed2a","local_time":"20201227121714","is_ascension_mode":true,"campfire_choices":[{"floor":11,"key":"REST"},{"data":"animator:Alexander","floor":15,"key":"SMITH"}],"circlet_count":0,"master_deck":["AscendersBane","animator:Strike_Fate","animator:Defend_Fate+1","animator:Strike","animator:Defend+1","animator:Defend","animator:Defend","animator:Alexander+1","animator:Rider","animator:Biyorigo","animator:ChaikaBohdan","animator:DolaCouronne","animator:Spearman","animator:GoblinSlayer","animator:MaesHughes","animator:Vesta","animator:MamiTomoe","Decay","Shame","infinitespire:FutureSight","animator:MaesHughes"],"relics":["animator:LivingPicture","animator:TheMissingPiece","REME_ComplimentaryCards","animator:PurgingStone","PreservedInsect","infinitespire:CursedDice","Art of War"],"acts_visited":["Exordium"],"potions_floor_usage":[12,16],"damage_taken":[{"damage":14,"enemies":"Cultist","floor":1,"turns":5},{"damage":0,"enemies":"Jaw Worm","floor":2,"turns":7},{"damage":27,"enemies":"3 Sentries","floor":6,"turns":8},{"damage":0,"enemies":"2 Louse","floor":10,"turns":3},{"damage":0,"enemies":"Looter","floor":12,"turns":4},{"damage":27,"enemies":"Gremlin Nob","floor":14,"turns":6},{"damage":35,"enemies":"Slime Boss","floor":16,"turns":3}],"seed_played":"-7104333934709906125","potions_obtained":[{"floor":10,"key":"Energy Potion"},{"floor":14,"key":"Strength Potion"}],"is_trial":false,"path_per_floor":["M","M","?","?","$","E","?","T","T","M","R","M","?","E","R","B"],"character_chosen":"THE_ANIMATOR","items_purchased":["animator:GoblinSlayer"],"campfire_rested":1,"item_purchase_floors":[5],"current_hp_per_floor":[45,45,38,43,43,16,2,2,2,2,23,23,23,25,25,0,0],"gold":74,"neow_bonus":"TRANSFORM_CARD","is_daily":false,"chose_seed":false,"campfire_upgraded":1,"win_rate":0.0,"timestamp":1609096634,"path_taken":["M","M","?","?","$","E","?","?","T","M","R","?","?","E","R","BOSS"],"items_purchased_type":["Card"],"build_version":"2020-12-22","purchased_purges":0,"victory":false,"max_hp_per_floor":[66,66,66,71,71,71,71,71,71,71,71,71,71,71,71,71,71],"card_choices":[{"not_picked":["animator:DolaStephanie","animator:Fredrika"],"picked":"animator:DolaCouronne","floor":1},{"not_picked":["animator:Demiurge","animator:IzunaHatsuse"],"picked":"animator:Spearman","floor":2},{"not_picked":["animator:Viivi","animator:Gillette"],"picked":"animator:MaesHughes","floor":6},{"not_picked":["animator:Benimaru","animator:GazelDwargon"],"picked":"animator:Vesta","floor":10},{"not_picked":["animator:Lancer","animator:ElricAlphonse"],"picked":"animator:MamiTomoe","floor":12},{"not_picked":["infinitespire:Collect","infinitespire:SevenWalls"],"picked":"infinitespire:FutureSight","floor":13},{"not_picked":["animator:Demiurge","animator:ChaikaBohdan"],"picked":"animator:MaesHughes","floor":14}],"player_experience":572487,"relics_obtained":[{"floor":6,"key":"PreservedInsect"},{"floor":8,"key":"infinitespire:CursedDice"},{"floor":14,"key":"Art of War"}],"event_choices":[{"cards_removed":["animator:Strike"],"damage_healed":0,"gold_gain":0,"player_choice":"Card Removal","damage_taken":7,"max_hp_gain":0,"max_hp_loss":0,"event_name":"Golden Wing","floor":3,"gold_loss":0},{"damage_healed":0,"gold_gain":0,"player_choice":"Donut","damage_taken":0,"max_hp_gain":5,"max_hp_loss":0,"event_name":"Big Fish","floor":4,"gold_loss":0},{"damage_healed":0,"gold_gain":0,"player_choice":"Entered Light","damage_taken":14,"max_hp_gain":0,"max_hp_loss":0,"event_name":"Shining Light","floor":7,"gold_loss":0,"cards_upgraded":["animator:Defend","animator:Defend_Fate"]}],"is_beta":false,"boss_relics":[],"items_purged_floors":[],"is_endless":false,"potions_floor_spawned":[10,14],"killed_by":"Slime Boss","ascension_level":11}}