{"host":"qjr2x8lg4bxz99yh","time":1609032428,"event":{"mods":["Act Like it!","BaseMod","Colored Powertips","Downfall","Friendly Minions","Hallownest","Hermit","Minty Spire (QoL Compilation)","Replay The Spire","StSLib","The Bug Knight","The Cursed","The Disciple","The Hierophant","The Jungle","The Necromancer","The Runesmith","everything is the same but u backflip on backflip"],"gold_per_floor":[110,110,110,122,122,148,201,201,225,225,243,243,263,29,29,29,29],"floor_reached":16,"playtime":1319,"items_purged":[],"score":98,"play_id":"e68f0035-55c4-4b03-a8c7-d9b207daba4e","local_time":"20201226192708","is_ascension_mode":false,"campfire_choices":[{"data":"hermit:EternalForm","floor":8,"key":"SMITH"},{"floor":10,"key":"REST"},{"data":"hermit:ShadowCloak","floor":12,"key":"SMITH"},{"floor":15,"key":"DIG"}],"circlet_count":0,"master_deck":["hermit:Strike_Hermit","hermit:Strike_Hermit","hermit:Strike_Hermit","hermit:Defend_Hermit+1","hermit:Defend_Hermit","hermit:Defend_Hermit","hermit:Snapshot","hermit:Covet","ReplayTheSpireMod:Restless Dread","hermit:ShadowCloak+1","hermit:EternalForm+1","hermit:Midnight","ReplayTheSpireMod:Splinters","Shrug It Off","Languid","sneckomod:IronFang","Crippling Poison","hierophant:RepressedViolence","hermit:DeadOrAlive","hermit:TakeCover","hermit:TakeAim","Pot Of Greed","Pot Of Greed"],"relics":["hermit:Momento","PrismaticShard","Ring of Peace","ReplayTheSpireMod:Ring of Exchange","MealTicket","Pet Ghost","Grinning Jar"],"acts_visited":["Exordium"],"potions_floor_usage":[16],"damage_taken":[{"damage":0,"enemies":"Small Slimes","floor":1,"turns":4},{"damage":1,"enemies":"2 Louse","floor":4,"turns":1},{"damage":17,"enemies":"3 Sentries","floor":6,"turns":17},{"damage":4,"enemies":"Jaw Worm","floor":11,"turns":4},{"damage":0,"enemies":"Looter","floor":13,"turns":4},{"damage":157,"enemies":"Hexaghost","floor":16,"turns":14}],"seed_played":"-1049094809673324265","potions_obtained":[{"floor":11,"key":"SkillPotion"}],"is_trial":false,"path_per_floor":["M","?","?","M","?","E","?","R","T","R","M","R","M","$","R","B"],"character_chosen":"HERMIT","items_purchased":["hermit:DeadOrAlive","hermit:TakeCover","hermit:TakeAim"],"campfire_rested":1,"item_purchase_floors":[14,14,14],"current_hp_per_floor":[75,75,75,74,74,57,57,57,57,75,71,71,71,75,75,0,0],"gold":29,"neow_bonus":"TRANSFORM_TWO_CARDS","is_daily":false,"chose_seed":false,"campfire_upgraded":2,"win_rate":0.0,"timestamp":1609032428,"path_taken":["M","?","?","M","?","E","?","R","T","R","M","R","M","?","R","BOSS"],"items_purchased_type":["Card","Card","Card"],"build_version":"2020-12-22","purchased_purges":0,"victory":false,"max_hp_per_floor":[75,75,75,75,75,75,75,75,75,75,75,75,75,75,75,75,75],"card_choices":[{"not_picked":["hermit:Misfire","hermit:Cheat"],"picked":"hermit:Midnight","floor":1},{"not_picked":["HollowMod:SharpenedNail","hermit:BodyArmor"],"picked":"Shrug It Off","floor":4},{"not_picked":["Bone_Spikes","hexamod:NightmareStrike"],"picked":"sneckomod:IronFang","floor":6},{"not_picked":["champ:BerserkersShout","hermit:Manifest"],"picked":"Crippling Poison","floor":11},{"not_picked":["TheCursedMod:TacticalStrike","Runesmith:PoweredAnvil"],"picked":"hierophant:RepressedViolence","floor":13}],"player_experience":60053,"relics_obtained":[{"floor":5,"key":"Ring of Peace"},{"floor":5,"key":"ReplayTheSpireMod:Ring of Exchange"},{"floor":6,"key":"MealTicket"},{"floor":9,"key":"Pet Ghost"},{"floor":15,"key":"Grinning Jar"}],"event_choices":[{"damage_healed":0,"gold_gain":53,"player_choice":"Gained Gold","damage_taken":0,"max_hp_gain":0,"max_hp_loss":0,"event_name":"Golden Wing","floor":7,"gold_loss":0}],"is_beta":false,"boss_relics":[],"items_purged_floors":[],"is_endless":false,"potions_floor_spawned":[11],"killed_by":"Hexaghost","ascension_level":0}}