{"host":"gttgmv2wah99hzdm","time":1609103056,"event":{"mods":["AchievementEnabler","BaseMod","Bestiary","Block Reminder","Filter the Spire","Highlight Path","Minty Spire (QoL Compilation)","Permanent Neow","Random Character Button","Relic Stats","StSLib","ojb\u0027s Info Mod"],"gold_per_floor":[110,130,149,162,172,172,200,200,272,304,319,332,357,372,372,446,446,446,446,446,128,128,128,128,128,128,28,28,28,28,28,28,28,28,28,28,28,28,28,28,28,28,28,28,28,28,28,28,28,28],"floor_reached":51,"playtime":4142,"items_purged":["Strike_P","Strike_P"],"score":1558,"play_id":"2609677d-c100-4fd1-b13b-551c66f62a04","local_time":"20201227150416","is_ascension_mode":true,"campfire_choices":[{"floor":6.0,"key":"REST"},{"data":"EmptyFist","floor":8.0,"key":"SMITH"},{"floor":15.0,"key":"REST"},{"data":"LikeWater","floor":23.0,"key":"SMITH"},{"data":"SandsOfTime","floor":28.0,"key":"SMITH"},{"data":"Omniscience","floor":30.0,"key":"SMITH"},{"data":"CrushJoints","floor":32.0,"key":"SMITH"},{"data":"Omniscience","floor":40.0,"key":"SMITH"},{"data":"Wallop","floor":44.0,"key":"SMITH"},{"floor":49,"key":"REST"}],"circlet_count":0,"master_deck":["AscendersBane","Strike_P","Strike_P","Defend_P","Defend_P","Defend_P","Defend_P","Eruption","Vigilance","ReachHeaven","EmptyFist+1","Vengeance","BowlingBash","CrushJoints+1","SandsOfTime+1","Study","Omniscience+1","ClearTheMind","Vault","Wallop+1","FearNoEvil","LikeWater+1","Omniscience+1","InnerPeace+1","Wallop+1","Meditate","LikeWater"],"relics":["SlaversCollar","Lizard Tail","Mummified Hand","Dead Branch","Bag of Preparation","Ectoplasm","Red Mask","Sling","Matryoshka","Orichalcum","Blood Vial","CeramicFish","VioletLotus","MawBank","Potion Belt","Strawberry","Ornamental Fan"],"acts_visited":["Exordium","TheCity","TheBeyond"],"potions_floor_usage":[46,48],"damage_taken":[{"damage":0.0,"enemies":"Cultist","floor":1.0,"turns":3.0},{"damage":2.0,"enemies":"2 Louse","floor":2.0,"turns":3.0},{"damage":8.0,"enemies":"Small Slimes","floor":3.0,"turns":3.0},{"damage":6.0,"enemies":"Exordium Wildlife","floor":4.0,"turns":3.0},{"damage":17.0,"enemies":"3 Louse","floor":5.0,"turns":4.0},{"damage":3.0,"enemies":"Gremlin Nob","floor":7.0,"turns":3.0},{"damage":7.0,"enemies":"3 Sentries","floor":10.0,"turns":5.0},{"damage":14.0,"enemies":"Red Slaver","floor":11.0,"turns":3.0},{"damage":1.0,"enemies":"Looter","floor":12.0,"turns":2.0},{"damage":6.0,"enemies":"Gremlin Nob","floor":13.0,"turns":3.0},{"damage":0.0,"enemies":"Large Slime","floor":14.0,"turns":4.0},{"damage":7.0,"enemies":"The Guardian","floor":16.0,"turns":9.0},{"damage":0.0,"enemies":"Shell Parasite","floor":18.0,"turns":4.0},{"damage":0.0,"enemies":"Masked Bandits","floor":19.0,"turns":3.0},{"damage":0.0,"enemies":"Chosen","floor":20.0,"turns":3.0},{"damage":5.0,"enemies":"Slavers","floor":24.0,"turns":5.0},{"damage":0.0,"enemies":"3 Cultists","floor":25.0,"turns":4.0},{"damage":0.0,"enemies":"Cultist and Chosen","floor":29.0,"turns":5.0},{"damage":0.0,"enemies":"Gremlin Leader","floor":31.0,"turns":4.0},{"damage":8.0,"enemies":"Champ","floor":33.0,"turns":8.0},{"damage":3.0,"enemies":"Orb Walker","floor":35.0,"turns":3.0},{"damage":0.0,"enemies":"3 Shapes","floor":37.0,"turns":2.0},{"damage":0.0,"enemies":"Spire Growth","floor":39.0,"turns":3.0},{"damage":8.0,"enemies":"Nemesis","floor":41.0,"turns":3.0},{"damage":1.0,"enemies":"3 Darklings","floor":42.0,"turns":3.0},{"damage":2.0,"enemies":"Jaw Worm Horde","floor":45.0,"turns":4.0},{"damage":31,"enemies":"Giant Head","floor":46,"turns":9},{"damage":28,"enemies":"Nemesis","floor":48,"turns":5},{"damage":11,"enemies":"Donu and Deca","floor":50,"turns":8}],"seed_played":"6615073145582168194","potions_obtained":[{"floor":3.0,"key":"BlessingOfTheForge"},{"floor":4.0,"key":"Energy Potion"},{"floor":10.0,"key":"Fire Potion"},{"floor":14.0,"key":"Block Potion"},{"floor":16.0,"key":"EntropicBrew"},{"floor":18.0,"key":"Block Potion"},{"floor":19.0,"key":"EntropicBrew"},{"floor":39.0,"key":"SkillPotion"}],"is_trial":false,"path_per_floor":["M","M","M","M","M","R","E","R","T","E","M","M","E","M","R","B",null,"M","?","M","$","?","R","E","M","T","$","R","M","R","E","R","B",null,"M","?","M","?","M","R","E","M","T","R","M","E","$","E","R","B",null],"character_chosen":"WATCHER","items_purchased":["Sling","LikeWater"],"campfire_rested":3,"item_purchase_floors":[21,21],"current_hp_per_floor":[61,59,51,45,28,48,45,45,45,38,24,23,17,17,37,30,59,59,59,59,59,55,55,50,50,50,50,50,52,52,54,54,48,63,62,62,64,64,66,66,60,61,61,61,61,39,39,13,35,26],"gold":28,"neow_bonus":"BOSS_RELIC","is_daily":false,"chose_seed":false,"campfire_upgraded":7,"win_rate":0.0,"timestamp":1609103056,"path_taken":["M","?","M","M","?","R","E","R","T","E","M","M","E","M","R","BOSS","M","?","M","$","?","R","E","?","T","$","R","M","R","E","R","BOSS","M","?","M","?","M","R","E","M","T","R","M","E","?","E","R","BOSS"],"items_purchased_type":["Relic","Card"],"build_version":"2020-12-22","purchased_purges":2,"victory":true,"max_hp_per_floor":[68,68,68,68,68,68,68,68,68,68,68,68,68,68,68,68,68,68,68,68,68,68,68,68,68,68,68,68,68,68,68,68,68,68,68,68,68,68,68,68,68,68,68,68,68,75,75,75,75,75],"relic_stats":{"counters":[29,121],"Dead Branch":[162],"CeramicFish":0,"Bag of Preparation":[38],"Orichalcum":[102],"MawBank":0,"Blood Vial":24,"Lizard Tail":0,"Mummified Hand":[74],"Ornamental Fan":[28],"Ectoplasm":866,"VioletLotus":[17],"obtain_stats":[{"Potion Belt":43,"Dead Branch":10,"CeramicFish":31,"Bag of Preparation":13,"Orichalcum":26,"Sling":21,"MawBank":41,"Blood Vial":26,"SlaversCollar":0,"Lizard Tail":7,"Matryoshka":24,"Mummified Hand":9,"Ornamental Fan":48,"Strawberry":46,"Ectoplasm":17,"VioletLotus":34,"Red Mask":19,"PureWater":0},{"Potion Belt":25,"Dead Branch":7,"CeramicFish":19,"Bag of Preparation":10,"Orichalcum":17,"Sling":15,"MawBank":24,"Blood Vial":17,"SlaversCollar":0,"Lizard Tail":6,"Matryoshka":16,"Mummified Hand":6,"Ornamental Fan":28,"Strawberry":27,"Ectoplasm":12,"VioletLotus":20,"Red Mask":14,"PureWater":0},{"Potion Belt":95,"Dead Branch":24,"CeramicFish":73,"Bag of Preparation":32,"Orichalcum":64,"Sling":55,"MawBank":92,"Blood Vial":64,"SlaversCollar":0,"Lizard Tail":19,"Matryoshka":60,"Mummified Hand":19,"Ornamental Fan":113,"Strawberry":108,"Ectoplasm":45,"VioletLotus":81,"Red Mask":52,"PureWater":0}]},"card_choices":[{"not_picked":["CrushJoints","SashWhip"],"picked":"ReachHeaven","floor":1.0},{"not_picked":["Prostrate","Worship"],"picked":"EmptyFist","floor":2.0},{"not_picked":["FlyingSleeves","CutThroughFate"],"picked":"Vengeance","floor":3.0},{"not_picked":["FlyingSleeves","ThirdEye"],"picked":"BowlingBash","floor":4.0},{"not_picked":["Evaluate","Nirvana"],"picked":"CrushJoints","floor":5.0},{"not_picked":["Nirvana","Vengeance","FlyingSleeves"],"picked":"SKIP","floor":7.0},{"not_picked":["SashWhip","Adaptation"],"picked":"SandsOfTime","floor":10.0},{"not_picked":["BowlingBash","BattleHymn","Fasting2"],"picked":"SKIP","floor":11.0},{"not_picked":["Vengeance","Weave"],"picked":"Study","floor":12.0},{"not_picked":["FollowUp","Consecrate"],"picked":"Omniscience","floor":13.0},{"not_picked":["MentalFortress","SashWhip"],"picked":"ClearTheMind","floor":14.0},{"not_picked":["SpiritShield","Alpha"],"picked":"Vault","floor":16.0},{"not_picked":["FlyingSleeves","Halt"],"picked":"Wallop+1","floor":18.0},{"not_picked":["Vengeance","EmptyMind"],"picked":"FearNoEvil","floor":19.0},{"not_picked":["Crescendo","JustLucky","FlurryOfBlows"],"picked":"SKIP","floor":20.0},{"not_picked":["SandsOfTime","Weave","PathToVictory"],"picked":"SKIP","floor":24.0},{"not_picked":["Fasting2","ThirdEye","FlyingSleeves"],"picked":"SKIP","floor":25.0},{"not_picked":["ClearTheMind","LessonLearned","EmptyBody"],"picked":"SKIP","floor":29.0},{"not_picked":["Indignation","Prostrate","FlyingSleeves"],"picked":"SKIP","floor":31.0},{"not_picked":["Blasphemy","Ragnarok"],"picked":"Omniscience","floor":33.0},{"not_picked":["SandsOfTime","Study","Consecrate"],"picked":"SKIP","floor":35.0},{"not_picked":["PathToVictory","Halt"],"picked":"Worship","floor":37.0},{"not_picked":["Prostrate","BowlingBash","Crescendo"],"picked":"SKIP","floor":39.0},{"not_picked":["Protect","Perseverance"],"picked":"InnerPeace+1","floor":41.0},{"not_picked":["PathToVictory","Indignation+1"],"picked":"Wallop","floor":42.0},{"not_picked":["Perseverance","FlyingSleeves+1"],"picked":"Meditate","floor":45.0},{"not_picked":["FollowUp+1","WheelKick","Ragnarok"],"picked":"SKIP","floor":46},{"not_picked":["ForeignInfluence+1","Halt"],"picked":"LikeWater","floor":48}],"player_experience":997408,"relics_obtained":[{"floor":7.0,"key":"Lizard Tail"},{"floor":9.0,"key":"Mummified Hand"},{"floor":10.0,"key":"Dead Branch"},{"floor":13.0,"key":"Bag of Preparation"},{"floor":19.0,"key":"Red Mask"},{"floor":24.0,"key":"Matryoshka"},{"floor":26.0,"key":"Orichalcum"},{"floor":26.0,"key":"Blood Vial"},{"floor":31.0,"key":"CeramicFish"},{"floor":41.0,"key":"MawBank"},{"floor":43.0,"key":"Potion Belt"},{"floor":46,"key":"Strawberry"},{"floor":48,"key":"Ornamental Fan"}],"event_choices":[{"damage_healed":0.0,"max_hp_gain":0.0,"max_hp_loss":0.0,"gold_gain":0.0,"event_name":"Masked Bandits","player_choice":"Fought Bandits","floor":19.0,"gold_loss":0.0,"damage_taken":0.0},{"damage_healed":0.0,"max_hp_gain":0.0,"max_hp_loss":0.0,"gold_gain":0.0,"event_name":"The Woman in Blue","player_choice":"Bought 0 Potions","floor":22.0,"gold_loss":0.0,"damage_taken":0.0},{"damage_healed":0.0,"max_hp_gain":0.0,"max_hp_loss":0.0,"gold_gain":222.0,"event_name":"Tomb of Lord Red Mask","player_choice":"Wore Mask","floor":36.0,"gold_loss":0.0,"damage_taken":0.0},{"cards_removed":["Worship"],"damage_healed":0.0,"max_hp_gain":0.0,"max_hp_loss":0.0,"gold_gain":0.0,"event_name":"Falling","player_choice":"Removed Skill","floor":38.0,"gold_loss":0.0,"damage_taken":0.0}],"is_beta":false,"boss_relics":[{"not_picked":["Astrolabe","Philosopher\u0027s Stone"],"picked":"Ectoplasm"},{"not_picked":["Velvet Choker","Calling Bell"],"picked":"VioletLotus"}],"items_purged_floors":[21,27],"is_endless":false,"potions_floor_spawned":[3,4,10,11,14,16,18,19,25,39,41,42],"ascension_level":19}}