{"host":"u2grshebrc5rdzdn","time":1609112486,"event":{"mods":["AchievementEnabler","BaseMod","Minty Spire (QoL Compilation)","StSLib"],"gold_per_floor":[109,121,134,153,228,260,280,291,372,399,399,399,399,433,433,537,537,554,115,115,131,142,172,58,91,91,190,224,249,262,262,262,386,386,406,419,641,652,1651,1651,1651,1651],"floor_reached":41,"playtime":2742,"items_purged":["Neutralize"],"score":686,"play_id":"077090a6-fa4b-44e2-98e3-42809c886917","local_time":"20201228004126","is_ascension_mode":true,"campfire_choices":[{"floor":11.0,"key":"REST"},{"floor":13.0,"key":"REST"},{"data":"Dagger Spray","floor":15.0,"key":"SMITH"},{"floor":32.0,"key":"REST"},{"floor":40,"key":"REST"}],"circlet_count":0,"master_deck":["Strike_G","Strike_G","Strike_G","Strike_G","Strike_G+1","Defend_G","Defend_G","Defend_G","Defend_G","Defend_G","Survivor+1","Dagger Spray+1","Backflip+1","Caltrops","Dodge and Roll","Well Laid Plans","Malaise","Noxious Fumes","Magnetism","Underhanded Strike","Dodge and Roll","Dagger Spray+1","Crippling Poison+1","Caltrops","Tools of the Trade","Skewer","Choke","Backstab","Normality","Normality","Infinite Blades"],"relics":["Busted Crown","Mercury Hourglass","White Beast Statue","Pen Nib","Bird Faced Urn","Snecko Eye","Dream Catcher","PreservedInsect","War Paint","Sundial","Red Mask","Nunchaku","SacredBark"],"acts_visited":["Exordium","TheCity","TheBeyond"],"potions_floor_usage":[],"damage_taken":[{"damage":1.0,"enemies":"2 Louse","floor":1.0,"turns":6.0},{"damage":0.0,"enemies":"Small Slimes","floor":2.0,"turns":3.0},{"damage":1.0,"enemies":"Cultist","floor":3.0,"turns":3.0},{"damage":4.0,"enemies":"Blue Slaver","floor":4.0,"turns":4.0},{"damage":10.0,"enemies":"3 Sentries","floor":6.0,"turns":7.0},{"damage":10.0,"enemies":"Large Slime","floor":7.0,"turns":5.0},{"damage":0.0,"enemies":"Exordium Thugs","floor":8.0,"turns":3.0},{"damage":20.0,"enemies":"Gremlin Nob","floor":10.0,"turns":4.0},{"damage":14.0,"enemies":"Lagavulin","floor":14.0,"turns":7.0},{"damage":13.0,"enemies":"Slime Boss","floor":16.0,"turns":9.0},{"damage":13.0,"enemies":"3 Byrds","floor":18.0,"turns":3.0},{"damage":1.0,"enemies":"Spheric Guardian","floor":21.0,"turns":3.0},{"damage":8.0,"enemies":"Shelled Parasite and Fungi","floor":22.0,"turns":7.0},{"damage":8.0,"enemies":"Book of Stabbing","floor":23.0,"turns":6.0},{"damage":18.0,"enemies":"Slavers","floor":25.0,"turns":2.0},{"damage":18.0,"enemies":"Masked Bandits","floor":28.0,"turns":3.0},{"damage":9.0,"enemies":"Book of Stabbing","floor":29.0,"turns":6.0},{"damage":8.0,"enemies":"Centurion and Healer","floor":30.0,"turns":5.0},{"damage":5.0,"enemies":"Colosseum Slavers","floor":31.0,"turns":3.0},{"damage":36.0,"enemies":"Collector","floor":33.0,"turns":8.0},{"damage":20.0,"enemies":"3 Darklings","floor":35.0,"turns":4.0},{"damage":1.0,"enemies":"3 Shapes","floor":36.0,"turns":6.0},{"damage":49.0,"enemies":"Transient","floor":38.0,"turns":5.0},{"damage":50,"enemies":"Spire Growth","floor":41,"turns":6}],"seed_played":"-6389574950123796105","potions_obtained":[{"floor":2.0,"key":"LiquidBronze"},{"floor":3.0,"key":"DuplicationPotion"},{"floor":4.0,"key":"BlessingOfTheForge"},{"floor":7.0,"key":"Strength Potion"},{"floor":10.0,"key":"PowerPotion"},{"floor":14.0,"key":"EssenceOfSteel"},{"floor":16.0,"key":"Weak Potion"},{"floor":18.0,"key":"Block Potion"},{"floor":22.0,"key":"Swift Potion"},{"floor":23.0,"key":"Block Potion"},{"floor":25.0,"key":"PowerPotion"},{"floor":28.0,"key":"Block Potion"},{"floor":29.0,"key":"FearPotion"},{"floor":30.0,"key":"SkillPotion"},{"floor":33.0,"key":"Weak Potion"},{"floor":35.0,"key":"Explosive Potion"},{"floor":36.0,"key":"SpeedPotion"},{"floor":38.0,"key":"BlessingOfTheForge"}],"is_trial":false,"path_per_floor":["M","M","M","M","?","E","M","M","T","E","R","?","R","E","R","B",null,"M","$","?","M","M","E","$","E","T","?","?","E","M","?","R","B",null,"M","M","?","M","?","R","M"],"character_chosen":"THE_SILENT","items_purchased":["Noxious Fumes","Dream Catcher","Magnetism","Crippling Poison","Caltrops"],"campfire_rested":4,"item_purchase_floors":[19,19,19,24,24],"current_hp_per_floor":[62,62,61,57,46,36,26,26,26,6,27,13,34,20,20,13,56,45,45,45,50,50,48,48,32,32,32,24,21,21,20,41,17,57,45,52,52,9,9,30,0,0],"gold":1651,"neow_bonus":"BOSS_RELIC","is_daily":false,"chose_seed":false,"campfire_upgraded":1,"win_rate":0.0,"timestamp":1609112486,"path_taken":["M","M","M","M","?","E","M","M","T","E","R","?","R","E","R","BOSS","M","$","?","M","?","E","$","E","T","?","?","E","?","?","R","BOSS","M","M","?","M","?","R","M"],"items_purchased_type":["Card","Relic","Card","Card","Card"],"build_version":"2020-12-22","purchased_purges":1,"victory":false,"max_hp_per_floor":[70,70,70,70,70,70,70,70,70,70,70,70,70,70,70,70,70,70,70,70,70,70,70,70,70,70,70,70,70,70,70,70,70,70,70,70,70,70,70,70,70,70],"card_choices":[{"not_picked":[],"picked":"Dagger Spray","floor":1.0},{"not_picked":[],"picked":"Backflip","floor":2.0},{"not_picked":["Heel Hook"],"picked":"SKIP","floor":3.0},{"not_picked":[],"picked":"Escape Plan","floor":4.0},{"not_picked":[],"picked":"Caltrops","floor":6.0},{"not_picked":["Setup"],"picked":"SKIP","floor":7.0},{"not_picked":[],"picked":"Dodge and Roll","floor":8.0},{"not_picked":["Tactician"],"picked":"SKIP","floor":10.0},{"not_picked":[],"picked":"Well Laid Plans","floor":14.0},{"not_picked":[],"picked":"Malaise","floor":16.0},{"not_picked":["Bane"],"picked":"SKIP","floor":18.0},{"not_picked":["Slice+1"],"picked":"SKIP","floor":21.0},{"not_picked":[],"picked":"Dodge and Roll","floor":22.0},{"not_picked":[],"picked":"Dagger Spray+1","floor":23.0},{"not_picked":[],"picked":"Tools of the Trade","floor":25.0},{"not_picked":["Flying Knee"],"picked":"SKIP","floor":29.0},{"not_picked":[],"picked":"Skewer","floor":30.0},{"not_picked":[],"picked":"Choke","floor":32.0},{"not_picked":["Blur+1"],"picked":"SKIP","floor":35.0},{"not_picked":["Quick Slash"],"picked":"SKIP","floor":36.0},{"not_picked":[],"picked":"Backstab","floor":38.0},{"not_picked":[],"picked":"Infinite Blades","floor":40}],"player_experience":388830,"relics_obtained":[{"floor":6.0,"key":"Mercury Hourglass"},{"floor":9.0,"key":"White Beast Statue"},{"floor":10.0,"key":"Pen Nib"},{"floor":14.0,"key":"Bird Faced Urn"},{"floor":23.0,"key":"PreservedInsect"},{"floor":25.0,"key":"War Paint"},{"floor":26.0,"key":"Sundial"},{"floor":28.0,"key":"Red Mask"},{"floor":29.0,"key":"Nunchaku"}],"event_choices":[{"damage_healed":0.0,"max_hp_gain":0.0,"max_hp_loss":0.0,"gold_gain":75.0,"event_name":"World of Goop","player_choice":"Gather Gold","floor":5.0,"gold_loss":0.0,"damage_taken":11.0},{"damage_healed":0.0,"max_hp_gain":0.0,"max_hp_loss":0.0,"gold_gain":0.0,"event_name":"Shining Light","player_choice":"Entered Light","floor":12.0,"gold_loss":0.0,"damage_taken":14.0,"cards_upgraded":["Strike_G","Survivor"]},{"damage_healed":0.0,"max_hp_gain":0.0,"max_hp_loss":0.0,"gold_gain":0.0,"cards_transformed":["Escape Plan"],"event_name":"Transmorgrifier","player_choice":"Transformed","floor":20.0,"gold_loss":0.0,"damage_taken":0.0,"cards_obtained":["Underhanded Strike"]},{"damage_healed":0.0,"max_hp_gain":0.0,"max_hp_loss":0.0,"gold_gain":99.0,"event_name":"Nest","player_choice":"Stole From Cult","floor":27.0,"gold_loss":0.0,"damage_taken":0.0},{"damage_healed":0.0,"max_hp_gain":0.0,"max_hp_loss":0.0,"gold_gain":0.0,"event_name":"Masked Bandits","player_choice":"Fought Bandits","floor":28.0,"gold_loss":0.0,"damage_taken":0.0},{"damage_healed":0.0,"max_hp_gain":0.0,"max_hp_loss":0.0,"gold_gain":0.0,"event_name":"Colosseum","player_choice":"Fight","floor":31.0,"gold_loss":0.0,"damage_taken":0.0},{"damage_healed":0.0,"max_hp_gain":0.0,"max_hp_loss":0.0,"gold_gain":0.0,"event_name":"Colosseum","player_choice":"Fled From Nobs","floor":31.0,"gold_loss":0.0,"damage_taken":0.0},{"damage_healed":0.0,"max_hp_gain":0.0,"max_hp_loss":0.0,"gold_gain":222.0,"event_name":"Tomb of Lord Red Mask","player_choice":"Wore Mask","floor":37.0,"gold_loss":0.0,"damage_taken":0.0},{"damage_healed":0,"gold_gain":999,"player_choice":"Gold","damage_taken":0,"max_hp_gain":0,"max_hp_loss":0,"event_name":"MindBloom","floor":39,"gold_loss":0,"cards_obtained":["Normality","Normality"]}],"is_beta":false,"boss_relics":[{"not_picked":["Black Star","Ectoplasm"],"picked":"Snecko Eye"},{"not_picked":["Coffee Dripper","Velvet Choker"],"picked":"SacredBark"}],"items_purged_floors":[19],"is_endless":false,"potions_floor_spawned":[2,3,4,7,10,14,16,18,21,22,23,25,28,29,30,31,33,35,36,38],"killed_by":"Spire Growth","ascension_level":7}}