{"host":"z9grmtg2w0nmz8n1","time":1609041408,"event":{"mods":["Aspiration","Bard","BaseMod","Beaked The Cultist","Better Altar","Better Match","Better Note","Better Sensory Stone","Better Skull","Better Third Choice","BetterRewards","CCEM","Colored Map","Conspire","Downfall","GifTheSpireLib","Googly Eyes","Halation","Hermit","Highlight Path","Hubris","Hunter ??","Jedi Mod","Jorbs\u0027s Wanderer Trilogy","Mad Scientist","Marisa????????","Minty Spire (QoL Compilation)","Permanent Neow","Replay The Spire","Shade Mod","Shop Mod","Spicy Shops","StSLib","Stuff the Spire","The Bug Knight","The Construct","The Necromancer","The Runesmith","The Witch"],"gold_per_floor":[110,110,110,33,53,53,53],"floor_reached":6,"playtime":279,"items_purged":[],"score":34,"play_id":"6a1c2419-63af-47ae-8d62-5b687080064a","local_time":"20201227015648","is_ascension_mode":false,"campfire_choices":[],"circlet_count":0,"master_deck":["Strike_W","Strike_W","Strike_W","Defend_W","Defend_W","Defend_W","Defend_W","Negative_Energy_Arrows","Bone_Wall","Death_March_Dance","Negative_Energy_Sphere","StuffTheSpire:CuriosityCurse"],"relics":["Vampire_Amulet","hubris:TinFlute","Gremlin Food"],"acts_visited":["Exordium"],"potions_floor_usage":[6],"damage_taken":[{"damage":0,"enemies":"conspire:RoseBush","floor":1,"turns":4},{"damage":0,"enemies":"2 Louse","floor":5,"turns":3},{"damage":76,"enemies":"Lagavulin","floor":6,"turns":11}],"seed_played":"8199913940117937935","potions_obtained":[{"floor":5,"key":"Ancient Potion"}],"is_trial":false,"path_per_floor":["M","?","?","$","M","E"],"character_chosen":"NECROMANCER","items_purchased":["Gremlin Food"],"campfire_rested":0,"item_purchase_floors":[4],"current_hp_per_floor":[75,68,68,68,72,0,0],"gold":53,"neow_bonus":"THREE_CARDS","is_daily":false,"chose_seed":false,"campfire_upgraded":0,"win_rate":0.0,"timestamp":1609041408,"path_taken":["M","?","?","$","M","E"],"items_purchased_type":["Relic"],"build_version":"2020-12-22","purchased_purges":0,"victory":false,"max_hp_per_floor":[75,75,75,75,75,75,75],"card_choices":[{"not_picked":["Chill_Blood","Scare"],"picked":"Death_March_Dance","floor":0},{"not_picked":["Scare","Bone_Shift"],"picked":"Negative_Energy_Sphere","floor":1},{"not_picked":["Negative_Energy_Shield","Life_Drain","Flesh_Made_Foul"],"picked":"SKIP","floor":5}],"player_experience":719754,"relics_obtained":[],"event_choices":[{"cards_removed":["Strike_W"],"damage_healed":0,"gold_gain":0,"player_choice":"Card Removal","damage_taken":7,"max_hp_gain":0,"max_hp_loss":0,"event_name":"Golden Wing","floor":2,"gold_loss":0}],"is_beta":false,"boss_relics":[],"items_purged_floors":[],"is_endless":false,"potions_floor_spawned":[5],"killed_by":"Lagavulin","ascension_level":0}}