{"host":"w5ovz9boloi14a0g","time":1609031462,"event":{"mods":["BaseMod","Googly Eyes","Minty Spire (QoL Compilation)","StSLib","SuperFastMode"],"gold_per_floor":[115,132,144,164,180,212,212,246,326,361,361,389,416,416,416,515,565,581,609,620,620,637,637,662,762,762,762,762],"floor_reached":27,"playtime":719,"items_purged":[],"score":276,"play_id":"3681e46a-fbf2-41dd-beab-a286dab23281","local_time":"20201226191102","is_ascension_mode":true,"campfire_choices":[{"data":"Predator","floor":7,"key":"SMITH"},{"floor":11,"key":"REST"},{"data":"Glass Knife","floor":15,"key":"SMITH"},{"data":"Footwork","floor":23,"key":"SMITH"}],"circlet_count":0,"master_deck":["Strike_G","Strike_G","Strike_G","Strike_G","Strike_G","Defend_G","Defend_G","Defend_G","Defend_G","Defend_G","Survivor+1","Neutralize+1","Predator+1","Heel Hook+1","Flying Knee","Glass Knife+1","Escape Plan","Footwork+1"],"relics":["Ring of the Snake","Bag of Preparation","Bag of Marbles","Mercury Hourglass","Peace Pipe","CeramicFish","Happy Flower","Tiny House","Art of War","Ornamental Fan"],"acts_visited":["Exordium","TheCity"],"potions_floor_usage":[22],"damage_taken":[{"damage":0,"enemies":"Cultist","floor":1,"turns":3},{"damage":0,"enemies":"Small Slimes","floor":2,"turns":3},{"damage":0,"enemies":"Jaw Worm","floor":3,"turns":5},{"damage":2,"enemies":"Large Slime","floor":4,"turns":6},{"damage":1,"enemies":"Blue Slaver","floor":5,"turns":3},{"damage":16,"enemies":"3 Sentries","floor":6,"turns":11},{"damage":8,"enemies":"Lagavulin","floor":8,"turns":5},{"damage":7,"enemies":"3 Sentries","floor":10,"turns":6},{"damage":5,"enemies":"Lagavulin","floor":12,"turns":4},{"damage":32,"enemies":"Hexaghost","floor":16,"turns":8},{"damage":0,"enemies":"Shell Parasite","floor":18,"turns":3},{"damage":5,"enemies":"Spheric Guardian","floor":19,"turns":3},{"damage":0,"enemies":"Snecko","floor":20,"turns":3},{"damage":1,"enemies":"Chosen and Byrds","floor":22,"turns":6},{"damage":33,"enemies":"Book of Stabbing","floor":24,"turns":7},{"damage":47,"enemies":"Gremlin Leader","floor":27,"turns":9}],"seed_played":"-591318115108424934","potions_obtained":[{"floor":1,"key":"SpeedPotion"},{"floor":2,"key":"Weak Potion"},{"floor":3,"key":"SpeedPotion"},{"floor":12,"key":"DuplicationPotion"},{"floor":16,"key":"ColorlessPotion"},{"floor":22,"key":"Strength Potion"}],"is_trial":false,"path_per_floor":["M","M","M","M","M","E","R","E","T","E","R","E","T","?","R","B",null,"M","M","M","?","M","R","E","?","T","E"],"character_chosen":"THE_SILENT","items_purchased":[],"campfire_rested":1,"item_purchase_floors":[],"current_hp_per_floor":[70,70,70,68,67,51,51,43,43,36,57,52,52,52,52,20,75,75,70,70,70,69,69,36,36,36,0,0],"gold":762,"neow_bonus":"UPGRADE_CARD","is_daily":false,"chose_seed":false,"campfire_upgraded":3,"win_rate":0.0,"timestamp":1609031462,"path_taken":["M","M","?","M","?","E","R","E","T","E","R","E","?","?","R","BOSS","M","M","M","?","M","R","E","?","T","E"],"items_purchased_type":[],"build_version":"2020-12-22","purchased_purges":0,"victory":false,"max_hp_per_floor":[70,70,70,70,70,70,70,70,70,70,70,70,70,70,70,70,75,75,75,75,75,75,75,75,75,75,75,75],"card_choices":[{"not_picked":["Acrobatics","Prepared"],"picked":"Predator","floor":1},{"not_picked":["Riddle With Holes","Predator"],"picked":"Heel Hook","floor":2},{"not_picked":["Quick Slash","Dagger Throw"],"picked":"Flying Knee","floor":3},{"not_picked":["Backflip","Well Laid Plans"],"picked":"Glass Knife","floor":4},{"not_picked":["Underhanded Strike","Sucker Punch","Slice"],"picked":"SKIP","floor":5},{"not_picked":["Backflip","Glass Knife"],"picked":"Escape Plan","floor":6},{"not_picked":["Cloak And Dagger","Finisher","Infinite Blades"],"picked":"SKIP","floor":8},{"not_picked":["Tools of the Trade","Prepared","PiercingWail"],"picked":"SKIP","floor":10},{"not_picked":["Outmaneuver","Flechettes","Deadly Poison"],"picked":"SKIP","floor":12},{"not_picked":["Bane","Leg Sweep","Underhanded Strike"],"picked":"SKIP","floor":18},{"not_picked":["Crippling Poison","Outmaneuver"],"picked":"Footwork","floor":19},{"not_picked":["Setup+1","Dagger Throw","PiercingWail"],"picked":"SKIP","floor":20},{"not_picked":["Bane+1","Quick Slash+1","Bouncing Flask"],"picked":"SKIP","floor":22},{"not_picked":["Noxious Fumes","Slice+1","Caltrops"],"picked":"SKIP","floor":24}],"player_experience":25878,"relics_obtained":[{"floor":6,"key":"Bag of Preparation"},{"floor":8,"key":"Bag of Marbles"},{"floor":9,"key":"Mercury Hourglass"},{"floor":10,"key":"Peace Pipe"},{"floor":12,"key":"CeramicFish"},{"floor":13,"key":"Happy Flower"},{"floor":24,"key":"Art of War"},{"floor":26,"key":"Ornamental Fan"}],"event_choices":[{"damage_healed":0,"gold_gain":0,"player_choice":"Grow","damage_taken":0,"max_hp_gain":0,"max_hp_loss":0,"event_name":"Living Wall","floor":14,"gold_loss":0,"cards_upgraded":["Survivor"]},{"damage_healed":0,"gold_gain":0,"player_choice":"Ignored","damage_taken":0,"max_hp_gain":0,"max_hp_loss":0,"event_name":"Cursed Tome","floor":21,"gold_loss":0},{"damage_healed":0,"gold_gain":100,"player_choice":"Pray","damage_taken":0,"max_hp_gain":0,"max_hp_loss":0,"event_name":"Golden Shrine","floor":25,"gold_loss":0}],"is_beta":false,"boss_relics":[{"not_picked":["Velvet Choker","Philosopher\u0027s Stone"],"picked":"Tiny House"}],"items_purged_floors":[],"is_endless":false,"potions_floor_spawned":[1,2,3,5,12,16,18,22],"killed_by":"Gremlin Leader","ascension_level":1}}