{"host":"1eo5f82aifdzd7pr","time":1609085214,"event":{"mods":["AchievementEnabler","BaseMod","Colored Map","Colored Powertips","DeckTracker","Minty Spire (QoL Compilation)","SuperFastMode"],"gold_per_floor":[109,127,127,145,158,158,193,193,272,52,40,115,135,145,145,145,145],"floor_reached":16,"playtime":1001,"items_purged":["Defend_G"],"score":182,"play_id":"a478b9a5-9a2b-446d-8668-d49bfbd87a3b","local_time":"20201227180654","is_ascension_mode":true,"campfire_choices":[{"data":"Cloak And Dagger","floor":6,"key":"SMITH"},{"data":"Leg Sweep","floor":8,"key":"SMITH"},{"floor":15,"key":"REST"}],"circlet_count":0,"master_deck":["AscendersBane","Strike_G","Strike_G","Strike_G","Strike_G","Strike_G","Defend_G","Defend_G","Defend_G","Defend_G","Survivor","Neutralize","Blade Dance","Tactician","Leg Sweep+1","Cloak And Dagger+1","Backflip","Acrobatics"],"relics":["Ring of the Snake","The Specimen","Strawberry","Singing Bowl","Potion Belt"],"acts_visited":["Exordium"],"potions_floor_usage":[7,7],"damage_taken":[{"damage":0.0,"enemies":"2 Louse","floor":1.0,"turns":3.0},{"damage":0.0,"enemies":"Cultist","floor":2.0,"turns":5.0},{"damage":6.0,"enemies":"Jaw Worm","floor":4.0,"turns":6.0},{"damage":7,"enemies":"Exordium Wildlife","floor":5,"turns":5},{"damage":8,"enemies":"Gremlin Nob","floor":7,"turns":4},{"damage":1,"enemies":"Exordium Thugs","floor":11,"turns":4},{"damage":0,"enemies":"3 Louse","floor":13,"turns":6},{"damage":0,"enemies":"Red Slaver","floor":14,"turns":6},{"damage":65,"enemies":"Hexaghost","floor":16,"turns":16}],"seed_played":"-6810331379904291123","potions_obtained":[{"floor":1.0,"key":"Strength Potion"},{"floor":4.0,"key":"LiquidBronze"},{"floor":5,"key":"AttackPotion"}],"is_trial":false,"path_per_floor":["M","M","?","M","M","R","E","R","T","$","M","?","M","M","R","B"],"character_chosen":"THE_SILENT","items_purchased":["Potion Belt"],"campfire_rested":1,"item_purchase_floors":[10],"current_hp_per_floor":[59,59,59,53,46,46,45,45,45,45,46,35,37,39,62,0,0],"gold":145,"neow_bonus":"THREE_CARDS","is_daily":false,"chose_seed":false,"campfire_upgraded":2,"win_rate":0.0,"timestamp":1609085214,"path_taken":["M","M","?","?","M","R","E","R","T","?","M","?","M","M","R","BOSS"],"items_purchased_type":["Relic"],"build_version":"2020-12-22","purchased_purges":1,"victory":false,"max_hp_per_floor":[66,66,66,66,66,66,73,73,73,73,75,75,77,79,79,79,79],"card_choices":[{"not_picked":["Acrobatics","Skewer"],"picked":"Blade Dance","floor":0.0},{"not_picked":["Setup","Masterful Stab"],"picked":"Tactician","floor":1.0},{"not_picked":["Skewer","Predator"],"picked":"Leg Sweep","floor":2.0},{"not_picked":["Poisoned Stab","Dodge and Roll"],"picked":"Cloak And Dagger","floor":4.0},{"not_picked":["Outmaneuver","Slice"],"picked":"Backflip","floor":5},{"not_picked":["PiercingWail","Night Terror"],"picked":"Acrobatics","floor":7},{"not_picked":["Slice","Outmaneuver","PiercingWail"],"picked":"Singing Bowl","floor":11},{"not_picked":["Venomology","Sucker Punch","Prepared"],"picked":"Singing Bowl","floor":13},{"not_picked":["Flying Knee","Bane","Caltrops"],"picked":"Singing Bowl","floor":14}],"player_experience":704548,"relics_obtained":[{"floor":3.0,"key":"The Specimen"},{"floor":7,"key":"Strawberry"},{"floor":9,"key":"Singing Bowl"}],"event_choices":[{"damage_healed":0.0,"max_hp_gain":0.0,"max_hp_loss":0.0,"gold_gain":0.0,"event_name":"Wheel of Change","player_choice":"Relic","floor":3.0,"gold_loss":0.0,"damage_taken":0.0},{"damage_healed":0,"gold_gain":75,"player_choice":"Gather Gold","damage_taken":11,"max_hp_gain":0,"max_hp_loss":0,"event_name":"World of Goop","floor":12,"gold_loss":0}],"is_beta":false,"boss_relics":[],"items_purged_floors":[10],"is_endless":false,"potions_floor_spawned":[1,4,5],"killed_by":"Hexaghost","ascension_level":15}}