{"host":"e4wnmsyty9uvvtwf","time":1609045534,"event":{"mods":["Aspiration","BaseMod","Colored Map","Colored Powertips","Marisa£®ÏF”Í°°ƒß¿Ì…≥£©","Minty Spire (QoL Compilation)","Rare Cards Sparkle","Replay The Spire","StSLib"],"gold_per_floor":[116,116,116,86,103,103,14,28,28,28,39,64,64,99,99,171,171,181,15,15,15,105,105,116,150,150,150,166,186,197,197,197],"floor_reached":31,"playtime":1106,"items_purged":[],"score":547,"play_id":"08792413-3b6a-4ca1-9118-f57907a87e42","local_time":"20201227130534","is_ascension_mode":true,"campfire_choices":[{"floor":10.0,"key":"REST"},{"data":"Glass Knife","floor":13.0,"key":"SMITH"},{"data":"Phantasmal Killer","floor":15.0,"key":"SMITH"},{"data":"Dagger Spray","floor":23,"key":"SMITH"},{"floor":27,"key":"REST"}],"circlet_count":0,"master_deck":["AscendersBane","Strike_G","Strike_G","Strike_G","Strike_G","Strike_G+1","Defend_G","Defend_G+1","Defend_G","Defend_G","Defend_G","Survivor","Neutralize","Deflect","Dagger Spray+1","Storm of Steel","Cloak And Dagger","Footwork","Blade Dance","Phantasmal Killer+1","Glass Knife+1","Predator","Storm of Steel","Flying Knee+1","ReplayTheSpireMod:Doomed","Dagger Throw","Unload","Underhanded Strike","Accuracy"],"relics":["Ring of the Snake","aspiration:Nostalgia","m_TsuchinokoRing","The Specimen","Centennial Puzzle","Bottled Flame","Ring of Chaos","Sling","Shovel","Replay:Accelerometer","Garlic"],"acts_visited":["Exordium","TheCity"],"potions_floor_usage":[25,25,30],"damage_taken":[{"damage":0.0,"enemies":"2 Louse","floor":1.0,"turns":5.0},{"damage":0.0,"enemies":"Cultist","floor":5.0,"turns":4.0},{"damage":0.0,"enemies":"Small Slimes","floor":8.0,"turns":3.0},{"damage":0.0,"enemies":"Red Slaver","floor":11.0,"turns":4.0},{"damage":6.0,"enemies":"3 Sentries","floor":12.0,"turns":8.0},{"damage":0.0,"enemies":"Lagavulin","floor":14.0,"turns":3.0},{"damage":51.0,"enemies":"Fading Forest","floor":16.0,"turns":11.0},{"damage":0.0,"enemies":"3 Byrds","floor":18.0,"turns":4.0},{"damage":4,"enemies":"Spheric Guardian","floor":24,"turns":3},{"damage":37,"enemies":"Book of Stabbing","floor":25,"turns":5},{"damage":9,"enemies":"Shelled Parasite and Fungi","floor":28,"turns":5},{"damage":6,"enemies":"Centurion and Healer","floor":29,"turns":4},{"damage":13,"enemies":"Snecko","floor":30,"turns":5},{"damage":0,"enemies":"Cultist and Chosen","floor":31,"turns":5}],"seed_played":"3332376800019853774","potions_obtained":[{"floor":4.0,"key":"SteroidPotion"},{"floor":4.0,"key":"EssenceOfSteel"},{"floor":8.0,"key":"DistilledChaos"},{"floor":24,"key":"Regen Potion"},{"floor":28,"key":"Elixir"},{"floor":29,"key":"Energy Potion"}],"is_trial":false,"path_per_floor":["M","?","?","?","M","?","$","M","T","R","M","E","R","E","R","B",null,"M","$","?","?","?","R","M","E","T","R","M","M","M","M"],"character_chosen":"THE_SILENT","items_purchased":["Footwork","Sling"],"campfire_rested":2,"item_purchase_floors":[7,19],"current_hp_per_floor":[59,59,39,39,39,39,39,39,39,58,58,52,52,52,52,13,53,53,53,53,53,41,41,37,12,12,31,22,16,3,3,3],"gold":197,"neow_bonus":"NOSTALGIA","is_daily":false,"chose_seed":false,"campfire_upgraded":3,"win_rate":0.0,"timestamp":1609045534,"path_taken":["M","?","?","?","?","?","$","?","T","R","M","E","R","E","R","BOSS","M","$","?","?","?","R","M","E","T","R","?","?","M","M"],"items_purchased_type":["Card","Relic"],"build_version":"2020-12-22","purchased_purges":0,"victory":false,"max_hp_per_floor":[66,66,66,66,66,66,66,66,66,66,66,66,66,66,66,66,66,66,66,66,66,66,66,66,66,66,66,66,66,66,66,66],"card_choices":[{"not_picked":["Dagger Spray","Underhanded Strike"],"picked":"Deflect","floor":1.0},{"not_picked":["Quick Slash","Flying Knee"],"picked":"Dagger Spray","floor":5.0},{"not_picked":["ReplayTheSpireMod:Shiv Toss","Eviscerate"],"picked":"Blade Dance","floor":8.0},{"not_picked":["Caltrops","Hidden Blade"],"picked":"Phantasmal Killer","floor":11.0},{"not_picked":["Dodge and Roll","Quick Slash"],"picked":"Glass Knife","floor":12.0},{"not_picked":["Fluid Movement","Poisoned Stab"],"picked":"Predator","floor":14.0},{"not_picked":["Unload","Night Terror"],"picked":"Storm of Steel","floor":16.0},{"not_picked":["Cloak And Dagger","Quick Slash"],"picked":"Flying Knee+1","floor":18.0},{"not_picked":["Acrobatics","Fluid Movement"],"picked":"Dagger Throw","floor":24},{"not_picked":["Flechettes","Eviscerate"],"picked":"Unload","floor":25},{"not_picked":["Quick Slash","Catalyst"],"picked":"Underhanded Strike","floor":28},{"not_picked":["Toxin Wave","ReplayTheSpireMod:Scrap Shanks","Backflip"],"picked":"SKIP","floor":29},{"not_picked":["Cloak And Dagger+1","Sucker Punch"],"picked":"Accuracy","floor":30}],"player_experience":651819,"relics_obtained":[{"floor":9.0,"key":"The Specimen"},{"floor":12.0,"key":"Centennial Puzzle"},{"floor":14.0,"key":"Bottled Flame"},{"floor":25,"key":"Replay:Accelerometer"},{"floor":26,"key":"Garlic"}],"event_choices":[{"damage_healed":0.0,"max_hp_gain":0.0,"max_hp_loss":0.0,"gold_gain":0.0,"event_name":"Scrap Ooze","player_choice":"Fled","floor":2.0,"gold_loss":0.0,"damage_taken":0.0},{"damage_healed":0.0,"max_hp_gain":0.0,"max_hp_loss":0.0,"gold_gain":0.0,"event_name":"Shining Light","player_choice":"Entered Light","floor":3.0,"gold_loss":0.0,"damage_taken":20.0,"cards_upgraded":["Strike_G","Defend_G"]},{"damage_healed":0.0,"max_hp_gain":0.0,"max_hp_loss":0.0,"gold_gain":0.0,"event_name":"The Woman in Blue","player_choice":"Bought 2 Potions","floor":4.0,"gold_loss":0.0,"damage_taken":0.0},{"damage_healed":0.0,"max_hp_gain":0.0,"max_hp_loss":0.0,"gold_gain":0.0,"event_name":"Match and Keep!","player_choice":"2 cards matched","floor":6.0,"gold_loss":0.0,"damage_taken":0.0,"cards_obtained":["Storm of Steel","Cloak And Dagger"]},{"damage_healed":0,"gold_gain":90,"player_choice":"GOLD ","damage_taken":12,"max_hp_gain":0,"max_hp_loss":0,"event_name":"Knowing Skull","floor":22,"potions_obtained":[],"gold_loss":0,"cards_obtained":[]}],"is_beta":false,"boss_relics":[{"not_picked":["aspiration:RunicSpoon","aspiration:FutureDiary"],"picked":"Ring of Chaos"}],"items_purged_floors":[],"is_endless":false,"potions_floor_spawned":[8,11,18,24,28,29],"killed_by":"Cultist and Chosen","ascension_level":18}}