{"host":"vydapxfau6612551","time":1609035422,"event":{"mods":["AchievementEnabler","BaseMod","Minty Spire (QoL Compilation)","StSLib","SuperFastMode"],"gold_per_floor":[115,21,40,40,59,94,94,137,162,200,200,200,226,240,240,240,240],"floor_reached":16,"playtime":443,"items_purged":[],"score":165,"play_id":"b795b0e2-9791-47a4-856a-6fb168c70ee2","local_time":"20201227111702","is_ascension_mode":true,"campfire_choices":[{"floor":7.0,"key":"RECALL"},{"floor":12,"key":"REST"},{"data":"Inflame","floor":15,"key":"SMITH"}],"circlet_count":0,"master_deck":["Strike_R","Strike_R","Strike_R","Strike_R","Strike_R","Defend_R","Defend_R","Defend_R","Defend_R","Bash","Armaments","Shrug It Off","Pummel","Intimidate","Battle Trance","Battle Trance","Inflame+1","Wild Strike"],"relics":["Burning Blood","NeowsBlessing","MealTicket","CeramicFish","Calipers","CaptainsWheel","Smiling Mask"],"acts_visited":["Exordium"],"potions_floor_usage":[10],"damage_taken":[{"damage":0.0,"enemies":"Jaw Worm","floor":1.0,"turns":1.0},{"damage":0.0,"enemies":"Cultist","floor":3.0,"turns":1.0},{"damage":0.0,"enemies":"2 Louse","floor":5.0,"turns":1.0},{"damage":30.0,"enemies":"Lagavulin","floor":6.0,"turns":9.0},{"damage":28.0,"enemies":"Gremlin Nob","floor":8.0,"turns":4.0},{"damage":29,"enemies":"Lagavulin","floor":10,"turns":6},{"damage":2,"enemies":"Blue Slaver","floor":14,"turns":5},{"damage":0,"enemies":"The Guardian","floor":16,"turns":1}],"seed_played":"7152443953005604850","potions_obtained":[{"floor":4.0,"key":"FearPotion"},{"floor":4.0,"key":"ColorlessPotion"},{"floor":4.0,"key":"Swift Potion"},{"floor":5.0,"key":"BlessingOfTheForge"},{"floor":8.0,"key":"Energy Potion"}],"is_trial":false,"path_per_floor":["M","$","M","?","M","E","R","E","T","E","?","R","T","M","R","B"],"character_chosen":"IRONCLAD","items_purchased":["Shrug It Off","Pummel"],"campfire_rested":1,"item_purchase_floors":[2,2],"current_hp_per_floor":[78,78,80,80,80,56,56,34,34,11,4,28,28,32,32,32,32],"gold":240,"neow_bonus":"THREE_ENEMY_KILL","is_daily":false,"chose_seed":false,"campfire_upgraded":1,"win_rate":0.0,"timestamp":1609035422,"path_taken":["M","$","M","?","?","E","R","E","T","E","?","R","?","M","R","BOSS"],"items_purchased_type":["Card","Card"],"build_version":"2020-12-22","purchased_purges":0,"victory":false,"max_hp_per_floor":[80,80,80,80,80,80,80,80,80,80,80,80,80,80,80,80,80],"card_choices":[{"not_picked":["Iron Wave","Heavy Blade"],"picked":"Armaments","floor":1.0},{"not_picked":["Sever Soul","Body Slam"],"picked":"Intimidate","floor":3.0},{"not_picked":["Armaments","Flex"],"picked":"Battle Trance","floor":5.0},{"not_picked":["Juggernaut","Dark Embrace"],"picked":"Battle Trance","floor":6.0},{"not_picked":["Body Slam","Heavy Blade"],"picked":"Inflame","floor":8.0},{"not_picked":["Warcry","Brutality"],"picked":"Wild Strike","floor":10},{"not_picked":["True Grit","Clash","Evolve"],"picked":"SKIP","floor":14}],"player_experience":384156,"relics_obtained":[{"floor":6.0,"key":"MealTicket"},{"floor":8.0,"key":"CeramicFish"},{"floor":10,"key":"Calipers"},{"floor":13,"key":"Smiling Mask"}],"event_choices":[{"damage_healed":0.0,"max_hp_gain":0.0,"max_hp_loss":0.0,"gold_gain":0.0,"event_name":"Lab","player_choice":"Got Potions","floor":4.0,"gold_loss":0.0,"damage_taken":0.0},{"damage_healed":0,"gold_gain":0,"player_choice":"Success","damage_taken":7,"relics_obtained":["CaptainsWheel"],"max_hp_gain":0,"max_hp_loss":0,"event_name":"Scrap Ooze","floor":11,"gold_loss":0}],"is_beta":false,"boss_relics":[],"items_purged_floors":[],"is_endless":false,"potions_floor_spawned":[5,8],"killed_by":"The Guardian","ascension_level":8}}