{"host":"nk1hwk2qadwaubm5","time":1609027832,"event":{"mods":["BaseMod","Hermit","Hubris","Infinite Spire","Marisa????????","Minty Spire (QoL Compilation)","Replay The Spire","StSLib","The Animator","The Cursed","The Jungle","The Servant 0.9.4"],"gold_per_floor":[110,185,35,35,45,77,77,104,184,198,198,215,229,254,254,349,349,364,381,381,430,430,430,458,220,245,272,286,301,301,321,321,424,424,443,443,457,473,473,473,508,508,533,559,559,587,587,597,597,597],"floor_reached":51,"playtime":3077,"items_purged":[],"score":1048,"play_id":"daed7765-dcab-40d6-9b40-c5b7d2dd00bf","local_time":"20201227011032","is_ascension_mode":true,"campfire_choices":[{"data":"Rampage","floor":7,"key":"SMITH"},{"data":"Inflame","floor":15,"key":"SMITH"},{"data":"Demon Form","floor":23,"key":"SMITH"},{"data":"Hemokinesis","floor":30,"key":"SMITH"},{"data":"Heavy Blade","floor":40,"key":"SMITH"},{"data":"Immolate","floor":42,"key":"SMITH"},{"data":"Iron Wave","floor":45,"key":"SMITH"},{"floor":49,"key":"DIG"}],"circlet_count":0,"master_deck":["Strike_R","Strike_R","Defend_R","Defend_R","Defend_R","Defend_R","Bash","Battle Trance+1","Iron Wave+1","Cleave","Rampage+1","Impervious","Shrug It Off+1","Hemokinesis+1","Headbutt","True Grit+1","Heavy Blade+1","Shrug It Off+1","Shrug It Off+1","Heavy Blade+1","Immolate+1","Secret Technique+1","hubris:TrickCloak+1","Dagger Spray","Pommel Strike+1","True Grit+1","hubris:DuctTapeCard"],"relics":["Burning Blood","ClockworkSouvenir","Strawberry","Orichalcum","Toxic Egg 2","HornCleat","hubris:VirtuousBlindfold","theJungle:BirthdayCakeSlice","King of Hearts","ReplayTheSpireMod:Shallot","hubris:DisguiseKit","ReplayTheSpireMod:Spearhead","hubris:MedicalManual","hubris:Towel","hubris:TerracottaHorce","hubris:ToyBattleship","Pen Nib","ReplayTheSpireMod:Lightbulb","Boot","infinitespire:PuzzleCube","hubris:DuctTape"],"acts_visited":["Exordium","Exordium","TheBeyond"],"potions_floor_usage":[16,19,27,28,28,38,50],"damage_taken":[{"damage":5,"enemies":"2 Louse","floor":1,"turns":3},{"damage":2,"enemies":"Small Slimes","floor":5,"turns":3},{"damage":47,"enemies":"Lagavulin","floor":6,"turns":6},{"damage":8,"enemies":"Replay:BlueRogue","floor":8,"turns":6},{"damage":8,"enemies":"infinitespire:Voidling","floor":10,"turns":4},{"damage":2,"enemies":"3 Louse","floor":12,"turns":3},{"damage":3,"enemies":"Exordium Thugs","floor":13,"turns":4},{"damage":7,"enemies":"3 Sentries","floor":14,"turns":7},{"damage":20,"enemies":"The Guardian","floor":16,"turns":10},{"damage":10,"enemies":"theJungle:Flameango_and_Byrd","floor":18,"turns":5},{"damage":2,"enemies":"theJungle:GiantWrat","floor":19,"turns":4},{"damage":6,"enemies":"theJungle:MamaSnecko","floor":24,"turns":6},{"damage":2,"enemies":"theJungle:2_Phrogs","floor":27,"turns":5},{"damage":2,"enemies":"theJungle:JungleHuntersEncounter","floor":28,"turns":4},{"damage":2,"enemies":"theJungle:SlimyTreeVines","floor":29,"turns":5},{"damage":2,"enemies":"theJungle:2_Flameangoes","floor":31,"turns":6},{"damage":2,"enemies":"theJungle:QueenSpyder","floor":33,"turns":6},{"damage":2,"enemies":"Orb Walker","floor":35,"turns":3},{"damage":0,"enemies":"3 Darklings","floor":37,"turns":4},{"damage":2,"enemies":"Transient","floor":38,"turns":5},{"damage":22,"enemies":"Nemesis","floor":41,"turns":7},{"damage":19,"enemies":"Reptomancer","floor":44,"turns":5},{"damage":0,"enemies":"R_Hoarder","floor":46,"turns":6},{"damage":2,"enemies":"Jaw Worm Horde","floor":48,"turns":3},{"damage":5,"enemies":"hubris:GrandSnecko","floor":50,"turns":8}],"seed_played":"5332714859850887408","potions_obtained":[{"floor":6,"key":"EntropicBrew"},{"floor":8,"key":"SteroidPotion"},{"floor":10,"key":"SpeedPotion"},{"floor":14,"key":"Block Potion"},{"floor":16,"key":"DuplicationPotion"},{"floor":28,"key":"Explosive Potion"},{"floor":33,"key":"Regen Potion"},{"floor":38,"key":"Dexterity Potion"}],"is_trial":false,"path_per_floor":["M","?","$","?","M","E","R","E","T","M","?","M","M","E","R","B",null,"M","M","?","T","?","R","E","$","T","E","M","M","R","M","R","B",null,"M","?","M","M","?","R","E","R","T","E","R","E","T","M","R","B",null],"character_chosen":"IRONCLAD","items_purchased":["ClockworkSouvenir","hubris:DisguiseKit"],"campfire_rested":0,"item_purchase_floors":[3,25],"current_hp_per_floor":[80,69,69,62,66,32,32,30,30,28,28,32,35,34,34,20,87,83,87,92,92,87,87,87,87,87,91,95,97,97,97,97,97,97,97,97,97,97,97,97,81,81,81,68,68,74,74,78,78,79],"gold":597,"neow_bonus":"RANDOM_EVENT","is_daily":false,"chose_seed":false,"campfire_upgraded":7,"win_rate":0.0,"timestamp":1609027832,"path_taken":["M","?","$","?","M","E","R","E","T","M","?","?","M","E","R","BOSS","M","M","?","?","?","R","E","$","T","E","M","M","R","M","R","BOSS","M","?","M","?","?","R","E","R","T","E","R","E","?","M","R","BOSS"],"items_purchased_type":["Relic","Relic"],"build_version":"2020-12-22","purchased_purges":0,"victory":true,"max_hp_per_floor":[80,80,80,80,80,87,87,87,87,87,87,87,87,87,87,87,87,87,87,92,92,97,97,97,97,97,97,97,97,97,97,97,97,97,97,97,97,97,97,97,97,97,97,97,97,97,97,97,97,97],"card_choices":[{"not_picked":["Hemokinesis","Flame Barrier"],"picked":"Iron Wave","floor":1},{"not_picked":["Wild Strike","Body Slam"],"picked":"Cleave","floor":5},{"not_picked":["hubris:ReadiedAction","Twin Strike"],"picked":"Rampage","floor":6},{"not_picked":["Twin Strike","Warcry"],"picked":"Impervious","floor":8},{"not_picked":["Iron Wave","Thunderclap"],"picked":"Shrug It Off+1","floor":10},{"not_picked":["Armaments+1","Flex+1"],"picked":"Headbutt","floor":12},{"not_picked":["Carnage","Rampage","Thunderclap"],"picked":"SKIP","floor":13},{"not_picked":["Clothesline","Armaments+1"],"picked":"Inflame","floor":14},{"not_picked":["Fiend Fire","Double Tap+1"],"picked":"Demon Form","floor":16},{"not_picked":["Infernal Blade+1","Cleave"],"picked":"True Grit+1","floor":18},{"not_picked":["Warcry+1","Armaments+1","hubris:SharpeningStone+1"],"picked":"SKIP","floor":19},{"not_picked":["ReplayTheSpireMod:Strike From Hell+1","Reckless Charge+1","Body Slam+1"],"picked":"SKIP","floor":24},{"not_picked":["Inflame","Seeing Red+1","Doppelganger"],"picked":"Heavy Blade+1","floor":27},{"not_picked":["Replay:Undeath\u0027s Touch","Rampage","Prepared"],"picked":"Shrug It Off+1","floor":28},{"not_picked":["Replay:Undeath\u0027s Touch+1","Thunderclap","Sever Soul","Dagger Throw"],"picked":"SKIP","floor":29},{"not_picked":["Metallicize","Replay:Undeath\u0027s Touch+1","infinitespire:OneForAll","Acrobatics"],"picked":"SKIP","floor":31},{"not_picked":["hubris:ReadiedAction+1","Bludgeon","Poisoned Stab"],"picked":"Shrug It Off+1","floor":35},{"not_picked":["Wild Strike","Warcry+1","Underhanded Strike"],"picked":"Heavy Blade","floor":37},{"not_picked":["Inflame+1","Rampage+1","PiercingWail"],"picked":"Immolate","floor":38},{"not_picked":["Panacea+1","ReplayTheSpireMod:Necrogeddon"],"picked":"Secret Technique+1","floor":39},{"not_picked":["Spot Weakness+1","ReplayReversal+1","Rupture"],"picked":"hubris:TrickCloak","floor":41},{"not_picked":["Clash","hubris:ReadiedAction+1","Replay:Undeath\u0027s Touch","Dagger Spray"],"picked":"SKIP","floor":44},{"not_picked":["Clash","hubris:ReadiedAction+1","Replay:Undeath\u0027s Touch"],"picked":"Dagger Spray","floor":44},{"not_picked":["Body Slam+1","Metallicize","Blade Dance"],"picked":"Pommel Strike+1","floor":46},{"not_picked":["Battle Trance+1","Flex+1","Malaise"],"picked":"True Grit+1","floor":48}],"player_experience":301539,"relics_obtained":[{"floor":6,"key":"Strawberry"},{"floor":8,"key":"Orichalcum"},{"floor":9,"key":"Toxic Egg 2"},{"floor":14,"key":"HornCleat"},{"floor":21,"key":"King of Hearts"},{"floor":24,"key":"ReplayTheSpireMod:Shallot"},{"floor":26,"key":"ReplayTheSpireMod:Spearhead"},{"floor":27,"key":"hubris:MedicalManual"},{"floor":41,"key":"hubris:ToyBattleship"},{"floor":43,"key":"Pen Nib"},{"floor":44,"key":"ReplayTheSpireMod:Lightbulb"},{"floor":46,"key":"Boot"},{"floor":47,"key":"infinitespire:PuzzleCube"},{"floor":49,"key":"hubris:DuctTape"}],"event_choices":[{"damage_healed":0,"gold_gain":0,"cards_transformed":["Strike_R"],"player_choice":"Change","damage_taken":0,"max_hp_gain":0,"max_hp_loss":0,"event_name":"Living Wall","floor":0,"gold_loss":0,"cards_obtained":["Battle Trance"]},{"damage_healed":0,"gold_gain":75,"player_choice":"Gather Gold","damage_taken":11,"max_hp_gain":0,"max_hp_loss":0,"event_name":"World of Goop","floor":2,"gold_loss":0},{"cards_removed":["Strike_R"],"damage_healed":0,"gold_gain":0,"player_choice":"Card Removal","damage_taken":7,"max_hp_gain":0,"max_hp_loss":0,"event_name":"Golden Wing","floor":4,"gold_loss":0},{"damage_healed":0,"gold_gain":0,"cards_transformed":["Strike_R"],"player_choice":"Transformed","damage_taken":0,"max_hp_gain":0,"max_hp_loss":0,"event_name":"Transmorgrifier","floor":11,"gold_loss":0,"cards_obtained":["Hemokinesis"]},{"damage_healed":0,"gold_gain":0,"player_choice":"Upgraded","damage_taken":0,"max_hp_gain":0,"max_hp_loss":0,"event_name":"Upgrade Shrine","floor":36,"gold_loss":0,"cards_upgraded":["Battle Trance"]},{"damage_healed":0,"gold_gain":0,"player_choice":"Memory 1","damage_taken":0,"max_hp_gain":0,"max_hp_loss":0,"event_name":"SensoryStone","floor":39,"gold_loss":0}],"is_beta":false,"boss_relics":[{"not_picked":["Runic Cube","Replay:Bronze Core"],"picked":"hubris:VirtuousBlindfold"},{"not_picked":["Replay:Fungal Core","Astrolabe"],"picked":"hubris:TerracottaHorce"}],"items_purged_floors":[],"is_endless":false,"potions_floor_spawned":[6,8,10,14,16,18,28,33,35,38,44],"ascension_level":3}}