{"host":"ci7ivtocgfxh0ueo","time":1609042606,"event":{"mods":["BaseMod","GifTheSpireLib","Minty Spire (QoL Compilation)","StSLib"],"gold_per_floor":[112,112,124,124,134,134,3,37,37,37,2,2,13,43,43,43,43],"floor_reached":16,"playtime":261,"items_purged":[],"score":181,"play_id":"3fdc167c-04d2-45ea-af20-7f421b69fa28","local_time":"20201227121646","is_ascension_mode":true,"campfire_choices":[{"data":"Chaos","floor":6,"key":"SMITH"},{"data":"Melter","floor":12,"key":"SMITH"},{"data":"Chaos","floor":15,"key":"SMITH"}],"circlet_count":0,"master_deck":["AscendersBane","Strike_B","Strike_B","Strike_B","Strike_B","Defend_B","Defend_B","Defend_B","Defend_B","Zap","Dualcast","Cold Snap","Redo","Chaos+1","Melter+1","All For One","Chaos+1"],"relics":["Cracked Core","NeowsBlessing","Potion Belt","Gremlin Horn","Pear","Boot"],"acts_visited":["Exordium"],"potions_floor_usage":[16,16,16],"damage_taken":[{"damage":0,"enemies":"Cultist","floor":1,"turns":1},{"damage":0,"enemies":"Jaw Worm","floor":3,"turns":1},{"damage":0,"enemies":"Small Slimes","floor":5,"turns":1},{"damage":14,"enemies":"3 Sentries","floor":8,"turns":8},{"damage":5,"enemies":"2 Fungi Beasts","floor":13,"turns":3},{"damage":53,"enemies":"Slime Boss","floor":16,"turns":7}],"seed_played":"1658546042998726705","potions_obtained":[{"floor":3,"key":"SteroidPotion"},{"floor":8,"key":"DuplicationPotion"}],"is_trial":false,"path_per_floor":["M","$","M","T","M","R","$","E","T","?","?","R","M","?","R","B"],"character_chosen":"DEFECT","items_purchased":["Melter","SteroidPotion"],"campfire_rested":0,"item_purchase_floors":[7,7],"current_hp_per_floor":[64,64,64,64,64,64,64,50,60,25,45,45,40,40,40,0,0],"gold":43,"neow_bonus":"THREE_ENEMY_KILL","is_daily":false,"chose_seed":false,"campfire_upgraded":3,"win_rate":0.0,"timestamp":1609042606,"path_taken":["M","?","?","?","M","R","$","E","T","?","?","R","M","?","R","BOSS"],"items_purchased_type":["Card","Potion"],"build_version":"2020-12-22","purchased_purges":0,"victory":false,"max_hp_per_floor":[71,71,71,71,71,71,71,71,81,81,81,81,81,81,81,81,81],"card_choices":[{"not_picked":["Beam Cell","Self Repair"],"picked":"Cold Snap","floor":1},{"not_picked":["Rebound","Coolheaded"],"picked":"Redo","floor":3},{"not_picked":["Hologram","Darkness"],"picked":"Chaos","floor":5},{"not_picked":["Barrage","Leap"],"picked":"All For One","floor":8},{"not_picked":["Cold Snap","Steam"],"picked":"Chaos","floor":13}],"player_experience":1309358,"relics_obtained":[{"floor":4,"key":"Potion Belt"},{"floor":8,"key":"Gremlin Horn"},{"floor":9,"key":"Pear"}],"event_choices":[{"damage_healed":0,"gold_gain":0,"player_choice":"Success","damage_taken":35,"relics_obtained":["Boot"],"max_hp_gain":0,"max_hp_loss":0,"event_name":"Scrap Ooze","floor":10,"gold_loss":0},{"damage_healed":20,"gold_gain":0,"player_choice":"Healed","damage_taken":0,"max_hp_gain":0,"max_hp_loss":0,"event_name":"The Cleric","floor":11,"gold_loss":35},{"damage_healed":0,"gold_gain":30,"player_choice":"Searched \u00271\u0027 times","damage_taken":0,"max_hp_gain":0,"max_hp_loss":0,"event_name":"Dead Adventurer","floor":14,"gold_loss":0}],"is_beta":false,"boss_relics":[],"items_purged_floors":[],"is_endless":false,"potions_floor_spawned":[3,8],"killed_by":"Slime Boss","ascension_level":17}}