{"host":"5cnm2qapaqj5mmu7","time":1609068933,"event":{"mods":["BaseMod","Bestiary","Colored Map","Minty Spire (QoL Compilation)","StSLib"],"gold_per_floor":[117,133,58,8,108,108,133,144,169,169,14,14,34,66,66,170,170,184,195,214,214,214,247,257,257,257,272,272,300,300,311,311,410,410,424,436,184,484,140,140,159,191,238,238,238],"floor_reached":44,"playtime":1943,"items_purged":["Strike_P","Normality"],"score":695,"play_id":"c9e76f32-b451-4591-a217-70304f1bc654","local_time":"20201227123533","is_ascension_mode":true,"campfire_choices":[{"data":"Eruption","floor":6.0,"key":"SMITH"},{"data":"ClearTheMind","floor":12.0,"key":"SMITH"},{"data":"Crescendo","floor":15.0,"key":"SMITH"},{"data":"Scrawl","floor":25.0,"key":"SMITH"},{"floor":30.0,"key":"REST"},{"floor":32.0,"key":"REST"},{"floor":40,"key":"REST"}],"circlet_count":0,"master_deck":["Defend_P","Defend_P","Defend_P","Eruption+1","Vigilance","BowlingBash","SashWhip","ClearTheMind+1","FollowUp","Consecrate","Crescendo+1","Scrawl+1","Bite+1","Bite+1","Bite+1","Bite+1","Bite+1","FearNoEvil+1","TalkToTheHand+1","Doubt","Judgement","Protect+1","Trip","Indignation+1","Writhe","Parasite"],"relics":["PureWater","NeowsBlessing","Whetstone","Bronze Scales","Dream Catcher","Toolbox","Molten Egg 2","Cursed Key","Toy Ornithopter","Du-Vu Doll","Unceasing Top","Ornamental Fan","SacredBark","Strawberry","Gremlin Horn","Eternal Feather","Boot"],"acts_visited":["Exordium","TheCity","TheBeyond"],"potions_floor_usage":[42,42],"damage_taken":[{"damage":0.0,"enemies":"2 Louse","floor":1.0,"turns":1.0},{"damage":0.0,"enemies":"Cultist","floor":2.0,"turns":1.0},{"damage":0.0,"enemies":"Gremlin Nob","floor":7.0,"turns":1.0},{"damage":0.0,"enemies":"Small Slimes","floor":8.0,"turns":1.0},{"damage":0.0,"enemies":"3 Louse","floor":13.0,"turns":2.0},{"damage":20.0,"enemies":"3 Sentries","floor":14.0,"turns":4.0},{"damage":0.0,"enemies":"Slime Boss","floor":16.0,"turns":7.0},{"damage":17.0,"enemies":"2 Thieves","floor":18.0,"turns":2.0},{"damage":0.0,"enemies":"Shell Parasite","floor":19.0,"turns":1.0},{"damage":0.0,"enemies":"3 Cultists","floor":20.0,"turns":2.0},{"damage":31.0,"enemies":"Book of Stabbing","floor":23.0,"turns":3.0},{"damage":15.0,"enemies":"Shelled Parasite and Fungi","floor":24.0,"turns":3.0},{"damage":3.0,"enemies":"Centurion and Healer","floor":27.0,"turns":6.0},{"damage":46.0,"enemies":"Gremlin Leader","floor":29.0,"turns":6.0},{"damage":31.0,"enemies":"Snake Plant","floor":31.0,"turns":3.0},{"damage":26.0,"enemies":"Collector","floor":33.0,"turns":6.0},{"damage":29.0,"enemies":"Orb Walker","floor":35.0,"turns":3.0},{"damage":32,"enemies":"3 Darklings","floor":36,"turns":3},{"damage":3,"enemies":"4 Shapes","floor":41,"turns":1},{"damage":42,"enemies":"Nemesis","floor":42,"turns":3},{"damage":22,"enemies":"Writhing Mass","floor":44,"turns":2}],"seed_played":"43864818479959625","potions_obtained":[{"floor":2.0,"key":"BottledMiracle"},{"floor":14.0,"key":"PowerPotion"},{"floor":16.0,"key":"EssenceOfSteel"},{"floor":18.0,"key":"PowerPotion"},{"floor":23.0,"key":"BlessingOfTheForge"},{"floor":24.0,"key":"Energy Potion"},{"floor":36,"key":"Explosive Potion"}],"is_trial":false,"path_per_floor":["M","M","$","?","?","R","E","M","T","?","$","R","M","E","R","B",null,"M","M","M","?","?","E","M","R","T","M","T","E","R","M","R","B",null,"M","M","$","?","$","R","M","E","T","M"],"character_chosen":"WATCHER","items_purchased":["Toolbox","Strawberry","Gremlin Horn","Trip"],"campfire_rested":3,"item_purchase_floors":[11,37,39,39],"current_hp_per_floor":[72,72,72,72,72,72,72,72,72,65,65,65,65,45,45,45,72,55,55,55,55,50,34,37,37,37,50,50,17,32,16,31,26,50,27,7,14,14,14,31,40,17,17,0,0],"gold":238,"neow_bonus":"THREE_ENEMY_KILL","is_daily":false,"chose_seed":false,"campfire_upgraded":4,"win_rate":0.0,"timestamp":1609068933,"path_taken":["M","M","$","?","?","R","E","?","T","?","$","R","M","E","R","BOSS","M","M","M","?","?","E","M","R","T","M","?","E","R","M","R","BOSS","M","M","$","?","?","R","M","E","T","M"],"items_purchased_type":["Relic","Relic","Relic","Card"],"build_version":"2020-12-22","purchased_purges":2,"victory":false,"max_hp_per_floor":[72,72,72,72,72,72,72,72,72,72,72,72,72,72,72,72,72,72,72,72,72,50,50,50,50,50,50,50,50,50,50,50,50,50,50,50,57,57,57,57,57,57,57,57,57],"card_choices":[{"not_picked":["ClearTheMind","Weave"],"picked":"BowlingBash","floor":1.0},{"not_picked":["FlyingSleeves","EmptyFist"],"picked":"SashWhip","floor":2.0},{"not_picked":["CutThroughFate","Evaluate"],"picked":"ClearTheMind","floor":7.0},{"not_picked":["FlyingSleeves","MasterReality"],"picked":"FollowUp","floor":8.0},{"not_picked":["Evaluate","BowlingBash"],"picked":"Consecrate","floor":13.0},{"not_picked":["EmptyBody","FlyingSleeves+1"],"picked":"Crescendo","floor":14.0},{"not_picked":["Brilliance+1","SpiritShield"],"picked":"Scrawl","floor":16.0},{"not_picked":["Weave+1","FlurryOfBlows+1","Nirvana"],"picked":"SKIP","floor":18.0},{"not_picked":["FollowUp+1","WreathOfFlame","ClearTheMind"],"picked":"SKIP","floor":19.0},{"not_picked":["JustLucky+1","Nirvana","FollowUp+1"],"picked":"SKIP","floor":20.0},{"not_picked":["FlyingSleeves+1","SignatureMove+1"],"picked":"FearNoEvil+1","floor":23.0},{"not_picked":["Collect","Swivel"],"picked":"TalkToTheHand+1","floor":24.0},{"not_picked":["Crescendo+1","Prostrate","SashWhip+1"],"picked":"SKIP","floor":27.0},{"not_picked":["Crescendo+1","Prostrate","SashWhip+1"],"picked":"SKIP","floor":27.0},{"not_picked":["CutThroughFate+1","SandsOfTime+1","PathToVictory+1"],"picked":"SKIP","floor":29.0},{"not_picked":["JustLucky+1","Crescendo"],"picked":"Judgement","floor":31.0},{"not_picked":["PathToVictory","CarveReality+1","Prostrate+1"],"picked":"SKIP","floor":35.0},{"not_picked":["BowlingBash+1","EmptyFist+1"],"picked":"Protect+1","floor":36},{"not_picked":["ConjureBlade","EmptyFist+1"],"picked":"Indignation+1","floor":40},{"not_picked":["PathToVictory","FollowUp+1","Vengeance"],"picked":"SKIP","floor":41},{"not_picked":["CutThroughFate+1","PathToVictory","ThirdEye"],"picked":"SKIP","floor":42}],"player_experience":526267,"relics_obtained":[{"floor":7.0,"key":"Whetstone"},{"floor":9.0,"key":"Bronze Scales"},{"floor":14.0,"key":"Molten Egg 2"},{"floor":23.0,"key":"Toy Ornithopter"},{"floor":26.0,"key":"Du-Vu Doll"},{"floor":28.0,"key":"Unceasing Top"},{"floor":29.0,"key":"Ornamental Fan"},{"floor":42,"key":"Eternal Feather"},{"floor":43,"key":"Boot"}],"event_choices":[{"cards_removed":["Defend_P"],"damage_healed":0.0,"max_hp_gain":0.0,"max_hp_loss":0.0,"gold_gain":0.0,"event_name":"The Cleric","player_choice":"Card Removal","floor":4.0,"gold_loss":50.0,"damage_taken":0.0},{"damage_healed":0.0,"max_hp_gain":0.0,"max_hp_loss":0.0,"gold_gain":100.0,"event_name":"Golden Shrine","player_choice":"Pray","floor":5.0,"gold_loss":0.0,"damage_taken":0.0},{"damage_healed":0.0,"max_hp_gain":0.0,"max_hp_loss":0.0,"gold_gain":0.0,"event_name":"Scrap Ooze","player_choice":"Success","floor":10.0,"gold_loss":0.0,"damage_taken":7.0,"relics_obtained":["Dream Catcher"]},{"damage_healed":0.0,"max_hp_gain":0.0,"max_hp_loss":0.0,"gold_gain":0.0,"event_name":"Ghosts","player_choice":"Ignored","floor":21.0,"gold_loss":0.0,"damage_taken":0.0},{"damage_healed":0.0,"max_hp_gain":0.0,"max_hp_loss":22.0,"gold_gain":0.0,"event_name":"Vampires","player_choice":"Became a vampire","floor":22.0,"gold_loss":0.0,"damage_taken":0.0,"cards_obtained":["Bite","Bite","Bite","Bite","Bite"]},{"damage_healed":0,"gold_gain":300,"player_choice":"Gold","damage_taken":0,"max_hp_gain":0,"max_hp_loss":0,"event_name":"Wheel of Change","floor":38,"gold_loss":0}],"is_beta":false,"boss_relics":[{"not_picked":["HolyWater","VioletLotus"],"picked":"Cursed Key"},{"not_picked":["Runic Dome","Runic Pyramid"],"picked":"SacredBark"}],"items_purged_floors":[3,37],"is_endless":false,"potions_floor_spawned":[2,14,16,18,23,24,29,36,41],"killed_by":"Writhing Mass","ascension_level":3}}