{"host":"q79spna8ofw6hj3r","time":1609100073,"event":{"mods":["Aspiration","Bard","BaseMod","Beaked The Cultist","Bestiary","Better Altar","Better Match","Better Note","Better Sensory Stone","Better Skull","Better Third Choice","Better Vampires","BetterRewards","Block Reminder","Challenge The Spire","Colored Map","Colored Powertips","Conspire","Custom Start","Energized Spire","Friendly Minions","Halation","Hubris","Infinite Spire","Jedi Mod","Mimic Mod","Minty Spire (QoL Compilation)","Permanent Neow","Quick Restart","Relic Filter","Relic Sorter","Replay The Spire","Shop Mod","StSLib","SuperFastMode","Synergy Search","The Cursed","The Hierophant","The Runesmith","slay the spire mod where everything is the same but ironclad has a cowboy hat","vexMod"],"gold_per_floor":[116,126,126,126,126,51,51,65,65,75,88,105,139,414,414,518,518,538,548,548,566,581,616,616,646,646,646,646],"floor_reached":27,"playtime":1397,"items_purged":["Defend_G","Strike_G"],"score":336,"play_id":"2a086cd4-b4a6-4a84-8bf9-e084c3ade422","local_time":"20201227221433","is_ascension_mode":true,"campfire_choices":[{"data":"ReplayTheSpireMod:Private Reserves","floor":7,"key":"SMITH"},{"data":"jedi:pocketpoison","floor":15,"key":"SMITH"},{"data":"Adrenaline","floor":24,"key":"SMITH"}],"circlet_count":0,"master_deck":["Strike_G","Strike_G","Strike_G","Strike_G+1","Defend_G","Defend_G+1","Defend_G","Defend_G","Survivor","Neutralize","Cloak And Dagger","ReplayTheSpireMod:Private Reserves+1","jedi:pocketpoison+1","Escape Plan","Bane","Adrenaline+1","Bane","Toxin Wave"],"relics":["Omamori","Sizzling Blood","Simple Rune","Onion Ring","InkBottle","conspire:SpecialSausage","halation:Pancakes","vexMod:InvisibilityCloak","jedi:angrymask","Matryoshka"],"acts_visited":["Exordium","TheCity"],"potions_floor_usage":[16],"damage_taken":[{"damage":6,"enemies":"Cultist","floor":1,"turns":3},{"damage":2,"enemies":"Jaw Worm","floor":2,"turns":6},{"damage":0,"enemies":"Small Slimes","floor":8,"turns":4},{"damage":0,"enemies":"2 Fungi Beasts","floor":10,"turns":3},{"damage":3,"enemies":"Looter","floor":11,"turns":3},{"damage":2,"enemies":"Exordium Wildlife","floor":12,"turns":3},{"damage":42,"enemies":"Gremlin Nob","floor":13,"turns":5},{"damage":66,"enemies":"Slime Boss","floor":16,"turns":12},{"damage":0,"enemies":"Chosen","floor":18,"turns":4},{"damage":15,"enemies":"2 Thieves","floor":19,"turns":4},{"damage":0,"enemies":"Centurion and Healer","floor":21,"turns":6},{"damage":25,"enemies":"Snecko","floor":22,"turns":8},{"damage":27,"enemies":"Gremlin Leader","floor":23,"turns":7},{"damage":15,"enemies":"Book of Stabbing","floor":25,"turns":6},{"damage":31,"enemies":"Shelled Parasite and Fungi","floor":27,"turns":3}],"seed_played":"-1943512870833396692","potions_obtained":[{"floor":8,"key":"Doom Potion"},{"floor":11,"key":"GamblersBrew"},{"floor":12,"key":"Swift Potion"},{"floor":16,"key":"Adrenaline Potion"},{"floor":21,"key":"DuplicationPotion"}],"is_trial":false,"path_per_floor":["M","M","?","?","?","$","R","M","T","M","M","M","E","?","R","B",null,"M","M","AVR","M","M","E","R","E","T","M"],"character_chosen":"THE_SILENT","items_purchased":[],"campfire_rested":0,"item_purchase_floors":[],"current_hp_per_floor":[64,62,66,54,54,54,54,58,58,62,63,65,27,27,27,56,74,74,63,71,74,53,30,30,19,19,0,0],"gold":646,"neow_bonus":"RANDOM_COMMON_RELIC","is_daily":false,"chose_seed":false,"campfire_upgraded":3,"win_rate":0.0,"timestamp":1609100073,"path_taken":["M","M","?","?","?","?","R","M","T","?","M","?","E","?","R","BOSS","M","M","AVR","M","M","E","R","E","T","M"],"items_purchased_type":[],"build_version":"2020-12-22","purchased_purges":2,"victory":false,"max_hp_per_floor":[70,70,74,74,74,74,74,74,74,74,74,74,74,74,74,74,74,74,74,74,74,74,74,74,74,74,74,74],"card_choices":[{"not_picked":["Dodge and Roll","hubris:SlightOfHand"],"picked":"Cloak And Dagger","floor":1},{"not_picked":["Crippling Poison","Masterful Stab","PiercingWail"],"picked":"SKIP","floor":2},{"not_picked":["Good Instincts","Madness"],"picked":"ReplayTheSpireMod:Private Reserves","floor":5},{"not_picked":["Caltrops","Sucker Punch","hubris:SlightOfHand"],"picked":"SKIP","floor":8},{"not_picked":["Deflect","Blade Dance"],"picked":"jedi:pocketpoison","floor":10},{"not_picked":["jedi:acidrain","PiercingWail"],"picked":"Escape Plan","floor":11},{"not_picked":["Prepared","Endless Agony"],"picked":"Bane","floor":12},{"not_picked":["PiercingWail","Blade Dance","Unload"],"picked":"SKIP","floor":13},{"not_picked":["jedi:brewingpoison","jedi:studyshivs"],"picked":"Adrenaline","floor":16},{"not_picked":["Infinite Blades","Acrobatics"],"picked":"Bane","floor":18},{"not_picked":["Reflex","Riddle With Holes"],"picked":"Toxin Wave","floor":19},{"not_picked":["Tactician","Bane","Hidden Blade"],"picked":"SKIP","floor":21},{"not_picked":["Dodge and Roll","Flying Knee","Poisoned Stab"],"picked":"SKIP","floor":22},{"not_picked":["Deflect","conspire:DoublingDagger+1","Underhanded Strike+1"],"picked":"SKIP","floor":23},{"not_picked":["hubris:Counter+1","Cloak And Dagger","Predator"],"picked":"SKIP","floor":25}],"player_experience":205131,"relics_obtained":[{"floor":9,"key":"Onion Ring"},{"floor":13,"key":"InkBottle"},{"floor":23,"key":"vexMod:InvisibilityCloak"},{"floor":25,"key":"jedi:angrymask"},{"floor":26,"key":"Matryoshka"}],"event_choices":[{"damage_healed":0,"gold_gain":0,"player_choice":"Relic ","damage_taken":12,"max_hp_gain":0,"max_hp_loss":0,"event_name":"betterThird:BetterScrap","floor":4,"gold_loss":0,"cards_obtained":["jedi:bruteforce"]},{"damage_healed":0,"gold_gain":1,"player_choice":"1","damage_taken":0,"max_hp_gain":0,"max_hp_loss":0,"event_name":"betterStone:BetterStone","floor":5,"gold_loss":0},{"damage_healed":0,"gold_gain":275,"player_choice":"Desecrate","damage_taken":0,"max_hp_gain":0,"max_hp_loss":0,"event_name":"Golden Shrine","floor":14,"gold_loss":0,"cards_obtained":["Regret"]}],"is_beta":false,"boss_relics":[{"not_picked":["energizedSpire:StickyHand","Fusion Hammer"],"picked":"conspire:SpecialSausage"}],"items_purged_floors":[6,20],"is_endless":false,"potions_floor_spawned":[8,11,12,16,21,23],"killed_by":"Shelled Parasite and Fungi","ascension_level":4}}