{"host":"qj91dvco5uhu9oti","time":1609093857,"event":{"mods":["BaseMod","Colored Map","Keyboard Shortcuts","Minty Spire (QoL Compilation)","Permanent Neow","Relic Stats","StSLib","SuperFastMode","everything is the same but u backflip on backflip"],"gold_per_floor":[116,116,126,45,63,96,96,42,42,60,60,60,10,31,31,122,122,142,161,161,161,161,161,211,252,252,252,276,296,296,321,321,411,411,425,425,450,186,186,186,209,209,290,153,168,211,211,86,86,86,86,86,86,32,75,75,75],"floor_reached":56,"playtime":1698,"items_purged":["Bash","Body Slam","Strike_R+1"],"score":1861,"play_id":"7ef04f20-3cbe-4fe7-ab5a-728dcada9541","local_time":"20201228033057","is_ascension_mode":true,"campfire_choices":[{"data":"Body Slam","floor":12.0,"key":"SMITH"},{"data":"True Grit","floor":15.0,"key":"SMITH"},{"data":"Battle Trance","floor":23.0,"key":"SMITH"},{"data":"Uppercut","floor":30.0,"key":"SMITH"},{"floor":32.0,"key":"REST"},{"data":"Burning Pact","floor":40.0,"key":"SMITH"},{"data":"Ghostly Armor","floor":47.0,"key":"SMITH"},{"floor":49.0,"key":"RECALL"},{"floor":53.0,"key":"REST"}],"circlet_count":0,"master_deck":["AscendersBane","Defend_R","Defend_R","Battle Trance+1","Body Slam+1","Flame Barrier+1","Shockwave","Uppercut+1","True Grit+1","Ghostly Armor+1","Feed","Barricade+1","Disarm+1","Fire Breathing+1","Burning Pact+1","Finesse","Body Slam+1","Metallicize"],"relics":["Burning Blood","Bird Faced Urn","Pocketwatch","Golden Idol","Busted Crown","Letter Opener","Charon\u0027s Ashes","Mummified Hand","Astrolabe","Bottled Lightning","Anchor"],"acts_visited":["Exordium","TheCity","TheBeyond","TheEnding"],"potions_floor_usage":[],"damage_taken":[{"damage":5.0,"enemies":"2 Louse","floor":1.0,"turns":3.0},{"damage":2.0,"enemies":"Jaw Worm","floor":3.0,"turns":5.0},{"damage":7.0,"enemies":"Small Slimes","floor":5.0,"turns":3.0},{"damage":45.0,"enemies":"Lagavulin","floor":6.0,"turns":11.0},{"damage":0.0,"enemies":"3 Louse","floor":10.0,"turns":3.0},{"damage":0.0,"enemies":"Blue Slaver","floor":14.0,"turns":4.0},{"damage":8.0,"enemies":"The Guardian","floor":16.0,"turns":10.0},{"damage":7.0,"enemies":"Spheric Guardian","floor":18.0,"turns":5.0},{"damage":11.0,"enemies":"Shell Parasite","floor":19.0,"turns":4.0},{"damage":32.0,"enemies":"Gremlin Leader","floor":25.0,"turns":7.0},{"damage":0.0,"enemies":"Snake Plant","floor":28.0,"turns":3.0},{"damage":11.0,"enemies":"Shelled Parasite and Fungi","floor":29.0,"turns":4.0},{"damage":0.0,"enemies":"Centurion and Healer","floor":31.0,"turns":6.0},{"damage":42.0,"enemies":"Automaton","floor":33.0,"turns":10.0},{"damage":9.0,"enemies":"Orb Walker","floor":35.0,"turns":4.0},{"damage":5.0,"enemies":"3 Darklings","floor":37.0,"turns":4.0},{"damage":37.0,"enemies":"Jaw Worm Horde","floor":41.0,"turns":5.0},{"damage":6.0,"enemies":"Spire Growth","floor":45.0,"turns":5.0},{"damage":29.0,"enemies":"Nemesis","floor":46.0,"turns":5.0},{"damage":17.0,"enemies":"Donu and Deca","floor":50.0,"turns":9.0},{"damage":0.0,"enemies":"Time Eater","floor":51.0,"turns":7.0},{"damage":68.0,"enemies":"Shield and Spear","floor":55.0,"turns":6.0},{"damage":74,"enemies":"The Heart","floor":56,"turns":6}],"seed_played":"2616053497305909921","potions_obtained":[{"floor":3.0,"key":"SkillPotion"},{"floor":6.0,"key":"HeartOfIron"},{"floor":14.0,"key":"Weak Potion"},{"floor":19.0,"key":"Explosive Potion"},{"floor":28.0,"key":"ElixirPotion"},{"floor":41.0,"key":"FairyPotion"},{"floor":55.0,"key":"Swift Potion"}],"is_trial":false,"path_per_floor":["M","?","M","$","M","E","?","?","T","M","?","R","$","M","R","B",null,"M","M","?","?","T","R","?","E","T","?","M","M","R","M","R","B",null,"M","?","M","$","?","R","M","?","T","$","M","E","R","$","R","B","B",null,"R","$","E","B"],"character_chosen":"IRONCLAD","items_purchased":["Flame Barrier","True Grit","Burning Pact","Finesse","Metallicize","PowerPotion"],"campfire_rested":2,"item_purchase_floors":[4,13,38,38,44,54],"current_hp_per_floor":[68,61,65,65,64,25,5,5,5,11,11,11,11,17,17,15,50,52,47,47,47,47,47,47,21,21,21,27,22,22,28,47,11,52,49,49,54,54,54,54,30,30,30,30,39,22,22,22,22,15,25,60,71,71,9,0,0],"gold":75,"neow_bonus":"REMOVE_TWO","is_daily":false,"chose_seed":false,"campfire_upgraded":6,"win_rate":0.0,"timestamp":1609093857,"path_taken":["M","?","M","$","M","E","?","?","T","M","?","R","?","M","R","BOSS","M","M","?","?","?","R","?","E","T","?","M","M","R","M","R","BOSS","M","?","M","$","?","R","?","?","T","$","M","E","R","?","R","BOSS","BOSS","R","$","E","BOSS"],"items_purchased_type":["Card","Card","Card","Card","Card","Potion"],"build_version":"2020-12-22","purchased_purges":3,"victory":false,"max_hp_per_floor":[68,68,68,68,68,68,68,68,68,68,62,62,62,62,62,62,62,65,65,65,65,65,65,65,65,65,65,65,65,65,65,65,65,65,65,65,65,65,65,65,68,68,68,68,71,71,71,71,71,71,71,71,71,71,71,71,71],"relic_stats":{"Busted Crown":28,"counters":[23,129],"Golden Idol":152,"Mummified Hand":[27],"Bird Faced Urn":[34],"Astrolabe":["Barricade","Disarm","Fire Breathing"],"Charon\u0027s Ashes":[314],"Letter Opener":[250],"obtain_stats":[{"Anchor":55,"Busted Crown":17,"Golden Idol":11,"Mummified Hand":26,"Bird Faced Urn":6,"Astrolabe":34,"Charon\u0027s Ashes":25,"Letter Opener":22,"Bottled Lightning":46,"Burning Blood":0,"Pocketwatch":9},{"Anchor":22,"Busted Crown":7,"Golden Idol":5,"Mummified Hand":10,"Bird Faced Urn":4,"Astrolabe":14,"Charon\u0027s Ashes":10,"Letter Opener":9,"Bottled Lightning":19,"Burning Blood":0,"Pocketwatch":4},{"Anchor":123,"Busted Crown":39,"Golden Idol":25,"Mummified Hand":55,"Bird Faced Urn":22,"Astrolabe":78,"Charon\u0027s Ashes":55,"Letter Opener":48,"Bottled Lightning":101,"Burning Blood":0,"Pocketwatch":22}],"Burning Blood":131,"Pocketwatch":[98]},"card_choices":[{"not_picked":["Havoc","Shrug It Off"],"picked":"Battle Trance","floor":1.0},{"not_picked":["Heavy Blade","Clash"],"picked":"Body Slam","floor":3.0},{"not_picked":["Pommel Strike","Warcry"],"picked":"Shockwave","floor":5.0},{"not_picked":["Thunderclap","Headbutt"],"picked":"Uppercut","floor":6.0},{"not_picked":["Clothesline","Warcry","Fiend Fire"],"picked":"SKIP","floor":10.0},{"not_picked":["True Grit","Havoc"],"picked":"Ghostly Armor","floor":14.0},{"not_picked":["Brutality","Exhume"],"picked":"Feed","floor":16.0},{"not_picked":["Pommel Strike"],"picked":"SKIP","floor":18.0},{"not_picked":["Power Through"],"picked":"SKIP","floor":19.0},{"not_picked":["Warcry"],"picked":"SKIP","floor":25.0},{"not_picked":["Clothesline"],"picked":"SKIP","floor":28.0},{"not_picked":["Headbutt+1"],"picked":"SKIP","floor":29.0},{"not_picked":["Perfected Strike"],"picked":"SKIP","floor":31.0},{"not_picked":["Havoc+1"],"picked":"SKIP","floor":35.0},{"not_picked":["Clothesline"],"picked":"SKIP","floor":37.0},{"not_picked":[],"picked":"Body Slam","floor":41.0},{"not_picked":["Thunderclap"],"picked":"SKIP","floor":45.0},{"not_picked":["Whirlwind+1"],"picked":"SKIP","floor":46.0},{"not_picked":["Intimidate"],"picked":"SKIP","floor":55.0}],"player_experience":304308,"relics_obtained":[{"floor":6.0,"key":"Bird Faced Urn"},{"floor":9.0,"key":"Pocketwatch"},{"floor":22.0,"key":"Letter Opener"},{"floor":25.0,"key":"Charon\u0027s Ashes"},{"floor":26.0,"key":"Mummified Hand"},{"floor":46.0,"key":"Bottled Lightning"},{"floor":55.0,"key":"Anchor"}],"event_choices":[{"cards_removed":["Defend_R"],"damage_healed":0.0,"max_hp_gain":0.0,"max_hp_loss":0.0,"gold_gain":0.0,"event_name":"Golden Wing","player_choice":"Card Removal","floor":2.0,"gold_loss":0.0,"damage_taken":7.0},{"damage_healed":0.0,"max_hp_gain":0.0,"max_hp_loss":0.0,"gold_gain":0.0,"event_name":"Shining Light","player_choice":"Entered Light","floor":7.0,"gold_loss":0.0,"damage_taken":20.0,"cards_upgraded":["Flame Barrier","Strike_R"]},{"damage_healed":0.0,"max_hp_gain":0.0,"max_hp_loss":0.0,"gold_gain":0.0,"event_name":"World of Goop","player_choice":"Left Gold","floor":8.0,"gold_loss":54.0,"damage_taken":0.0},{"damage_healed":0.0,"max_hp_gain":0.0,"max_hp_loss":6.0,"gold_gain":0.0,"event_name":"Golden Idol","player_choice":"Lose Max HP","floor":11.0,"gold_loss":0.0,"damage_taken":0.0,"relics_obtained":["Golden Idol"]},{"damage_healed":0.0,"max_hp_gain":0.0,"max_hp_loss":0.0,"gold_gain":0.0,"event_name":"Vampires","player_choice":"Ignored","floor":20.0,"gold_loss":0.0,"damage_taken":0.0},{"damage_healed":0.0,"max_hp_gain":0.0,"max_hp_loss":0.0,"gold_gain":0.0,"event_name":"Ghosts","player_choice":"Ignored","floor":21.0,"gold_loss":0.0,"damage_taken":0.0},{"damage_healed":0.0,"max_hp_gain":0.0,"max_hp_loss":0.0,"gold_gain":50.0,"event_name":"Nest","player_choice":"Stole From Cult","floor":24.0,"gold_loss":0.0,"damage_taken":0.0},{"damage_healed":0.0,"max_hp_gain":0.0,"max_hp_loss":0.0,"gold_gain":0.0,"event_name":"Cursed Tome","player_choice":"Ignored","floor":27.0,"gold_loss":0.0,"damage_taken":0.0},{"damage_healed":0.0,"max_hp_gain":0.0,"max_hp_loss":0.0,"gold_gain":0.0,"event_name":"Mysterious Sphere","player_choice":"Ignored","floor":36.0,"gold_loss":0.0,"damage_taken":0.0},{"damage_healed":0.0,"max_hp_gain":0.0,"max_hp_loss":0.0,"gold_gain":0.0,"event_name":"Tomb of Lord Red Mask","player_choice":"Ignored","floor":39.0,"gold_loss":0.0,"damage_taken":0.0},{"damage_healed":0.0,"max_hp_gain":0.0,"max_hp_loss":0.0,"gold_gain":0.0,"event_name":"Duplicator","player_choice":"Copied","floor":42.0,"gold_loss":0.0,"damage_taken":0.0,"cards_obtained":["Body Slam"]}],"is_beta":false,"boss_relics":[{"not_picked":["Mark of Pain","Ectoplasm"],"picked":"Busted Crown"},{"not_picked":["Calling Bell","Philosopher\u0027s Stone"],"picked":"Astrolabe"}],"items_purged_floors":[38,44,48],"is_endless":false,"potions_floor_spawned":[3,6,14,19,28,29,33,35,41,55],"killed_by":"The Heart","ascension_level":20}}