{"host":"nieu49hsh1dm9v6n","time":1609029047,"event":{"mods":["Aspiration","BaseMod","Better Third Choice","Hubris","Minty Spire (QoL Compilation)","StSLib","vexMod"],"gold_per_floor":[109,129,142,142,160,160,160,160,183,183,208,208,235,235,235,353,353,379,379,395,439,75,75,165,202,202,202,202],"floor_reached":27,"playtime":975,"items_purged":["Defend_B"],"score":396,"play_id":"d60ad491-d9b8-40a5-805d-92a686dacd6a","local_time":"20201227013047","is_ascension_mode":true,"campfire_choices":[{"data":"Zap","floor":6,"key":"SMITH"},{"data":"Steam","floor":8,"key":"SMITH"},{"data":"Unload","floor":10,"key":"SMITH"},{"floor":12,"key":"REST"},{"floor":15,"key":"REST"},{"data":"Glacier","floor":23,"key":"SMITH"}],"circlet_count":0,"master_deck":["AscendersBane","Strike_B","Strike_B","Strike_B","Defend_B","Defend_B","Zap+1","Dualcast","Rebound","Steam+1","Die Die Die","hubris:TrickCloak","Unload+1","Undo","Stack","Glacier+1","Creative AI+1","Leap","Ball Lightning","BootSequence"],"relics":["Cracked Core","Potion Belt","hubris:Towel","hubris:TenFootPole","vexMod:ConsolationPrize","Golden Idol","Busted Crown","PreservedInsect","Lee\u0027s Waffle","hubris:PeanutButter","Mummified Hand"],"acts_visited":["Exordium","TheCity"],"potions_floor_usage":[11,20,24,24,24],"damage_taken":[{"damage":2,"enemies":"2 Louse","floor":1,"turns":3},{"damage":7,"enemies":"Jaw Worm","floor":2,"turns":3},{"damage":15,"enemies":"Small Slimes","floor":3,"turns":4},{"damage":0,"enemies":"Exordium Wildlife","floor":5,"turns":2},{"damage":13,"enemies":"Gremlin Nob","floor":11,"turns":3},{"damage":12,"enemies":"Lots of Slimes","floor":13,"turns":2},{"damage":29,"enemies":"The Guardian","floor":16,"turns":16},{"damage":2,"enemies":"Shell Parasite","floor":18,"turns":8},{"damage":1,"enemies":"Chosen","floor":20,"turns":7},{"damage":24,"enemies":"Snake Plant","floor":21,"turns":7},{"damage":55,"enemies":"Book of Stabbing","floor":24,"turns":8},{"damage":16,"enemies":"Sentry and Sphere","floor":25,"turns":4},{"damage":0,"enemies":"Chosen and Byrds","floor":27,"turns":3}],"seed_played":"3796937918021671671","potions_obtained":[{"floor":2,"key":"FocusPotion"},{"floor":3,"key":"GamblersBrew"},{"floor":11,"key":"Explosive Potion"},{"floor":16,"key":"SteroidPotion"},{"floor":20,"key":"SteroidPotion"}],"is_trial":false,"path_per_floor":["M","M","M","?","M","R","?","R","T","R","E","R","M","?","R","B",null,"M","?","M","M","$","R","E","M","T","M"],"character_chosen":"DEFECT","items_purchased":["PreservedInsect","Lee\u0027s Waffle"],"campfire_rested":2,"item_purchase_floors":[22,22],"current_hp_per_floor":[62,55,40,40,40,40,40,40,40,40,27,48,36,36,55,26,56,54,54,53,29,73,73,18,2,2,2,2],"gold":202,"neow_bonus":"RANDOM_COMMON_RELIC","is_daily":false,"chose_seed":false,"campfire_upgraded":4,"win_rate":0.0,"timestamp":1609029047,"path_taken":["M","M","M","?","M","R","?","R","T","R","E","R","M","?","R","BOSS","M","?","?","M","?","R","E","M","T","M"],"items_purchased_type":["Relic","Relic"],"build_version":"2020-12-22","purchased_purges":1,"victory":false,"max_hp_per_floor":[71,71,71,71,71,71,71,71,71,71,71,71,71,66,66,66,66,66,66,66,66,73,73,73,73,73,73,73],"card_choices":[{"not_picked":["Go for the Eyes","Storm"],"picked":"Rebound","floor":1},{"not_picked":["aspiration:Polymerization","Beam Cell"],"picked":"Sunder","floor":2},{"not_picked":["Reprogram","Barrage"],"picked":"Steam","floor":3},{"not_picked":["Go for the Eyes","Beam Cell"],"picked":"Undo","floor":5},{"not_picked":["Beam Cell","Rebound"],"picked":"Stack","floor":11},{"not_picked":["Skim","Conserve Battery"],"picked":"Glacier","floor":13},{"not_picked":["All For One","Fission"],"picked":"Creative AI","floor":16},{"not_picked":[],"picked":"Leap","floor":18},{"not_picked":["Barrage"],"picked":"SKIP","floor":20},{"not_picked":["Turbo"],"picked":"SKIP","floor":21},{"not_picked":[],"picked":"Ball Lightning","floor":24},{"not_picked":[],"picked":"BootSequence","floor":25}],"player_experience":220173,"relics_obtained":[{"floor":9,"key":"hubris:TenFootPole"},{"floor":11,"key":"vexMod:ConsolationPrize"},{"floor":24,"key":"hubris:PeanutButter"},{"floor":26,"key":"Mummified Hand"}],"event_choices":[{"damage_healed":0,"gold_gain":0,"player_choice":"Lose Max HP","damage_taken":0,"relics_obtained":["Golden Idol"],"max_hp_gain":0,"max_hp_loss":5,"event_name":"Golden Idol","floor":14,"gold_loss":0},{"damage_healed":0,"gold_gain":0,"player_choice":"Upgraded","damage_taken":0,"max_hp_gain":0,"max_hp_loss":0,"event_name":"Upgrade Shrine","floor":19,"gold_loss":0,"cards_upgraded":["Creative AI"]}],"is_beta":false,"boss_relics":[{"not_picked":["aspiration:RunicSpoon","Ectoplasm"],"picked":"Busted Crown"}],"items_purged_floors":[22],"is_endless":false,"potions_floor_spawned":[2,3,11,16,20],"killed_by":"Chosen and Byrds","ascension_level":14}}