{"host":"pe0zhl1vvtkxuc0p","time":1609047236,"event":{"mods":["A Magickal Journey","AchievementEnabler","Act Like it!","Aspiration","BaseMod","Card Forge","Challenge The Spire","Chen","Colored Powertips","Conspire","Curses Come First","GifTheSpireLib","Glutton Mod","Gremlin Mod","Hubris","Hunter 猎人","KinomotoSakuraMod(木之本樱)","LagranYue(拉格朗・月)","Luminous","Minty Spire (QoL Compilation)","Pale of the Ancients","Quick Restart","Relic Filter","Replay The Spire","Shop Mod","Spikes Relics","StSLib","SuperFastMode","Td1madao Mod","The Clintock","The Cursed","The Death Knight","The Dragon Tamer","The Druid","The Factory","The Florist","The Hayseed","The Hierophant","The Jungle","The Mystic","The Necromancer","The Sage","残留之物"],"gold_per_floor":[110,123,123,192,203,203,237,254,302,318,318,318,335,355,355,457,457,457],"floor_reached":17,"playtime":904,"items_purged":[],"score":209,"play_id":"f8d2f91f-0069-424d-8f57-6d6e35d9634b","local_time":"20201227133356","is_ascension_mode":false,"campfire_choices":[{"data":"mysticmod:VorpalThrust","floor":6,"key":"SMITH"},{"data":"Regret","floor":15,"key":"PURGE"}],"circlet_count":0,"master_deck":["mysticmod:Strike_Mystic","mysticmod:Strike_Mystic","mysticmod:Strike_Mystic","mysticmod:Strike_Mystic","mysticmod:Defend_Mystic","mysticmod:Defend_Mystic","mysticmod:Defend_Mystic","mysticmod:ArcaneDodge+1","mysticmod:ShockingGrasp","mysticmod:MirrorStrike","mysticmod:CureLightWounds","mysticmod:BladeMaster+1","mysticmod:Fly+1","mysticmod:VorpalThrust+1","mysticmod:Disintegrate","mysticmod:LightningBolt","mysticmod:Flourish","mysticmod:FiveFootStep","mysticmod:ComboCaster","mysticmod:KnowledgePool"],"relics":["mysticmod:SpellBook","Hammer of Thor","Seething Fire","Anvil of the Gods","LagranYue:RandomDrawCardRelic","NeowsBlessing","Nunchaku","PlaceholderMod:DeVermisMysteriis","War Paint","Replay:Accelerometer","PlaceholderMod:LiveLive"],"acts_visited":["Exordium","TheCity"],"potions_floor_usage":[8,16],"damage_taken":[{"damage":0,"enemies":"Cultist","floor":1,"turns":1},{"damage":0,"enemies":"Jaw Worm","floor":2,"turns":1},{"damage":0,"enemies":"2 Louse","floor":5,"turns":1},{"damage":14,"enemies":"3 Sentries","floor":7,"turns":6},{"damage":0,"enemies":"Exordium Thugs","floor":8,"turns":3},{"damage":2,"enemies":"Looter","floor":10,"turns":2},{"damage":4,"enemies":"Large Slime","floor":13,"turns":4},{"damage":0,"enemies":"3 Louse","floor":14,"turns":2},{"damage":0,"enemies":"Slime Boss","floor":16,"turns":6}],"seed_played":"-183310779536857435","potions_obtained":[{"floor":4,"key":"conspire:TimeTravelPotion"},{"floor":5,"key":"Energy Potion"},{"floor":8,"key":"SteroidPotion"},{"floor":13,"key":"Adrenaline Potion"}],"is_trial":false,"path_per_floor":["M","M","?","?","M","R","E","M","T","M","?","?","M","M","R","B",null],"character_chosen":"MYSTIC_CLASS","items_purchased":[],"campfire_rested":0,"item_purchase_floors":[],"current_hp_per_floor":[77,77,77,58,58,58,47,50,50,48,51,51,50,50,50,53,80,80],"gold":457,"neow_bonus":"THREE_ENEMY_KILL","is_daily":false,"chose_seed":false,"campfire_upgraded":1,"win_rate":0.0,"timestamp":1609047236,"path_taken":["M","?","?","?","M","R","E","M","T","M","?","?","M","M","R","BOSS"],"items_purchased_type":[],"build_version":"2020-12-22","purchased_purges":0,"victory":false,"max_hp_per_floor":[77,77,77,77,77,77,77,77,77,77,80,80,80,80,80,80,80,80],"card_choices":[{"not_picked":["mysticmod:LightningBolt","mysticmod:ChargedParry"],"picked":"mysticmod:MirrorStrike","floor":1},{"not_picked":["mysticmod:HeavyStrike","mysticmod:Daze"],"picked":"mysticmod:CureLightWounds","floor":2},{"not_picked":["mysticmod:MightyMagic","mysticmod:EarthenWall"],"picked":"mysticmod:Fly","floor":4},{"not_picked":["mysticmod:PunishingArmor","mysticmod:BladeMaster"],"picked":"mysticmod:VorpalThrust","floor":5},{"not_picked":["mysticmod:SpellCombat","mysticmod:HeavyStrike"],"picked":"mysticmod:Disintegrate","floor":7},{"not_picked":["mysticmod:Snowball","mysticmod:StyleChange"],"picked":"mysticmod:LightningBolt","floor":8},{"not_picked":["mysticmod:ComponentsPouch","mysticmod:DiviningBlow"],"picked":"mysticmod:Flourish","floor":10},{"not_picked":["mysticmod:KeenEdge","mysticmod:Snowball"],"picked":"mysticmod:FiveFootStep","floor":13},{"not_picked":["mysticmod:Snowball","mysticmod:Riposte"],"picked":"mysticmod:ComboCaster","floor":14},{"not_picked":["mysticmod:Doublecast","mysticmod:SpontaneousCaster"],"picked":"mysticmod:KnowledgePool","floor":16}],"player_experience":504501,"relics_obtained":[{"floor":4,"key":"Nunchaku"},{"floor":7,"key":"PlaceholderMod:DeVermisMysteriis"},{"floor":9,"key":"War Paint"}],"event_choices":[{"damage_healed":0,"gold_gain":0,"player_choice":"Box","damage_taken":0,"relics_obtained":["Replay:Accelerometer"],"max_hp_gain":0,"max_hp_loss":0,"event_name":"Big Fish","floor":12,"gold_loss":0,"cards_obtained":["Regret"]}],"is_beta":false,"boss_relics":[{"not_picked":["CosmicIsotope","Tiny House"],"picked":"PlaceholderMod:LiveLive"}],"items_purged_floors":[],"is_endless":false,"potions_floor_spawned":[5,8,13],"ascension_level":0}}