{"host":"kw4o7b3ro2ktmmbe","time":1609054657,"event":{"mods":["BaseMod","Evolution","Minty Spire (QoL Compilation)","StSLib","The Exalted"],"gold_per_floor":[117,117,127,127,139,158,158,178,178,178,195,195,213,213,213,315,315,315,315],"floor_reached":18,"playtime":1441,"items_purged":[],"score":179,"play_id":"492f43a7-c105-4e9f-bb94-ece61571d1ee","local_time":"20201227203737","is_ascension_mode":false,"campfire_choices":[{"data":"Bromod:ContagiousSpread","floor":7.0,"key":"SMITH"},{"data":"Bromod:FocusEnergy","floor":12.0,"key":"SMITH"},{"data":"Bromod:Flow","floor":15,"key":"SMITH"}],"circlet_count":0,"master_deck":["Bromod:Strike_Bro","Bromod:Strike_Bro","Bromod:Strike_Bro","Bromod:Defend_Bro","Bromod:Defend_Bro","Bromod:Defend_Bro","Bromod:SlashDash","Bromod:SlashDash","Bromod:SlashDash","Bromod:SlashDash","Bromod:ContagiousSpread+1","Bromod:FocusEnergy+1","Bromod:Flow+1","Bromod:BodyCount","Bromod:RelentlessCombination","Bromod:KillingBlow","Bromod:Continuity","CurseOfTheBell"],"relics":["Bromod:Ordis","Bromod:AscarisDevice","EVO:Axolotl","Bromod:ArcaneNullifier","Calling Bell","Regal Pillow","Sundial","Shovel"],"acts_visited":["Exordium","TheCity"],"potions_floor_usage":[16,16],"damage_taken":[{"damage":1.0,"enemies":"Cultist","floor":1.0,"turns":4.0},{"damage":3.0,"enemies":"Jaw Worm","floor":3.0,"turns":3.0},{"damage":0.0,"enemies":"2 Louse","floor":5.0,"turns":2.0},{"damage":10.0,"enemies":"Lots of Slimes","floor":6.0,"turns":4.0},{"damage":0.0,"enemies":"Large Slime","floor":8.0,"turns":4.0},{"damage":8.0,"enemies":"Red Slaver","floor":11.0,"turns":3.0},{"damage":7.0,"enemies":"2 Fungi Beasts","floor":13.0,"turns":3.0},{"damage":48,"enemies":"Hexaghost","floor":16,"turns":9},{"damage":8,"enemies":"3 Byrds","floor":18,"turns":3}],"seed_played":"9061338711712984254","potions_obtained":[{"floor":3.0,"key":"Swift Potion"},{"floor":5.0,"key":"ColorlessPotion"},{"floor":8.0,"key":"Strength Potion"},{"floor":16,"key":"FearPotion"}],"is_trial":false,"path_per_floor":["M","?","M","?","M","M","R","M","T","?","M","R","M","?","R","B",null,"M"],"character_chosen":"THE_EXALTED","items_purchased":[],"campfire_rested":0,"item_purchase_floors":[],"current_hp_per_floor":[81,74,71,76,76,66,66,66,66,66,58,58,51,51,51,3,87,79,79],"gold":315,"neow_bonus":"TEN_PERCENT_HP_BONUS","is_daily":false,"chose_seed":false,"campfire_upgraded":3,"win_rate":0.0,"timestamp":1609054657,"path_taken":["M","?","M","?","M","M","R","M","T","?","M","R","?","?","R","BOSS","M"],"items_purchased_type":[],"build_version":"2020-12-22","purchased_purges":0,"victory":false,"max_hp_per_floor":[82,82,82,87,87,87,87,87,87,87,87,87,87,87,87,87,87,87,87],"card_choices":[{"not_picked":["Bromod:SteelCharge","Bromod:Foundry"],"picked":"Bromod:SlashDash","floor":1.0},{"not_picked":["Bromod:BulletJump","Bromod:OrganShatter"],"picked":"Bromod:ContagiousSpread","floor":3.0},{"not_picked":["Bromod:SlipMagazine","Bromod:Reflection","Bromod:Vitality"],"picked":"SKIP","floor":5.0},{"not_picked":["Bromod:QuickDraw","Bromod:RadialBlind","Bromod:HornetStrike"],"picked":"SKIP","floor":6.0},{"not_picked":["Bromod:NoReturn","Bromod:Rejuvenation"],"picked":"Bromod:FocusEnergy","floor":8.0},{"not_picked":["Bromod:Provoked","Bromod:Redirection"],"picked":"Bromod:RelentlessCombination","floor":11.0},{"not_picked":["Bromod:PointStrike","Bromod:PressurePoint"],"picked":"Bromod:KillingBlow","floor":13.0},{"not_picked":["Bromod:ToxicBarrage","Bromod:LethalTorrent"],"picked":"Bromod:Continuity","floor":16}],"player_experience":1761903,"relics_obtained":[{"floor":17,"key":"Regal Pillow"},{"floor":17,"key":"Sundial"},{"floor":17,"key":"Shovel"}],"event_choices":[{"cards_removed":["Bromod:Defend_Bro"],"damage_healed":0.0,"max_hp_gain":0.0,"max_hp_loss":0.0,"gold_gain":0.0,"event_name":"Golden Wing","player_choice":"Card Removal","floor":2.0,"gold_loss":0.0,"damage_taken":7.0},{"damage_healed":0.0,"max_hp_gain":5.0,"max_hp_loss":0.0,"gold_gain":0.0,"event_name":"Big Fish","player_choice":"Donut","floor":4.0,"gold_loss":0.0,"damage_taken":0.0},{"damage_healed":0.0,"max_hp_gain":0.0,"max_hp_loss":0.0,"gold_gain":0.0,"event_name":"Match and Keep!","player_choice":"2 cards matched","floor":10.0,"gold_loss":0.0,"damage_taken":0.0,"cards_obtained":["Bromod:Flow","Bromod:BodyCount"]},{"damage_healed":0,"gold_gain":0,"player_choice":"Searched \u00271\u0027 times","damage_taken":0,"relics_obtained":["Bromod:ArcaneNullifier"],"max_hp_gain":0,"max_hp_loss":0,"event_name":"Dead Adventurer","floor":14,"gold_loss":0}],"is_beta":false,"boss_relics":[{"not_picked":["Runic Pyramid","Pandora\u0027s Box"],"picked":"Calling Bell"}],"items_purged_floors":[],"is_endless":false,"potions_floor_spawned":[3,5,8,16],"killed_by":"3 Byrds","ascension_level":0}}