{"host":"7rmsgc3rayi00cdt","time":1609078915,"event":{"mods":["BaseMod","Minty Spire (QoL Compilation)"],"gold_per_floor":[117,267,267,21,21,21,80,80,160,185,185,202,202,221,221,295,295,235,235,235,9,9,9,9,9,9,9,9,9,9,9,9,9,9,9,0,0,0,0,0,0,0,0,0,0,0,0,0,0,0,0],"floor_reached":50,"playtime":2121,"items_purged":["Regret"],"score":980,"play_id":"c90beeb9-6378-4a88-8bb6-332fd3f29f67","local_time":"20201227142155","is_ascension_mode":true,"campfire_choices":[{"floor":6,"key":"REST"},{"floor":8,"key":"REST"},{"floor":11,"key":"REST"},{"floor":15,"key":"REST"},{"floor":24,"key":"REST"},{"floor":27,"key":"REST"},{"floor":32,"key":"REST"},{"floor":40,"key":"REST"},{"data":"Survivor","floor":46,"key":"SMITH"},{"floor":49,"key":"REST"}],"circlet_count":0,"master_deck":["AscendersBane","Strike_G","Strike_G","Strike_G","Strike_G","Strike_G+1","Defend_G","Defend_G","Defend_G","Defend_G","Defend_G","Survivor+1","Neutralize","Terror+1","Acrobatics","Finisher","Infinite Blades","Escape Plan","Adrenaline","Dagger Throw","Expertise","Poisoned Stab","Noxious Fumes","Deflect+1","RitualDagger","Sucker Punch+1","Escape Plan","Decay","Envenom","CurseOfTheBell","Dagger Spray","Infinite Blades","Writhe","Malaise","Glass Knife","Backstab"],"relics":["Ring of the Snake","The Specimen","TwistedFunnel","CaptainsWheel","StrikeDummy","The Courier","Ectoplasm","Paper Crane","Shuriken","MawBank","Calling Bell","Tiny Chest","Ninja Scroll","Turnip","Red Mask","FossilizedHelix","Happy Flower","Potion Belt","Bronze Scales","Frozen Egg 2"],"acts_visited":["TheCity","TheBeyond"],"potions_floor_usage":[10,19,20,23,29,30,33,33,50,50,50],"damage_taken":[{"damage":10.0,"enemies":"Small Slimes","floor":1.0,"turns":4.0},{"damage":44,"enemies":"Lagavulin Event","floor":7,"turns":6},{"damage":16,"enemies":"3 Sentries","floor":10,"turns":11},{"damage":0,"enemies":"2 Louse","floor":12,"turns":2},{"damage":0,"enemies":"Jaw Worm","floor":14,"turns":3},{"damage":14,"enemies":"Hexaghost","floor":16,"turns":7},{"damage":6,"enemies":"2 Thieves","floor":18,"turns":4},{"damage":0,"enemies":"3 Byrds","floor":19,"turns":4},{"damage":24,"enemies":"Centurion and Healer","floor":20,"turns":6},{"damage":23,"enemies":"Snecko","floor":22,"turns":7},{"damage":9,"enemies":"Book of Stabbing","floor":23,"turns":5},{"damage":4,"enemies":"Sentry and Sphere","floor":28,"turns":4},{"damage":0,"enemies":"Centurion and Healer","floor":29,"turns":5},{"damage":16,"enemies":"Snake Plant","floor":30,"turns":2},{"damage":31,"enemies":"Champ","floor":33,"turns":9},{"damage":19,"enemies":"3 Darklings","floor":35,"turns":5},{"damage":3,"enemies":"Mind Bloom Boss Battle","floor":38,"turns":7},{"damage":0,"enemies":"Orb Walker","floor":41,"turns":3},{"damage":9,"enemies":"Nemesis","floor":45,"turns":7},{"damage":9,"enemies":"Reptomancer","floor":47,"turns":5},{"damage":17,"enemies":"Writhing Mass","floor":48,"turns":6},{"damage":65,"enemies":"Awakened One","floor":50,"turns":13}],"seed_played":"3463165845146374400","potions_obtained":[{"floor":7,"key":"SkillPotion"},{"floor":14,"key":"Dexterity Potion"},{"floor":16,"key":"Weak Potion"},{"floor":19,"key":"PowerPotion"},{"floor":23,"key":"SneckoOil"},{"floor":28,"key":"Swift Potion"},{"floor":29,"key":"PowerPotion"},{"floor":30,"key":"Regen Potion"},{"floor":33,"key":"SmokeBomb"},{"floor":41,"key":"BlessingOfTheForge"},{"floor":47,"key":"Poison Potion"},{"floor":48,"key":"PowerPotion"}],"is_trial":false,"path_per_floor":["M","?","?","$","?","R","?","R","T","E","R","M","?","M","R","B",null,"M","M","M","$","M","E","R","?","T","R","M","M","M","?","R","B",null,"M","?","?","?","T","R","M","$","T","?","E","R","E","M","R","B"],"character_chosen":"THE_SILENT","items_purchased":["TwistedFunnel","Paper Crane"],"campfire_rested":9,"item_purchase_floors":[4,21],"current_hp_per_floor":[55,55,55,55,33,54,10,31,31,15,36,36,36,36,57,43,65,59,59,35,35,12,3,24,18,18,39,35,35,19,19,40,24,60,41,41,41,38,38,59,59,59,59,72,63,63,54,37,58,0,0],"gold":0,"neow_bonus":"TEN_PERCENT_HP_BONUS","is_daily":false,"chose_seed":false,"campfire_upgraded":1,"win_rate":0.0,"timestamp":1609078915,"path_taken":["M","?","?","$","?","R","?","R","T","E","R","?","?","M","R","BOSS","M","M","M","$","M","E","R","?","T","R","M","M","M","?","R","BOSS","M","?","?","?","?","R","M","$","T","?","E","R","E","M","R","BOSS"],"items_purchased_type":["Relic","Relic"],"build_version":"2020-12-22","purchased_purges":1,"victory":false,"max_hp_per_floor":[72,72,72,72,72,72,72,72,72,72,72,72,72,72,72,72,72,72,72,72,72,72,72,72,72,72,72,72,72,72,72,72,72,72,72,72,72,72,72,72,72,72,72,72,72,72,72,72,72,72,72],"card_choices":[{"not_picked":["Bane","Footwork"],"picked":"Terror","floor":1},{"not_picked":["Expertise","Outmaneuver"],"picked":"Acrobatics","floor":7},{"not_picked":["Phantasmal Killer","Outmaneuver"],"picked":"Finisher","floor":10},{"not_picked":["Flying Knee","Prepared"],"picked":"Infinite Blades","floor":12},{"not_picked":["PiercingWail","Dagger Throw"],"picked":"Escape Plan","floor":14},{"not_picked":["Storm of Steel","Malaise"],"picked":"Adrenaline","floor":16},{"not_picked":["Dagger Spray","Bane"],"picked":"Dagger Throw","floor":18},{"not_picked":["Dagger Spray","Riddle With Holes"],"picked":"Expertise","floor":19},{"not_picked":["Slice","Dagger Throw"],"picked":"Poisoned Stab","floor":20},{"not_picked":["Deflect","Blade Dance"],"picked":"Noxious Fumes","floor":22},{"not_picked":["Dagger Throw","Quick Slash"],"picked":"Deflect+1","floor":23},{"not_picked":["Heel Hook","Cloak And Dagger"],"picked":"Sucker Punch+1","floor":28},{"not_picked":["Bullet Time","Prepared"],"picked":"Escape Plan","floor":29},{"not_picked":["Dagger Throw","Distraction+1"],"picked":"Underhanded Strike","floor":30},{"not_picked":["Grand Finale","Adrenaline"],"picked":"Envenom","floor":33},{"not_picked":["Envenom","Flying Knee+1"],"picked":"Dagger Spray","floor":35},{"not_picked":["Sucker Punch","Quick Slash"],"picked":"Infinite Blades","floor":41},{"not_picked":["Poisoned Stab","Dagger Spray"],"picked":"Malaise","floor":45},{"not_picked":["Slice+1","Dodge and Roll"],"picked":"Glass Knife","floor":47},{"not_picked":["Acrobatics","Dodge and Roll"],"picked":"Backstab","floor":48}],"player_experience":725171,"relics_obtained":[{"floor":7,"key":"CaptainsWheel"},{"floor":9,"key":"StrikeDummy"},{"floor":10,"key":"The Courier"},{"floor":23,"key":"Shuriken"},{"floor":26,"key":"MawBank"},{"floor":34,"key":"Tiny Chest"},{"floor":34,"key":"Ninja Scroll"},{"floor":34,"key":"Turnip"},{"floor":38,"key":"FossilizedHelix"},{"floor":39,"key":"Happy Flower"},{"floor":43,"key":"Potion Belt"},{"floor":45,"key":"Bronze Scales"},{"floor":47,"key":"Frozen Egg 2"}],"event_choices":[{"damage_healed":0,"gold_gain":150,"player_choice":"AGREE","damage_taken":0,"max_hp_gain":0,"max_hp_loss":0,"event_name":"Liars Game","floor":2,"gold_loss":0,"cards_obtained":["Doubt"]},{"damage_healed":0,"gold_gain":0,"player_choice":"Box","damage_taken":0,"relics_obtained":["The Specimen"],"max_hp_gain":0,"max_hp_loss":0,"event_name":"Big Fish","floor":3,"gold_loss":0,"cards_obtained":["Regret"]},{"damage_healed":0,"gold_gain":0,"player_choice":"Entered Light","damage_taken":22,"max_hp_gain":0,"max_hp_loss":0,"event_name":"Shining Light","floor":5,"gold_loss":0,"cards_upgraded":["Strike_G","Terror"]},{"damage_healed":0,"gold_gain":30,"player_choice":"Searched \u00272\u0027 times","damage_taken":0,"max_hp_gain":0,"max_hp_loss":0,"event_name":"Dead Adventurer","floor":7,"gold_loss":0},{"cards_removed":["Doubt"],"damage_healed":0,"gold_gain":0,"player_choice":"Forget","damage_taken":0,"max_hp_gain":0,"max_hp_loss":0,"event_name":"Living Wall","floor":13,"gold_loss":0},{"damage_healed":0,"gold_gain":0,"player_choice":"Joined the Cult","damage_taken":6,"max_hp_gain":0,"max_hp_loss":0,"event_name":"Nest","floor":25,"gold_loss":0,"cards_obtained":["RitualDagger"]},{"damage_healed":0,"gold_gain":0,"player_choice":"Smashed Altar","damage_taken":0,"max_hp_gain":0,"max_hp_loss":0,"event_name":"Forgotten Altar","floor":31,"gold_loss":0,"cards_obtained":["Decay"]},{"damage_healed":0,"gold_gain":0,"player_choice":"Paid","damage_taken":0,"relics_obtained":["Red Mask"],"max_hp_gain":0,"max_hp_loss":0,"event_name":"Tomb of Lord Red Mask","floor":36,"gold_loss":9},{"cards_removed":["Underhanded Strike"],"damage_healed":0,"gold_gain":0,"player_choice":"Removed Attack","damage_taken":0,"max_hp_gain":0,"max_hp_loss":0,"event_name":"Falling","floor":37,"gold_loss":0},{"damage_healed":0,"gold_gain":0,"player_choice":"Fight","damage_taken":0,"max_hp_gain":0,"max_hp_loss":0,"event_name":"MindBloom","floor":38,"gold_loss":0},{"damage_healed":14,"gold_gain":0,"player_choice":"Writhe","damage_taken":0,"max_hp_gain":0,"max_hp_loss":0,"event_name":"Winding Halls","floor":44,"gold_loss":0,"cards_obtained":["Writhe"]}],"is_beta":false,"boss_relics":[{"not_picked":["Coffee Dripper","Runic Dome"],"picked":"Ectoplasm"},{"not_picked":["Philosopher\u0027s Stone","Runic Pyramid"],"picked":"Calling Bell"}],"items_purged_floors":[4],"is_endless":false,"potions_floor_spawned":[7,14,16,19,23,28,29,30,33,41,47,48],"killed_by":"Awakened One","ascension_level":17}}