{"host":"l8lkgdumzpe3823a","time":1609111048,"event":{"mods":["Always Whale","Aspiration","BaseMod","Better Note","Clockwork Mod","Colored Powertips","Curses Come First","Custom Start","DeckTracker","Defuse TimeMaze Blight","Highlight Path","Hubris","Infinite Spire","Minty Spire (QoL Compilation)","Quick Restart","Replay The Spire","Shop Mod","StSLib","SuperFastMode","The Construct","The Dragon Tamer","vexMod"],"gold_per_floor":[114,114,41,41,57,88,88,8,8,8,8,64,139,153,153,254,354,373,298,153,153,171,171,199,199,222,233,243,255,255,273,273,371,371,381,381,481,481,494,494,494,494],"floor_reached":41,"playtime":1107,"items_purged":["hubris:Disease","Choke"],"score":595,"play_id":"4b693b7e-3e14-480b-b17b-17f7982a7691","local_time":"20201227171728","is_ascension_mode":true,"campfire_choices":[{"floor":7,"key":"REST"},{"data":"Flame Barrier","floor":10,"key":"SMITH"},{"data":"Immolate","floor":15,"key":"SMITH"},{"data":"Defy Death","floor":23,"key":"SMITH"},{"floor":25,"key":"REST"},{"data":"Crow Ritual","floor":32,"key":"SMITH"},{"data":"Impatience","floor":40,"key":"SMITH"}],"circlet_count":0,"master_deck":["Bash+1","Immolate+1","Corruption+1","Flame Barrier+1","Fiend Fire+1","hubris:DuctTapeCard","Defy Death+1","Dropkick+1","Sadistic Nature","Crow Ritual+1","Impatience+1","Massacre","Bloodletting","Shrug It Off","Feed","Dagger Spray","A Thousand Cuts"],"relics":["Burning Blood","hubris:TenFootPole","Toy Ornithopter","infinitespire:Satchel","ReplayTheSpireMod:CursedCoin","Replay:Grab Bag","Replay:Wanted Poster","Electric Blood","Calling Bell","vexMod:ImprovementManual","PreservedInsect","hubris:DuctTape","hubris:Spice","Orrery","Bag of Preparation","Boot","ReplayTheSpireMod:ShopPack","Pandora\u0027s Box","Pondfish Scales"],"acts_visited":["Exordium","TheCity","TheBeyond"],"potions_floor_usage":[6],"damage_taken":[{"damage":6,"enemies":"Jaw Worm","floor":1,"turns":5},{"damage":9,"enemies":"Small Slimes","floor":5,"turns":4},{"damage":42,"enemies":"Lagavulin","floor":6,"turns":5},{"damage":20,"enemies":"Gremlin Nob","floor":12,"turns":4},{"damage":0,"enemies":"2 Louse","floor":14,"turns":1},{"damage":50,"enemies":"The Guardian","floor":16,"turns":14},{"damage":18,"enemies":"2 Thieves","floor":18,"turns":3},{"damage":6,"enemies":"Chosen","floor":22,"turns":2},{"damage":23,"enemies":"Book of Stabbing","floor":24,"turns":4},{"damage":7,"enemies":"Centurion and Healer","floor":27,"turns":3},{"damage":7,"enemies":"Snecko","floor":28,"turns":3},{"damage":17,"enemies":"Sentry and Sphere","floor":29,"turns":4},{"damage":11,"enemies":"Centurion and Healer","floor":31,"turns":3},{"damage":19,"enemies":"Collector","floor":33,"turns":5},{"damage":2,"enemies":"Orb Walker","floor":35,"turns":1},{"damage":52,"enemies":"3 Shapes","floor":39,"turns":2},{"damage":45,"enemies":"Reptomancer","floor":41,"turns":2}],"seed_played":"-3340826112173312071","potions_obtained":[{"floor":5,"key":"SteroidPotion"},{"floor":12,"key":"GamblersBrew"},{"floor":16,"key":"Weak Potion"},{"floor":24,"key":"SneckoOil"},{"floor":27,"key":"PowerPotion"},{"floor":31,"key":"Adrenaline Potion"}],"is_trial":false,"path_per_floor":["M","?","$","?","M","E","R","$","T","R","$","?","$","M","R","B",null,"M","?","$","?","M","R","E","R","T","M","M","M","AVR","M","R","B",null,"M","?","?","AVR","M","R","E"],"character_chosen":"IRONCLAD","items_purchased":["Corruption","Flame Barrier","ReplayTheSpireMod:CursedCoin","Orrery"],"campfire_rested":2,"item_purchase_floors":[3,8,13,20],"current_hp_per_floor":[72,72,72,77,74,38,63,63,63,63,63,49,49,55,55,11,75,63,63,63,60,60,60,43,70,70,69,68,57,57,52,52,39,80,84,84,84,84,41,41,0,0],"gold":494,"neow_bonus":"ONE_RANDOM_RARE_CARD","is_daily":false,"chose_seed":false,"campfire_upgraded":5,"win_rate":0.0,"timestamp":1609111048,"path_taken":["M","?","$","?","?","E","R","$","T","R","$","?","?","M","R","BOSS","M","?","$","?","M","R","E","R","T","M","?","M","AVR","M","R","BOSS","M","?","?","AVR","?","R","E"],"items_purchased_type":["Card","Card","Relic","Relic"],"build_version":"2020-12-22","purchased_purges":2,"victory":false,"max_hp_per_floor":[80,80,80,85,85,85,85,85,85,85,85,85,85,85,85,85,93,93,93,93,93,93,93,93,93,93,93,93,93,93,93,93,93,93,93,93,93,93,96,96,96,96],"card_choices":[{"not_picked":["Clash","Heavy Blade"],"picked":"ReplayTheSpireMod:Strike From Hell","floor":1},{"not_picked":["ReplayTheSpireMod:Strike From Hell","Thunderclap","Pommel Strike"],"picked":"SKIP","floor":5},{"not_picked":["Iron Wave","ReplayTheSpireMod:Stacked","Hemogenesis"],"picked":"SKIP","floor":6},{"not_picked":["Dual Wield","Perfected Strike","Run Through"],"picked":"SKIP","floor":14},{"not_picked":["Hemogenesis","Corruption"],"picked":"Fiend Fire","floor":16},{"not_picked":["Sword Boomerang","Cleave","Perfected Strike+1"],"picked":"SKIP","floor":18},{"not_picked":["Corruption","Massacre"],"picked":"Defy Death","floor":20},{"not_picked":["Intimidate","Thunderclap"],"picked":"Dropkick+1","floor":20},{"not_picked":["Run Through","Bloodletting","Heavy Blade"],"picked":"SKIP","floor":22},{"not_picked":["Uppercut","True Grit","Seeing Red"],"picked":"SKIP","floor":24},{"not_picked":["Intimidate","Dark Embrace+1","Warcry"],"picked":"SKIP","floor":27},{"not_picked":["Run Through","Perfected Strike","hubris:CleavingFinish"],"picked":"SKIP","floor":28},{"not_picked":["ReplayTheSpireMod:Limb From Limb","Pommel Strike","Dark Embrace"],"picked":"SKIP","floor":29},{"not_picked":["The Bomb","ReplayTheSpireMod:Brewmster"],"picked":"Sadistic Nature","floor":30},{"not_picked":["ReplayUltimateDefense","Replay:BasicMightCard"],"picked":"Crow Ritual","floor":30},{"not_picked":["Trip","Replay:Sssssssssstrike"],"picked":"Impatience","floor":30},{"not_picked":["Combust","Iron Wave","hubris:ReadiedAction"],"picked":"SKIP","floor":31},{"not_picked":["Ghostly Armor+1","Wild Strike","Shockwave+1"],"picked":"SKIP","floor":35},{"not_picked":["Rupture+1","Wild Strike","Armaments+1"],"picked":"SKIP","floor":39}],"player_experience":645324,"relics_obtained":[{"floor":6,"key":"hubris:TenFootPole"},{"floor":9,"key":"Toy Ornithopter"},{"floor":17,"key":"PreservedInsect"},{"floor":17,"key":"hubris:DuctTape"},{"floor":17,"key":"hubris:Spice"},{"floor":24,"key":"Bag of Preparation"},{"floor":26,"key":"Boot"}],"event_choices":[{"cards_removed":["ReplayTheSpireMod:Strike From Hell"],"damage_healed":0,"gold_gain":0,"player_choice":"Forget","damage_taken":0,"max_hp_gain":0,"max_hp_loss":0,"event_name":"Living Wall","floor":2,"gold_loss":0},{"damage_healed":0,"gold_gain":0,"player_choice":"Donut","damage_taken":0,"max_hp_gain":5,"max_hp_loss":0,"event_name":"Big Fish","floor":4,"gold_loss":0},{"damage_healed":0,"gold_gain":0,"player_choice":"Searched \u00272\u0027 times","damage_taken":0,"relics_obtained":["infinitespire:Satchel"],"max_hp_gain":0,"max_hp_loss":0,"event_name":"Dead Adventurer","floor":12,"gold_loss":0},{"cards_removed":["Strike_R"],"damage_healed":0,"gold_gain":0,"player_choice":"Gave Gold","damage_taken":0,"max_hp_gain":0,"max_hp_loss":0,"event_name":"Beggar","floor":19,"gold_loss":75},{"damage_healed":0,"gold_gain":0,"player_choice":"","damage_taken":6,"max_hp_gain":0,"max_hp_loss":0,"event_name":"Knowing Skull","floor":21,"potions_obtained":[],"gold_loss":0,"cards_obtained":[]},{"damage_healed":0,"gold_gain":100,"player_choice":"Pray","damage_taken":0,"max_hp_gain":0,"max_hp_loss":0,"event_name":"Golden Shrine","floor":37,"gold_loss":0}],"is_beta":false,"boss_relics":[{"not_picked":["hubris:ScarierMask","Snecko Eye"],"picked":"Replay:Grab Bag"},{"not_picked":["Replay:Bronze Core","hubris:TerracottaHorce"],"picked":"Replay:Wanted Poster"},{"not_picked":["Ectoplasm","Runic Dome"],"picked":"Electric Blood"},{"not_picked":["construct:ClawGrip","vexMod:BigBerry"],"picked":"Calling Bell"},{"not_picked":["ReplayTheSpireMod:SealedPack","aspiration:RitualDagger"],"picked":"vexMod:ImprovementManual"},{"not_picked":["Snecko Heart","aspiration:FutureDiary"],"picked":"Pandora\u0027s Box"}],"items_purged_floors":[13,38],"is_endless":false,"potions_floor_spawned":[5,12,16,24,27,29,31,39],"killed_by":"Reptomancer","ascension_level":8}}