{"host":"phniwng9zo19jwdb","time":1609055425,"event":{"mods":["AchievementEnabler","BaseMod","Colored Powertips","Faster Ascension Climbing","GifTheSpireLib","Minty Spire (QoL Compilation)","Permanent Neow","Rare Cards Sparkle","Somnambulant","StSLib"],"gold_per_floor":[111,126,139,64,76,76,102,102,127,155,155,155,155,155],"floor_reached":13,"playtime":476,"items_purged":["somnambulantmod: SomnambulantStrike"],"score":140,"play_id":"788b9efe-1171-4f6b-bb5f-d446a5e482e2","local_time":"20201227085025","is_ascension_mode":true,"campfire_choices":[{"data":"somnambulantmod: QuickNap","floor":6,"key":"SMITH"},{"floor":8,"key":"REST"},{"floor":11,"key":"REST"}],"circlet_count":0,"master_deck":["AscendersBane","somnambulantmod: SomnambulantStrike","somnambulantmod: SomnambulantStrike","somnambulantmod: Defend_Somnambulant","somnambulantmod: Defend_Somnambulant","somnambulantmod: Defend_Somnambulant+1","somnambulantmod: Defend_Somnambulant","somnambulantmod: Defend_Somnambulant","somnambulantmod: QuickNap+1","somnambulantmod: PrimingPunch","somnambulantmod: BrainFeeder","somnambulantmod: BrainFeeder+1","somnambulantmod: DarkeningMind","somnambulantmod: Wake"],"relics":["somnambulantmod: DreamJournal","Tiny Chest","Bag of Preparation","Anchor","Eternal Feather"],"acts_visited":["Exordium"],"potions_floor_usage":[7],"damage_taken":[{"damage":1,"enemies":"Cultist","floor":1,"turns":3},{"damage":2,"enemies":"Jaw Worm","floor":2,"turns":4},{"damage":4,"enemies":"Small Slimes","floor":3,"turns":7},{"damage":11,"enemies":"Exordium Wildlife","floor":5,"turns":6},{"damage":27,"enemies":"Gremlin Nob","floor":7,"turns":5},{"damage":27,"enemies":"Lagavulin","floor":10,"turns":7},{"damage":0,"enemies":"Gremlin Nob","floor":13,"turns":1}],"seed_played":"2024963572352744185","potions_obtained":[{"floor":3,"key":"PowerPotion"}],"is_trial":false,"path_per_floor":["M","M","M","$","M","R","E","R","T","E","R","T","E"],"character_chosen":"THE_SOMNAMBULANT","items_purchased":[],"campfire_rested":2,"item_purchase_floors":[],"current_hp_per_floor":[62,60,56,56,45,45,18,38,38,11,32,32,32,32],"gold":155,"neow_bonus":"REMOVE_TWO","is_daily":false,"chose_seed":false,"campfire_upgraded":1,"win_rate":0.0,"timestamp":1609055425,"path_taken":["M","M","M","?","M","R","E","R","T","E","R","?","E"],"items_purchased_type":[],"build_version":"2020-12-22","purchased_purges":1,"victory":false,"max_hp_per_floor":[63,63,63,63,63,63,63,65,65,65,67,67,67,67],"card_choices":[{"not_picked":["somnambulantmod: Unmake","somnambulantmod: Unknow"],"picked":"somnambulantmod: BrainFeeder","floor":1},{"not_picked":["somnambulantmod: Stumble","somnambulantmod: RecurringDream"],"picked":"somnambulantmod: BrainFeeder","floor":2},{"not_picked":["somnambulantmod: Remember","somnambulantmod: Trauma"],"picked":"somnambulantmod: DarkeningMind","floor":3},{"not_picked":["somnambulantmod: Blink","somnambulantmod: Stumble","somnambulantmod: HappyThoughts"],"picked":"SKIP","floor":5},{"not_picked":["somnambulantmod: TimeCompression","somnambulantmod: Harden"],"picked":"somnambulantmod: Wake","floor":7},{"not_picked":["somnambulantmod: Overshare","somnambulantmod: LeechFears","somnambulantmod: Nosebleed"],"picked":"SKIP","floor":10}],"player_experience":22343,"relics_obtained":[{"floor":7,"key":"Tiny Chest"},{"floor":9,"key":"Bag of Preparation"},{"floor":10,"key":"Anchor"},{"floor":12,"key":"Eternal Feather"}],"event_choices":[],"is_beta":false,"boss_relics":[],"items_purged_floors":[4],"is_endless":false,"potions_floor_spawned":[3],"killed_by":"Gremlin Nob","ascension_level":10}}