{"host":"sh8ot41fo7a0kahq","time":1609064985,"event":{"mods":["ATMod(°¢èªMod)","BaseMod","Better Third Choice","Colored Powertips","Displayed Cursed Tome","Minty Spire (QoL Compilation)","Quick Restart","Spicy Shops","StSLib","UnlockEverythingMod","¡¾ÒÅÎï¿¨ÅÆ¡¿REMEMod"],"gold_per_floor":[118,131,206,222,222,256,268,311,401,437,449,461,318,344,344,442,442,452,452,112,164,264,299,299,332,332,349,349,349,448,363,363,463,463,480,92,92,109,123,154,154,166,189,219,66,78,112,128,128,128,128],"floor_reached":50,"playtime":3948,"items_purged":["Strike_G","Strike_G"],"score":993,"play_id":"6e3ecaee-abae-4fb3-8062-a3a5cfec101f","local_time":"20201227182945","is_ascension_mode":true,"campfire_choices":[{"data":"AT_RealColorLess","floor":7.0,"key":"SMITH"},{"floor":12.0,"key":"REST"},{"data":"Adrenaline","floor":15.0,"key":"SMITH"},{"data":"Tactician","floor":24.0,"key":"SMITH"},{"floor":29.0,"key":"DIG"},{"floor":32.0,"key":"RECALL"},{"floor":41.0,"key":"DIG"},{"floor":49.0,"key":"REST"}],"circlet_count":0,"master_deck":["Strike_G","Strike_G+1","Strike_G","Defend_G","Defend_G","Defend_G","Defend_G","Defend_G","Survivor","Neutralize+1","AT_RealColorLess+1","White Noise","Calculated Gamble","Prepared","AT_ShrugMaster","Backflip","Tactician+1","Adrenaline+1","AT_ThistleTea","Venomology","AT_WindRun","AT_ShadowStep","AT_WindFlip+1","REME_ShadowForm","AT_KingSlayer"],"relics":["Ring of the Snake","AT_ATBox","REME_ComplimentaryCards","NeowsBlessing","Ice Cream","MawBank","Whetstone","Gremlin Horn","Odd Mushroom","ClockworkSouvenir","REME_PuzzleBoxRelic","WristBlade","AT_ChloranthyRing","Frozen Eye","Tiny Chest","AT_RabadonDeathcap","Blood Vial","Shovel","Ornamental Fan","Meat on the Bone","SlaversCollar","AT_ArchangelStaff","Strange Spoon","Oddly Smooth Stone","Ancient Tea Set","Omamori","PreservedInsect","Anchor","AT_BladeRuinedKing","Sundial"],"acts_visited":["Exordium","TheCity","TheBeyond"],"potions_floor_usage":[],"damage_taken":[{"damage":0.0,"enemies":"Cultist","floor":1.0,"turns":1.0},{"damage":0.0,"enemies":"Jaw Worm","floor":2.0,"turns":1.0},{"damage":0.0,"enemies":"2 Louse","floor":4.0,"turns":1.0},{"damage":45.0,"enemies":"Gremlin Nob","floor":6.0,"turns":6.0},{"damage":4.0,"enemies":"3 Sentries","floor":8.0,"turns":8.0},{"damage":0.0,"enemies":"The Mushroom Lair","floor":10.0,"turns":4.0},{"damage":2.0,"enemies":"Lagavulin","floor":14.0,"turns":6.0},{"damage":0.0,"enemies":"The Guardian","floor":16.0,"turns":8.0},{"damage":8.0,"enemies":"3 Byrds","floor":18.0,"turns":5.0},{"damage":10.0,"enemies":"Shell Parasite","floor":22.0,"turns":6.0},{"damage":0.0,"enemies":"Gremlin Leader","floor":23.0,"turns":5.0},{"damage":19.0,"enemies":"Slavers","floor":25.0,"turns":3.0},{"damage":13.0,"enemies":"Sentry and Sphere","floor":27.0,"turns":4.0},{"damage":17.0,"enemies":"Collector","floor":33.0,"turns":6.0},{"damage":11.0,"enemies":"Orb Walker","floor":35.0,"turns":4.0},{"damage":12.0,"enemies":"3 Shapes","floor":38.0,"turns":3.0},{"damage":8.0,"enemies":"Transient","floor":39.0,"turns":5.0},{"damage":0.0,"enemies":"Reptomancer","floor":40.0,"turns":4.0},{"damage":0.0,"enemies":"Spire Growth","floor":42.0,"turns":2.0},{"damage":1.0,"enemies":"Giant Head","floor":44.0,"turns":6.0},{"damage":20.0,"enemies":"Jaw Worm Horde","floor":46.0,"turns":3.0},{"damage":0.0,"enemies":"Reptomancer","floor":47.0,"turns":2.0},{"damage":0.0,"enemies":"Transient","floor":48.0,"turns":4.0},{"damage":64,"enemies":"Time Eater","floor":50,"turns":5}],"seed_played":"2662755146456628528","potions_obtained":[{"floor":1.0,"key":"DuplicationPotion"},{"floor":8.0,"key":"Explosive Potion"},{"floor":14.0,"key":"Explosive Potion"}],"is_trial":false,"path_per_floor":["M","M","?","M","?","E","R","E","T","?","T","R","$","E","R","B",null,"M","?","$","T","M","E","R","E","T","M","?","R","?","?","R","B",null,"M","$","T","M","M","E","R","M","T","E","$","M","E","M","R","B"],"character_chosen":"THE_SILENT","items_purchased":["ClockworkSouvenir","AT_ChloranthyRing","AT_WindRun","Frozen Eye","AT_ArchangelStaff","Strange Spoon","AT_BladeRuinedKing"],"campfire_rested":2,"item_purchase_floors":[13,20,20,20,36,36,45],"current_hp_per_floor":[70,70,59,59,54,9,9,5,5,5,5,26,26,24,24,24,59,51,51,51,51,41,41,41,22,22,11,34,34,34,34,34,31,60,51,51,51,41,35,37,37,39,39,40,40,34,36,38,59,0,0],"gold":128,"neow_bonus":"THREE_ENEMY_KILL","is_daily":false,"chose_seed":false,"campfire_upgraded":3,"win_rate":0.0,"timestamp":1609064985,"path_taken":["M","?","?","M","?","E","R","E","T","?","?","R","$","E","R","BOSS","M","?","$","?","M","E","R","E","T","M","?","R","?","?","R","BOSS","M","$","?","M","M","E","R","M","T","E","$","?","E","M","R","BOSS"],"items_purchased_type":["Relic","Relic","Card","Relic","Relic","Relic","Relic"],"build_version":"2020-12-22","purchased_purges":2,"victory":false,"max_hp_per_floor":[70,70,70,70,70,70,70,70,70,70,70,70,70,70,70,70,70,70,70,70,70,70,70,70,70,70,70,70,70,70,70,70,70,70,70,70,70,70,70,70,70,70,70,70,70,70,70,70,70,70,70],"card_choices":[{"not_picked":["Flying Knee","Dagger Spray","Choke"],"picked":"SKIP","floor":1.0},{"not_picked":["Deadly Poison","Backflip"],"picked":"Calculated Gamble","floor":2.0},{"not_picked":["Calculated Gamble","Quick Slash"],"picked":"Prepared","floor":4.0},{"not_picked":["Slice","Escape Plan"],"picked":"Backflip","floor":6.0},{"not_picked":["Choke","Masterful Stab"],"picked":"Tactician","floor":8.0},{"not_picked":["Reflex","Backflip"],"picked":"Adrenaline","floor":10.0},{"not_picked":["AT_FocusSwordFire","Poisoned Stab"],"picked":"AT_ThistleTea","floor":14.0},{"not_picked":["REME_GrazeFinale","Storm of Steel"],"picked":"Venomology","floor":16.0},{"not_picked":["Bane+1","Flechettes+1","Footwork"],"picked":"SKIP","floor":18.0},{"not_picked":["PiercingWail","Poisoned Stab"],"picked":"AT_ShadowStep","floor":22.0},{"not_picked":["Sucker Punch","Deflect+1","Skewer"],"picked":"SKIP","floor":23.0},{"not_picked":["Caltrops","Riddle With Holes+1","Endless Agony+1"],"picked":"SKIP","floor":25.0},{"not_picked":["Dagger Spray+1","Tactician"],"picked":"AT_WindFlip+1","floor":27.0},{"not_picked":["Unload","Adrenaline","Tools of the Trade"],"picked":"REME_ShadowForm","floor":33.0},{"not_picked":["AT_WindFlip","AT_FocusSwordFire+1","AT_WindRun+1"],"picked":"SKIP","floor":35.0},{"not_picked":["Deadly Poison","Dagger Spray","Cloak And Dagger+1"],"picked":"SKIP","floor":38.0},{"not_picked":["AT_ThistleTea","Dagger Spray+1","Underhanded Strike+1"],"picked":"SKIP","floor":39.0},{"not_picked":["Backflip","Poisoned Stab+1","Underhanded Strike"],"picked":"SKIP","floor":40.0},{"not_picked":["Caltrops+1","Flying Knee","Accuracy"],"picked":"SKIP","floor":42.0},{"not_picked":["Footwork","Deflect+1","Masterful Stab+1"],"picked":"AT_KingSlayer","floor":44.0},{"not_picked":["Deadly Poison+1","Slice","Outmaneuver"],"picked":"SKIP","floor":46.0},{"not_picked":["Blade Dance+1","Slice","Backflip"],"picked":"SKIP","floor":47.0},{"not_picked":["Blade Dance","PiercingWail","Quick Slash+1"],"picked":"SKIP","floor":48.0}],"player_experience":283000,"relics_obtained":[{"floor":6.0,"key":"MawBank"},{"floor":8.0,"key":"Whetstone"},{"floor":9.0,"key":"Gremlin Horn"},{"floor":10.0,"key":"Odd Mushroom"},{"floor":14.0,"key":"REME_PuzzleBoxRelic"},{"floor":21.0,"key":"Tiny Chest"},{"floor":23.0,"key":"AT_RabadonDeathcap"},{"floor":25.0,"key":"Blood Vial"},{"floor":26.0,"key":"Shovel"},{"floor":29.0,"key":"Ornamental Fan"},{"floor":37.0,"key":"Oddly Smooth Stone"},{"floor":40.0,"key":"Ancient Tea Set"},{"floor":41.0,"key":"Omamori"},{"floor":43.0,"key":"PreservedInsect"},{"floor":44.0,"key":"Anchor"},{"floor":47.0,"key":"Sundial"}],"event_choices":[{"damage_healed":0.0,"max_hp_gain":0.0,"max_hp_loss":0.0,"gold_gain":75.0,"event_name":"betterThird:BetterGoop","player_choice":"Gold","floor":3.0,"gold_loss":0.0,"damage_taken":11.0},{"damage_healed":0.0,"max_hp_gain":0.0,"max_hp_loss":0.0,"gold_gain":0.0,"event_name":"Mushrooms","player_choice":"Fought Mushrooms","floor":10.0,"gold_loss":0.0,"damage_taken":0.0},{"damage_healed":0.0,"max_hp_gain":0.0,"max_hp_loss":0.0,"gold_gain":0.0,"event_name":"Lab","player_choice":"Got Potions","floor":19.0,"gold_loss":0.0,"damage_taken":0.0},{"damage_healed":23.0,"max_hp_gain":0.0,"max_hp_loss":0.0,"gold_gain":0.0,"event_name":"The Library","player_choice":"Heal","floor":28.0,"gold_loss":0.0,"damage_taken":0.0},{"damage_healed":0.0,"max_hp_gain":0.0,"max_hp_loss":0.0,"gold_gain":99.0,"event_name":"betterThird:BetterNest","player_choice":"Steal","floor":30.0,"gold_loss":0.0,"damage_taken":0.0},{"damage_healed":0.0,"max_hp_gain":0.0,"max_hp_loss":0.0,"gold_gain":0.0,"event_name":"Addict","player_choice":"Obtained Relic","floor":31.0,"gold_loss":85.0,"damage_taken":0.0,"relics_obtained":["Meat on the Bone"]}],"is_beta":false,"boss_relics":[{"not_picked":["Fusion Hammer","REME_DuelDisc"],"picked":"WristBlade"},{"not_picked":["Busted Crown","Pandora\u0027s Box"],"picked":"SlaversCollar"}],"items_purged_floors":[20,36],"is_endless":false,"potions_floor_spawned":[1,8,14,22,23,25,38,40,42,46,48],"killed_by":"Time Eater","ascension_level":5}}