{"host":"wgutmjbkdh3egq5e","time":1609099771,"event":{"mods":["BaseMod","Bestiary","Colored Powertips","Defuse TimeMaze Blight","Minty Spire (QoL Compilation)","Relic Stats","StSLib"],"gold_per_floor":[111,61,79,91,111,111,144,69,95,95,113,147,167,242,242,242,242],"floor_reached":16,"playtime":531,"items_purged":["Strike_R"],"score":140,"play_id":"43e0b223-6194-4ca4-af9a-9b260f0cb048","local_time":"20201227210931","is_ascension_mode":true,"campfire_choices":[{"data":"Immolate","floor":6,"key":"SMITH"},{"floor":15,"key":"REST"}],"circlet_count":0,"master_deck":["Strike_R","Strike_R","Strike_R","Defend_R","Defend_R","Defend_R","Defend_R","Bash","Immolate+1","Uppercut","Thunderclap","Whirlwind","Shrug It Off","Hemokinesis","Battle Trance"],"relics":["Burning Blood","Omamori","Nunchaku","Golden Idol","Art of War"],"acts_visited":["Exordium"],"potions_floor_usage":[7,16],"damage_taken":[{"damage":7,"enemies":"Jaw Worm","floor":1,"turns":3},{"damage":0,"enemies":"2 Louse","floor":3,"turns":2},{"damage":0,"enemies":"Small Slimes","floor":4,"turns":2},{"damage":4,"enemies":"Looter","floor":5,"turns":3},{"damage":32,"enemies":"Lagavulin","floor":7,"turns":6},{"damage":0,"enemies":"Large Slime","floor":11,"turns":4},{"damage":19,"enemies":"3 Sentries","floor":12,"turns":3},{"damage":12,"enemies":"3 Louse","floor":13,"turns":2},{"damage":43,"enemies":"Hexaghost","floor":16,"turns":8}],"seed_played":"-8215032347154511022","potions_obtained":[{"floor":1,"key":"SkillPotion"},{"floor":4,"key":"SkillPotion"},{"floor":13,"key":"SmokeBomb"}],"is_trial":false,"path_per_floor":["M","?","M","M","M","R","E","$","T","?","M","E","M","?","R","B"],"character_chosen":"IRONCLAD","items_purchased":[],"campfire_rested":1,"item_purchase_floors":[],"current_hp_per_floor":[55,55,61,67,69,69,43,43,43,43,49,36,30,19,43,0,0],"gold":242,"neow_bonus":"THREE_RARE_CARDS","is_daily":false,"chose_seed":false,"campfire_upgraded":1,"win_rate":0.0,"timestamp":1609099771,"path_taken":["M","?","M","M","M","R","E","$","T","?","M","E","M","?","R","BOSS"],"items_purchased_type":[],"build_version":"2020-12-22","purchased_purges":1,"victory":false,"max_hp_per_floor":[80,80,80,80,80,80,80,80,80,80,80,80,80,80,80,80,80],"relic_stats":{"Nunchaku":[2],"counters":[9,33],"Golden Idol":15,"Art of War":[0],"obtain_stats":[{"Nunchaku":9,"Golden Idol":10,"Omamori":7,"Art of War":12,"Burning Blood":0},{"Nunchaku":5,"Golden Idol":5,"Omamori":5,"Art of War":7,"Burning Blood":0},{"Nunchaku":16,"Golden Idol":16,"Omamori":16,"Art of War":23,"Burning Blood":0}],"Burning Blood":48},"card_choices":[{"not_picked":["Exhume","Double Tap"],"picked":"Immolate","floor":0},{"not_picked":["Warcry","Headbutt"],"picked":"Uppercut","floor":1},{"not_picked":["Anger","Metallicize"],"picked":"Thunderclap","floor":3},{"not_picked":["Body Slam","Wild Strike","Anger"],"picked":"SKIP","floor":4},{"not_picked":["Clash","Anger"],"picked":"Whirlwind","floor":5},{"not_picked":["Heavy Blade","Berserk"],"picked":"Shrug It Off","floor":7},{"not_picked":["Havoc","Wild Strike"],"picked":"Hemokinesis","floor":11},{"not_picked":["Wild Strike","Sword Boomerang","Anger"],"picked":"SKIP","floor":12},{"not_picked":["Entrench","Clash"],"picked":"Battle Trance","floor":13}],"player_experience":812730,"relics_obtained":[{"floor":7,"key":"Omamori"},{"floor":9,"key":"Nunchaku"},{"floor":12,"key":"Art of War"}],"event_choices":[{"cards_removed":["Strike_R"],"damage_healed":0,"gold_gain":0,"player_choice":"Card Removal","damage_taken":0,"max_hp_gain":0,"max_hp_loss":0,"event_name":"The Cleric","floor":2,"gold_loss":50},{"damage_healed":0,"gold_gain":0,"player_choice":"Take Wound","damage_taken":0,"relics_obtained":["Golden Idol"],"max_hp_gain":0,"max_hp_loss":0,"event_name":"Golden Idol","floor":10,"gold_loss":0,"cards_obtained":["Injury"]},{"damage_healed":0,"gold_gain":75,"player_choice":"Gather Gold","damage_taken":11,"max_hp_gain":0,"max_hp_loss":0,"event_name":"World of Goop","floor":14,"gold_loss":0}],"is_beta":false,"boss_relics":[],"items_purged_floors":[8],"is_endless":false,"potions_floor_spawned":[1,4,13],"killed_by":"Hexaghost","ascension_level":5}}