{"host":"hdafziggwnbzqpcb","time":1609097056,"event":{"mods":["BaseMod","Better Vampires","Colored Map","Colored Powertips","Curses Come First","Duelist Mod","GifTheSpireLib","Hero for Fun","Minty Spire (QoL Compilation)","Quick Restart","Rare Cards Sparkle","Relic Stats","Spicy Shops","StSLib","The Bug Knight","The Cursed","The Marked","The Senshi","The Wild Card","TheHero"],"gold_per_floor":[117,42,42,42,60,60,76,76,76,76,95,113,113,13,13,13,13],"floor_reached":16,"playtime":565,"items_purged":["theSenshi:RoseThrow","theSenshi:SailorKick"],"score":90,"play_id":"44b07f6e-a6a1-4977-9f64-a16e493e15c8","local_time":"20201227112416","is_ascension_mode":false,"campfire_choices":[{"data":"theSenshi:MoonPrismPowerMakeUp","floor":6,"key":"SMITH"},{"data":"theSenshi:MoonPunch","floor":8,"key":"SMITH"},{"data":"theSenshi:SailorKick","floor":10,"key":"SMITH"},{"data":"theSenshi:SailorMercuryAssists","floor":15,"key":"SMITH"}],"circlet_count":0,"master_deck":["theSenshi:SailorKick","theSenshi:SailorKick","theSenshi:SailorKick+1","theSenshi:SailorBlock","theSenshi:SailorBlock","theSenshi:SailorBlock","theSenshi:SailorBlock","theSenshi:MoonPrismPowerMakeUp+1","theSenshi:SailorMercuryAssists+1","theSenshi:MoonPunch+1","theSenshi:MoonPunch"],"relics":["theSenshi:TransformationBroochRelic","NeowsBlessing","Question Card","Golden Idol"],"acts_visited":["Exordium"],"potions_floor_usage":[16,16,16],"damage_taken":[{"damage":0.0,"enemies":"Cultist","floor":1.0,"turns":1.0},{"damage":0,"enemies":"Small Slimes","floor":5,"turns":2},{"damage":0,"enemies":"2 Louse","floor":7,"turns":1},{"damage":10,"enemies":"Looter","floor":11,"turns":4},{"damage":0,"enemies":"3 Louse","floor":12,"turns":4},{"damage":10,"enemies":"The Guardian","floor":16,"turns":7}],"seed_played":"-6084117402646531875","potions_obtained":[{"floor":1.0,"key":"BlessingOfTheForge"},{"floor":7,"key":"Fire Potion"},{"floor":11,"key":"AttackPotion"}],"is_trial":false,"path_per_floor":["M","$","?","?","M","R","M","R","T","R","M","M","?","$","R","B"],"character_chosen":"THE_SENSHI","items_purchased":[],"campfire_rested":0,"item_purchase_floors":[],"current_hp_per_floor":[75,75,75,75,75,75,75,75,75,75,65,65,47,47,47,37,37],"gold":13,"neow_bonus":"THREE_ENEMY_KILL","is_daily":false,"chose_seed":false,"campfire_upgraded":4,"win_rate":0.0,"timestamp":1609097056,"path_taken":["M","$","?","?","M","R","M","R","T","R","M","M","?","$","R","BOSS"],"items_purchased_type":[],"build_version":"2020-12-22","purchased_purges":2,"victory":false,"max_hp_per_floor":[75,75,75,75,75,75,75,75,75,75,75,75,75,75,75,75,75],"relic_stats":{"counters":[6,19],"Golden Idol":0,"Question Card":2,"obtain_stats":[{"theSenshi:TransformationBroochRelic":0,"NeowsBlessing":0,"Golden Idol":13,"Question Card":9},{"theSenshi:TransformationBroochRelic":0,"NeowsBlessing":0,"Golden Idol":5,"Question Card":3},{"theSenshi:TransformationBroochRelic":0,"NeowsBlessing":0,"Golden Idol":12,"Question Card":4}]},"card_choices":[{"not_picked":["theSenshi:HesSoDreamy","theSenshi:LunasBite"],"picked":"theSenshi:SailorMercuryAssists","floor":1.0},{"not_picked":["theSenshi:MoonKick","theSenshi:MoonsReflection"],"picked":"theSenshi:MoonPunch","floor":5},{"not_picked":["theSenshi:TallSilhouette","theSenshi:LateForSchool","theSenshi:SailorMercuryAssists"],"picked":"SKIP","floor":7},{"not_picked":["theSenshi:LunaWiseMentor","theSenshi:LunasBite","theSenshi:MoonTiaraMagic"],"picked":"theSenshi:MoonPunch","floor":11},{"not_picked":["theSenshi:EncouragingSpeech","theSenshi:MoonTiaraMagic","theSenshi:SailorVenusAssists","theSenshi:SupersonicWaves"],"picked":"SKIP","floor":12}],"player_experience":643522,"relics_obtained":[{"floor":9,"key":"Question Card"}],"event_choices":[{"damage_healed":0,"gold_gain":0,"player_choice":"Ignored","damage_taken":0,"max_hp_gain":0,"max_hp_loss":0,"event_name":"Liars Game","floor":3,"gold_loss":0},{"damage_healed":0,"gold_gain":0,"player_choice":"Take Damage","damage_taken":18,"relics_obtained":["Golden Idol"],"max_hp_gain":0,"max_hp_loss":0,"event_name":"Golden Idol","floor":13,"gold_loss":0}],"is_beta":false,"boss_relics":[],"items_purged_floors":[2,14],"is_endless":false,"potions_floor_spawned":[1,7,11],"killed_by":"The Guardian","ascension_level":0}}