{"host":"6z6y4ky8uzsz1dpj","time":1609072752,"event":{"mods":["AchievementEnabler","BaseMod","BetterRewards","Challenge The Spire","Colored Map","Hubris","Minty Spire (QoL Compilation)","Quick Restart","Replay The Spire","StSLib"],"gold_per_floor":[111,124,138,138,154,181,181,181,181,217,230,245,245,265,265,384,384,402,421,210,210,210,241,256,296,371,389,389,433,449,72,72,201,201,226,244,307,307,326,366,366,407,480,480,480,505,225,243,243,243,243,243,98,139,139],"floor_reached":56,"playtime":2420,"items_purged":["Defend_R","Strike_R"],"score":1630,"play_id":"22b60fca-0408-481b-bd08-8766b4b443bc","local_time":"20201227073912","is_ascension_mode":true,"campfire_choices":[{"data":"Inflame","floor":7,"key":"SMITH"},{"data":"Sword Boomerang","floor":13,"key":"SMITH"},{"data":"Spot Weakness","floor":15,"key":"SMITH"},{"floor":28,"key":"REST"},{"floor":32,"key":"REST"},{"floor":41,"key":"REST"},{"floor":44,"key":"RECALL"},{"floor":49,"key":"REST"},{"floor":52,"key":"REST"}],"circlet_count":0,"master_deck":["Strike_R","Strike_R","Strike_R","Defend_R","Defend_R","Defend_R","Bash+1","Inflame+1","Thunderclap","Pummel+1","Clothesline","Offering","Sword Boomerang+1","Headbutt","Headbutt","Spot Weakness+1","Reaper","Dropkick","Seeing Red","hubris:CleavingFinish","hubris:ReadiedAction","Twin Strike","Metallicize","Double Tap","Sword Boomerang","Pommel Strike+1","Finesse","Berserk","Iron Wave","Infernal Blade+1","Spot Weakness","Dual Wield+1","Shockwave+1","Iron Wave+1","Regret","Pot Of Greed","Pot Of Greed","Pot Of Greed","Pot Of Greed","Mayhem","Run Through+1"],"relics":["Burning Blood","Pondfish Scales","Golden Idol","Ice Cream","Shuriken","Fusion Hammer","TungstenRod","ReplayFunnel","hubris:Metronome","Snack Pack","Bronze Scales","MealTicket","Replay:Grab Bag","Cursed Key","hubris:GrandSneckoEye","Ring of Chaos","hubris:Backtick","hubris:IronBody","hubris:CuriousFeather","Matryoshka","Bag of Preparation","Grinning Jar","Vajra","hubris:Zylophone"],"acts_visited":["Exordium","TheCity","TheBeyond","TheEnding"],"potions_floor_usage":[6,16,16,18,23,30,50,50,54],"damage_taken":[{"damage":12.0,"enemies":"Jaw Worm","floor":1.0,"turns":3.0},{"damage":7.0,"enemies":"2 Louse","floor":2.0,"turns":4.0},{"damage":0.0,"enemies":"Cultist","floor":3.0,"turns":2.0},{"damage":5.0,"enemies":"2 Fungi Beasts","floor":5.0,"turns":3.0},{"damage":6,"enemies":"Gremlin Nob","floor":6,"turns":3},{"damage":19,"enemies":"Lagavulin","floor":10,"turns":4},{"damage":16,"enemies":"Looter","floor":11,"turns":3},{"damage":0,"enemies":"Exordium Wildlife","floor":12,"turns":2},{"damage":7,"enemies":"3 Louse","floor":14,"turns":2},{"damage":27,"enemies":"Fading Forest","floor":16,"turns":11},{"damage":26,"enemies":"Spheric Guardian","floor":18,"turns":4},{"damage":21,"enemies":"Shell Parasite","floor":19,"turns":3},{"damage":23,"enemies":"Slavers","floor":23,"turns":3},{"damage":30,"enemies":"Snecko","floor":24,"turns":4},{"damage":21,"enemies":"Book of Stabbing","floor":25,"turns":3},{"damage":5,"enemies":"Centurion and Healer","floor":27,"turns":2},{"damage":15,"enemies":"Replay:Snechameleon","floor":29,"turns":2},{"damage":19,"enemies":"Snake Plant","floor":30,"turns":3},{"damage":39,"enemies":"Automaton","floor":33,"turns":5},{"damage":21,"enemies":"3 Shapes","floor":35,"turns":2},{"damage":9,"enemies":"3 Darklings","floor":36,"turns":3},{"damage":0,"enemies":"Mind Bloom Boss Battle","floor":37,"turns":3},{"damage":5,"enemies":"Spire Growth","floor":39,"turns":3},{"damage":5,"enemies":"R_Hoarder","floor":40,"turns":4},{"damage":0,"enemies":"Giant Head","floor":42,"turns":4},{"damage":26,"enemies":"4 Shapes","floor":46,"turns":3},{"damage":18,"enemies":"Sphere and 2 Shapes","floor":48,"turns":2},{"damage":22,"enemies":"Awakened One","floor":50,"turns":6},{"damage":26,"enemies":"Shield and Spear","floor":54,"turns":4},{"damage":75,"enemies":"The Heart","floor":55,"turns":7}],"seed_played":"-8809876558829834025","potions_obtained":[{"floor":1.0,"key":"Swift Potion"},{"floor":2.0,"key":"DistilledChaos"},{"floor":10,"key":"Explosive Potion"},{"floor":12,"key":"Fruit Juice"},{"floor":14,"key":"CultistPotion"},{"floor":16,"key":"SkillPotion"},{"floor":19,"key":"Toxic Potion"},{"floor":23,"key":"Milkshake"},{"floor":25,"key":"SpeedPotion"},{"floor":27,"key":"LifebloodPotion"},{"floor":37,"key":"Dexterity Potion"},{"floor":39,"key":"Block Potion"},{"floor":42,"key":"EssenceOfSteel"}],"is_trial":false,"path_per_floor":["M","M","M","?","M","E","R","?","T","E","M","M","R","M","R","B",null,"M","M","$","?","?","E","M","E","T","M","R","E","M","$","R","B",null,"M","M","?","?","M","E","R","E","T","R","?","M","$","M","R","B",null,"R","$","E","B",null],"character_chosen":"IRONCLAD","items_purchased":["hubris:CleavingFinish","hubris:ReadiedAction","Twin Strike","Finesse","Bronze Scales","MealTicket","Mayhem","Vajra"],"campfire_rested":5,"item_purchase_floors":[20,20,20,31,31,31,47,53],"current_hp_per_floor":[82,81,87,69,70,70,70,70,70,57,47,53,53,52,52,44,76,65,59,59,59,59,42,24,9,9,10,35,33,28,28,53,55,78,67,85,86,86,86,86,86,86,86,86,86,67,82,74,86,82,85,86,86,86,43],"gold":139,"neow_bonus":"TEN_PERCENT_HP_BONUS","is_daily":false,"chose_seed":false,"campfire_upgraded":3,"win_rate":0.0,"timestamp":1609072752,"path_taken":["M","M","M","?","M","E","R","?","T","E","M","M","R","M","R","BOSS","M","M","$","?","?","E","M","E","T","M","R","E","?","$","R","BOSS","M","M","?","?","M","E","R","E","T","R","?","M","$","?","R","BOSS","R","$","E","BOSS"],"items_purchased_type":["Card","Card","Card","Card","Relic","Relic","Card","Relic"],"build_version":"2020-12-22","purchased_purges":2,"victory":true,"max_hp_per_floor":[88,88,88,88,88,88,88,81,81,81,81,81,81,81,81,86,86,86,86,86,86,86,86,86,86,86,86,86,86,86,86,86,86,86,86,86,86,86,86,86,86,86,86,86,86,86,86,86,86,86,86,86,86,86,86],"card_choices":[{"not_picked":["ReplayReversal","hubris:ReadiedAction"],"picked":"Inflame","floor":1.0},{"not_picked":["Body Slam","Shrug It Off"],"picked":"Thunderclap","floor":2.0},{"not_picked":["Bloodletting","Combust"],"picked":"Pummel","floor":3.0},{"not_picked":["Warcry","Entrench"],"picked":"Clothesline","floor":5.0},{"not_picked":["Clash","ReplayReversal"],"picked":"Offering","floor":6},{"not_picked":["Warcry","Havoc"],"picked":"Sword Boomerang","floor":10},{"not_picked":["Burning Pact","Thunderclap"],"picked":"Headbutt","floor":11},{"not_picked":["Flame Barrier","Disarm"],"picked":"Headbutt","floor":12},{"not_picked":["Warcry","Replay:Undeath\u0027s Touch"],"picked":"Spot Weakness","floor":14},{"not_picked":["Exhume","Hemogenesis"],"picked":"Reaper","floor":16},{"not_picked":["Twin Strike","Shrug It Off"],"picked":"Dropkick","floor":18},{"not_picked":["hubris:ReadiedAction+1","Clothesline"],"picked":"Seeing Red","floor":19},{"not_picked":["Replay:Undeath\u0027s Touch","Body Slam"],"picked":"Metallicize","floor":23},{"not_picked":["Flex","Havoc"],"picked":"Double Tap","floor":24},{"not_picked":["Massacre","hubris:ReadiedAction","Sentinel"],"picked":"SKIP","floor":25},{"not_picked":["Pommel Strike","Clash"],"picked":"Sword Boomerang","floor":27},{"not_picked":["Dark Embrace","hubris:ReadiedAction"],"picked":"ReplayTheSpireMod:Corrosion Curse","floor":29},{"not_picked":["Evolve+1","Flame Barrier"],"picked":"Pommel Strike+1","floor":30},{"not_picked":["Reaper","Corruption"],"picked":"Berserk","floor":33},{"not_picked":["Rage","Battle Trance"],"picked":"Iron Wave","floor":35},{"not_picked":["Anger","Warcry"],"picked":"Infernal Blade+1","floor":36},{"not_picked":["Dark Embrace","Life Link"],"picked":"Spot Weakness","floor":37},{"not_picked":["ReplayTheSpireMod:LeadingStrike","Wild Strike+1"],"picked":"Dual Wield+1","floor":39},{"not_picked":["Evolve","Armaments"],"picked":"Shockwave+1","floor":40},{"not_picked":["Spot Weakness","Dropkick"],"picked":"Iron Wave+1","floor":42},{"not_picked":["Warcry+1","Dark Embrace","Seeing Red+1"],"picked":"SKIP","floor":46},{"not_picked":["Searing Blow+1","Reckless Charge+1","Rage"],"picked":"SKIP","floor":48},{"not_picked":["Run Through+1","Replay:Undeath\u0027s Touch+1","Infernal Blade"],"picked":"SKIP","floor":54},{"not_picked":["Replay:Undeath\u0027s Touch+1","Infernal Blade"],"picked":"Run Through+1","floor":54}],"player_experience":195832,"relics_obtained":[{"floor":6,"key":"Pondfish Scales"},{"floor":9,"key":"Ice Cream"},{"floor":10,"key":"Shuriken"},{"floor":23,"key":"TungstenRod"},{"floor":25,"key":"ReplayFunnel"},{"floor":26,"key":"hubris:Metronome"},{"floor":29,"key":"Snack Pack"},{"floor":37,"key":"hubris:CuriousFeather"},{"floor":40,"key":"Matryoshka"},{"floor":42,"key":"Bag of Preparation"},{"floor":43,"key":"Grinning Jar"},{"floor":54,"key":"hubris:Zylophone"}],"event_choices":[{"damage_healed":0.0,"max_hp_gain":0.0,"max_hp_loss":0.0,"gold_gain":0.0,"event_name":"Shining Light","player_choice":"Entered Light","floor":4.0,"gold_loss":0.0,"damage_taken":18.0,"cards_upgraded":["Pummel","Bash"]},{"damage_healed":0,"gold_gain":0,"player_choice":"Lose Max HP","damage_taken":0,"relics_obtained":["Golden Idol"],"max_hp_gain":0,"max_hp_loss":7,"event_name":"Golden Idol","floor":8,"gold_loss":0},{"damage_healed":0,"gold_gain":0,"player_choice":"Ignored","damage_taken":0,"max_hp_gain":0,"max_hp_loss":0,"event_name":"Ghosts","floor":21,"gold_loss":0},{"cards_removed":["Strike_R"],"damage_healed":0,"gold_gain":0,"player_choice":"Purged","damage_taken":0,"max_hp_gain":0,"max_hp_loss":0,"event_name":"Purifier","floor":22,"gold_loss":0},{"damage_healed":0,"gold_gain":0,"player_choice":"Fight","damage_taken":0,"max_hp_gain":0,"max_hp_loss":0,"event_name":"MindBloom","floor":37,"gold_loss":0},{"cards_removed":["ReplayTheSpireMod:Corrosion Curse"],"damage_healed":0,"gold_gain":0,"player_choice":"Removed Skill","damage_taken":0,"max_hp_gain":0,"max_hp_loss":0,"event_name":"Falling","floor":38,"gold_loss":0},{"damage_healed":0,"gold_gain":0,"player_choice":"Ignored","damage_taken":0,"max_hp_gain":0,"max_hp_loss":0,"event_name":"Tomb of Lord Red Mask","floor":45,"gold_loss":0}],"is_beta":false,"boss_relics":[{"not_picked":["Abe\u0027s Treasure","Ooze Armor"],"picked":"Fusion Hammer"},{"not_picked":["Empty Cage","Runic Dome"],"picked":"Replay:Grab Bag"},{"not_picked":["Busted Crown","ReplayTheSpireMod:Onyx Gauntlets"],"picked":"Cursed Key"},{"not_picked":["hubris:CrackedHourglass","Electric Blood"],"picked":"hubris:GrandSneckoEye"},{"not_picked":["Kintsugi","Runic Pyramid"],"picked":"Ring of Chaos"},{"not_picked":["Snecko Eye","Pandora\u0027s Box"],"picked":"hubris:Backtick"}],"items_purged_floors":[20,47],"is_endless":false,"potions_floor_spawned":[1,2,10,12,14,16,19,23,25,27,37,39,42],"ascension_level":5}}