{"host":"iz3c9fhlsuknuus5","time":1609108483,"event":{"mods":["BaseMod","Better Third Choice","Colored Map","Colored Powertips","Downfall","GifTheSpireLib","Minty Spire (QoL Compilation)","Quick Restart","StSLib"],"gold_per_floor":[99,99,99,129,59,87,156,170,186,186,186,220,243,243,267,367,367,367,467,567,567,567,567],"floor_reached":21,"playtime":1104,"items_purged":[],"score":206,"play_id":"61aa5aa1-ace1-463f-ab92-546a68add19b","local_time":"20201227223443","is_ascension_mode":false,"campfire_choices":[{"data":"hexamod:Sear","floor":1,"key":"SMITH"},{"data":"hexamod:NightmareStrike","floor":11,"key":"SMITH"},{"data":"hexamod:EmpoweringStance","floor":18,"key":"SMITH"}],"circlet_count":0,"master_deck":["hexamod:Strike","hexamod:Strike","hexamod:Defend","hexamod:Defend","hexamod:Defend","hexamod:Defend","hexamod:Sear+1","hexamod:Float","hexamod:ThirdSeal","hexamod:SecondSeal","hexamod:NightmareStrike+1","hexamod:GhostLash","hexamod:CatchUp","hexamod:EmpoweringStance+1","hexamod:HexaLevel"],"relics":["hexamod:SpiritBrand","downfall:HeartsMalice","Letter Opener","InkBottle","Boot","MealTicket","Happy Flower","Empty Cage","WingedGreaves","Bottled Flame","downfall:CloakOfManyFaces","CultistMask","FaceOfCleric","NlothsMask","GremlinMask","SsserpentHead"],"acts_visited":["Exordium","TheCity"],"potions_floor_usage":[12,19,20],"damage_taken":[{"damage":0,"enemies":"Small Slimes","floor":2,"turns":1},{"damage":0,"enemies":"downfall:FleeingMerchant","floor":5,"turns":1},{"damage":0,"enemies":"Gremlin Nob","floor":6,"turns":1},{"damage":1,"enemies":"Jaw Worm","floor":8,"turns":5},{"damage":0,"enemies":"Cultist","floor":9,"turns":3},{"damage":10,"enemies":"Lagavulin","floor":12,"turns":5},{"damage":12,"enemies":"Large Slime","floor":15,"turns":3},{"damage":67,"enemies":"downfall:Watcher","floor":16,"turns":15},{"damage":39,"enemies":"Colosseum Nobs","floor":19,"turns":6},{"damage":19,"enemies":"downfall:FaceTrader","floor":20,"turns":7},{"damage":21,"enemies":"Chosen","floor":21,"turns":6}],"seed_played":"3424961692250426030","potions_obtained":[{"floor":6,"key":"Fire Potion"},{"floor":12,"key":"FairyPotion"},{"floor":15,"key":"CultistPotion"},{"floor":16,"key":"SkillPotion"}],"is_trial":false,"path_per_floor":["R","M","?","?","$","E","T","M","M","?","R","E","T","?","M","B",null,"R","?","?","M"],"character_chosen":"THE_SPIRIT","items_purchased":["hexamod:SecondSeal"],"campfire_rested":0,"item_purchase_floors":[5],"current_hp_per_floor":[70,70,70,70,70,70,70,69,69,69,69,59,59,59,47,16,70,70,31,12,0,0,0],"gold":567,"neow_bonus":"THREE_ENEMY_KILL","is_daily":false,"chose_seed":false,"campfire_upgraded":3,"win_rate":0.0,"timestamp":1609108483,"path_taken":["R","M","?","?","?","E","T","M","?","?","R","E","?","?","M","BOSS","R","?","?","M"],"items_purchased_type":["Card"],"build_version":"2020-12-22","purchased_purges":0,"victory":false,"max_hp_per_floor":[70,70,70,70,70,70,70,70,70,70,70,70,70,70,70,70,70,70,70,70,70,70,70],"card_choices":[{"not_picked":["hexamod:FastForward","hexamod:InspiringFlames"],"picked":"hexamod:NightmareStrike","floor":2},{"not_picked":["hexamod:ThermalTransfer","hexamod:PhantomFireball","hexamod:SpectersWail"],"picked":"SKIP","floor":5},{"not_picked":["hexamod:Firestarter","hexamod:GhostOfSpireFuture","hexamod:GhostLash"],"picked":"SKIP","floor":6},{"not_picked":["hexamod:ShieldOfDarkness","hexamod:HauntingEcho"],"picked":"hexamod:NightmareStrike","floor":8},{"not_picked":["hexamod:RetreatToShadows","hexamod:GhostOfSpirePresent","hexamod:BurningTouch"],"picked":"SKIP","floor":8},{"not_picked":["hexamod:TimeOfNeed","hexamod:SwordOfDarkness"],"picked":"hexamod:GhostLash","floor":9},{"not_picked":["hexamod:GhostOfSpirePresent","hexamod:NightmareStrike","hexamod:SkipABeat"],"picked":"SKIP","floor":9},{"not_picked":["hexamod:ExtraCrispy","hexamod:EtherealExpedition"],"picked":"hexamod:CatchUp","floor":12},{"not_picked":["hexamod:GhostShield","hexamod:HauntingEcho","hexamod:PhantomCloak"],"picked":"SKIP","floor":12},{"not_picked":["hexamod:BacktrackSmack","hexamod:SwordOfDarkness","hexamod:CatchUp"],"picked":"SKIP","floor":15},{"not_picked":["hexamod:TurnItUp","hexamod:CrushingStance"],"picked":"hexamod:EmpoweringStance","floor":16},{"not_picked":["hexamod:VolcanoVisage","hexamod:EmpoweringStance"],"picked":"hexamod:HexaLevel","floor":16}],"player_experience":223036,"relics_obtained":[{"floor":6,"key":"Letter Opener"},{"floor":7,"key":"InkBottle"},{"floor":12,"key":"Boot"},{"floor":13,"key":"MealTicket"},{"floor":19,"key":"WingedGreaves"},{"floor":19,"key":"Bottled Flame"},{"floor":20,"key":"downfall:CloakOfManyFaces"}],"event_choices":[{"damage_healed":0,"gold_gain":0,"player_choice":"Box","damage_taken":0,"relics_obtained":["Happy Flower"],"max_hp_gain":0,"max_hp_loss":0,"event_name":"Big Fish","floor":14,"gold_loss":0,"cards_obtained":["Regret"]}],"is_beta":false,"boss_relics":[{"not_picked":["Tiny House","Runic Pyramid"],"picked":"Empty Cage"}],"items_purged_floors":[],"is_endless":false,"potions_floor_spawned":[6,12,15,16],"killed_by":"Chosen","ascension_level":0}}