{"host":"uyrebrj0204enqpc","time":1609084561,"event":{"mods":["Act Like it!","Bard","BaseMod","Block Reminder","Challenge The Spire","Colored Map","Colored Powertips","DeckTracker","Downfall","GifTheSpireLib","HexUI Lib","Highlight Path","Hubris","Infinite Spire","Minty Spire (QoL Compilation)","Pale of the Ancients","Quick Restart","Random Character Button","Relic Sorter","Relic Stats","Replay The Spire","Shop Mod","StSLib","The Blue Laboratory","The Bug Knight","The Cursed","The Jungle","The Marked","Wandering Minibosses"],"gold_per_floor":[117,117,135,146,165,195,195,220,220,220,0,17,27,55,55,55,55],"floor_reached":16,"playtime":686,"items_purged":["Strike_R"],"score":128,"play_id":"92606669-cfb3-4836-a1e0-3b0a2cf5477f","local_time":"20201227105601","is_ascension_mode":true,"campfire_choices":[{"data":"Wild Strike","floor":7,"key":"SMITH"},{"data":"Strike_R","floor":10,"key":"PURGE"},{"floor":15,"key":"REST"},{"data":"Bash","floor":15,"key":"SMITH"}],"circlet_count":0,"master_deck":["Strike_R","Strike_R","Strike_R","Defend_R+1","Defend_R","Defend_R","Bash+1","Double Tap","Battle Trance+1","ReplayTheSpireMod:Strike From Hell","Wild Strike+1","Evolve","Limit Break"],"relics":["Burning Blood","War Paint","Peace Pipe","hubris:Potato","Akabeko","infinitespire:Magic Flask"],"acts_visited":["Exordium"],"potions_floor_usage":[14,16],"damage_taken":[{"damage":7.0,"enemies":"2 Louse","floor":1.0,"turns":4.0},{"damage":6.0,"enemies":"Cultist","floor":3.0,"turns":3.0},{"damage":6.0,"enemies":"Jaw Worm","floor":4.0,"turns":3.0},{"damage":15.0,"enemies":"Gremlin Gang","floor":5.0,"turns":6.0},{"damage":20,"enemies":"Gremlin Nob","floor":6,"turns":4},{"damage":20,"enemies":"3 Sentries","floor":8,"turns":6},{"damage":12,"enemies":"Exordium Thugs","floor":12,"turns":3},{"damage":13,"enemies":"Exordium Wildlife","floor":13,"turns":5},{"damage":14,"enemies":"Gremlin Nob","floor":14,"turns":3},{"damage":46,"enemies":"Hexaghost","floor":16,"turns":9}],"seed_played":"-8759321452728691623","potions_obtained":[{"floor":3.0,"key":"blueLaboratory:RecallPotion"},{"floor":6,"key":"Adrenaline Potion"},{"floor":12,"key":"blueLaboratory:ArtificerPotion"},{"floor":13,"key":"sneckomod:MuddlingPotion"},{"floor":14,"key":"blueLaboratory:BottleOfVodka"}],"is_trial":false,"path_per_floor":["M","?","M","M","M","E","R","E","T","R","$","M","M","E","R","B"],"character_chosen":"IRONCLAD","items_purchased":["Akabeko"],"campfire_rested":1,"item_purchase_floors":[11],"current_hp_per_floor":[79,79,79,79,70,56,56,42,42,42,42,36,29,21,45,0,0],"gold":55,"neow_bonus":"ONE_RANDOM_RARE_CARD","is_daily":false,"chose_seed":false,"campfire_upgraded":2,"win_rate":0.0,"timestamp":1609084561,"path_taken":["M","?","M","?","M","E","R","E","T","R","?","M","?","E","R","BOSS"],"items_purchased_type":["Relic"],"build_version":"2020-12-22","purchased_purges":1,"victory":false,"max_hp_per_floor":[80,80,80,80,80,80,80,80,80,80,80,80,80,80,80,80,80],"relic_stats":{"Peace Pipe":2,"counters":[10,46],"War Paint":["Battle Trance","Defend_R"],"obtain_stats":[{"Peace Pipe":8,"infinitespire:Magic Flask":14,"War Paint":6,"Burning Blood":0,"hubris:Potato":9,"Akabeko":11},{"Peace Pipe":6,"infinitespire:Magic Flask":9,"War Paint":5,"Burning Blood":0,"hubris:Potato":6,"Akabeko":6},{"Peace Pipe":26,"infinitespire:Magic Flask":37,"War Paint":20,"Burning Blood":0,"hubris:Potato":26,"Akabeko":26}],"Burning Blood":54},"card_choices":[{"not_picked":["hubris:ReadiedAction","Life Link","Dark Embrace"],"picked":"SKIP","floor":1.0},{"not_picked":["Pommel Strike","Iron Wave"],"picked":"ReplayTheSpireMod:Strike From Hell","floor":3.0},{"not_picked":["Anger","Flex","Armaments"],"picked":"SKIP","floor":4.0},{"not_picked":["Clothesline","ReplayTheSpireMod:Stacked"],"picked":"Wild Strike","floor":5.0},{"not_picked":["ReplayReversal","Battle Trance"],"picked":"Evolve","floor":6},{"not_picked":["hubris:ReadiedAction","ReplayTheSpireMod:Limb From Limb"],"picked":"Limit Break","floor":8},{"not_picked":["Armaments","Run Through","Thunderclap"],"picked":"SKIP","floor":12},{"not_picked":["Armaments","Perfected Strike","Iron Wave"],"picked":"SKIP","floor":13},{"not_picked":["ReplayTheSpireMod:Muscle Training","Sword Boomerang","Abandon"],"picked":"SKIP","floor":14}],"player_experience":945393,"relics_obtained":[{"floor":6,"key":"War Paint"},{"floor":8,"key":"Peace Pipe"},{"floor":9,"key":"hubris:Potato"},{"floor":14,"key":"infinitespire:Magic Flask"}],"event_choices":[{"damage_healed":0.0,"max_hp_gain":0.0,"max_hp_loss":0.0,"gold_gain":0.0,"cards_transformed":["Defend_R"],"event_name":"Transmorgrifier","player_choice":"Transformed","floor":2.0,"gold_loss":0.0,"damage_taken":0.0,"cards_obtained":["Battle Trance"]}],"is_beta":false,"boss_relics":[],"items_purged_floors":[11],"is_endless":false,"potions_floor_spawned":[3,6,12,13,14],"killed_by":"Hexaghost","ascension_level":1}}