{"host":"337p6miwxbqfki03","time":1609088743,"event":{"mods":["BaseMod","Better Third Choice","Colored Map","Conspire","Downfall","Hubris","Minty Spire (QoL Compilation)","Replay The Spire","StSLib","The Hierophant","Unceasing Turn Reminder"],"gold_per_floor":[99,99,99,99,115,128,128,39,39,59,59,116,151,172,182,182,182],"floor_reached":16,"playtime":1142,"items_purged":[],"score":100,"play_id":"86193773-862e-4bac-9d90-48f57e90f6a2","local_time":"20201227110543","is_ascension_mode":false,"campfire_choices":[{"floor":1,"key":"DIG"},{"data":"sneckomod:Restock","floor":11,"key":"SMITH"}],"circlet_count":0,"master_deck":["sneckomod:Strike","sneckomod:Strike","sneckomod:Defend","sneckomod:Defend","sneckomod:Defend","sneckomod:TailWhip","sneckomod:SnekBite","sneckomod:Unknown","sneckomod:Unknown","sneckomod:IronFang","sneckomod:DiceBlock","sneckomod:UnknownVulnerable","sneckomod:SerpentIdol","sneckomod:UnknownClassHEXA_GHOST_PURPLE","sneckomod:QuickMove","sneckomod:UnknownUncommonPower","sneckomod:SlitherStrike+1","sneckomod:Restock+1","sneckomod:UnknownBlock","sneckomod:UnknownWeak","sneckomod:UnknownUncommonAttack","sneckomod:SnakeSap","sneckomod:UnknownVulnerable"],"relics":["sneckomod:SneckoSoul","downfall:HeartsMalice","Happy Flower","Pet Ghost","Question Card","Turnip"],"acts_visited":["Exordium"],"potions_floor_usage":[],"damage_taken":[{"damage":0,"enemies":"Small Slimes","floor":2,"turns":1},{"damage":0,"enemies":"conspire:RoseBush","floor":3,"turns":1},{"damage":0,"enemies":"Cultist","floor":4,"turns":1},{"damage":0,"enemies":"3 Louse","floor":5,"turns":5},{"damage":0,"enemies":"2 Fungi Beasts","floor":6,"turns":4},{"damage":0,"enemies":"downfall:FleeingMerchant","floor":8,"turns":4},{"damage":0,"enemies":"Exordium Wildlife","floor":10,"turns":3},{"damage":8,"enemies":"Replay:BlueRogue","floor":13,"turns":6},{"damage":16,"enemies":"Exordium Thugs","floor":14,"turns":4},{"damage":0,"enemies":"Blue Slaver","floor":15,"turns":3},{"damage":45,"enemies":"downfall:Defect","floor":16,"turns":6}],"seed_played":"6701272886842955887","potions_obtained":[{"floor":5,"key":"Fire Potion"},{"floor":6,"key":"Venom Potion"},{"floor":13,"key":"Weak Potion"}],"is_trial":false,"path_per_floor":["R_BF","M","M","M","M","M","T","$","?","M","R","?","E","M","M","B"],"character_chosen":"THE_SNECKO","items_purchased":["sneckomod:UnknownUncommonPower"],"campfire_rested":0,"item_purchase_floors":[8],"current_hp_per_floor":[90,90,90,91,91,92,92,93,93,93,93,58,51,42,43,0,0],"gold":182,"neow_bonus":"THREE_ENEMY_KILL","is_daily":false,"chose_seed":false,"campfire_upgraded":1,"win_rate":0.0,"timestamp":1609088743,"path_taken":["R_BF","M","M","M","M","M","T","$","?","M","R","?","E","M","M","BOSS"],"items_purchased_type":["Card"],"build_version":"2020-12-22","purchased_purges":0,"victory":false,"max_hp_per_floor":[90,90,90,91,91,92,92,93,93,93,93,95,96,96,97,97,97],"card_choices":[{"not_picked":["sneckomod:UnknownClassHEXA_GHOST_PURPLE","sneckomod:UnknownClassHIEROPHANT_GOLD_COLOR"],"picked":"sneckomod:IronFang","floor":2},{"not_picked":["sneckomod:MasterEye","sneckomod:SnekBeam"],"picked":"sneckomod:DiceBlock","floor":3},{"not_picked":["sneckomod:UnknownX","sneckomod:QuickBite"],"picked":"sneckomod:UnknownVulnerable","floor":4},{"not_picked":["sneckomod:SoulDraw","sneckomod:Unknown1Cost"],"picked":"sneckomod:SerpentIdol","floor":5},{"not_picked":["sneckomod:DiceCrush","sneckomod:Nope"],"picked":"sneckomod:UnknownClassHEXA_GHOST_PURPLE","floor":6},{"not_picked":["sneckomod:SoulDraw","sneckomod:UnknownStrike"],"picked":"sneckomod:QuickMove","floor":8},{"not_picked":["sneckomod:UnknownUncommonSkill","sneckomod:Unknown1Cost"],"picked":"sneckomod:Restock","floor":10},{"not_picked":["sneckomod:SerpentIdol","sneckomod:UnknownClassGUARDIAN"],"picked":"sneckomod:UnknownBlock","floor":12},{"not_picked":["sneckomod:SoulDraw","sneckomod:UnknownClassGUARDIAN"],"picked":"sneckomod:UnknownWeak","floor":12},{"not_picked":["sneckomod:SoulRoll","sneckomod:UnknownClassGUARDIAN","sneckomod:DefensiveFlair"],"picked":"sneckomod:UnknownUncommonAttack","floor":13},{"not_picked":["sneckomod:RainOfDice","sneckomod:Mudshield","sneckomod:Unknown0Cost"],"picked":"sneckomod:SnakeSap","floor":14},{"not_picked":["sneckomod:SoulRoll","sneckomod:UnknownClassPURPLE","sneckomod:UnknownCommonAttack"],"picked":"sneckomod:UnknownVulnerable","floor":15}],"player_experience":191919,"relics_obtained":[{"floor":1,"key":"Happy Flower"},{"floor":7,"key":"Pet Ghost"},{"floor":12,"key":"Question Card"},{"floor":13,"key":"Turnip"}],"event_choices":[],"is_beta":false,"boss_relics":[],"items_purged_floors":[],"is_endless":false,"potions_floor_spawned":[5,6,13],"killed_by":"downfall:Defect","ascension_level":0}}