{"host":"oe99xkou38n5lfnh","time":1609057876,"event":{"mods":["BaseMod","Downfall","Minty Spire (QoL Compilation)","StSLib"],"gold_per_floor":[99,99,99,99,28,178,178,210,210,229,229,244,264,275,290,388,388,388,406,406,13,13,28,52,152,152,179,195,222,26,38,56,155,155,155,172,222,222,222,222,222,222,235,235,255,266,298,298,310,310],"floor_reached":51,"playtime":5975,"items_purged":["Guardian:Strike_Guardian","Shame"],"score":665,"play_id":"383a6605-72bd-4ca2-a9d1-add20b2ba09c","local_time":"20201227023116","is_ascension_mode":false,"campfire_choices":[{"floor":1,"key":"RECALL"},{"data":"Guardian:SpikerProtocol","floor":11,"key":"SMITH"},{"data":"Guardian:SpikerProtocol","floor":18,"key":"SMITH"},{"data":"expansioncontent:LastStand","floor":26,"key":"SMITH"},{"data":"Guardian:BaubleBeam","floor":35,"key":"SMITH"},{"data":"Guardian:StasisField","floor":42,"key":"SMITH"},{"data":"Guardian:PrismaticBeam","floor":48,"key":"SMITH"}],"circlet_count":0,"master_deck":["Guardian:Strike_Guardian","Guardian:Strike_Guardian","Guardian:Defend_Guardian","Guardian:Defend_Guardian","Guardian:Defend_Guardian","Guardian:Defend_Guardian","Guardian:CurlUp","Guardian:TwinSlam","Guardian:SpikerProtocol+1","Guardian:SpikerProtocol+1","Guardian:Suspension","Guardian:TemporalStrike","Guardian:PrimingBeam","Guardian:StasisField+1","CurseOfTheBell","Guardian:PiercingHide+1","Guardian:RollAttack","expansioncontent:LastStand+1","RitualDagger","Guardian:Recover","Guardian:Reroute+1","Guardian:PrismaticBeam+1","Guardian:ChargeCore","Guardian:CrystalBeam","expansioncontent:DecasProtection","Guardian:BronzeOrb+1","Guardian:BaubleBeam+1","Guardian:FloatingOrbs+1","Guardian:Aged","Guardian:Clone","Guardian:SentryBeam"],"relics":["Guardian:ModeShifter","downfall:HeartsMalice","Guardian:PickAxe","Eternal Feather","Calling Bell","Lantern","Pantograph","Pocketwatch","Centennial Puzzle","MealTicket","Blood Vial","Calipers","Bird Faced Urn","Guardian:StasisSlotReductionRelic","Dead Branch","Guardian:StasisEgg","White Beast Statue","Happy Flower"],"acts_visited":["Exordium","TheCity","TheBeyond"],"potions_floor_usage":[23,29,29,29,33,33],"damage_taken":[{"damage":0,"enemies":"Cultist","floor":2,"turns":1},{"damage":0,"enemies":"Small Slimes","floor":3,"turns":1},{"damage":0,"enemies":"downfall:FleeingMerchant","floor":5,"turns":1},{"damage":25,"enemies":"3 Sentries","floor":8,"turns":10},{"damage":0,"enemies":"Jaw Worm","floor":10,"turns":2},{"damage":7,"enemies":"2 Fungi Beasts","floor":12,"turns":3},{"damage":12,"enemies":"Exordium Thugs","floor":13,"turns":6},{"damage":0,"enemies":"Large Slime","floor":14,"turns":7},{"damage":1,"enemies":"Blue Slaver","floor":15,"turns":4},{"damage":24,"enemies":"downfall:Watcher","floor":16,"turns":11},{"damage":14,"enemies":"Chosen","floor":19,"turns":5},{"damage":0,"enemies":"downfall:FleeingMerchant","floor":21,"turns":4},{"damage":12,"enemies":"Snake Plant","floor":23,"turns":4},{"damage":62,"enemies":"Gremlin Leader","floor":27,"turns":10},{"damage":11,"enemies":"3 Cultists","floor":28,"turns":5},{"damage":6,"enemies":"Book of Stabbing","floor":29,"turns":5},{"damage":7,"enemies":"downfall:FleeingMerchant","floor":30,"turns":4},{"damage":27,"enemies":"Snecko","floor":31,"turns":5},{"damage":5,"enemies":"Chosen and Byrds","floor":32,"turns":6},{"damage":11,"enemies":"downfall:Silent","floor":33,"turns":6},{"damage":18,"enemies":"3 Darklings","floor":36,"turns":5},{"damage":27,"enemies":"Mind Bloom Boss Battle","floor":37,"turns":8},{"damage":7,"enemies":"Orb Walker","floor":43,"turns":3},{"damage":1,"enemies":"Sphere and 2 Shapes","floor":45,"turns":5},{"damage":5,"enemies":"Maw","floor":46,"turns":7},{"damage":43,"enemies":"Reptomancer","floor":47,"turns":6},{"damage":7,"enemies":"3 Darklings","floor":49,"turns":3},{"damage":21,"enemies":"downfall:Ironclad","floor":50,"turns":10}],"seed_played":"-3389793956330697042","potions_obtained":[{"floor":8,"key":"SpeedPotion"},{"floor":10,"key":"Ancient Potion"},{"floor":14,"key":"Dexterity Potion"},{"floor":15,"key":"Energy Potion"},{"floor":23,"key":"Dexterity Potion"},{"floor":31,"key":"Block Potion"},{"floor":32,"key":"champ:CounterPotion"},{"floor":33,"key":"LiquidBronze"},{"floor":36,"key":"Guardian:AcceleratePotion"},{"floor":37,"key":"LiquidBronze"},{"floor":43,"key":"Fire Potion"},{"floor":47,"key":"champ:CounterPotion"}],"is_trial":false,"path_per_floor":["R","M","M","?","$","?","T","E","?","M","R","M","M","M","M","B",null,"R","M","?","$","?","M","T","?","R","E","M","E","$","M","M","B",null,"R","M","?","?","?","?","T","R","M","R","M","M","E","R","M","B",null],"character_chosen":"GUARDIAN","items_purchased":["Guardian:SpikerProtocol","Guardian:Gem_Crimson","MealTicket","expansioncontent:LastStand","expansioncontent:DecasProtection"],"campfire_rested":0,"item_purchase_floors":[5,21,21,21,30],"current_hp_per_floor":[80,80,80,80,80,80,80,55,55,55,64,57,45,45,44,20,80,80,66,66,66,60,48,48,48,60,10,11,17,43,24,37,59,80,80,66,57,57,57,57,57,72,71,80,80,80,47,65,62,69],"gold":310,"neow_bonus":"THREE_ENEMY_KILL","is_daily":false,"chose_seed":false,"campfire_upgraded":6,"win_rate":0.0,"timestamp":1609057876,"path_taken":["R","?","M","?","$","?","T","E","?","M","R","M","M","M","M","BOSS","R","M","?","$","?","M","T","?","R","E","M","E","$","?","M","BOSS","R","M","?","?","?","?","T","R","M","R","M","?","E","R","M","BOSS"],"items_purchased_type":["Card","Card","Relic","Card","Card"],"build_version":"2020-12-22","purchased_purges":2,"victory":true,"max_hp_per_floor":[80,80,80,80,80,80,80,80,80,80,80,80,80,80,80,80,80,80,80,80,80,80,80,80,80,80,80,80,80,80,80,80,80,80,80,80,80,80,80,80,80,80,80,80,80,80,80,80,80,80],"card_choices":[{"not_picked":["Guardian:Clone","Guardian:ChargeCore"],"picked":"Guardian:SpikerProtocol","floor":2},{"not_picked":["Guardian:PiercingHide","Guardian:RollAttack"],"picked":"Guardian:Gem_Crimson","floor":3},{"not_picked":["Guardian:Emergency","Guardian:Incinerate"],"picked":"Guardian:Gem_Lightblue","floor":5},{"not_picked":["Guardian:RefractedBeam","Guardian:Orbwalk"],"picked":"Guardian:Gem_Red","floor":8},{"not_picked":["Guardian:ShieldCharger","Guardian:SpikerProtocol"],"picked":"Guardian:Suspension","floor":10},{"not_picked":["Guardian:GuardianWhirl","Guardian:Preprogram"],"picked":"Guardian:Gem_Cyan","floor":12},{"not_picked":["Guardian:HyperBeam_Guardian","Guardian:Orbwalk"],"picked":"Guardian:TemporalStrike","floor":13},{"not_picked":["Guardian:WalkerClaw","Guardian:Recover"],"picked":"Guardian:Gem_Yellow","floor":14},{"not_picked":["Guardian:DonusPower","Guardian:Suspension"],"picked":"Guardian:PrimingBeam","floor":15},{"not_picked":["Guardian:SphericShield","Guardian:Gem_Synthetic"],"picked":"Guardian:StasisField","floor":16},{"not_picked":["Guardian:TimeCapacitor","Guardian:Recover"],"picked":"Guardian:PiercingHide+1","floor":19},{"not_picked":["Guardian:Suspension","Guardian:Gem_Lightblue"],"picked":"Guardian:RollAttack","floor":21},{"not_picked":["Guardian:HyperBeam_Guardian","Guardian:EvasiveProtocol"],"picked":"Guardian:Recover","floor":23},{"not_picked":["Guardian:RollAttack","Guardian:DonusPower"],"picked":"Guardian:Reroute+1","floor":27},{"not_picked":["Guardian:Emergency+1","Guardian:RefractedBeam"],"picked":"Guardian:PrismaticBeam","floor":28},{"not_picked":["Guardian:SentryBeam","Guardian:Gem_Cyan"],"picked":"Guardian:ChargeCore","floor":29},{"not_picked":["Guardian:Emergency","Guardian:SphericShield"],"picked":"Guardian:CrystalBeam","floor":30},{"not_picked":["Guardian:Gem_Lightblue","Guardian:MultiBeam"],"picked":"Guardian:Gem_Crimson","floor":31},{"not_picked":["Guardian:Incinerate","Guardian:ShieldSpikes"],"picked":"Guardian:BronzeOrb+1","floor":32},{"not_picked":["Guardian:ConstructionForm","Guardian:StasisStrike"],"picked":"Guardian:BaubleBeam","floor":33},{"not_picked":["Guardian:ShieldSpikes+1","Guardian:MultiBeam"],"picked":"Guardian:FloatingOrbs+1","floor":36},{"not_picked":["Guardian:PiercingHide","Guardian:Recover"],"picked":"Guardian:Gem_Blue","floor":43},{"not_picked":["Guardian:Planning","Guardian:RollAttack"],"picked":"Guardian:Clone","floor":45},{"not_picked":["Guardian:Gem_Cyan","Guardian:Incinerate"],"picked":"Guardian:Gem_Green","floor":46},{"not_picked":["Guardian:ChargeCore+1","Guardian:MultiBeam+1"],"picked":"Guardian:Gem_Orange","floor":47},{"not_picked":["Guardian:BronzeArmor+1","Guardian:Gem_White"],"picked":"Guardian:SentryBeam","floor":49}],"player_experience":1632633,"relics_obtained":[{"floor":8,"key":"Eternal Feather"},{"floor":17,"key":"Lantern"},{"floor":17,"key":"Pantograph"},{"floor":17,"key":"Pocketwatch"},{"floor":24,"key":"Blood Vial"},{"floor":27,"key":"Calipers"},{"floor":29,"key":"Bird Faced Urn"},{"floor":37,"key":"Dead Branch"},{"floor":41,"key":"White Beast Statue"},{"floor":47,"key":"Happy Flower"}],"event_choices":[{"damage_healed":0,"gold_gain":0,"player_choice":"Stole Relic","damage_taken":0,"relics_obtained":["Centennial Puzzle"],"max_hp_gain":0,"max_hp_loss":0,"event_name":"Addict","floor":20,"gold_loss":0,"cards_obtained":["Shame"]},{"cards_removed":["Guardian:Strike_Guardian"],"damage_healed":0,"gold_gain":0,"player_choice":"Removed Attack","damage_taken":0,"max_hp_gain":0,"max_hp_loss":0,"event_name":"Falling","floor":38,"gold_loss":0}],"is_beta":false,"boss_relics":[{"not_picked":["Tiny House","Philosopher\u0027s Stone"],"picked":"Calling Bell"},{"not_picked":["SacredBark","Astrolabe"],"picked":"Guardian:StasisSlotReductionRelic"}],"items_purged_floors":[21,30],"is_endless":false,"potions_floor_spawned":[8,10,14,15,23,31,32,33,36,37,43,45,46,47,49],"ascension_level":0}}