{"host":"oeeu8njhzvf3llor","time":1609028547,"event":{"mods":["BaseMod","Better Match","Better Note","Better Skull","Better Third Choice","Hubris","Minty Spire (QoL Compilation)","Rare Cards Sparkle","Replay The Spire","Shop Mod","Spicy Shops","StSLib","Swap Starting Deck Mod"],"gold_per_floor":[215,215,249,94,94,129,129,163,188,223,237,262,287,307,307,408,408,424,439,439,439],"floor_reached":20,"playtime":685,"items_purged":["ReplayTheSpireMod:Splinters"],"score":210,"play_id":"7a9932c1-d18a-4131-b58e-4847885dfaa6","local_time":"20201226192227","is_ascension_mode":true,"campfire_choices":[{"data":"Crippling Poison","floor":7,"key":"SMITH"},{"floor":15,"key":"REST"}],"circlet_count":0,"master_deck":["Strike_G","Strike_G","Strike_G","Strike_G","Strike_G","Defend_G","Defend_G","Defend_G+1","Defend_G","Defend_G","Survivor","Neutralize","PiercingWail","Crippling Poison+1","Riddle With Holes","Dagger Throw","Dagger Spray","Replay:Poison Smokescreen","hubris:Counter+1","Slice+1"],"relics":["Ring of the Snake","Golden Egg","ReplayFunnel","Toy Ornithopter","hubris:Spice","hubris:BlackHole"],"acts_visited":["Exordium","TheCity"],"potions_floor_usage":[6,6,8,10,12,16],"damage_taken":[{"damage":0,"enemies":"Small Slimes","floor":1,"turns":5},{"damage":8,"enemies":"Lagavulin","floor":6,"turns":5},{"damage":27,"enemies":"Gremlin Nob","floor":8,"turns":5},{"damage":24,"enemies":"Lagavulin","floor":10,"turns":6},{"damage":0,"enemies":"2 Louse","floor":11,"turns":2},{"damage":12,"enemies":"Gremlin Nob","floor":12,"turns":3},{"damage":3,"enemies":"Jaw Worm","floor":14,"turns":3},{"damage":6,"enemies":"Hexaghost","floor":16,"turns":9},{"damage":0,"enemies":"3 Byrds","floor":18,"turns":3},{"damage":0,"enemies":"Shell Parasite","floor":19,"turns":3},{"damage":0,"enemies":"Centurion and Healer","floor":20,"turns":8}],"seed_played":"8224786935271351557","potions_obtained":[{"floor":3,"key":"Weak Potion"},{"floor":3,"key":"SteroidPotion"},{"floor":3,"key":"DuplicationPotion"},{"floor":6,"key":"Strength Potion"},{"floor":11,"key":"Strength Potion"},{"floor":12,"key":"LiquidMemories"}],"is_trial":false,"path_per_floor":["M","?","?","$","?","E","R","E","T","E","M","E","T","M","R","B",null,"M","M","M"],"character_chosen":"THE_SILENT","items_purchased":["Riddle With Holes"],"campfire_rested":1,"item_purchase_floors":[4],"current_hp_per_floor":[70,70,70,70,75,67,67,40,40,29,29,30,30,27,51,50,83,83,83,83,83],"gold":439,"neow_bonus":"HUNDRED_GOLD","is_daily":false,"chose_seed":false,"campfire_upgraded":1,"win_rate":0.0,"timestamp":1609028547,"path_taken":["M","?","?","$","?","E","R","E","T","E","M","E","?","M","R","BOSS","M","M","M"],"items_purchased_type":["Card"],"build_version":"2020-12-22","purchased_purges":1,"victory":false,"max_hp_per_floor":[70,70,70,70,75,75,75,75,75,83,83,91,91,83,83,83,83,83,83,83,83],"card_choices":[{"not_picked":["Heel Hook","Deflect"],"picked":"PiercingWail","floor":1},{"not_picked":["Dodge and Roll","Distraction"],"picked":"Crippling Poison","floor":3},{"not_picked":["Distraction","Flying Knee"],"picked":"Dagger Throw","floor":6},{"not_picked":["Backflip","Night Terror"],"picked":"Dagger Spray","floor":8},{"not_picked":["Distraction","Escape Plan"],"picked":"Replay:Poison Smokescreen","floor":10},{"not_picked":["Distraction","Blade Dance","Underhanded Strike"],"picked":"SKIP","floor":11},{"not_picked":["Predator","Underhanded Strike","Outmaneuver"],"picked":"SKIP","floor":12},{"not_picked":["Cloak And Dagger","ReplayTheSpireMod:The Works"],"picked":"hubris:SpiceAddiction","floor":14},{"not_picked":["Underhanded Strike","Acrobatics"],"picked":"hubris:Counter+1","floor":18},{"not_picked":["ReplayTheSpireMod:Shiv Toss","PiercingWail"],"picked":"Slice+1","floor":19}],"player_experience":471943,"relics_obtained":[{"floor":6,"key":"Golden Egg"},{"floor":8,"key":"ReplayFunnel"},{"floor":9,"key":"Toy Ornithopter"},{"floor":10,"key":"hubris:Spice"},{"floor":12,"key":"hubris:Spice"}],"event_choices":[{"damage_healed":0,"gold_gain":0,"player_choice":"Donut","damage_taken":0,"max_hp_gain":5,"max_hp_loss":0,"event_name":"Big Fish","floor":5,"gold_loss":0}],"is_beta":false,"boss_relics":[{"not_picked":["Painkiller Herb","Ring of Chaos"],"picked":"hubris:BlackHole"}],"items_purged_floors":[4],"is_endless":false,"potions_floor_spawned":[6,11,12],"killed_by":"Centurion and Healer","ascension_level":1}}