{"host":"7tkrmasug91pv8cz","time":1609039166,"event":{"mods":["2.2 Compatiblity","Ascension Reborn","BaseMod","CapriCore","DeckTracker","Hermit","Koishi","Marisa£¨Ùöéë¡¡Øª×âÞÞ£©","Minty Spire (QoL Compilation)","Permanent Neow","StSLib","SuperFastMode","The Alterego","The Cursed","The Dragon Tamer","The Gatherer","The Immortal"],"gold_per_floor":[122,144,232,232,246,278,300,335,335,347,371,371,144,144,144,265,265,285,285,307,320,332,368,108,108,108,146,159,159,172,192,192,318,318,330,350,350,408,408,444,474,324,356,388,404,417,417,458,458,458,458,458,15,53,53],"floor_reached":56,"playtime":3317,"items_purged":["TheCursedMod:Defend_TheCursed+1","TheCursedMod:Strike_TheCursed+1","TheCursedMod:Strike_TheCursed+1","TheCursedMod:Dregs"],"score":1639,"play_id":"e8d46aae-9567-452c-902a-a319a5216061","local_time":"20201227121926","is_ascension_mode":true,"campfire_choices":[{"data":"TheCursedMod:TacticalStrike","floor":12,"key":"SMITH"},{"data":"TheCursedMod:OutForBlood","floor":15,"key":"SMITH"},{"data":"TheCursedMod:CollectTribute","floor":29,"key":"SMITH"},{"floor":32,"key":"RECALL"},{"data":"1","floor":49,"key":"LIFT"},{"data":"2","floor":52,"key":"LIFT"}],"circlet_count":0,"master_deck":["TheCursedMod:Strike_TheCursed+1","TheCursedMod:Strike_TheCursed+1","TheCursedMod:Defend_TheCursed+1","TheCursedMod:CursedWand+1","TheCursedMod:CleanUpWorkshop+1","TheCursedMod:DemonSword+1","TheCursedMod:SpreadPlague+1","TheCursedMod:CursedAmulet+1","TheCursedMod:Stigma","TheCursedMod:CursedBlade+1","TheCursedMod:SpitefulStrike+1","TheCursedMod:Obscuration+1","TheCursedMod:TacticalStrike+1","TheCursedMod:OutForBlood+1","TheCursedMod:CollectTribute+1","TheCursedMod:CursedBlade+1","TheCursedMod:Stigma+1","TheCursedMod:LuckyCharm","TheCursedMod:CursedBoomerang","TheCursedMod:HellsGateOpen+1","TheCursedMod:ReleasedStrength","TheCursedMod:CursedBoomerang","TheCursedMod:LuckyCharm+1","TheCursedMod:SurpriseAttack+1","Decay","TheCursedMod:ReleasedKnowledge+1","TheCursedMod:DemonSword+1","TheCursedMod:VoidForm+1"],"relics":["TheCursedMod:BlackMagic101","InkBottle","Boot","Meat on the Bone","War Paint","Bag of Marbles","Toy Ornithopter","Turnip","Sozu","Juzu Bracelet","Darkstone Periapt","Oddly Smooth Stone","Frozen Egg 2","Ornamental Fan","CaptainsWheel","Tiny Chest","TheCursedMod:SoulVessel","Girya","SlaversCollar","WingedGreaves","StoneCalendar","Blood Vial","TheCursedMod:Tack","Pen Nib","Kunai","Centennial Puzzle","Bottled Lightning","Pear","Bag of Preparation","DollysMirror","Strawberry","Bronze Scales"],"acts_visited":["Exordium","TheCity","TheBeyond","TheEnding"],"potions_floor_usage":[55,55],"damage_taken":[{"damage":0,"enemies":"Cultist","floor":1,"turns":2},{"damage":0,"enemies":"2 Louse","floor":2,"turns":2},{"damage":0,"enemies":"Jaw Worm","floor":5,"turns":2},{"damage":0,"enemies":"3 Sentries","floor":6,"turns":4},{"damage":0,"enemies":"Gremlin Gang","floor":7,"turns":2},{"damage":0,"enemies":"Gremlin Nob","floor":8,"turns":2},{"damage":0,"enemies":"Exordium Thugs","floor":10,"turns":2},{"damage":1,"enemies":"Large Slime","floor":11,"turns":2},{"damage":0,"enemies":"The Guardian","floor":16,"turns":6},{"damage":0,"enemies":"2 Thieves","floor":18,"turns":2},{"damage":0,"enemies":"Chosen","floor":20,"turns":2},{"damage":0,"enemies":"Centurion and Healer","floor":21,"turns":3},{"damage":0,"enemies":"Sentry and Sphere","floor":22,"turns":3},{"damage":0,"enemies":"Gremlin Leader","floor":23,"turns":4},{"damage":6,"enemies":"Book of Stabbing","floor":27,"turns":3},{"damage":0,"enemies":"Snecko","floor":28,"turns":2},{"damage":0,"enemies":"3 Cultists","floor":30,"turns":3},{"damage":0,"enemies":"Snake Plant","floor":31,"turns":2},{"damage":2,"enemies":"Automaton","floor":33,"turns":5},{"damage":2,"enemies":"3 Darklings","floor":35,"turns":2},{"damage":6,"enemies":"3 Shapes","floor":36,"turns":1},{"damage":20,"enemies":"2 Orb Walkers","floor":38,"turns":2},{"damage":37,"enemies":"Reptomancer","floor":40,"turns":3},{"damage":4,"enemies":"Giant Head","floor":41,"turns":4},{"damage":10,"enemies":"Sphere and 2 Shapes","floor":45,"turns":3},{"damage":1,"enemies":"3 Darklings","floor":46,"turns":2},{"damage":0,"enemies":"Reptomancer","floor":48,"turns":3},{"damage":21,"enemies":"Awakened One","floor":50,"turns":6},{"damage":7,"enemies":"Shield and Spear","floor":54,"turns":4},{"damage":63,"enemies":"The Heart","floor":55,"turns":5}],"seed_played":"4862442247436920184","potions_obtained":[{"floor":1,"key":"GamblersBrew"},{"floor":2,"key":"SpeedPotion"},{"floor":2,"key":"ColorlessPotion"},{"floor":7,"key":"Dexterity Potion"},{"floor":7,"key":"AttackPotion"},{"floor":8,"key":"DistilledChaos"},{"floor":16,"key":"FairyPotion"},{"floor":16,"key":"DistilledChaos"}],"is_trial":false,"path_per_floor":["M","M","?","?","M","E","M","E","T","M","M","R","$","?","R","B",null,"M","?","M","M","M","E","$","?","T","E","M","R","M","M","R","B",null,"M","M","?","?","?","E","E","$","T","T","M","M","?","E","R","B",null,"R","$","E","B",null],"character_chosen":"THE_CURSED","items_purchased":["Bag of Marbles","TheCursedMod:OutForBlood","Frozen Egg 2","TheCursedMod:LuckyCharm+1","Bag of Preparation","DollysMirror","Strawberry"],"campfire_rested":0,"item_purchase_floors":[13,13,24,42,53,53,53],"current_hp_per_floor":[79,79,79,79,79,79,79,79,79,79,78,78,78,36,36,59,83,83,83,83,83,83,83,83,83,83,77,77,77,77,77,77,87,87,87,82,82,68,68,51,58,58,58,58,54,59,67,87,87,83,103,103,110,110,75],"gold":53,"neow_bonus":"ONE_RANDOM_RARE_CARD","is_daily":false,"chose_seed":false,"campfire_upgraded":3,"win_rate":0.0,"timestamp":1609039166,"path_taken":["M","?","?","?","M","E","M","E","T","M","?","R","?","?","R","BOSS","M","?","M","M","M","E","?","?","T","E","M","R","M","M","R","BOSS","M","M","?","?","?","E","E","$","T","?","M","M","?","E","R","BOSS","R","$","E","BOSS"],"items_purchased_type":["Relic","Card","Relic","Card","Relic","Relic","Relic"],"build_version":"2020-12-22","purchased_purges":4,"victory":true,"max_hp_per_floor":[79,79,79,79,79,79,79,79,79,79,79,79,79,79,79,83,83,83,83,83,83,83,83,83,83,83,83,83,83,83,83,83,87,87,87,87,87,87,83,83,83,83,83,83,83,83,89,99,99,103,103,103,110,110,114],"card_choices":[{"not_picked":["TheCursedMod:FleshFromBone","TheCursedMod:SmokeScreen+1"],"picked":"TheCursedMod:SpreadPlague+1","floor":1},{"not_picked":["TheCursedMod:CursedSpellbook","TheCursedMod:Obscuration"],"picked":"TheCursedMod:CursedAmulet+1","floor":2},{"not_picked":["TheCursedMod:Stretching","TheCursedMod:SpitefulStrike"],"picked":"TheCursedMod:Stigma","floor":5},{"not_picked":["TheCursedMod:SoulReap","TheCursedMod:BloodBarrier","TheCursedMod:VitalStrike"],"picked":"SKIP","floor":6},{"not_picked":["TheCursedMod:Obscuration","TheCursedMod:CircleOfBlood","TheCursedMod:CursedShiv+1"],"picked":"SKIP","floor":6},{"not_picked":["TheCursedMod:DarkBarrier","TheCursedMod:CursedBoomerang"],"picked":"TheCursedMod:Obscuration+1","floor":7},{"not_picked":["TheCursedMod:FleshFromBone+1","TheCursedMod:CursedArmor"],"picked":"TheCursedMod:CursedBlade+1","floor":8},{"not_picked":["TheCursedMod:HellsGateOpen","TheCursedMod:VitalStrike"],"picked":"TheCursedMod:SpitefulStrike+1","floor":8},{"not_picked":["TheCursedMod:RavingStaff","TheCursedMod:Stigma"],"picked":"TheCursedMod:Obscuration+1","floor":10},{"not_picked":["TheCursedMod:TroublousMinions","TheCursedMod:CursedSpellbook"],"picked":"TheCursedMod:TacticalStrike","floor":11},{"not_picked":["TheCursedMod:ShockAndAwe","TheCursedMod:OutForBlood"],"picked":"TheCursedMod:CollectTribute","floor":16},{"not_picked":["TheCursedMod:CursedShiv","TheCursedMod:AshesToAshes"],"picked":"TheCursedMod:Stigma+1","floor":18},{"not_picked":["TheCursedMod:Obscuration","TheCursedMod:SpitefulPray","TheCursedMod:AshesToAshes"],"picked":"SKIP","floor":20},{"not_picked":["TheCursedMod:Stigma","TheCursedMod:CursedShiv"],"picked":"TheCursedMod:CursedBlade+1","floor":21},{"not_picked":["TheCursedMod:RapidMovement","TheCursedMod:SaltUponWound"],"picked":"TheCursedMod:Stigma+1","floor":22},{"not_picked":["TheCursedMod:SpitefulStrike+1","TheCursedMod:ShockAndAwe"],"picked":"TheCursedMod:LuckyCharm","floor":23},{"not_picked":["TheCursedMod:AshesToAshes+1","TheCursedMod:Stigma","TheCursedMod:CircleOfFlame+1"],"picked":"SKIP","floor":27},{"not_picked":["TheCursedMod:AshesToAshes+1","TheCursedMod:DoubleShield","TheCursedMod:HellsGateOpen+1"],"picked":"SKIP","floor":28},{"not_picked":["TheCursedMod:SpitefulPlan+1","TheCursedMod:CursedMace"],"picked":"TheCursedMod:ReleasedStrength","floor":30},{"not_picked":["TheCursedMod:CursedShiv+1","TheCursedMod:Stigma","TheCursedMod:TacticalStrike"],"picked":"SKIP","floor":31},{"not_picked":["TheCursedMod:Stigma","TheCursedMod:CircleOfFlame+1","TheCursedMod:CircleOfCorruption"],"picked":"SKIP","floor":35},{"not_picked":["TheCursedMod:CursedBlade+1","TheCursedMod:RavingStaff+1"],"picked":"TheCursedMod:CursedBoomerang","floor":36},{"not_picked":["TheCursedMod:Torture","TheCursedMod:WearCloak+1","TheCursedMod:Neurasthenia"],"picked":"SKIP","floor":40},{"not_picked":["TheCursedMod:VitalStrike+1","TheCursedMod:CursedBlade","TheCursedMod:WearCloak"],"picked":"SKIP","floor":41},{"not_picked":["TheCursedMod:CursedShiv+1","TheCursedMod:Obscuration+1","TheCursedMod:CursedMace+1"],"picked":"SKIP","floor":45},{"not_picked":["TheCursedMod:ReleasedStrength+1","TheCursedMod:SpitefulStrike"],"picked":"TheCursedMod:SurpriseAttack+1","floor":46},{"not_picked":["TheCursedMod:CursedMace+1","TheCursedMod:CircleOfAmplification+1"],"picked":"TheCursedMod:ReleasedKnowledge+1","floor":48},{"not_picked":["TheCursedMod:CircleOfCorruption","TheCursedMod:OutForBlood+1"],"picked":"TheCursedMod:VoidForm+1","floor":54}],"player_experience":124453,"relics_obtained":[{"floor":6,"key":"InkBottle"},{"floor":7,"key":"Boot"},{"floor":8,"key":"Meat on the Bone"},{"floor":9,"key":"War Paint"},{"floor":16,"key":"Turnip"},{"floor":18,"key":"Juzu Bracelet"},{"floor":23,"key":"Oddly Smooth Stone"},{"floor":26,"key":"Ornamental Fan"},{"floor":26,"key":"CaptainsWheel"},{"floor":27,"key":"Tiny Chest"},{"floor":31,"key":"TheCursedMod:SoulVessel"},{"floor":33,"key":"Girya"},{"floor":38,"key":"WingedGreaves"},{"floor":40,"key":"StoneCalendar"},{"floor":41,"key":"Blood Vial"},{"floor":43,"key":"TheCursedMod:Tack"},{"floor":43,"key":"Pen Nib"},{"floor":44,"key":"Kunai"},{"floor":44,"key":"Centennial Puzzle"},{"floor":46,"key":"Bottled Lightning"},{"floor":48,"key":"Pear"},{"floor":54,"key":"Bronze Scales"}],"event_choices":[{"damage_healed":0,"gold_gain":73,"player_choice":"Gained Gold","damage_taken":0,"max_hp_gain":0,"max_hp_loss":0,"event_name":"Golden Wing","floor":3,"gold_loss":0},{"damage_healed":0,"gold_gain":0,"player_choice":"Forge","damage_taken":0,"max_hp_gain":0,"max_hp_loss":0,"event_name":"Accursed Blacksmith","floor":4,"gold_loss":0,"cards_upgraded":["TheCursedMod:DemonSword"]},{"damage_healed":0,"gold_gain":0,"player_choice":"Success","damage_taken":42,"relics_obtained":["Toy Ornithopter"],"max_hp_gain":0,"max_hp_loss":0,"event_name":"Scrap Ooze","floor":14,"gold_loss":0},{"cards_removed":["TheCursedMod:Stigma"],"damage_healed":0,"gold_gain":0,"player_choice":"Gave Card","damage_taken":0,"relics_obtained":["Darkstone Periapt"],"max_hp_gain":0,"max_hp_loss":0,"event_name":"WeMeetAgain","floor":19,"gold_loss":0},{"damage_healed":0,"gold_gain":0,"cards_transformed":["TheCursedMod:Defend_TheCursed","TheCursedMod:Defend_TheCursed"],"player_choice":"Became Test Subject","damage_taken":0,"max_hp_gain":0,"max_hp_loss":0,"event_name":"Drug Dealer","floor":25,"gold_loss":0,"cards_obtained":["TheCursedMod:CursedBoomerang","TheCursedMod:HellsGateOpen"]},{"cards_removed":["TheCursedMod:Obscuration"],"damage_healed":0,"gold_gain":0,"player_choice":"Removed Skill","damage_taken":0,"max_hp_gain":0,"max_hp_loss":0,"event_name":"Falling","floor":37,"gold_loss":0},{"damage_healed":0,"gold_gain":0,"player_choice":"Fight","damage_taken":0,"max_hp_gain":0,"max_hp_loss":0,"event_name":"Mysterious Sphere","floor":38,"gold_loss":0},{"damage_healed":0,"gold_gain":0,"player_choice":"Max HP","damage_taken":0,"max_hp_gain":0,"max_hp_loss":4,"event_name":"Winding Halls","floor":39,"gold_loss":0},{"damage_healed":0,"gold_gain":0,"player_choice":"Cursed","damage_taken":0,"max_hp_gain":0,"max_hp_loss":0,"event_name":"Wheel of Change","floor":47,"gold_loss":0,"cards_obtained":["Decay"]}],"is_beta":false,"boss_relics":[{"not_picked":["Calling Bell","Busted Crown"],"picked":"Sozu"},{"not_picked":["Cursed Key","Empty Cage"],"picked":"SlaversCollar"}],"items_purged_floors":[13,24,42,53],"is_endless":false,"potions_floor_spawned":[2,5,7,11,16,20,23,30,33,36,40,46],"ascension_level":0}}