{"host":"og6lam4kt3nibbw0","time":1609090691,"event":{"mods":["AchievementEnabler","BaseMod","Colored Map","DeckTracker","Highlight Path","Keyboard Shortcuts","Minty Spire (QoL Compilation)","Permanent Neow","Quick Restart","StSLib","SuperFastMode"],"gold_per_floor":[110,121,133,15,28,28,61,72,98,40,52,72,72,37,37,37,37],"floor_reached":16,"playtime":770,"items_purged":["Decay"],"score":204,"play_id":"0ee3c570-cf7f-4d80-b4be-b81b02b13a1e","local_time":"20201228023811","is_ascension_mode":true,"campfire_choices":[{"data":"White Noise","floor":6.0,"key":"SMITH"},{"floor":15.0,"key":"REST"}],"circlet_count":0,"master_deck":["AscendersBane","Strike_B","Strike_B","Strike_B","Strike_B","Defend_B+1","Defend_B+1","Defend_B","Defend_B","Zap","Dualcast","Ball Lightning","Compile Driver","Double Energy","Self Repair","White Noise+1","Sunder","Turbo","Coolheaded","BootSequence","Undo"],"relics":["Cracked Core","Mango","Peace Pipe","War Paint","Odd Mushroom","Lantern"],"acts_visited":["Exordium"],"potions_floor_usage":[16,16],"damage_taken":[{"damage":4.0,"enemies":"Cultist","floor":1.0,"turns":4.0},{"damage":18.0,"enemies":"Small Slimes","floor":2.0,"turns":3.0},{"damage":1.0,"enemies":"2 Louse","floor":3.0,"turns":2.0},{"damage":22.0,"enemies":"Lots of Slimes","floor":5.0,"turns":4.0},{"damage":9.0,"enemies":"Gremlin Nob","floor":7.0,"turns":3.0},{"damage":1.0,"enemies":"3 Louse","floor":8.0,"turns":3.0},{"damage":3.0,"enemies":"Looter","floor":11.0,"turns":3.0},{"damage":14.0,"enemies":"The Mushroom Lair","floor":12.0,"turns":4.0},{"damage":70,"enemies":"Slime Boss","floor":16,"turns":9}],"seed_played":"879304699040364661","potions_obtained":[{"floor":2.0,"key":"DistilledChaos"},{"floor":11.0,"key":"LiquidBronze"},{"floor":12.0,"key":"Weak Potion"}],"is_trial":false,"path_per_floor":["M","M","M","$","M","R","E","M","T","$","M","?","?","?","R","B"],"character_chosen":"DEFECT","items_purchased":["Self Repair","Coolheaded"],"campfire_rested":1,"item_purchase_floors":[4,10],"current_hp_per_floor":[74,56,55,55,40,40,38,44,44,44,48,41,15,36,61,0,0],"gold":37,"neow_bonus":"ONE_RARE_RELIC","is_daily":false,"chose_seed":false,"campfire_upgraded":1,"win_rate":0.0,"timestamp":1609090691,"path_taken":["M","?","M","$","?","R","E","M","T","$","M","?","?","?","R","BOSS"],"items_purchased_type":["Card","Card"],"build_version":"2020-12-22","purchased_purges":1,"victory":false,"max_hp_per_floor":[85,85,85,85,85,85,85,85,85,85,85,85,85,85,85,85,85],"card_choices":[{"not_picked":["Rip and Tear","Melter"],"picked":"Ball Lightning","floor":1.0},{"not_picked":["Rebound","Melter"],"picked":"Compile Driver","floor":2.0},{"not_picked":["Streamline","Sweeping Beam"],"picked":"Double Energy","floor":3.0},{"not_picked":["Capacitor","Stack"],"picked":"White Noise","floor":5.0},{"not_picked":["Skim","Tempest"],"picked":"Sunder","floor":7.0},{"not_picked":["Ball Lightning","Recycle"],"picked":"Turbo","floor":8.0},{"not_picked":["Go for the Eyes","Turbo"],"picked":"BootSequence","floor":11.0},{"not_picked":["Leap","Gash"],"picked":"Undo","floor":12.0}],"player_experience":843216,"relics_obtained":[{"floor":7.0,"key":"Peace Pipe"},{"floor":9.0,"key":"War Paint"},{"floor":12.0,"key":"Odd Mushroom"}],"event_choices":[{"damage_healed":0.0,"max_hp_gain":0.0,"max_hp_loss":0.0,"gold_gain":0.0,"event_name":"Mushrooms","player_choice":"Fought Mushrooms","floor":12.0,"gold_loss":0.0,"damage_taken":0.0},{"damage_healed":0.0,"max_hp_gain":0.0,"max_hp_loss":0.0,"gold_gain":0.0,"event_name":"Scrap Ooze","player_choice":"Success","floor":13.0,"gold_loss":0.0,"damage_taken":26.0,"relics_obtained":["Lantern"]},{"damage_healed":21.0,"max_hp_gain":0.0,"max_hp_loss":0.0,"gold_gain":0.0,"event_name":"The Cleric","player_choice":"Healed","floor":14.0,"gold_loss":35.0,"damage_taken":0.0}],"is_beta":false,"boss_relics":[],"items_purged_floors":[4],"is_endless":false,"potions_floor_spawned":[2,11,12],"killed_by":"Slime Boss","ascension_level":20}}