{"host":"ek3xvuouaw6vk9if","time":1609033283,"event":{"mods":["BaseMod","BetterRewards","Downfall","Minty Spire (QoL Compilation)","Permanent Neow","Quick Restart","Replay The Spire","StSLib"],"gold_per_floor":[11,30,30,30,49,81,81,101,101,136,136,147,147,160,160,259,259,271,271,289,40,40,40,40,40,40,73,73,73,73],"floor_reached":29,"playtime":628,"items_purged":[],"score":264,"play_id":"c0c9240e-bcda-440f-85af-bce5104d29fe","local_time":"20201226204123","is_ascension_mode":true,"campfire_choices":[{"data":"ReplayTheSpireMod:Muscle Training","floor":7,"key":"SMITH"},{"data":"Strike_R","floor":11,"key":"PURGE"},{"data":"Sword Boomerang","floor":15,"key":"SMITH"},{"data":"Rupture","floor":23,"key":"SMITH"},{"data":"J.A.X.","floor":25,"key":"SMITH"}],"circlet_count":0,"master_deck":["Strike_R","Strike_R","Strike_R","Defend_R+1","Defend_R+1","Defend_R","Bash","Twin Strike","ReplayTheSpireMod:Muscle Training+1","Sword Boomerang","Reaper","Sword Boomerang+1","Berserk","Replay:Undeath\u0027s Touch","Rupture+1","J.A.X.+1","Metallicize+1"],"relics":["Burning Blood","ReplayFunnel","Quantum Egg","Peace Pipe","Bronze Scales","SlaversCollar","Shuriken","Golden Egg","Girya"],"acts_visited":["Exordium","TheCity"],"potions_floor_usage":[6,10,16,16,27],"damage_taken":[{"damage":6,"enemies":"Cultist","floor":1,"turns":3},{"damage":0,"enemies":"2 Louse","floor":2,"turns":3},{"damage":1,"enemies":"Small Slimes","floor":5,"turns":3},{"damage":8,"enemies":"3 Sentries","floor":6,"turns":6},{"damage":5,"enemies":"Blue Slaver","floor":8,"turns":2},{"damage":22,"enemies":"Lagavulin","floor":10,"turns":5},{"damage":9,"enemies":"Looter","floor":12,"turns":4},{"damage":1,"enemies":"3 Louse","floor":14,"turns":2},{"damage":32,"enemies":"The Guardian","floor":16,"turns":8},{"damage":48,"enemies":"2 Thieves","floor":18,"turns":4},{"damage":21,"enemies":"Spheric Guardian","floor":20,"turns":4},{"damage":49,"enemies":"Gremlin Leader","floor":27,"turns":5},{"damage":36,"enemies":"Snake Plant","floor":29,"turns":2}],"seed_played":"-1347797415832147722","potions_obtained":[{"floor":2,"key":"DistilledChaos"},{"floor":6,"key":"LiquidBronze"},{"floor":8,"key":"PowerPotion"},{"floor":14,"key":"LiquidBronze"},{"floor":18,"key":"SkillPotion"},{"floor":20,"key":"champ:CounterPotion"}],"is_trial":false,"path_per_floor":["M","M","$","?","M","E","R","M","T","E","R","M","?","M","R","B",null,"M","?","M","$","?","R","?","R","T","E","$","M"],"character_chosen":"IRONCLAD","items_purchased":["Shuriken"],"campfire_rested":0,"item_purchase_floors":[21],"current_hp_per_floor":[80,80,80,64,69,67,67,68,68,59,59,61,58,63,63,44,80,46,46,31,31,31,31,57,57,57,34,34,0,0],"gold":73,"neow_bonus":"REMOVE_TWO","is_daily":false,"chose_seed":false,"campfire_upgraded":4,"win_rate":0.0,"timestamp":1609033283,"path_taken":["M","?","$","?","M","E","R","M","T","E","R","M","?","M","R","BOSS","M","?","M","$","?","R","?","R","T","E","?","M"],"items_purchased_type":["Relic"],"build_version":"2020-12-22","purchased_purges":0,"victory":false,"max_hp_per_floor":[80,80,80,80,80,80,80,80,80,80,80,80,80,80,80,80,80,80,80,80,80,80,80,80,80,80,80,80,80,80],"card_choices":[{"not_picked":["Flex","Heavy Blade"],"picked":"Twin Strike","floor":1},{"not_picked":["Bloodletting","Run Through"],"picked":"ReplayTheSpireMod:Muscle Training","floor":2},{"not_picked":["Perfected Strike","Thunderclap"],"picked":"Sword Boomerang","floor":5},{"not_picked":["Second Wind","Thunderclap"],"picked":"Reaper","floor":6},{"not_picked":["Body Slam","Havoc","Wild Strike"],"picked":"SKIP","floor":8},{"not_picked":["True Grit","Second Wind","Feel No Pain"],"picked":"SKIP","floor":10},{"not_picked":["Clash","Perfected Strike"],"picked":"Sword Boomerang","floor":12},{"not_picked":["Second Wind","Havoc","ReplayTheSpireMod:Strike From Hell"],"picked":"SKIP","floor":14},{"not_picked":["Impervious","Exhume"],"picked":"Berserk","floor":16},{"not_picked":["Blood for Blood+1","Sever Soul"],"picked":"Replay:Undeath\u0027s Touch","floor":18},{"not_picked":["Evolve","Thunderclap+1"],"picked":"Rupture","floor":20},{"not_picked":["Shrug It Off","Disarm+1"],"picked":"Metallicize+1","floor":27}],"player_experience":712044,"relics_obtained":[{"floor":6,"key":"ReplayFunnel"},{"floor":9,"key":"Quantum Egg"},{"floor":10,"key":"Peace Pipe"},{"floor":26,"key":"Golden Egg"},{"floor":27,"key":"Girya"}],"event_choices":[{"damage_healed":0,"gold_gain":0,"player_choice":"Entered Light","damage_taken":16,"max_hp_gain":0,"max_hp_loss":0,"event_name":"Shining Light","floor":4,"gold_loss":0,"cards_upgraded":["Defend_R","Defend_R"]},{"damage_healed":0,"gold_gain":0,"player_choice":"Success","damage_taken":3,"relics_obtained":["Bronze Scales"],"max_hp_gain":0,"max_hp_loss":0,"event_name":"Scrap Ooze","floor":13,"gold_loss":0},{"damage_healed":0,"gold_gain":0,"player_choice":"Ignored","damage_taken":0,"max_hp_gain":0,"max_hp_loss":0,"event_name":"Ghosts","floor":19,"gold_loss":0},{"damage_healed":0,"gold_gain":0,"player_choice":"Obtain J.A.X.","damage_taken":0,"max_hp_gain":0,"max_hp_loss":0,"event_name":"Drug Dealer","floor":22,"gold_loss":0,"cards_obtained":["J.A.X."]},{"damage_healed":26,"gold_gain":0,"player_choice":"Heal","damage_taken":0,"max_hp_gain":0,"max_hp_loss":0,"event_name":"The Library","floor":24,"gold_loss":0}],"is_beta":false,"boss_relics":[{"not_picked":["Ectoplasm","Replay:Wanted Poster"],"picked":"SlaversCollar"}],"items_purged_floors":[],"is_endless":false,"potions_floor_spawned":[2,6,8,14,18,20],"killed_by":"Snake Plant","ascension_level":1}}