{"host":"879u177vr8bnqwsn","time":1609030149,"event":{"mods":["Bard","BaseMod","Infinite Spire","Minty Spire (QoL Compilation)","Replay The Spire","StSLib"],"gold_per_floor":[19,38,138,153,163,192,210,220,220,220,235,235,6,20,20,125,125,137,147,164,179,179,179,25,25,74,74,74],"floor_reached":27,"playtime":1116,"items_purged":[],"score":219,"play_id":"7984a0e8-db51-44bc-8af7-aeddc52ecc05","local_time":"20201226224909","is_ascension_mode":false,"campfire_choices":[{"data":"Sunder","floor":10,"key":"SMITH"},{"data":"Rainbow","floor":15,"key":"SMITH"},{"floor":23,"key":"REST"},{"data":"FIFO Queue","floor":25,"key":"SMITH"}],"circlet_count":0,"master_deck":["Strike_B","Strike_B","Strike_B","Strike_B","Defend_B","Defend_B","Defend_B","Defend_B","Zap","Dualcast","Rainbow+1","Go for the Eyes","Sunder+1","Conserve Battery","Auto Shields","BootSequence","Mirror Shield","Redo","Time Bomb","Time Bomb","Chaos","Machine Learning","Undo","Coolheaded+1","FIFO Queue+1","Stack"],"relics":["FrozenCore","Boot","Kunai","Blood Vial","Replay:Blank Codex","PreservedInsect","Replay:Antivirus Software"],"acts_visited":["Exordium","TheCity"],"potions_floor_usage":[21],"damage_taken":[{"damage":3,"enemies":"Jaw Worm","floor":1,"turns":4},{"damage":0,"enemies":"Cultist","floor":2,"turns":4},{"damage":6,"enemies":"infinitespire:Voidling","floor":4,"turns":3},{"damage":0,"enemies":"Looter","floor":5,"turns":3},{"damage":23,"enemies":"Gremlin Nob","floor":6,"turns":5},{"damage":0,"enemies":"Exordium Wildlife","floor":7,"turns":2},{"damage":0,"enemies":"Lots of Slimes","floor":8,"turns":4},{"damage":6,"enemies":"Large Slime","floor":11,"turns":4},{"damage":0,"enemies":"3 Louse","floor":14,"turns":2},{"damage":3,"enemies":"Fading Forest","floor":16,"turns":11},{"damage":14,"enemies":"Chosen","floor":18,"turns":7},{"damage":4,"enemies":"Shell Parasite","floor":19,"turns":6},{"damage":5,"enemies":"Snecko","floor":20,"turns":4},{"damage":32,"enemies":"Chosen and Byrds","floor":21,"turns":9},{"damage":39,"enemies":"3 Cultists","floor":27,"turns":5}],"seed_played":"-8925397196121577470","potions_obtained":[{"floor":1,"key":"LiquidBronze"},{"floor":4,"key":"PotionOfCapacity"},{"floor":6,"key":"CultistPotion"}],"is_trial":false,"path_per_floor":["M","M","?","M","M","E","M","M","T","R","M","?","$","M","R","B",null,"M","M","M","M","?","R","$","R","T","M"],"character_chosen":"DEFECT","items_purchased":["Time Bomb","Blood Vial","PreservedInsect"],"campfire_rested":1,"item_purchase_floors":[13,13,24],"current_hp_per_floor":[72,72,72,66,66,43,43,43,43,43,37,37,37,39,39,38,75,61,59,56,26,10,32,32,32,32,0,0],"gold":74,"neow_bonus":"THREE_RARE_CARDS","is_daily":false,"chose_seed":false,"campfire_upgraded":3,"win_rate":0.0,"timestamp":1609030149,"path_taken":["M","M","?","M","?","E","M","?","T","R","M","?","?","M","R","BOSS","M","M","?","M","?","R","$","R","T","M"],"items_purchased_type":["Card","Relic","Relic"],"build_version":"2020-12-22","purchased_purges":0,"victory":false,"max_hp_per_floor":[75,75,75,75,75,75,75,75,75,75,75,75,75,75,75,75,75,75,75,75,75,75,75,75,75,75,75,75],"card_choices":[{"not_picked":["Amplify","Meteor Strike"],"picked":"Rainbow","floor":0},{"not_picked":["Hologram","Rebound"],"picked":"Go for the Eyes","floor":1},{"not_picked":["Coolheaded","Conserve Battery"],"picked":"Sunder","floor":2},{"not_picked":["Rebound","Sweeping Beam"],"picked":"Conserve Battery","floor":4},{"not_picked":["Go for the Eyes","Rip and Tear"],"picked":"Auto Shields","floor":5},{"not_picked":["Static Discharge","ReplayTheSpireMod:Repulse"],"picked":"BootSequence","floor":6},{"not_picked":["Leap","Static Discharge"],"picked":"Mirror Shield","floor":7},{"not_picked":["ReplayTheSpireMod:Repulse","Auto Shields"],"picked":"Redo","floor":8},{"not_picked":["Conserve Battery","Streamline"],"picked":"Time Bomb","floor":11},{"not_picked":["Panic Button","Double Energy"],"picked":"Chaos","floor":14},{"not_picked":["Fission","Core Surge"],"picked":"Machine Learning","floor":16},{"not_picked":["Compile Driver+1","Steam+1"],"picked":"Undo","floor":18},{"not_picked":["Chaos","BasicCrystalCard"],"picked":"Coolheaded+1","floor":19},{"not_picked":["Leap","Loop"],"picked":"FIFO Queue","floor":20},{"not_picked":["Sweeping Beam","Recycle"],"picked":"Stack","floor":21}],"player_experience":715321,"relics_obtained":[{"floor":6,"key":"Boot"},{"floor":9,"key":"Kunai"},{"floor":22,"key":"Replay:Blank Codex"},{"floor":26,"key":"Replay:Antivirus Software"}],"event_choices":[{"damage_healed":0,"gold_gain":100,"player_choice":"Pray","damage_taken":0,"max_hp_gain":0,"max_hp_loss":0,"event_name":"Golden Shrine","floor":3,"gold_loss":0},{"damage_healed":0,"gold_gain":0,"player_choice":"Obtained Book","damage_taken":16,"max_hp_gain":0,"max_hp_loss":0,"event_name":"Cursed Tome","floor":22,"gold_loss":0}],"is_beta":false,"boss_relics":[{"not_picked":["Replay:Ancient Bell","Nuclear Battery"],"picked":"FrozenCore"}],"items_purged_floors":[],"is_endless":false,"potions_floor_spawned":[1,4,6,8,14],"killed_by":"3 Cultists","ascension_level":0}}