{"host":"r3d3rfw8zyydmocx","time":1609035383,"event":{"mods":["Aspiration","BaseMod","Better Third Choice","Colored Powertips","Conspire","Downfall","Hermit","Highlight Path","Hubris","Minty Spire (QoL Compilation)","StSLib","The Hierophant","The Servant 0.9.4"],"gold_per_floor":[99,111,126,126,36,36,61,91,116,163,175,172,109,138,161,173,173,173],"floor_reached":16,"playtime":901,"items_purged":["Slimebound:Defend_Slimebound"],"score":138,"play_id":"d0a11a7b-e95a-4a64-b50a-e52130409645","local_time":"20201226181623","is_ascension_mode":true,"campfire_choices":[{"data":"Slimebound:Split","floor":1.0,"key":"SMITH"},{"data":"Slimebound:Recollect","floor":6.0,"key":"SMITH"},{"floor":13.0,"key":"RECALL"}],"circlet_count":0,"master_deck":["Slimebound:Strike_Slimebound","Slimebound:Strike_Slimebound","Slimebound:Tackle","Slimebound:Defend_Slimebound","Slimebound:Defend_Slimebound","Slimebound:Defend_Slimebound","Slimebound:Split+1","Slimebound:CorrosiveSpit","Slimebound:Recollect+1","Slimebound:SplitLeeching","Slimebound:LeechEnergy","Slimebound:SplitMire","Slimebound:TagTeam","Slimebound:LevelUp","Slimebound:PressTheAttack"],"relics":["Slimebound:AbsorbEndCombat","Bird Faced Urn","MawBank","Strawberry","downfall:HeartBlessingGreen"],"acts_visited":["Exordium"],"potions_floor_usage":[],"damage_taken":[{"damage":14.0,"enemies":"Jaw Worm","floor":2.0,"turns":4.0},{"damage":16.0,"enemies":"Small Slimes","floor":3.0,"turns":3.0},{"damage":34.0,"enemies":"downfall:FleeingMerchant","floor":5.0,"turns":4.0},{"damage":17.0,"enemies":"2 Louse","floor":8.0,"turns":2.0},{"damage":18.0,"enemies":"Blue Slaver","floor":9.0,"turns":3.0},{"damage":56.0,"enemies":"3 Sentries","floor":10.0,"turns":9.0},{"damage":26.0,"enemies":"downfall:FleeingMerchant","floor":12.0,"turns":4.0},{"damage":38.0,"enemies":"Exordium Wildlife","floor":14.0,"turns":4.0},{"damage":20.0,"enemies":"Red Slaver","floor":15.0,"turns":4.0},{"damage":47,"enemies":"downfall:Silent","floor":16,"turns":4}],"seed_played":"-4916837107544571985","potions_obtained":[{"floor":3.0,"key":"champ:CounterPotion"},{"floor":9.0,"key":"SmokeBomb"},{"floor":15.0,"key":"SteroidPotion"}],"is_trial":false,"path_per_floor":["R","M","M","?","$","R","T","M","M","E","?","$","R","M","M","B"],"character_chosen":"SLIMEBOUND","items_purchased":[],"campfire_rested":0,"item_purchase_floors":[],"current_hp_per_floor":[39,41,45,45,47,47,47,52,52,47,47,47,47,37,35,0,0,0],"gold":173,"neow_bonus":"ONE_RARE_RELIC","is_daily":false,"chose_seed":false,"campfire_upgraded":2,"win_rate":0.0,"timestamp":1609035383,"path_taken":["R","M","M","?","$","R","T","M","M","E","?","?","R","M","M","BOSS"],"items_purchased_type":[],"build_version":"2020-12-22","purchased_purges":1,"victory":false,"max_hp_per_floor":[60,60,60,60,60,60,60,60,60,67,67,67,67,67,67,67,67,67],"card_choices":[{"not_picked":["Slimebound:GrowthPunch","Slimebound:ViciousTackle"],"picked":"Slimebound:Recollect","floor":2.0},{"not_picked":["Slimebound:LeechEnergy","Slimebound:Repurpose"],"picked":"Slimebound:SplitLeeching","floor":3.0},{"not_picked":["Slimebound:Schlurp","Slimebound:LeechingTouch"],"picked":"Slimebound:LeechEnergy","floor":5.0},{"not_picked":["Slimebound:SlimeBarrage","Slimebound:SamplingLick","Slimebound:OneTwoCombo"],"picked":"SKIP","floor":8.0},{"not_picked":["Slimebound:FinishingTackle","Slimebound:DivideAndConquer"],"picked":"Slimebound:SplitMire","floor":9.0},{"not_picked":["Slimebound:DisruptingSlam","Slimebound:GoopSpray"],"picked":"Slimebound:TagTeam","floor":10.0},{"not_picked":["Slimebound:Grow","Slimebound:SplitBruiser","Slimebound:GrowthPunch"],"picked":"SKIP","floor":12.0},{"not_picked":["Slimebound:DivideAndConquer","Slimebound:Replication"],"picked":"Slimebound:LevelUp","floor":14.0},{"not_picked":["Slimebound:LeechingTouch","Slimebound:Schlurp"],"picked":"Slimebound:PressTheAttack","floor":15.0}],"player_experience":542120,"relics_obtained":[{"floor":7.0,"key":"MawBank"},{"floor":10.0,"key":"Strawberry"}],"event_choices":[{"damage_healed":0.0,"max_hp_gain":0.0,"max_hp_loss":0.0,"gold_gain":0.0,"event_name":"conspire:Investor","player_choice":"Leave","floor":11.0,"gold_loss":0.0,"damage_taken":0.0}],"is_beta":false,"boss_relics":[],"items_purged_floors":[5],"is_endless":false,"potions_floor_spawned":[3,9,15],"killed_by":"downfall:Silent","ascension_level":7}}