{"host":"s41rn2jhghpwfrvz","time":1609089615,"event":{"mods":["BaseMod","Minty Spire (QoL Compilation)","Quick Restart","Relic Stats","SuperFastMode"],"gold_per_floor":[113,113,113,126,149,149,185,200,200,200,66,106,150,150,150,150,150],"floor_reached":16,"playtime":556,"items_purged":["Havoc"],"score":236,"play_id":"0084ce85-de26-4480-baa3-71297df0a18e","local_time":"20201227192015","daily_mods":["SealedDeck","Diverse","DeadlyEvents"],"is_ascension_mode":true,"campfire_choices":[{"data":"Coolheaded","floor":6,"key":"SMITH"},{"data":"Body Slam","floor":10,"key":"SMITH"},{"data":"Acrobatics","floor":15,"key":"SMITH"}],"circlet_count":0,"master_deck":["AscendersBane","ClearTheMind","Quick Slash","Coolheaded+1","PathToVictory","Endless Agony","Burning Pact","Quick Slash","Shrug It Off","Body Slam+1","Acrobatics+1"],"relics":["Burning Blood","Golden Idol","CaptainsWheel","Self Forming Clay","Kunai","Toy Ornithopter"],"acts_visited":["Exordium"],"potions_floor_usage":[],"damage_taken":[{"damage":12,"enemies":"Jaw Worm","floor":1,"turns":2},{"damage":0,"enemies":"Cultist","floor":4,"turns":3},{"damage":12,"enemies":"Small Slimes","floor":5,"turns":3},{"damage":48,"enemies":"Gremlin Nob","floor":7,"turns":4},{"damage":3,"enemies":"Blue Slaver","floor":8,"turns":3},{"damage":5,"enemies":"3 Sentries","floor":12,"turns":7},{"damage":12,"enemies":"Gremlin Nob","floor":13,"turns":3},{"damage":36,"enemies":"Slime Boss","floor":16,"turns":9}],"seed_played":"-8441333564517538129","potions_obtained":[{"floor":1,"key":"Strength Potion"},{"floor":12,"key":"Weak Potion"}],"is_trial":true,"path_per_floor":["M","?","?","M","M","R","E","M","T","R","$","E","E","?","R","B"],"character_chosen":"IRONCLAD","items_purchased":["Acrobatics"],"campfire_rested":0,"item_purchase_floors":[11],"current_hp_per_floor":[62,36,75,75,69,69,27,30,30,30,30,31,25,25,25,0,0],"gold":150,"neow_bonus":"","is_daily":false,"chose_seed":false,"campfire_upgraded":3,"win_rate":0.0,"timestamp":1609089615,"path_taken":["M","?","?","M","M","R","E","M","T","R","$","E","?","?","R","BOSS"],"items_purchased_type":["Card"],"build_version":"2020-12-22","purchased_purges":1,"victory":false,"max_hp_per_floor":[75,75,75,75,75,75,75,75,75,75,75,75,75,75,75,75,75],"relic_stats":{"counters":[8,34],"Golden Idol":35,"Self Forming Clay":[21],"Kunai":[3],"obtain_stats":[{"CaptainsWheel":7,"Golden Idol":2,"Self Forming Clay":9,"Kunai":12,"Burning Blood":0,"Toy Ornithopter":13},{"CaptainsWheel":4,"Golden Idol":1,"Self Forming Clay":5,"Kunai":6,"Burning Blood":0,"Toy Ornithopter":7},{"CaptainsWheel":12,"Golden Idol":2,"Self Forming Clay":15,"Kunai":22,"Burning Blood":0,"Toy Ornithopter":25}],"Burning Blood":36,"Toy Ornithopter":0},"card_choices":[{"not_picked":["Ball Lightning","Cloak And Dagger","Bouncing Flask"],"picked":"SKIP","floor":1},{"not_picked":["Twin Strike","Headbutt","Evaluate"],"picked":"SKIP","floor":4},{"not_picked":["Thunderclap","Ball Lightning","Flying Knee"],"picked":"SKIP","floor":5},{"not_picked":["ClearTheMind","Go for the Eyes","Iron Wave"],"picked":"SKIP","floor":7},{"not_picked":["Leap","Dodge and Roll"],"picked":"Body Slam","floor":8},{"not_picked":["Brilliance","Uppercut","CutThroughFate"],"picked":"SKIP","floor":12},{"not_picked":["Deflect","PathToVictory","Corpse Explosion"],"picked":"SKIP","floor":13}],"player_experience":1609828,"relics_obtained":[{"floor":7,"key":"CaptainsWheel"},{"floor":9,"key":"Self Forming Clay"},{"floor":12,"key":"Kunai"},{"floor":13,"key":"Toy Ornithopter"}],"event_choices":[{"damage_healed":0,"gold_gain":0,"player_choice":"Take Damage","damage_taken":26,"relics_obtained":["Golden Idol"],"max_hp_gain":0,"max_hp_loss":0,"event_name":"Golden Idol","floor":2,"gold_loss":0},{"cards_removed":["Accuracy"],"damage_healed":39,"gold_gain":0,"player_choice":"Offered Uncommon","damage_taken":0,"max_hp_gain":0,"max_hp_loss":0,"event_name":"Bonfire Elementals","floor":3,"gold_loss":0},{"damage_healed":0,"gold_gain":0,"player_choice":"Ignored","damage_taken":0,"max_hp_gain":0,"max_hp_loss":0,"event_name":"Shining Light","floor":14,"gold_loss":0}],"is_beta":false,"boss_relics":[],"items_purged_floors":[11],"is_endless":false,"potions_floor_spawned":[1,12],"killed_by":"Slime Boss","ascension_level":20}}