{"host":"m77rrhbqzv44va4v","time":1609090998,"event":{"mods":["AchievementEnabler","BaseMod","Colored Map","DeckTracker","Keyboard Shortcuts","Minty Spire (QoL Compilation)","StSLib","SuperFastMode","everything is the same but u backflip on backflip"],"gold_per_floor":[109,119,138,138,152,183,183,226,252,264,8,8,8,49,49,133,133,151,170,182,182,210,210,248,257,257,3,3,3],"floor_reached":28,"playtime":542,"items_purged":["Strike_R","Decay"],"score":422,"play_id":"8974b6e2-78ca-4aee-b418-af0f348e9ada","local_time":"20201228024318","is_ascension_mode":true,"campfire_choices":[{"data":"Intimidate","floor":7.0,"key":"SMITH"},{"floor":15.0,"key":"REST"},{"data":"Body Slam","floor":23.0,"key":"SMITH"}],"circlet_count":0,"master_deck":["AscendersBane","Strike_R","Strike_R","Strike_R","Strike_R","Defend_R","Defend_R","Defend_R","Defend_R","Bash","Intimidate+1","Flame Barrier","Sever Soul","Fire Breathing+1","Barricade+1","Battle Trance","Body Slam+1","Juggernaut+1","Corruption+1","Dark Embrace+1","Feel No Pain+1","Armaments"],"relics":["Burning Blood","NeowsBlessing","Frozen Egg 2","Orichalcum","CeramicFish","MawBank","Art of War","Red Skull","Mark of Pain","Ginger","Tiny Chest","Lee\u0027s Waffle"],"acts_visited":["Exordium","TheCity"],"potions_floor_usage":[28,28],"damage_taken":[{"damage":0.0,"enemies":"Small Slimes","floor":1.0,"turns":1.0},{"damage":0.0,"enemies":"2 Louse","floor":2.0,"turns":1.0},{"damage":0.0,"enemies":"Cultist","floor":3.0,"turns":1.0},{"damage":17.0,"enemies":"Exordium Thugs","floor":5.0,"turns":4.0},{"damage":20.0,"enemies":"3 Sentries","floor":6.0,"turns":5.0},{"damage":27.0,"enemies":"Lagavulin","floor":8.0,"turns":11.0},{"damage":19.0,"enemies":"3 Sentries","floor":14.0,"turns":5.0},{"damage":32.0,"enemies":"Hexaghost","floor":16.0,"turns":12.0},{"damage":4.0,"enemies":"Spheric Guardian","floor":18.0,"turns":4.0},{"damage":15.0,"enemies":"3 Byrds","floor":19.0,"turns":4.0},{"damage":20.0,"enemies":"Snake Plant","floor":20.0,"turns":4.0},{"damage":7.0,"enemies":"Cultist and Chosen","floor":22.0,"turns":4.0},{"damage":36.0,"enemies":"Book of Stabbing","floor":24.0,"turns":5.0},{"damage":93,"enemies":"Slavers","floor":28,"turns":5}],"seed_played":"-987999757424521408","potions_obtained":[{"floor":2.0,"key":"Dexterity Potion"},{"floor":6.0,"key":"SteroidPotion"},{"floor":13.0,"key":"Ancient Potion"},{"floor":13.0,"key":"BloodPotion"},{"floor":13.0,"key":"SpeedPotion"},{"floor":14.0,"key":"EntropicBrew"},{"floor":16.0,"key":"GamblersBrew"},{"floor":24.0,"key":"Strength Potion"}],"is_trial":false,"path_per_floor":["M","M","M","?","M","E","R","E","T","?","$","?","?","E","R","B",null,"M","M","M","?","M","R","E","?","T","$","E"],"character_chosen":"IRONCLAD","items_purchased":["Art of War","Body Slam","Lee\u0027s Waffle"],"campfire_rested":1,"item_purchase_floors":[11,11,27],"current_hp_per_floor":[78,80,80,73,62,48,48,27,27,27,27,27,43,30,54,28,67,69,60,46,46,45,45,15,15,15,87,0,0],"gold":3,"neow_bonus":"THREE_ENEMY_KILL","is_daily":false,"chose_seed":false,"campfire_upgraded":2,"win_rate":0.0,"timestamp":1609090998,"path_taken":["M","M","M","?","M","E","R","E","T","?","$","?","?","E","R","BOSS","M","M","?","?","M","R","E","?","T","$","E"],"items_purchased_type":["Relic","Card","Relic"],"build_version":"2020-12-22","purchased_purges":2,"victory":false,"max_hp_per_floor":[80,80,80,80,80,80,80,80,80,80,80,80,80,80,80,80,80,80,80,80,80,80,80,80,80,80,87,87,87],"card_choices":[{"not_picked":["Clothesline","Clash"],"picked":"Intimidate","floor":1.0},{"not_picked":["Cleave","Pummel"],"picked":"Flame Barrier","floor":2.0},{"not_picked":["Warcry","Anger"],"picked":"Sever Soul","floor":3.0},{"not_picked":["Cleave","Twin Strike"],"picked":"Fire Breathing+1","floor":5.0},{"not_picked":["Fire Breathing+1","Hemokinesis"],"picked":"Barricade+1","floor":6.0},{"not_picked":["Uppercut","Cleave"],"picked":"Battle Trance","floor":8.0},{"not_picked":["Sever Soul","Burning Pact"],"picked":"Juggernaut+1","floor":14.0},{"not_picked":["Bludgeon","Demon Form+1"],"picked":"Corruption+1","floor":16.0},{"not_picked":["Headbutt","Clash","Hemokinesis"],"picked":"SKIP","floor":18.0},{"not_picked":["Body Slam","Clash"],"picked":"Dark Embrace+1","floor":19.0},{"not_picked":["Rupture+1","Flex","Hemokinesis"],"picked":"SKIP","floor":20.0},{"not_picked":["Metallicize+1","Clothesline"],"picked":"Feel No Pain+1","floor":22.0},{"not_picked":["Anger","Carnage+1"],"picked":"Armaments","floor":24.0}],"player_experience":810956,"relics_obtained":[{"floor":6.0,"key":"Orichalcum"},{"floor":8.0,"key":"CeramicFish"},{"floor":9.0,"key":"MawBank"},{"floor":14.0,"key":"Red Skull"},{"floor":24.0,"key":"Ginger"},{"floor":26.0,"key":"Tiny Chest"}],"event_choices":[{"damage_healed":0.0,"max_hp_gain":0.0,"max_hp_loss":0.0,"gold_gain":0.0,"event_name":"Scrap Ooze","player_choice":"Success","floor":4.0,"gold_loss":0.0,"damage_taken":7.0,"relics_obtained":["Frozen Egg 2"]},{"damage_healed":0.0,"max_hp_gain":0.0,"max_hp_loss":0.0,"gold_gain":0.0,"event_name":"The Cleric","player_choice":"Leave","floor":10.0,"gold_loss":0.0,"damage_taken":0.0},{"damage_healed":0.0,"max_hp_gain":0.0,"max_hp_loss":0.0,"gold_gain":0.0,"event_name":"Dead Adventurer","player_choice":"Searched \u00271\u0027 times","floor":12.0,"gold_loss":0.0,"damage_taken":0.0},{"damage_healed":0.0,"max_hp_gain":0.0,"max_hp_loss":0.0,"gold_gain":0.0,"event_name":"Lab","player_choice":"Got Potions","floor":13.0,"gold_loss":0.0,"damage_taken":0.0},{"damage_healed":0.0,"max_hp_gain":0.0,"max_hp_loss":0.0,"gold_gain":0.0,"event_name":"Vampires","player_choice":"Ignored","floor":21.0,"gold_loss":0.0,"damage_taken":0.0},{"damage_healed":0.0,"max_hp_gain":0.0,"max_hp_loss":0.0,"gold_gain":0.0,"event_name":"Forgotten Altar","player_choice":"Smashed Altar","floor":25.0,"gold_loss":0.0,"damage_taken":0.0,"cards_obtained":["Decay"]}],"is_beta":false,"boss_relics":[{"not_picked":["Philosopher\u0027s Stone","Black Blood"],"picked":"Mark of Pain"}],"items_purged_floors":[11,27],"is_endless":false,"potions_floor_spawned":[2,6,14,16,19,20,24],"killed_by":"Slavers","ascension_level":13}}