{"host":"7o30bgpqouqblh42","time":1609041098,"event":{"mods":["AchievementEnabler","Aspiration","BaseMod","Colored Map","Downfall","Highlight Path","Minty Spire (QoL Compilation)","StSLib","SuperFastMode"],"gold_per_floor":[359,376,3,3,20,20,31,31,31,106,118,118,135,149,149,251,251,267,267,366,137,153,184,184,184,207,207,221,251,96,107,107,207,207,226,101,121,138,138,138],"floor_reached":39,"playtime":2368,"items_purged":["Defend_B","Strike_B","Clumsy"],"score":434,"play_id":"dfa0c196-d3aa-4522-8626-fd914c1006cd","local_time":"20201226225138","is_ascension_mode":true,"campfire_choices":[{"data":"FTL","floor":6,"key":"SMITH"},{"floor":15,"key":"REST"},{"floor":24,"key":"REST"},{"data":"Machine Learning","floor":27,"key":"SMITH"},{"floor":32,"key":"REST"}],"circlet_count":0,"master_deck":["Strike_B","Strike_B","Defend_B","Defend_B+1","Zap","Dualcast","FTL+1","Auto Shields+1","Doom and Gloom","Beam Cell","Machine Learning+1","FTL","Reprogram","Meteor Strike","Turbo","Scrape","FTL","Chill","Amplify","Rip and Tear","White Noise+1","Reboot","Skim"],"relics":["Cracked Core","aspiration:HummingbirdHeart","Question Card","Cursed Key","InkBottle","Orichalcum","Bottled Flame","Toy Ornithopter","Busted Crown"],"acts_visited":["Exordium","TheCity","TheBeyond"],"potions_floor_usage":[16,22,23,33,33,38],"damage_taken":[{"damage":2,"enemies":"2 Louse","floor":1,"turns":3},{"damage":1,"enemies":"Cultist","floor":2,"turns":3},{"damage":5,"enemies":"Jaw Worm","floor":5,"turns":3},{"damage":0,"enemies":"Large Slime","floor":7,"turns":4},{"damage":0,"enemies":"Lots of Slimes","floor":11,"turns":1},{"damage":0,"enemies":"Exordium Wildlife","floor":13,"turns":3},{"damage":0,"enemies":"Red Slaver","floor":14,"turns":3},{"damage":28,"enemies":"Hexaghost","floor":16,"turns":10},{"damage":0,"enemies":"Chosen","floor":18,"turns":3},{"damage":15,"enemies":"Shell Parasite","floor":22,"turns":4},{"damage":39,"enemies":"Book of Stabbing","floor":23,"turns":5},{"damage":3,"enemies":"Snecko","floor":28,"turns":4},{"damage":24,"enemies":"Slavers","floor":29,"turns":5},{"damage":0,"enemies":"Snake Plant","floor":31,"turns":4},{"damage":12,"enemies":"Collector","floor":33,"turns":6},{"damage":0,"enemies":"3 Shapes","floor":35,"turns":4},{"damage":7,"enemies":"Orb Walker","floor":37,"turns":5},{"damage":55,"enemies":"4 Shapes","floor":38,"turns":6},{"damage":20,"enemies":"Sphere and 2 Shapes","floor":39,"turns":2}],"seed_played":"-7343221119071296235","potions_obtained":[{"floor":7,"key":"sneckomod:MuddlingPotion"},{"floor":11,"key":"BlessingOfTheForge"},{"floor":13,"key":"PotionOfCapacity"},{"floor":18,"key":"PowerPotion"},{"floor":29,"key":"DistilledChaos"},{"floor":31,"key":"SmokeBomb"},{"floor":37,"key":"sneckomod:MuddlingPotion"}],"is_trial":false,"path_per_floor":["M","M","$","?","M","R","M","?","T","?","M","T","M","M","R","B",null,"M","?","?","$","M","E","R","?","T","R","M","E","$","M","R","B",null,"M","$","M","M","M"],"character_chosen":"DEFECT","items_purchased":["Doom and Gloom","aspiration:HummingbirdHeart","Turbo","Scrape","Toy Ornithopter"],"campfire_rested":3,"item_purchase_floors":[3,3,21,21,30],"current_hp_per_floor":[52,51,51,51,46,46,46,31,31,24,24,24,24,24,46,18,75,75,75,75,75,60,21,43,43,43,43,40,16,16,16,38,36,75,75,75,68,18,0,0],"gold":138,"neow_bonus":"TWO_FIFTY_GOLD","is_daily":false,"chose_seed":false,"campfire_upgraded":2,"win_rate":0.0,"timestamp":1609041098,"path_taken":["M","M","$","?","M","R","?","?","T","?","?","?","?","M","R","BOSS","M","?","?","$","M","E","R","?","T","R","?","E","$","M","R","BOSS","M","$","M","M","M"],"items_purchased_type":["Card","Relic","Card","Card","Relic"],"build_version":"2020-12-22","purchased_purges":3,"victory":false,"max_hp_per_floor":[75,75,75,75,75,75,75,75,75,75,75,75,75,75,75,75,75,75,75,75,75,75,75,75,75,75,75,75,75,75,75,75,75,75,75,75,75,75,75,75],"card_choices":[{"not_picked":["Ball Lightning","Conserve Battery"],"picked":"FTL","floor":1},{"not_picked":["Double Energy","Compile Driver"],"picked":"Auto Shields","floor":2},{"not_picked":["Storm","Conserve Battery"],"picked":"Beam Cell","floor":5},{"not_picked":["Steam","Streamline","Turbo"],"picked":"SKIP","floor":7},{"not_picked":["Tempest","Melter"],"picked":"Machine Learning","floor":11},{"not_picked":["Genetic Algorithm","Ball Lightning","Steam"],"picked":"FTL","floor":13},{"not_picked":["Cold Snap","Stack","Aggregate"],"picked":"Reprogram","floor":14},{"not_picked":["Machine Learning","Amplify","Thunder Strike"],"picked":"Meteor Strike","floor":16},{"not_picked":["Beam Cell","Undo","Ball Lightning","Storm"],"picked":"SKIP","floor":18},{"not_picked":["Streamline","Chaos+1","Go for the Eyes"],"picked":"FTL","floor":22},{"not_picked":["Melter","Gash","Capacitor"],"picked":"Chill","floor":23},{"not_picked":["Cold Snap","Stack","Redo"],"picked":"Rip and Tear","floor":28},{"not_picked":["Loop+1","Lockon","Hello World","Melter"],"picked":"SKIP","floor":29},{"not_picked":["Glacier+1","Sweeping Beam","Ball Lightning"],"picked":"White Noise+1","floor":31},{"not_picked":["Biased Cognition","Electrodynamics","Echo Form"],"picked":"Reboot","floor":33},{"not_picked":["Defragment+1","Cold Snap+1"],"picked":"SKIP","floor":35},{"not_picked":["Coolheaded+1"],"picked":"Skim","floor":37},{"not_picked":["Fusion+1","Double Energy+1"],"picked":"SKIP","floor":38}],"player_experience":182486,"relics_obtained":[{"floor":12,"key":"Question Card"},{"floor":23,"key":"InkBottle"},{"floor":26,"key":"Orichalcum"},{"floor":29,"key":"Bottled Flame"}],"event_choices":[{"cards_removed":["Strike_B"],"damage_healed":0,"gold_gain":0,"player_choice":"Offered Basic","damage_taken":0,"max_hp_gain":0,"max_hp_loss":0,"event_name":"Bonfire Elementals","floor":4,"gold_loss":0},{"damage_healed":0,"gold_gain":0,"player_choice":"Entered Light","damage_taken":15,"max_hp_gain":0,"max_hp_loss":0,"event_name":"Shining Light","floor":8,"gold_loss":0,"cards_upgraded":["Defend_B","Auto Shields"]},{"damage_healed":0,"gold_gain":75,"player_choice":"Touch","damage_taken":7,"max_hp_gain":0,"max_hp_loss":0,"event_name":"FaceTrader","floor":10,"gold_loss":0},{"damage_healed":0,"gold_gain":99,"player_choice":"Stole From Cult","damage_taken":0,"max_hp_gain":0,"max_hp_loss":0,"event_name":"Nest","floor":20,"gold_loss":0},{"damage_healed":0,"gold_gain":0,"cards_transformed":["Defend_B"],"player_choice":"Transformed","damage_taken":0,"max_hp_gain":0,"max_hp_loss":0,"event_name":"Transmorgrifier","floor":25,"gold_loss":0,"cards_obtained":["Amplify"]}],"is_beta":false,"boss_relics":[{"not_picked":["Inserter","FrozenCore"],"picked":"Cursed Key"},{"not_picked":["Runic Pyramid","aspiration:FutureDiary"],"picked":"Busted Crown"}],"items_purged_floors":[3,21,36],"is_endless":false,"potions_floor_spawned":[7,11,13,18,29,31,37],"killed_by":"Sphere and 2 Shapes","ascension_level":1}}