{"host":"o7j6aatxjwpw1421","time":1609048221,"event":{"mods":["2.2 Compatiblity","AchievementEnabler","BaseMod","Colored Map","DeckTracker","Highlight Path","Keyboard Shortcuts","Minty Spire (QoL Compilation)","Permanent Neow","Quick Restart","StSLib","SuperFastMode","everything is the same but u backflip on backflip"],"gold_per_floor":[116,116,116,135,148,175,175,207,255,255,255,36,51,63,63,139,139,156,156,156,166,178,178,35,69,69,69,88,115,115,132,132,208,208,224,224,271,291,304,604,632,656,680,680,699,699,347,367,367,367],"floor_reached":51,"playtime":2753,"items_purged":["Strike_R","Second Wind+1"],"score":1368,"play_id":"bdeb2a51-8ec5-4a59-b9a2-beb71d0a71a9","local_time":"20201227145021","is_ascension_mode":true,"campfire_choices":[{"data":"Barricade","floor":7.0,"key":"SMITH"},{"floor":10.0,"key":"REST"},{"data":"Second Wind","floor":15.0,"key":"SMITH"},{"data":"Entrench","floor":23.0,"key":"SMITH"},{"data":"Body Slam","floor":27.0,"key":"SMITH"},{"data":"Battle Trance","floor":30,"key":"SMITH"},{"data":"Impervious","floor":32,"key":"SMITH"},{"floor":40,"key":"DIG"},{"floor":44,"key":"DIG"},{"floor":46,"key":"DIG"},{"floor":49,"key":"DIG"}],"circlet_count":0,"master_deck":["AscendersBane","Barricade+1","Impervious+1","Entrench+1","Dropkick","Reaper","Body Slam+1","Battle Trance+1","Immolate","Sentinel+1","Impervious","Battle Trance+1","Seeing Red+1","Second Wind+1","Seeing Red+1","Fire Breathing+1","Uppercut","Evolve","Body Slam+1"],"relics":["Burning Blood","Pocketwatch","Pear","Happy Flower","Regal Pillow","Vajra","Pandora\u0027s Box","DollysMirror","Darkstone Periapt","TungstenRod","War Paint","Astrolabe","Shovel","Old Coin","Art of War","Smiling Mask","Juzu Bracelet","Bag of Preparation","Mummified Hand","CaptainsWheel","Eternal Feather"],"acts_visited":["Exordium","TheCity","TheBeyond"],"potions_floor_usage":[37,39,50,50],"damage_taken":[{"damage":4.0,"enemies":"2 Louse","floor":1.0,"turns":3.0},{"damage":12.0,"enemies":"Small Slimes","floor":4.0,"turns":3.0},{"damage":0.0,"enemies":"Cultist","floor":5.0,"turns":3.0},{"damage":26.0,"enemies":"3 Sentries","floor":6.0,"turns":12.0},{"damage":12.0,"enemies":"Gremlin Nob","floor":8.0,"turns":4.0},{"damage":10.0,"enemies":"Exordium Thugs","floor":13.0,"turns":4.0},{"damage":17.0,"enemies":"Looter","floor":14.0,"turns":3.0},{"damage":52.0,"enemies":"The Guardian","floor":16.0,"turns":15.0},{"damage":9.0,"enemies":"Shell Parasite","floor":18.0,"turns":4.0},{"damage":0.0,"enemies":"Spheric Guardian","floor":21.0,"turns":6.0},{"damage":1.0,"enemies":"Centurion and Healer","floor":22.0,"turns":5.0},{"damage":26.0,"enemies":"Slavers","floor":25.0,"turns":9.0},{"damage":8.0,"enemies":"Shelled Parasite and Fungi","floor":28.0,"turns":4.0},{"damage":11,"enemies":"Book of Stabbing","floor":29,"turns":5},{"damage":8,"enemies":"Chosen and Byrds","floor":31,"turns":5},{"damage":0,"enemies":"Champ","floor":33,"turns":4},{"damage":16,"enemies":"3 Darklings","floor":35,"turns":5},{"damage":0,"enemies":"2 Orb Walkers","floor":37,"turns":4},{"damage":0,"enemies":"3 Shapes","floor":38,"turns":3},{"damage":3,"enemies":"Transient","floor":39,"turns":5},{"damage":0,"enemies":"Giant Head","floor":41,"turns":4},{"damage":0,"enemies":"Maw","floor":45,"turns":5},{"damage":9,"enemies":"Spire Growth","floor":48,"turns":3},{"damage":15,"enemies":"Time Eater","floor":50,"turns":6}],"seed_played":"-6834458962327903898","potions_obtained":[{"floor":4.0,"key":"BlessingOfTheForge"},{"floor":6.0,"key":"SteroidPotion"},{"floor":13.0,"key":"Block Potion"},{"floor":14.0,"key":"SpeedPotion"},{"floor":21.0,"key":"Ancient Potion"},{"floor":25.0,"key":"DistilledChaos"},{"floor":29,"key":"LiquidMemories"},{"floor":38,"key":"Swift Potion"},{"floor":41,"key":"SkillPotion"},{"floor":45,"key":"Regen Potion"}],"is_trial":false,"path_per_floor":["M","?","?","M","M","E","R","E","T","R","?","$","M","M","R","B",null,"M","$","?","M","M","R","$","E","T","R","M","E","R","M","R","B",null,"M","?","?","M","M","R","E","T","T","R","M","R","$","M","R","B",null],"character_chosen":"IRONCLAD","items_purchased":["Vajra","DollysMirror","CaptainsWheel"],"campfire_rested":1,"item_purchase_floors":[12,24,47],"current_hp_per_floor":[68,54,59,53,59,49,49,43,43,82,82,82,78,67,67,21,68,65,65,65,71,83,83,83,78,78,78,81,83,83,83,83,83,83,83,83,83,83,83,83,83,83,83,83,83,83,83,83,83,83],"gold":367,"neow_bonus":"ONE_RARE_RELIC","is_daily":false,"chose_seed":false,"campfire_upgraded":6,"win_rate":0.0,"timestamp":1609048221,"path_taken":["M","?","?","M","M","E","R","E","T","R","?","$","M","M","R","BOSS","M","$","?","M","M","R","?","E","T","R","M","E","R","M","R","BOSS","M","?","?","?","M","R","E","?","T","R","M","R","$","M","R","BOSS"],"items_purchased_type":["Relic","Relic","Relic"],"build_version":"2020-12-22","purchased_purges":2,"victory":true,"max_hp_per_floor":[68,68,73,73,73,83,83,83,83,83,83,83,83,83,83,83,83,83,83,83,83,83,83,83,83,83,83,83,83,83,83,83,83,83,83,83,83,83,83,83,83,83,83,83,83,83,83,83,83,83],"card_choices":[{"not_picked":["Warcry","Clothesline","Infernal Blade"],"picked":"SKIP","floor":1.0},{"not_picked":["Anger","Dropkick","Wild Strike"],"picked":"SKIP","floor":4.0},{"not_picked":["Wild Strike","Clash"],"picked":"Barricade","floor":5.0},{"not_picked":["Bloodletting","Dual Wield","Feel No Pain"],"picked":"SKIP","floor":6.0},{"not_picked":["Ghostly Armor","Dark Embrace","Flex"],"picked":"SKIP","floor":8.0},{"not_picked":["Flex","Cleave","Bloodletting"],"picked":"SKIP","floor":13.0},{"not_picked":["Iron Wave","Hemokinesis"],"picked":"Second Wind","floor":14.0},{"not_picked":["Barricade","Demon Form"],"picked":"Impervious","floor":16.0},{"not_picked":["Thunderclap","Seeing Red"],"picked":"Battle Trance","floor":18.0},{"not_picked":["Anger","Dark Embrace"],"picked":"Sentinel+1","floor":21.0},{"not_picked":["Havoc","Twin Strike","Clothesline"],"picked":"SKIP","floor":22.0},{"not_picked":["Disarm","Dropkick"],"picked":"Battle Trance","floor":25.0},{"not_picked":["Flex","Cleave"],"picked":"Seeing Red","floor":28.0},{"not_picked":["Infernal Blade","Twin Strike","True Grit"],"picked":"SKIP","floor":29},{"not_picked":["True Grit","Sword Boomerang","Cleave"],"picked":"SKIP","floor":31},{"not_picked":["Wild Strike","True Grit+1","Rampage+1"],"picked":"SKIP","floor":35},{"not_picked":["Flex","Clash"],"picked":"Uppercut","floor":38},{"not_picked":["Havoc+1","Iron Wave","Headbutt+1"],"picked":"SKIP","floor":39},{"not_picked":["Hemokinesis","Warcry"],"picked":"Evolve","floor":41},{"not_picked":["Thunderclap","Twin Strike+1","Sever Soul+1"],"picked":"SKIP","floor":45},{"not_picked":["Evolve","Heavy Blade"],"picked":"Body Slam+1","floor":48}],"player_experience":387716,"relics_obtained":[{"floor":6.0,"key":"Pear"},{"floor":8.0,"key":"Happy Flower"},{"floor":9.0,"key":"Regal Pillow"},{"floor":25.0,"key":"Darkstone Periapt"},{"floor":26.0,"key":"TungstenRod"},{"floor":29,"key":"War Paint"},{"floor":37,"key":"Shovel"},{"floor":40,"key":"Old Coin"},{"floor":41,"key":"Art of War"},{"floor":42,"key":"Smiling Mask"},{"floor":43,"key":"Juzu Bracelet"},{"floor":44,"key":"Bag of Preparation"},{"floor":46,"key":"Mummified Hand"},{"floor":49,"key":"Eternal Feather"}],"event_choices":[{"damage_healed":0.0,"max_hp_gain":0.0,"max_hp_loss":0.0,"gold_gain":0.0,"event_name":"Shining Light","player_choice":"Entered Light","floor":2.0,"gold_loss":0.0,"damage_taken":14.0,"cards_upgraded":["Defend_R","Strike_R"]},{"damage_healed":0.0,"max_hp_gain":5.0,"max_hp_loss":0.0,"gold_gain":0.0,"event_name":"Big Fish","player_choice":"Donut","floor":3.0,"gold_loss":0.0,"damage_taken":0.0},{"damage_healed":0.0,"max_hp_gain":0.0,"max_hp_loss":0.0,"gold_gain":0.0,"event_name":"Match and Keep!","player_choice":"0 cards matched","floor":11.0,"gold_loss":0.0,"damage_taken":0.0,"cards_obtained":[]},{"damage_healed":0.0,"max_hp_gain":0.0,"max_hp_loss":0.0,"gold_gain":0.0,"cards_transformed":["Searing Blow"],"event_name":"Transmorgrifier","player_choice":"Transformed","floor":20.0,"gold_loss":0.0,"damage_taken":0.0,"cards_obtained":["Immolate"]},{"cards_removed":["Bash"],"damage_healed":0,"gold_gain":0,"player_choice":"Removed Attack","damage_taken":0,"max_hp_gain":0,"max_hp_loss":0,"event_name":"Falling","floor":36,"gold_loss":0},{"damage_healed":0,"gold_gain":0,"player_choice":"Fight","damage_taken":0,"max_hp_gain":0,"max_hp_loss":0,"event_name":"Mysterious Sphere","floor":37,"gold_loss":0}],"is_beta":false,"boss_relics":[{"not_picked":["Black Blood","Sozu"],"picked":"Pandora\u0027s Box"},{"not_picked":["SlaversCollar","Runic Pyramid"],"picked":"Astrolabe"}],"items_purged_floors":[12,47],"is_endless":false,"potions_floor_spawned":[4,6,13,14,21,25,29,38,41,45],"ascension_level":14}}