{"host":"yo9wwslrag05lh37","time":1609097270,"event":{"mods":["AchievementEnabler","BaseMod","Block Reminder","Colored Map","Colored Powertips","GifTheSpireLib","HexUI Lib","Highlight Path","Minty Spire (QoL Compilation)","Rare Cards Sparkle","Relic Stats","StSLib","everything is the same but u backflip on backflip"],"gold_per_floor":[216,216,11,31,47,47,61,95,122,122,153,167,187,187,187,282,282,295,210,38,38,82,82,134,134,134,155,168,206,206,236,236,340,367,391,613,381,412,75,115,115,140,216,256,256,256,306,338,338,338,338,338,338,36,81,81,81],"floor_reached":56,"playtime":2685,"items_purged":["Strike_G+1","Strike_G+1"],"score":2123,"play_id":"ec75ec55-cb71-41c9-984f-04ec413fe0ba","local_time":"20201227202750","is_ascension_mode":true,"campfire_choices":[{"data":"Wraith Form v2","floor":6.0,"key":"SMITH"},{"data":"Infinite Blades","floor":10.0,"key":"SMITH"},{"data":"Cloak And Dagger","floor":15.0,"key":"SMITH"},{"floor":23.0,"key":"REST"},{"data":"Crippling Poison","floor":25.0,"key":"SMITH"},{"data":"Noxious Fumes","floor":32.0,"key":"SMITH"},{"data":"Envenom","floor":41.0,"key":"SMITH"},{"floor":46.0,"key":"RECALL"},{"data":"After Image","floor":49.0,"key":"SMITH"},{"data":"Adrenaline","floor":53.0,"key":"SMITH"}],"circlet_count":0,"master_deck":["AscendersBane","Defend_G+1","Defend_G+1","Defend_G+1","Defend_G+1","Defend_G+1","Survivor","Neutralize+1","Quick Slash+1","Wraith Form v2+1","Blade Dance+1","Infinite Blades+1","Finisher+1","After Image+1","Cloak And Dagger+1","PiercingWail","Adrenaline+1","Deadly Poison+1","Crippling Poison+1","Noxious Fumes+1","Envenom+1","A Thousand Cuts+1","Quick Slash+1","Tools of the Trade+1","PiercingWail","Catalyst+1","Well Laid Plans+1","Finisher","Blur","Night Terror"],"relics":["Ring of the Snake","Potion Belt","War Paint","Orichalcum","Golden Idol","SlaversCollar","CeramicFish","TwistedFunnel","Red Mask","Juzu Bracelet","Whetstone","Meat on the Bone","Astrolabe","OrangePellets","Thread and Needle","Snake Skull","Lee\u0027s Waffle","Prayer Wheel","Nunchaku","Pen Nib","Ginger"],"acts_visited":["Exordium","TheCity","TheBeyond","TheEnding"],"potions_floor_usage":[56,56],"damage_taken":[{"damage":2.0,"enemies":"Jaw Worm","floor":1.0,"turns":6.0},{"damage":1.0,"enemies":"Small Slimes","floor":4.0,"turns":5.0},{"damage":0.0,"enemies":"Cultist","floor":5.0,"turns":3.0},{"damage":0.0,"enemies":"2 Fungi Beasts","floor":7.0,"turns":4.0},{"damage":29.0,"enemies":"Lagavulin","floor":8.0,"turns":7.0},{"damage":29.0,"enemies":"Gremlin Nob","floor":11.0,"turns":4.0},{"damage":1.0,"enemies":"Exordium Wildlife","floor":12.0,"turns":3.0},{"damage":1.0,"enemies":"3 Louse","floor":13.0,"turns":3.0},{"damage":6.0,"enemies":"Hexaghost","floor":16.0,"turns":11.0},{"damage":19.0,"enemies":"3 Byrds","floor":18.0,"turns":7.0},{"damage":16.0,"enemies":"Masked Bandits","floor":22.0,"turns":4.0},{"damage":0.0,"enemies":"Book of Stabbing","floor":24.0,"turns":7.0},{"damage":5.0,"enemies":"Spheric Guardian","floor":27.0,"turns":4.0},{"damage":1.0,"enemies":"Chosen and Byrds","floor":28.0,"turns":4.0},{"damage":0.0,"enemies":"Gremlin Leader","floor":29.0,"turns":5.0},{"damage":4.0,"enemies":"Centurion and Healer","floor":31.0,"turns":7.0},{"damage":32.0,"enemies":"Automaton","floor":33.0,"turns":9.0},{"damage":14.0,"enemies":"Orb Walker","floor":35.0,"turns":5.0},{"damage":0.0,"enemies":"Mind Bloom Boss Battle","floor":38.0,"turns":6.0},{"damage":0.0,"enemies":"Giant Head","floor":40.0,"turns":8.0},{"damage":0.0,"enemies":"Nemesis","floor":44.0,"turns":7.0},{"damage":6.0,"enemies":"3 Shapes","floor":48.0,"turns":2.0},{"damage":41.0,"enemies":"Time Eater","floor":50.0,"turns":5.0},{"damage":23.0,"enemies":"Donu and Deca","floor":51.0,"turns":8.0},{"damage":21.0,"enemies":"Shield and Spear","floor":55.0,"turns":7.0},{"damage":35,"enemies":"The Heart","floor":56,"turns":6}],"seed_played":"-5693997163819307341","potions_obtained":[{"floor":1.0,"key":"Explosive Potion"},{"floor":5.0,"key":"FairyPotion"},{"floor":8.0,"key":"GamblersBrew"},{"floor":11.0,"key":"LiquidBronze"},{"floor":18.0,"key":"DuplicationPotion"},{"floor":24.0,"key":"Swift Potion"},{"floor":28.0,"key":"SteroidPotion"},{"floor":35.0,"key":"Energy Potion"},{"floor":44.0,"key":"Fire Potion"},{"floor":55.0,"key":"ColorlessPotion"}],"is_trial":false,"path_per_floor":["M","?","$","M","M","R","M","E","T","R","E","M","M","?","R","B",null,"M","?","$","?","?","R","E","R","T","M","M","E","?","M","R","B",null,"M","?","$","?","$","E","R","T","T","E","?","R","?","M","R","B","B",null,"R","$","E","B"],"character_chosen":"THE_SILENT","items_purchased":["Quick Slash","Wraith Form v2","TwistedFunnel","OrangePellets","Snake Skull","Lee\u0027s Waffle","Finisher","Blur","AttackPotion"],"campfire_rested":1,"item_purchase_floors":[3,3,20,37,39,39,54,54,54],"current_hp_per_floor":[57,57,57,56,56,56,56,27,27,27,19,18,17,17,17,11,48,29,29,29,29,13,31,31,31,31,26,25,25,25,33,33,13,48,34,34,34,34,67,67,67,67,67,67,67,67,67,61,61,32,21,56,56,56,35,0,0],"gold":81,"neow_bonus":"HUNDRED_GOLD","is_daily":false,"chose_seed":false,"campfire_upgraded":8,"win_rate":0.0,"timestamp":1609097270,"path_taken":["M","?","$","M","M","R","M","E","T","R","E","M","M","?","R","BOSS","M","?","$","?","?","R","E","R","T","M","M","E","?","M","R","BOSS","M","?","$","?","$","E","R","?","T","E","?","R","?","M","R","BOSS","BOSS","R","$","E","BOSS"],"items_purchased_type":["Card","Card","Relic","Relic","Relic","Relic","Card","Card","Potion"],"build_version":"2020-12-22","purchased_purges":2,"victory":false,"max_hp_per_floor":[66,66,66,66,66,66,66,66,66,66,66,66,66,60,60,60,60,60,60,60,60,60,60,60,60,60,60,60,60,60,60,60,60,60,60,60,60,60,67,67,67,67,67,67,67,67,67,67,67,67,67,67,67,67,67,67,67],"relic_stats":{"Lee\u0027s Waffle":33,"counters":[26,147],"Golden Idol":152,"CeramicFish":108,"Astrolabe":["A Thousand Cuts","Quick Slash","Tools of the Trade"],"Snake Skull":[152],"Pen Nib":[7],"Juzu Bracelet":2,"Whetstone":["Finisher","Quick Slash"],"Ginger":[2],"War Paint":["Blade Dance","Defend_G"],"Orichalcum":[174],"OrangePellets":[11],"Nunchaku":[9],"Prayer Wheel":1,"obtain_stats":[{"Potion Belt":8,"TwistedFunnel":20,"Lee\u0027s Waffle":39,"Golden Idol":14,"CeramicFish":19,"Astrolabe":34,"Thread and Needle":38,"Snake Skull":39,"Pen Nib":44,"Juzu Bracelet":24,"Whetstone":26,"Ginger":55,"War Paint":9,"Orichalcum":11,"SlaversCollar":17,"OrangePellets":37,"Nunchaku":42,"Prayer Wheel":40,"Red Mask":22,"Ring of the Snake":0,"Meat on the Bone":29},{"Potion Belt":5,"TwistedFunnel":10,"Lee\u0027s Waffle":19,"Golden Idol":8,"CeramicFish":10,"Astrolabe":17,"Thread and Needle":19,"Snake Skull":19,"Pen Nib":21,"Juzu Bracelet":12,"Whetstone":12,"Ginger":25,"War Paint":5,"Orichalcum":6,"SlaversCollar":9,"OrangePellets":18,"Nunchaku":20,"Prayer Wheel":20,"Red Mask":11,"Ring of the Snake":0,"Meat on the Bone":15},{"Potion Belt":25,"TwistedFunnel":53,"Lee\u0027s Waffle":104,"Golden Idol":35,"CeramicFish":53,"Astrolabe":93,"Thread and Needle":104,"Snake Skull":104,"Pen Nib":119,"Juzu Bracelet":64,"Whetstone":64,"Ginger":141,"War Paint":25,"Orichalcum":29,"SlaversCollar":46,"OrangePellets":98,"Nunchaku":112,"Prayer Wheel":112,"Red Mask":57,"Ring of the Snake":0,"Meat on the Bone":77}],"Ring of the Snake":[52],"Meat on the Bone":48},"card_choices":[{"not_picked":["Riddle With Holes","Cloak And Dagger","Outmaneuver"],"picked":"SKIP","floor":1.0},{"not_picked":["Acrobatics","Flechettes"],"picked":"Blade Dance","floor":4.0},{"not_picked":["Acrobatics","Slice"],"picked":"Infinite Blades","floor":5.0},{"not_picked":["Distraction","Dodge and Roll"],"picked":"Finisher","floor":7.0},{"not_picked":["Finisher","Flying Knee"],"picked":"After Image","floor":8.0},{"not_picked":["Calculated Gamble","Reflex"],"picked":"Cloak And Dagger","floor":11.0},{"not_picked":["Flying Knee","Deflect"],"picked":"PiercingWail","floor":12.0},{"not_picked":["Dodge and Roll","Deflect","Bane"],"picked":"SKIP","floor":13.0},{"not_picked":["Tools of the Trade","Envenom"],"picked":"Adrenaline","floor":16.0},{"not_picked":["Blade Dance","Prepared"],"picked":"Deadly Poison+1","floor":18.0},{"not_picked":["Infinite Blades","Backflip"],"picked":"Crippling Poison","floor":24.0},{"not_picked":["Quick Slash","Setup","Backflip"],"picked":"SKIP","floor":27.0},{"not_picked":["Dash","Outmaneuver","Flying Knee"],"picked":"SKIP","floor":28.0},{"not_picked":["Dodge and Roll","Blade Dance","Dagger Throw"],"picked":"SKIP","floor":29.0},{"not_picked":["Endless Agony","Infinite Blades+1"],"picked":"Noxious Fumes","floor":31.0},{"not_picked":["Die Die Die","Night Terror"],"picked":"Envenom","floor":33.0},{"not_picked":["Slice","Cloak And Dagger"],"picked":"PiercingWail","floor":35.0},{"not_picked":["PiercingWail+1","Blur","Dodge and Roll"],"picked":"SKIP","floor":40.0},{"not_picked":["Dagger Throw","Deadly Poison"],"picked":"Catalyst","floor":44.0},{"not_picked":["Escape Plan+1","Poisoned Stab"],"picked":"Well Laid Plans+1","floor":48.0},{"not_picked":["Dodge and Roll","Blade Dance","Quick Slash+1"],"picked":"SKIP","floor":48.0},{"not_picked":["Masterful Stab","Blade Dance"],"picked":"Night Terror","floor":55.0}],"player_experience":1388693,"relics_obtained":[{"floor":8.0,"key":"Potion Belt"},{"floor":9.0,"key":"War Paint"},{"floor":11.0,"key":"Orichalcum"},{"floor":22.0,"key":"Red Mask"},{"floor":24.0,"key":"Juzu Bracelet"},{"floor":26.0,"key":"Whetstone"},{"floor":29.0,"key":"Meat on the Bone"},{"floor":38.0,"key":"Thread and Needle"},{"floor":40.0,"key":"Prayer Wheel"},{"floor":42.0,"key":"Nunchaku"},{"floor":44.0,"key":"Pen Nib"},{"floor":55.0,"key":"Ginger"}],"event_choices":[{"damage_healed":0.0,"max_hp_gain":0.0,"max_hp_loss":0.0,"gold_gain":0.0,"event_name":"Living Wall","player_choice":"Grow","floor":2.0,"gold_loss":0.0,"damage_taken":0.0,"cards_upgraded":["Neutralize"]},{"damage_healed":0.0,"max_hp_gain":0.0,"max_hp_loss":6.0,"gold_gain":0.0,"event_name":"Golden Idol","player_choice":"Lose Max HP","floor":14.0,"gold_loss":0.0,"damage_taken":0.0,"relics_obtained":["Golden Idol"]},{"damage_healed":0.0,"max_hp_gain":0.0,"max_hp_loss":0.0,"gold_gain":0.0,"event_name":"Addict","player_choice":"Obtained Relic","floor":19.0,"gold_loss":85.0,"damage_taken":0.0,"relics_obtained":["CeramicFish"]},{"damage_healed":0.0,"max_hp_gain":0.0,"max_hp_loss":0.0,"gold_gain":0.0,"event_name":"Back to Basics","player_choice":"Simplicity","floor":21.0,"gold_loss":0.0,"damage_taken":0.0,"cards_upgraded":["Strike_G","Strike_G","Strike_G","Strike_G","Strike_G","Defend_G","Defend_G","Defend_G","Defend_G"]},{"damage_healed":0.0,"max_hp_gain":0.0,"max_hp_loss":0.0,"gold_gain":0.0,"event_name":"Masked Bandits","player_choice":"Fought Bandits","floor":22.0,"gold_loss":0.0,"damage_taken":0.0},{"damage_healed":0.0,"max_hp_gain":0.0,"max_hp_loss":0.0,"gold_gain":0.0,"event_name":"Match and Keep!","player_choice":"0 cards matched","floor":30.0,"gold_loss":0.0,"damage_taken":0.0,"cards_obtained":[]},{"damage_healed":0.0,"max_hp_gain":0.0,"max_hp_loss":0.0,"gold_gain":222.0,"event_name":"Tomb of Lord Red Mask","player_choice":"Wore Mask","floor":36.0,"gold_loss":0.0,"damage_taken":0.0},{"damage_healed":0.0,"max_hp_gain":0.0,"max_hp_loss":0.0,"gold_gain":0.0,"event_name":"MindBloom","player_choice":"Fight","floor":38.0,"gold_loss":0.0,"damage_taken":0.0},{"damage_healed":0.0,"max_hp_gain":0.0,"max_hp_loss":0.0,"gold_gain":0.0,"event_name":"Accursed Blacksmith","player_choice":"Forge","floor":45.0,"gold_loss":0.0,"damage_taken":0.0,"cards_upgraded":["Catalyst"]},{"damage_healed":0.0,"max_hp_gain":0.0,"max_hp_loss":0.0,"gold_gain":50.0,"event_name":"Golden Shrine","player_choice":"Pray","floor":47.0,"gold_loss":0.0,"damage_taken":0.0}],"is_beta":false,"boss_relics":[{"not_picked":["Tiny House","Ring of the Serpent"],"picked":"SlaversCollar"},{"not_picked":["HoveringKite","Empty Cage"],"picked":"Astrolabe"}],"items_purged_floors":[37,54],"is_endless":false,"potions_floor_spawned":[1,5,7,8,11,18,24,28,35,44,55],"killed_by":"The Heart","ascension_level":20}}