{"host":"o7j6aatxjwpw1421","time":1609050803,"event":{"mods":["2.2 Compatiblity","AchievementEnabler","BaseMod","Colored Map","DeckTracker","Highlight Path","Keyboard Shortcuts","Minty Spire (QoL Compilation)","Permanent Neow","Quick Restart","StSLib","SuperFastMode","everything is the same but u backflip on backflip"],"gold_per_floor":[114,133,153,153,168,168,168,168,194,212,64,85,85,101,101,197,197,217,2,17,33,33,33,33,33],"floor_reached":24,"playtime":2475,"items_purged":["Strike_R","Bash"],"score":333,"play_id":"4e1a04c4-c466-45b0-8f93-ae5b89dc173c","local_time":"20201227153323","is_ascension_mode":true,"campfire_choices":[{"data":"Shockwave","floor":6.0,"key":"SMITH"},{"data":"Uppercut","floor":8.0,"key":"SMITH"},{"floor":15.0,"key":"REST"},{"floor":23.0,"key":"REST"}],"circlet_count":0,"master_deck":["AscendersBane","Defend_R","Defend_R","Defend_R","Defend_R","Uppercut+1","Shockwave+1","Whirlwind","Blood for Blood","Pommel Strike","Shrug It Off","Limit Break","Battle Trance+1","Battle Trance","Shrug It Off","Limit Break"],"relics":["Burning Blood","Golden Idol","Red Skull","Runic Cube","Membership Card"],"acts_visited":["Exordium","TheCity"],"potions_floor_usage":[],"damage_taken":[{"damage":10.0,"enemies":"Jaw Worm","floor":1.0,"turns":7.0},{"damage":0.0,"enemies":"Small Slimes","floor":2.0,"turns":4.0},{"damage":4.0,"enemies":"2 Louse","floor":3.0,"turns":3.0},{"damage":7.0,"enemies":"Gremlin Gang","floor":5.0,"turns":6.0},{"damage":15.0,"enemies":"Large Slime","floor":10.0,"turns":8.0},{"damage":2.0,"enemies":"3 Louse","floor":12.0,"turns":2.0},{"damage":10.0,"enemies":"2 Fungi Beasts","floor":14.0,"turns":4.0},{"damage":28.0,"enemies":"Hexaghost","floor":16.0,"turns":9.0},{"damage":25.0,"enemies":"Chosen","floor":18.0,"turns":8.0},{"damage":19.0,"enemies":"Spheric Guardian","floor":20.0,"turns":5.0},{"damage":19.0,"enemies":"Shelled Parasite and Fungi","floor":21.0,"turns":5.0},{"damage":10,"enemies":"Sentry and Sphere","floor":24,"turns":4}],"seed_played":"8212012092448854864","potions_obtained":[{"floor":1.0,"key":"FearPotion"},{"floor":5.0,"key":"SpeedPotion"},{"floor":12.0,"key":"Fire Potion"},{"floor":18.0,"key":"SkillPotion"}],"is_trial":false,"path_per_floor":["M","M","M","?","M","R","?","R","T","M","$","M","?","M","R","B",null,"M","$","M","M","?","R","M"],"character_chosen":"IRONCLAD","items_purchased":["Blood for Blood","Membership Card","Battle Trance"],"campfire_rested":2,"item_purchase_floors":[11,19,19],"current_hp_per_floor":[46,52,54,28,27,27,27,27,27,18,18,22,22,18,40,18,61,42,42,29,16,16,38,28,28],"gold":33,"neow_bonus":"REMOVE_TWO","is_daily":false,"chose_seed":false,"campfire_upgraded":2,"win_rate":0.0,"timestamp":1609050803,"path_taken":["M","M","M","?","M","R","?","R","T","M","$","M","?","M","R","BOSS","M","$","M","?","?","R","?"],"items_purchased_type":["Card","Relic","Card"],"build_version":"2020-12-22","purchased_purges":2,"victory":false,"max_hp_per_floor":[75,75,75,75,75,75,75,75,75,75,75,75,75,75,75,75,75,75,75,75,75,75,75,75,75],"card_choices":[{"not_picked":["Pommel Strike","Rampage"],"picked":"Uppercut","floor":1.0},{"not_picked":["Blood for Blood","Headbutt"],"picked":"Shockwave","floor":2.0},{"not_picked":["Wild Strike","Heavy Blade","Rupture"],"picked":"SKIP","floor":3.0},{"not_picked":["Hemokinesis","True Grit","Twin Strike"],"picked":"SKIP","floor":5.0},{"not_picked":["Thunderclap","Sever Soul"],"picked":"Whirlwind","floor":10.0},{"not_picked":["Twin Strike","Flex","Cleave"],"picked":"SKIP","floor":12.0},{"not_picked":["Wild Strike","Anger"],"picked":"Shrug It Off","floor":14.0},{"not_picked":["Impervious","Exhume"],"picked":"Limit Break","floor":16.0},{"not_picked":["Warcry","Sword Boomerang"],"picked":"Battle Trance+1","floor":18.0},{"not_picked":["Ghostly Armor","Warcry"],"picked":"Shrug It Off","floor":20.0},{"not_picked":["Searing Blow","Pommel Strike","Rage"],"picked":"SKIP","floor":21.0}],"player_experience":390529,"relics_obtained":[{"floor":9.0,"key":"Red Skull"}],"event_choices":[{"damage_healed":0.0,"max_hp_gain":0.0,"max_hp_loss":0.0,"gold_gain":0.0,"event_name":"Golden Idol","player_choice":"Take Damage","floor":4.0,"gold_loss":0.0,"damage_taken":26.0,"relics_obtained":["Golden Idol"]},{"cards_removed":["Strike_R"],"damage_healed":0.0,"max_hp_gain":0.0,"max_hp_loss":0.0,"gold_gain":0.0,"event_name":"Living Wall","player_choice":"Forget","floor":7.0,"gold_loss":0.0,"damage_taken":0.0},{"damage_healed":0.0,"max_hp_gain":0.0,"max_hp_loss":0.0,"gold_gain":0.0,"cards_transformed":["Strike_R"],"event_name":"Transmorgrifier","player_choice":"Transformed","floor":13.0,"gold_loss":0.0,"damage_taken":0.0,"cards_obtained":["Pommel Strike"]},{"damage_healed":0.0,"max_hp_gain":0.0,"max_hp_loss":0.0,"gold_gain":0.0,"event_name":"Duplicator","player_choice":"Copied","floor":22.0,"gold_loss":0.0,"damage_taken":0.0,"cards_obtained":["Limit Break"]}],"is_beta":false,"boss_relics":[{"not_picked":["SacredBark","Coffee Dripper"],"picked":"Runic Cube"}],"items_purged_floors":[11,19],"is_endless":false,"potions_floor_spawned":[1,5,12,16,18],"killed_by":"Sentry and Sphere","ascension_level":15}}