{"host":"sxnl403xm2xmiyj1","time":1609072560,"event":{"mods":["AchievementEnabler","BaseMod","Colored Map","Keyboard Shortcuts","Minty Spire (QoL Compilation)","Quick Restart","StSLib","SuperFastMode"],"gold_per_floor":[16,33,33,33,50,84,94,120,175,208,208,14,14,14,14,114,114,130,147,147,147,166,201,201,229,229,248,266,295,308,328,328,328,328],"floor_reached":33,"playtime":1023,"items_purged":[],"score":543,"play_id":"b39eb266-e076-4ca9-9385-38ba9f417e0f","local_time":"20201227213600","is_ascension_mode":true,"campfire_choices":[{"data":"Tactician","floor":11.0,"key":"SMITH"},{"data":"Reflex","floor":13.0,"key":"SMITH"},{"data":"Calculated Gamble","floor":15.0,"key":"SMITH"},{"floor":24.0,"key":"REST"},{"floor":32,"key":"REST"}],"circlet_count":0,"master_deck":["Strike_G","Strike_G","Strike_G","Defend_G","Defend_G","Defend_G","Defend_G","Survivor","Neutralize","Dagger Throw","Underhanded Strike","Slice","Reflex+1","Calculated Gamble+1","Dagger Throw","Quick Slash","Tactician+1","Backstab","Poisoned Stab","Malaise","Backflip","Underhanded Strike","Reflex","Blur+1","Flying Knee+1","Prepared","Escape Plan","Deflect","Dodge and Roll+1","Sucker Punch"],"relics":["Ring of the Snake","Unceasing Top","Ninja Scroll","Pen Nib","Bag of Marbles","Darkstone Periapt","Black Star","Orichalcum","Art of War","Happy Flower","Strawberry","Mercury Hourglass","Calipers","Oddly Smooth Stone"],"acts_visited":["Exordium","TheCity"],"potions_floor_usage":[30,33],"damage_taken":[{"damage":0.0,"enemies":"Cultist","floor":1.0,"turns":2.0},{"damage":0.0,"enemies":"Small Slimes","floor":2.0,"turns":2.0},{"damage":0.0,"enemies":"2 Louse","floor":5.0,"turns":2.0},{"damage":17.0,"enemies":"Gremlin Nob","floor":6.0,"turns":4.0},{"damage":0.0,"enemies":"Large Slime","floor":7.0,"turns":3.0},{"damage":7.0,"enemies":"3 Sentries","floor":8.0,"turns":7.0},{"damage":7.0,"enemies":"Gremlin Nob","floor":10.0,"turns":3.0},{"damage":0.0,"enemies":"Slime Boss","floor":16.0,"turns":5.0},{"damage":11.0,"enemies":"3 Byrds","floor":18.0,"turns":4.0},{"damage":12.0,"enemies":"2 Thieves","floor":19.0,"turns":3.0},{"damage":18.0,"enemies":"Centurion and Healer","floor":22.0,"turns":6.0},{"damage":0.0,"enemies":"Gremlin Leader","floor":23.0,"turns":6.0},{"damage":9.0,"enemies":"Slavers","floor":25.0,"turns":5.0},{"damage":19.0,"enemies":"Sentry and Sphere","floor":27.0,"turns":4.0},{"damage":11.0,"enemies":"Shelled Parasite and Fungi","floor":28.0,"turns":4.0},{"damage":7,"enemies":"Gremlin Leader","floor":29,"turns":3},{"damage":0,"enemies":"Snake Plant","floor":30,"turns":3},{"damage":0,"enemies":"Snecko","floor":31,"turns":3},{"damage":56,"enemies":"Collector","floor":33,"turns":7}],"seed_played":"-4470517982711311135","potions_obtained":[{"floor":4.0,"key":"Block Potion"},{"floor":4.0,"key":"Block Potion"},{"floor":4.0,"key":"SkillPotion"},{"floor":6.0,"key":"BlessingOfTheForge"},{"floor":7.0,"key":"Regen Potion"},{"floor":8.0,"key":"CultistPotion"},{"floor":10.0,"key":"Fruit Juice"},{"floor":19.0,"key":"PowerPotion"},{"floor":23.0,"key":"SneckoOil"},{"floor":25.0,"key":"Weak Potion"},{"floor":29,"key":"SkillPotion"},{"floor":31,"key":"Regen Potion"}],"is_trial":false,"path_per_floor":["M","M","$","?","M","E","M","E","T","E","R","$","R","?","R","B",null,"M","M","?","?","M","E","R","E","T","M","M","E","M","M","R","B"],"character_chosen":"THE_SILENT","items_purchased":["Bag of Marbles","Poisoned Stab"],"campfire_rested":2,"item_purchase_floors":[12,12],"current_hp_per_floor":[63,63,63,63,63,46,46,54,54,47,47,47,52,40,40,40,66,55,43,43,43,25,25,47,45,45,26,15,8,8,8,32,0,0],"gold":328,"neow_bonus":"TRANSFORM_TWO_CARDS","is_daily":false,"chose_seed":false,"campfire_upgraded":3,"win_rate":0.0,"timestamp":1609072560,"path_taken":["M","M","?","?","?","E","?","E","T","E","R","$","R","?","R","BOSS","M","M","?","?","M","E","R","E","T","?","M","E","M","M","R","BOSS"],"items_purchased_type":["Relic","Card"],"build_version":"2020-12-22","purchased_purges":0,"victory":false,"max_hp_per_floor":[70,70,70,70,70,70,70,70,70,70,70,70,75,75,75,75,75,75,75,75,75,75,75,75,82,82,82,82,82,82,82,82,82,82],"card_choices":[{"not_picked":["Deflect","Dagger Spray"],"picked":"Slice","floor":1.0},{"not_picked":["Caltrops","Prepared"],"picked":"Reflex","floor":2.0},{"not_picked":["Outmaneuver","Flechettes"],"picked":"Calculated Gamble","floor":5.0},{"not_picked":["Die Die Die","Flying Knee"],"picked":"Dagger Throw","floor":6.0},{"not_picked":["Deflect","Flying Knee"],"picked":"Quick Slash","floor":7.0},{"not_picked":["Cloak And Dagger","Sucker Punch"],"picked":"Tactician","floor":8.0},{"not_picked":["Bane","Deflect"],"picked":"Backstab","floor":10.0},{"not_picked":["Die Die Die","Glass Knife"],"picked":"Malaise","floor":16.0},{"not_picked":["Catalyst","Deflect"],"picked":"Backflip","floor":18.0},{"not_picked":["Skewer","Finisher"],"picked":"Underhanded Strike","floor":19.0},{"not_picked":["Endless Agony","Underhanded Strike"],"picked":"Blur+1","floor":22.0},{"not_picked":["Underhanded Strike","Storm of Steel"],"picked":"Flying Knee+1","floor":23.0},{"not_picked":["Bane","Dagger Spray+1"],"picked":"Prepared","floor":25.0},{"not_picked":["Well Laid Plans","Dagger Throw"],"picked":"Escape Plan","floor":27.0},{"not_picked":["Distraction","Heel Hook","Expertise"],"picked":"SKIP","floor":28.0},{"not_picked":["Blade Dance","Distraction"],"picked":"Deflect","floor":29},{"not_picked":["Blur","Choke"],"picked":"Dodge and Roll+1","floor":30},{"not_picked":["Deadly Poison","Heel Hook"],"picked":"Sucker Punch","floor":31}],"player_experience":127402,"relics_obtained":[{"floor":6.0,"key":"Unceasing Top"},{"floor":8.0,"key":"Ninja Scroll"},{"floor":10.0,"key":"Pen Nib"},{"floor":23.0,"key":"Orichalcum"},{"floor":23.0,"key":"Art of War"},{"floor":25.0,"key":"Happy Flower"},{"floor":25.0,"key":"Strawberry"},{"floor":26.0,"key":"Mercury Hourglass"},{"floor":29,"key":"Calipers"},{"floor":29,"key":"Oddly Smooth Stone"}],"event_choices":[{"damage_healed":0.0,"max_hp_gain":0.0,"max_hp_loss":0.0,"gold_gain":0.0,"event_name":"Lab","player_choice":"Got Potions","floor":4.0,"gold_loss":0.0,"damage_taken":0.0},{"damage_healed":0.0,"max_hp_gain":0.0,"max_hp_loss":0.0,"gold_gain":0.0,"event_name":"Scrap Ooze","player_choice":"Success","floor":14.0,"gold_loss":0.0,"damage_taken":12.0,"relics_obtained":["Darkstone Periapt"]},{"damage_healed":0.0,"max_hp_gain":0.0,"max_hp_loss":0.0,"gold_gain":0.0,"event_name":"The Library","player_choice":"Read","floor":20.0,"gold_loss":0.0,"damage_taken":0.0,"cards_obtained":["Reflex"]},{"cards_removed":["Strike_G"],"damage_healed":0.0,"max_hp_gain":0.0,"max_hp_loss":0.0,"gold_gain":0.0,"event_name":"Bonfire Elementals","player_choice":"Offered Basic","floor":21.0,"gold_loss":0.0,"damage_taken":0.0}],"is_beta":false,"boss_relics":[{"not_picked":["Sozu","Runic Pyramid"],"picked":"Black Star"}],"items_purged_floors":[],"is_endless":false,"potions_floor_spawned":[6,7,8,10,19,23,25,29,31],"killed_by":"Collector","ascension_level":7}}