{"host":"4zkge9b5bb6kwkft","time":1609061575,"event":{"mods":["AchievementEnabler","BaseMod","Better Skull","BetterRewards","Block Reminder","Colored Map","Colored Powertips","Curses Come First","Highlight Path","Infinite Spire","Minty Spire (QoL Compilation)","Quick Restart","Relic Stats","Replay The Spire","Retaliation","Spicy Shops","StSLib","SuperFastMode","The Blue Laboratory","The Marked"],"gold_per_floor":[111,130,140,153,171,171,182,182,182,37,37,69,69,277,277,277,277],"floor_reached":16,"playtime":653,"items_purged":[],"score":102,"play_id":"bb231f8c-34af-4405-aeda-f2907961b1f5","local_time":"20201227013255","is_ascension_mode":false,"campfire_choices":[{"data":"theMarked:SoldierOfQuellstein","floor":6.0,"key":"SMITH"},{"floor":8.0,"key":"REST"},{"data":"theMarked:PowerFlow","floor":11.0,"key":"SMITH"},{"data":"theMarked:Polarize","floor":13.0,"key":"SMITH"},{"floor":15,"key":"REST"}],"circlet_count":0,"master_deck":["theMarked:Strike","theMarked:Strike","theMarked:Strike","theMarked:Strike","theMarked:Strike","theMarked:Defend","theMarked:Defend","theMarked:Defend","theMarked:Defend","theMarked:SoldierOfQuellstein+1","theMarked:EmpowerWeapon","theMarked:Electrocute","theMarked:PowerFlow+1","theMarked:Aftermath","theMarked:Polarize+1","theMarked:MuscleMemory","ReplayTheSpireMod:Splinters"],"relics":["theMarked:ArtifactOfAir","Replay:Bottled Flurry","PreservedInsect","Replay:Rubber Ducky"],"acts_visited":["Exordium"],"potions_floor_usage":[16],"damage_taken":[{"damage":11.0,"enemies":"infinitespire:Voidling","floor":1.0,"turns":3.0},{"damage":11.0,"enemies":"Jaw Worm","floor":2.0,"turns":2.0},{"damage":7.0,"enemies":"Small Slimes","floor":3.0,"turns":3.0},{"damage":7.0,"enemies":"Exordium Wildlife","floor":4.0,"turns":4.0},{"damage":3.0,"enemies":"3 Louse","floor":5.0,"turns":4.0},{"damage":14.0,"enemies":"Blue Slaver","floor":7.0,"turns":3.0},{"damage":8.0,"enemies":"3 Sentries","floor":12.0,"turns":5.0},{"damage":53,"enemies":"The Guardian","floor":16,"turns":10}],"seed_played":"842233108575554852","potions_obtained":[{"floor":2.0,"key":"CultistPotion"},{"floor":3.0,"key":"SpeedPotion"},{"floor":5.0,"key":"blueLaboratory:PhilterOfMotion"}],"is_trial":false,"path_per_floor":["M","M","M","M","M","R","M","R","T","$","R","E","R","?","R","B"],"character_chosen":"THE_DEFAULT","items_purchased":["PreservedInsect"],"campfire_rested":2,"item_purchase_floors":[10],"current_hp_per_floor":[59,48,41,34,31,31,17,38,38,38,38,30,30,30,51,0,0],"gold":277,"neow_bonus":"THREE_CARDS","is_daily":false,"chose_seed":false,"campfire_upgraded":3,"win_rate":0.0,"timestamp":1609061575,"path_taken":["M","M","M","M","?","R","M","R","T","$","R","E","R","?","R","BOSS"],"items_purchased_type":["Relic"],"build_version":"2020-12-22","purchased_purges":0,"victory":false,"max_hp_per_floor":[70,70,70,70,70,70,70,70,70,70,70,70,70,70,70,70,70],"relic_stats":{"counters":[8,34],"PreservedInsect":31,"obtain_stats":[{"theMarked:ArtifactOfAir":0,"PreservedInsect":10,"Replay:Bottled Flurry":9,"Replay:Rubber Ducky":12},{"theMarked:ArtifactOfAir":0,"PreservedInsect":6,"Replay:Bottled Flurry":6,"Replay:Rubber Ducky":7},{"theMarked:ArtifactOfAir":0,"PreservedInsect":19,"Replay:Bottled Flurry":19,"Replay:Rubber Ducky":24}]},"card_choices":[{"not_picked":["theMarked:ElectricStrings","theMarked:RogueSparks"],"picked":"theMarked:EmpowerWeapon","floor":0.0},{"not_picked":["theMarked:CreepingChasm","theMarked:Static"],"picked":"theMarked:Electrocute","floor":1.0},{"not_picked":["theMarked:ParalyzingBlade","theMarked:Electrocute"],"picked":"theMarked:PowerFlow","floor":2.0},{"not_picked":["theMarked:Parkour","theMarked:Electrocute"],"picked":"theMarked:Aftermath","floor":3.0},{"not_picked":["theMarked:Opportunist","theMarked:ContemptForTheProud"],"picked":"theMarked:Polarize","floor":4.0},{"not_picked":["theMarked:Electrocute","theMarked:Parkour","theMarked:KeepCalmAndFightOn"],"picked":"SKIP","floor":5.0},{"not_picked":["theMarked:CreepingChasm","theMarked:ResourceFulStrike","theMarked:ElectricStrings"],"picked":"SKIP","floor":7.0},{"not_picked":["theMarked:Static","theMarked:Electrocute"],"picked":"theMarked:MuscleMemory","floor":12.0}],"player_experience":353953,"relics_obtained":[{"floor":9.0,"key":"Replay:Bottled Flurry"},{"floor":12.0,"key":"Replay:Rubber Ducky"}],"event_choices":[],"is_beta":false,"boss_relics":[],"items_purged_floors":[],"is_endless":false,"potions_floor_spawned":[2,3,5],"killed_by":"The Guardian","ascension_level":0}}