{"host":"chv1qanoipyt46jc","time":1609043443,"event":{"mods":["2.2 Compatiblity","AchievementEnabler","BaseMod","BetterRewards","CapriCore","Card Filter","Gold Saver","Grow up Mod","Melee Mod","Minty Spire (QoL Compilation)","Rare Cards Sparkle","Relic Filter","Remove Card Discount Mod","Reorder Act Four","StSLib"],"gold_per_floor":[966,980,996,996,1012,1012,1037,1053,1053,1053,1072,1088,1106,1083,1083,1188,1188,1207,1205,1224,1224,1239,1239,1250,1250,1250,1349,1382,1393,1391,1405,1405,1510,1510,1522,1546,1560,1570,1585,1585,1617,1617,1644,1656,1756,1773,1788,1800,1800,1800,1800,1800,1800,1831,1831],"floor_reached":56,"playtime":3449,"items_purged":["meleeMod_Jab","meleeMod_Jab","meleeMod_Jab","meleeMod_Jab","meleeMod_Shield","meleeMod_Shield","meleeMod_Shield","meleeMod_Shield","meleeMod_NeutralAir","meleeMod_NeutralAir","meleeMod_NeutralAir"],"score":1786,"play_id":"a518c315-6ac3-403e-830f-6dd492f281fb","local_time":"20201226223043","is_ascension_mode":false,"campfire_choices":[{"data":"meleeMod_DashDance","floor":6,"key":"SMITH"},{"data":"meleeMod_DashDance","floor":10,"key":"SMITH"},{"floor":15,"key":"RECALL"},{"data":"meleeMod_SoftKnee","floor":23,"key":"SMITH"},{"data":"meleeMod_BackAir","floor":25,"key":"SMITH"},{"data":"meleeMod_Cautious","floor":32,"key":"SMITH"},{"data":"meleeMod_AmsahTech","floor":40,"key":"SMITH"},{"data":"meleeMod_Cautious","floor":42,"key":"SMITH"},{"floor":49,"key":"REST"},{"floor":53,"key":"REST"}],"circlet_count":0,"master_deck":["meleeMod_BackAir+1","meleeMod_Cautious+1","meleeMod_DashDance+1","meleeMod_DashDance+1","meleeMod_Cautious+1","meleeMod_SoftKnee+1","meleeMod_AmsahTech+1"],"relics":["meleeMod_TeamBeerMang0","meleeMod_AutoLCanceling","Medical Kit","Membership Card","meleeMod_YearsOfResearch","White Beast Statue","Singing Bowl","SacredBark","CeramicFish","meleeMod_EvidenceZip","Bag of Marbles","meleeMod_NoKnee","Orichalcum"],"acts_visited":["Exordium","TheCity","TheBeyond","TheEnding"],"potions_floor_usage":[55,55,55],"damage_taken":[{"damage":0,"enemies":"Jaw Worm","floor":1,"turns":2},{"damage":0,"enemies":"Cultist","floor":2,"turns":2},{"damage":0,"enemies":"2 Louse","floor":3,"turns":1},{"damage":0,"enemies":"2 Fungi Beasts","floor":5,"turns":1},{"damage":0,"enemies":"3 Sentries","floor":7,"turns":4},{"damage":0,"enemies":"Gremlin Gang","floor":8,"turns":3},{"damage":0,"enemies":"3 Louse","floor":11,"turns":2},{"damage":0,"enemies":"Exordium Thugs","floor":12,"turns":2},{"damage":0,"enemies":"Red Slaver","floor":13,"turns":1},{"damage":0,"enemies":"The Guardian","floor":16,"turns":5},{"damage":0,"enemies":"Shell Parasite","floor":18,"turns":2},{"damage":0,"enemies":"Chosen","floor":20,"turns":2},{"damage":0,"enemies":"Centurion and Healer","floor":22,"turns":3},{"damage":0,"enemies":"Snake Plant","floor":24,"turns":2},{"damage":0,"enemies":"Book of Stabbing","floor":28,"turns":1},{"damage":0,"enemies":"Snecko","floor":29,"turns":3},{"damage":0,"enemies":"Cultist and Chosen","floor":31,"turns":2},{"damage":0,"enemies":"Automaton","floor":33,"turns":3},{"damage":0,"enemies":"3 Shapes","floor":35,"turns":1},{"damage":0,"enemies":"3 Darklings","floor":36,"turns":1},{"damage":0,"enemies":"Transient","floor":37,"turns":5},{"damage":0,"enemies":"Maw","floor":38,"turns":2},{"damage":0,"enemies":"Spire Growth","floor":39,"turns":2},{"damage":0,"enemies":"Nemesis","floor":41,"turns":3},{"damage":0,"enemies":"Sphere and 2 Shapes","floor":44,"turns":1},{"damage":0,"enemies":"Maw","floor":46,"turns":1},{"damage":0,"enemies":"Transient","floor":47,"turns":4},{"damage":0,"enemies":"Sphere and 2 Shapes","floor":48,"turns":1},{"damage":0,"enemies":"Awakened One","floor":50,"turns":2},{"damage":0,"enemies":"Shield and Spear","floor":54,"turns":2},{"damage":10,"enemies":"The Heart","floor":55,"turns":3}],"seed_played":"-753555758646168945","potions_obtained":[{"floor":2,"key":"PowerPotion"},{"floor":3,"key":"Weak Potion"},{"floor":8,"key":"DuplicationPotion"},{"floor":16,"key":"Swift Potion"}],"is_trial":false,"path_per_floor":["M","M","M","?","M","R","E","M","T","R","M","M","M","$","R","B",null,"M","$","M","?","M","R","M","R","T","?","E","M","$","M","R","B",null,"M","M","M","M","M","R","E","R","T","M","?","M","M","M","R","B",null,"$","R","E","B",null],"character_chosen":"FALCON","items_purchased":["meleeMod_AutoLCanceling","meleeMod_NeutralAir","Medical Kit","meleeMod_NeutralAir","Membership Card","meleeMod_YearsOfResearch","meleeMod_Cautious","meleeMod_DashDance","meleeMod_SoftKnee"],"campfire_rested":2,"item_purchase_floors":[0,0,0,0,0,0,0,0,14],"current_hp_per_floor":[52,62,72,82,92,102,112,122,132,142,154,166,176,186,196,208,271,283,293,305,315,327,337,349,359,369,379,391,403,413,425,435,447,457,469,479,491,503,515,525,537,547,557,569,579,591,603,615,625,635,645,655,665,677,677],"gold":1831,"neow_bonus":"","is_daily":false,"chose_seed":false,"campfire_upgraded":7,"win_rate":0.0,"timestamp":1609043443,"path_taken":["M","M","M","?","?","R","E","M","T","R","M","M","M","$","R","BOSS","M","$","M","?","M","R","M","R","T","?","E","M","$","M","R","BOSS","M","M","M","M","M","R","E","R","T","M","?","M","M","M","R","BOSS","$","R","E","BOSS"],"items_purchased_type":["Relic","Card","Relic","Card","Relic","Relic","Card","Card","Card"],"build_version":"2020-12-22","purchased_purges":11,"victory":true,"max_hp_per_floor":[105,115,125,135,145,155,165,175,185,195,207,219,229,239,249,261,271,283,293,305,315,327,337,349,359,369,379,391,403,413,425,435,447,457,469,479,491,503,515,525,537,547,557,569,579,591,603,615,625,635,645,655,665,677,687],"card_choices":[{"not_picked":["meleeMod_DownTilt","meleeMod_DownSmash","meleeMod_DownAir"],"picked":"SKIP","floor":1},{"not_picked":["meleeMod_UpTilt","meleeMod_RapidJabs","meleeMod_UpSmash"],"picked":"SKIP","floor":2},{"not_picked":["meleeMod_WaveLand","meleeMod_RapidJabs","meleeMod_CommandGrab"],"picked":"SKIP","floor":3},{"not_picked":["meleeMod_GetUpAttack","meleeMod_Randall"],"picked":"meleeMod_DashDance","floor":5},{"not_picked":["meleeMod_SweetSpot","meleeMod_DropZone","meleeMod_AirDodge"],"picked":"SKIP","floor":7},{"not_picked":["meleeMod_PhantomHit","meleeMod_Gentleman","meleeMod_FireFlower"],"picked":"SKIP","floor":8},{"not_picked":["meleeMod_WaveLand","meleeMod_ForwardSmash","meleeMod_Randall"],"picked":"Singing Bowl","floor":11},{"not_picked":["meleeMod_UpAir","meleeMod_Grab","meleeMod_WaveLand"],"picked":"Singing Bowl","floor":12},{"not_picked":["meleeMod_NoDI","meleeMod_SweetSpot"],"picked":"meleeMod_Cautious","floor":13},{"not_picked":["meleeMod_PhantomHit","meleeMod_UCF","meleeMod_IKilledMufasa"],"picked":"Singing Bowl","floor":16},{"not_picked":["meleeMod_WaveLand+1","meleeMod_WallJump+1","meleeMod_NippleSpike"],"picked":"Singing Bowl","floor":18},{"not_picked":["meleeMod_SweetSpot+1","meleeMod_DownAir","meleeMod_UpTilt"],"picked":"Singing Bowl","floor":20},{"not_picked":["meleeMod_NippleSpike","meleeMod_TeamAttackOn+1","meleeMod_CommandGrab+1"],"picked":"Singing Bowl","floor":22},{"not_picked":["meleeMod_BackAir","meleeMod_Taunt","meleeMod_WaveLand"],"picked":"Singing Bowl","floor":24},{"not_picked":["meleeMod_UpTilt","meleeMod_EdgeGuard","meleeMod_DownSmash"],"picked":"Singing Bowl","floor":28},{"not_picked":["meleeMod_Knee","meleeMod_DashDance","meleeMod_NippleSpike"],"picked":"Singing Bowl","floor":29},{"not_picked":["meleeMod_UpSmash","meleeMod_Knee","meleeMod_RaptorBoost"],"picked":"Singing Bowl","floor":31},{"not_picked":["meleeMod_SDRemix","meleeMod_BlueFalcon","meleeMod_LoseStock"],"picked":"Singing Bowl","floor":33},{"not_picked":["meleeMod_NeutralAir+1","meleeMod_BackAir","meleeMod_FalconKick+1"],"picked":"Singing Bowl","floor":35},{"not_picked":["meleeMod_AirDodge+1","meleeMod_BackAir+1"],"picked":"meleeMod_AmsahTech","floor":36},{"not_picked":["meleeMod_UpSmash","meleeMod_Moonwalking+1","meleeMod_SweetSpot+1"],"picked":"Singing Bowl","floor":37},{"not_picked":["meleeMod_SuperSpicyCurry+1","meleeMod_Wildfire+1","meleeMod_DashDance+1"],"picked":"Singing Bowl","floor":38},{"not_picked":["meleeMod_Pause","meleeMod_Gentleman+1","meleeMod_FalconDive+1"],"picked":"Singing Bowl","floor":39},{"not_picked":["meleeMod_ShieldPoke+1","meleeMod_RaptorBoost","meleeMod_RapidJabs"],"picked":"Singing Bowl","floor":41},{"not_picked":["meleeMod_BMoveSpecialist+1","meleeMod_RapidJabs+1","meleeMod_UnclePunch"],"picked":"Singing Bowl","floor":44},{"not_picked":["meleeMod_Knee","meleeMod_SuperSpicyCurry","meleeMod_Fishing"],"picked":"Singing Bowl","floor":46},{"not_picked":["meleeMod_WallJump","meleeMod_UCF","meleeMod_Knee+1"],"picked":"Singing Bowl","floor":47},{"not_picked":["meleeMod_L_Cancel+1","meleeMod_UnclePunch","meleeMod_FalconDive"],"picked":"Singing Bowl","floor":48},{"not_picked":["meleeMod_FalconKick+1","meleeMod_NoDI+1","meleeMod_Knee"],"picked":"Singing Bowl","floor":54}],"player_experience":294525,"relics_obtained":[{"floor":7,"key":"White Beast Statue"},{"floor":9,"key":"Singing Bowl"},{"floor":28,"key":"CeramicFish"},{"floor":41,"key":"Bag of Marbles"},{"floor":43,"key":"meleeMod_NoKnee"},{"floor":54,"key":"Orichalcum"}],"event_choices":[{"damage_healed":0,"gold_gain":0,"player_choice":"Bought 0 Potions","damage_taken":0,"max_hp_gain":0,"max_hp_loss":0,"event_name":"The Woman in Blue","floor":4,"gold_loss":0},{"damage_healed":0,"gold_gain":0,"player_choice":"Ignored","damage_taken":0,"max_hp_gain":0,"max_hp_loss":0,"event_name":"Ghosts","floor":21,"gold_loss":0},{"damage_healed":0,"gold_gain":99,"player_choice":"Stole From Cult","damage_taken":0,"max_hp_gain":0,"max_hp_loss":0,"event_name":"Nest","floor":27,"gold_loss":0},{"damage_healed":0,"gold_gain":100,"player_choice":"Pray","damage_taken":0,"max_hp_gain":0,"max_hp_loss":0,"event_name":"Golden Shrine","floor":45,"gold_loss":0}],"is_beta":false,"boss_relics":[{"not_picked":["Runic Dome","Runic Pyramid"],"picked":"SacredBark"},{"not_picked":["Tiny House","SlaversCollar"],"picked":"meleeMod_EvidenceZip"}],"items_purged_floors":[0,0,0,0,0,0,0,0,0,19,30],"is_endless":false,"potions_floor_spawned":[2,3,8,11,12,13,16,18,20,22,24,28,29,31,33,35,36,37,38,39,41,44,46,47,48,54],"ascension_level":0}}