{"host":"dcj2yvrgcvh5dl2s","time":1609045053,"event":{"mods":["BaseMod","Better Note","Block Reminder","Colored Powertips","DeckTracker","Minty Spire (QoL Compilation)","Quick Restart","Rare Cards Sparkle","Relic Stats","StSLib"],"gold_per_floor":[10,10,33,56,2,33,33,33,33],"floor_reached":8,"playtime":344,"items_purged":[],"score":101,"play_id":"91dd92a9-db0a-4eb1-9f77-17cabf78c3e1","local_time":"20201227145733","is_ascension_mode":true,"campfire_choices":[{"floor":7,"key":"REST"}],"circlet_count":0,"master_deck":["AscendersBane","Strike_R","Strike_R","Strike_R","Defend_R","Defend_R","Defend_R","Defend_R","Bash","Body Slam","Battle Trance","Heavy Blade"],"relics":["Burning Blood","Golden Idol","Tiny Chest"],"acts_visited":["Exordium"],"potions_floor_usage":[8],"damage_taken":[{"damage":15,"enemies":"Jaw Worm","floor":1,"turns":6},{"damage":16,"enemies":"Small Slimes","floor":3,"turns":5},{"damage":6,"enemies":"Cultist","floor":4,"turns":4},{"damage":44,"enemies":"Gremlin Nob","floor":6,"turns":5},{"damage":36,"enemies":"Lagavulin","floor":8,"turns":9}],"seed_played":"-8638141215694104573","potions_obtained":[{"floor":3,"key":"HeartOfIron"}],"is_trial":false,"path_per_floor":["M","?","M","M","$","E","R","E"],"character_chosen":"IRONCLAD","items_purchased":["Heavy Blade"],"campfire_rested":1,"item_purchase_floors":[5],"current_hp_per_floor":[59,59,49,49,49,11,31,0,0],"gold":33,"neow_bonus":"REMOVE_TWO","is_daily":false,"chose_seed":false,"campfire_upgraded":0,"win_rate":0.0,"timestamp":1609045053,"path_taken":["M","?","M","M","$","E","R","E"],"items_purchased_type":["Card"],"build_version":"2020-12-22","purchased_purges":0,"victory":false,"max_hp_per_floor":[75,68,68,68,68,68,68,68,68],"relic_stats":{"counters":[5,29],"Golden Idol":16,"Tiny Chest":0,"obtain_stats":[{"Golden Idol":2,"Tiny Chest":6,"Burning Blood":0},{"Golden Idol":1,"Tiny Chest":4,"Burning Blood":0},{"Golden Idol":6,"Tiny Chest":20,"Burning Blood":0}],"Burning Blood":24},"card_choices":[{"not_picked":["Heavy Blade","True Grit"],"picked":"Body Slam","floor":1},{"not_picked":["Wild Strike","Perfected Strike"],"picked":"Battle Trance","floor":3},{"not_picked":["Warcry","Havoc","Anger"],"picked":"SKIP","floor":4},{"not_picked":["Combust","Havoc","Rupture"],"picked":"SKIP","floor":6}],"player_experience":2046556,"relics_obtained":[{"floor":6,"key":"Tiny Chest"}],"event_choices":[{"damage_healed":0,"gold_gain":0,"player_choice":"Lose Max HP","damage_taken":0,"relics_obtained":["Golden Idol"],"max_hp_gain":0,"max_hp_loss":7,"event_name":"Golden Idol","floor":2,"gold_loss":0}],"is_beta":false,"boss_relics":[],"items_purged_floors":[],"is_endless":false,"potions_floor_spawned":[3],"killed_by":"Lagavulin","ascension_level":16}}