{"host":"d8hh7rr4yzitjeuj","time":1609047767,"event":{"mods":["2.2 Compatiblity","AchievementEnabler","BaseMod","CapriCore","Colored Map","Colored Powertips","Highlight Path","Keyboard Shortcuts","Minty Spire (QoL Compilation)","Permanent Neow","Quick Restart","StSLib","SuperFastMode"],"gold_per_floor":[19,37,49,49,67,67,96,149,149,149,164,76,95,114,114,114,114],"floor_reached":16,"playtime":325,"items_purged":[],"score":208,"play_id":"aae684bb-eda1-4535-aa1a-17420d2da33c","local_time":"20201227144247","is_ascension_mode":true,"campfire_choices":[{"data":"Sunder","floor":6.0,"key":"SMITH"},{"data":"Redo","floor":10.0,"key":"SMITH"},{"floor":15,"key":"REST"}],"circlet_count":0,"master_deck":["AscendersBane","Strike_B","Strike_B","Defend_B","Defend_B","Defend_B","Zap","Dualcast","Consume","All For One","Turbo","Sunder+1","Beam Cell","Tempest","Stack","Redo+1","Sweeping Beam","Chill","Cold Snap","Coolheaded"],"relics":["Cracked Core","Art of War","Pen Nib"],"acts_visited":["Exordium"],"potions_floor_usage":[],"damage_taken":[{"damage":1.0,"enemies":"Cultist","floor":1.0,"turns":3.0},{"damage":14.0,"enemies":"Jaw Worm","floor":2.0,"turns":4.0},{"damage":12.0,"enemies":"Small Slimes","floor":3.0,"turns":2.0},{"damage":9.0,"enemies":"Red Slaver","floor":5.0,"turns":2.0},{"damage":14.0,"enemies":"Gremlin Nob","floor":7.0,"turns":3.0},{"damage":3.0,"enemies":"Blue Slaver","floor":11.0,"turns":3.0},{"damage":4,"enemies":"Lots of Slimes","floor":13,"turns":3},{"damage":0,"enemies":"2 Fungi Beasts","floor":14,"turns":1},{"damage":32,"enemies":"The Guardian","floor":16,"turns":7}],"seed_played":"-3811428185999149872","potions_obtained":[{"floor":1.0,"key":"EssenceOfDarkness"},{"floor":3.0,"key":"SteroidPotion"}],"is_trial":false,"path_per_floor":["M","M","M","?","M","R","E","?","T","R","M","$","M","M","R","B"],"character_chosen":"DEFECT","items_purchased":["Chill"],"campfire_rested":1,"item_purchase_floors":[12],"current_hp_per_floor":[63,49,37,37,28,28,14,14,14,14,11,11,7,7,28,0,0],"gold":114,"neow_bonus":"TRANSFORM_TWO_CARDS","is_daily":false,"chose_seed":false,"campfire_upgraded":2,"win_rate":0.0,"timestamp":1609047767,"path_taken":["M","M","M","?","?","R","E","?","T","R","M","$","M","M","R","BOSS"],"items_purchased_type":["Card"],"build_version":"2020-12-22","purchased_purges":0,"victory":false,"max_hp_per_floor":[71,71,71,71,71,71,71,71,71,71,71,71,71,71,71,71,71],"card_choices":[{"not_picked":["Chaos","Self Repair"],"picked":"Turbo","floor":1.0},{"not_picked":["Streamline","Cold Snap"],"picked":"Sunder","floor":2.0},{"not_picked":["Gash","Go for the Eyes"],"picked":"Beam Cell","floor":3.0},{"not_picked":["Beam Cell","Streamline"],"picked":"Stack","floor":5.0},{"not_picked":["Machine Learning","Cold Snap"],"picked":"Redo","floor":7.0},{"not_picked":["Rip and Tear","Sunder"],"picked":"Sweeping Beam","floor":11.0},{"not_picked":["Compile Driver","Leap"],"picked":"Cold Snap","floor":13},{"not_picked":["Compile Driver","Fusion"],"picked":"Coolheaded","floor":14}],"player_experience":1388403,"relics_obtained":[{"floor":7.0,"key":"Art of War"},{"floor":9.0,"key":"Pen Nib"}],"event_choices":[{"damage_healed":0.0,"max_hp_gain":0.0,"max_hp_loss":0.0,"gold_gain":0.0,"cards_transformed":["Strike_B"],"event_name":"Transmorgrifier","player_choice":"Transformed","floor":4.0,"gold_loss":0.0,"damage_taken":0.0,"cards_obtained":["Tempest"]},{"damage_healed":0.0,"max_hp_gain":0.0,"max_hp_loss":0.0,"gold_gain":53.0,"event_name":"Golden Wing","player_choice":"Gained Gold","floor":8.0,"gold_loss":0.0,"damage_taken":0.0}],"is_beta":false,"boss_relics":[],"items_purged_floors":[],"is_endless":false,"potions_floor_spawned":[1,3,11],"killed_by":"The Guardian","ascension_level":20}}