{"host":"sav7uxregyirlf69","time":1609082418,"event":{"mods":["AchievementEnabler","BaseMod","Colored Map","DeckTracker","Keyboard Shortcuts","Minty Spire (QoL Compilation)","READ ME - Guardian Mod","StSLib","SuperFastMode"],"gold_per_floor":[116,116,391,153,165,165,194,294,318,333,382,411,38,55,55,129,129,147,147,202,219,219,219,219,232,285,285,297,311,344,355,355,432,432,443,497,510,527,527,556,556,588,614,626,161,192,14,33,33,33,33,33,33,33,62,62,62],"floor_reached":56,"playtime":1349,"items_purged":["Regret","Strike_G","Grand Finale+1"],"score":2005,"play_id":"c03150d8-6fdc-4e33-9698-c7187be2a87a","local_time":"20201228002018","is_ascension_mode":true,"campfire_choices":[{"data":"Blade Dance","floor":6.0,"key":"SMITH"},{"data":"Accuracy","floor":15.0,"key":"SMITH"},{"data":"Neutralize","floor":23.0,"key":"SMITH"},{"floor":27,"key":"REST"},{"data":"Terror","floor":32,"key":"SMITH"},{"floor":49,"key":"RECALL"},{"floor":53,"key":"REST"}],"circlet_count":0,"master_deck":["AscendersBane","Defend_G+1","Defend_G","Defend_G","Defend_G+1","Survivor","Neutralize+1","Accuracy+1","Blade Dance+1","Cloak And Dagger+1","Accuracy+1","Flash of Steel+1","Bouncing Flask+1","Skewer+1","Burst","Footwork","Terror+1","Tactician+1","PiercingWail+1","Escape Plan","Acrobatics","Impatience","Infinite Blades","Backflip","Wraith Form v2"],"relics":["Ring of the Snake","Toolbox","Molten Egg 2","Blood Vial","War Paint","Tiny Chest","Lee\u0027s Waffle","Astrolabe","Happy Flower","Mummified Hand","Meat on the Bone","Fusion Hammer","Ice Cream","Potion Belt","Eternal Feather","Vajra","Nunchaku","Medical Kit","Letter Opener","Pantograph"],"acts_visited":["Exordium","TheCity","TheBeyond","TheEnding"],"potions_floor_usage":[29,33,40,40,50,51,56,56,56],"damage_taken":[{"damage":13.0,"enemies":"Cultist","floor":1.0,"turns":6.0},{"damage":0.0,"enemies":"2 Louse","floor":5.0,"turns":2.0},{"damage":7.0,"enemies":"Lagavulin","floor":7.0,"turns":5.0},{"damage":0.0,"enemies":"Jaw Worm","floor":10.0,"turns":2.0},{"damage":16.0,"enemies":"3 Sentries","floor":12.0,"turns":5.0},{"damage":4.0,"enemies":"2 Fungi Beasts","floor":14.0,"turns":2.0},{"damage":19.0,"enemies":"Hexaghost","floor":16.0,"turns":7.0},{"damage":0.0,"enemies":"Chosen","floor":18.0,"turns":3.0},{"damage":9.0,"enemies":"Shell Parasite","floor":21.0,"turns":4.0},{"damage":11,"enemies":"Chosen and Byrds","floor":25,"turns":4},{"damage":3,"enemies":"Sentry and Sphere","floor":28,"turns":3},{"damage":0,"enemies":"Snake Plant","floor":29,"turns":2},{"damage":0,"enemies":"Slavers","floor":30,"turns":2},{"damage":0,"enemies":"Cultist and Chosen","floor":31,"turns":3},{"damage":20,"enemies":"Automaton","floor":33,"turns":7},{"damage":16,"enemies":"3 Shapes","floor":35,"turns":4},{"damage":0,"enemies":"2 Orb Walkers","floor":36,"turns":3},{"damage":0,"enemies":"Orb Walker","floor":37,"turns":2},{"damage":3,"enemies":"4 Shapes","floor":38,"turns":4},{"damage":17,"enemies":"Giant Head","floor":40,"turns":4},{"damage":0,"enemies":"Nemesis","floor":42,"turns":3},{"damage":9,"enemies":"Jaw Worm Horde","floor":44,"turns":5},{"damage":20,"enemies":"Giant Head","floor":46,"turns":5},{"damage":0,"enemies":"Maw","floor":48,"turns":4},{"damage":40,"enemies":"Awakened One","floor":50,"turns":8},{"damage":34,"enemies":"Donu and Deca","floor":51,"turns":7},{"damage":60,"enemies":"Shield and Spear","floor":55,"turns":6},{"damage":88,"enemies":"The Heart","floor":56,"turns":3}],"seed_played":"1084761342923309451","potions_obtained":[{"floor":1.0,"key":"SkillPotion"},{"floor":10.0,"key":"LiquidBronze"},{"floor":12.0,"key":"SkillPotion"},{"floor":16.0,"key":"DuplicationPotion"},{"floor":21.0,"key":"LiquidMemories"},{"floor":29,"key":"Swift Potion"},{"floor":33,"key":"Energy Potion"},{"floor":35,"key":"Block Potion"},{"floor":36,"key":"Regen Potion"},{"floor":40,"key":"BlessingOfTheForge"},{"floor":42,"key":"BlessingOfTheForge"},{"floor":46,"key":"LiquidBronze"},{"floor":55,"key":"Weak Potion"}],"is_trial":false,"path_per_floor":["M","?","?","$","M","R","E","?","T","M","T","E","$","M","R","B",null,"M","?","T","M","?","R","T","M","T","R","M","M","E","M","R","B",null,"M","?","M","M","?","E","T","E","T","M","$","E","$","M","R","B","B",null,"R","$","E","B"],"character_chosen":"THE_SILENT","items_purchased":["Toolbox","Lee\u0027s Waffle","Flash of Steel+1","Acrobatics","Medical Kit","Fruit Juice","Impatience","Infinite Blades"],"campfire_rested":2,"item_purchase_floors":[4,13,13,45,45,45,47,47],"current_hp_per_floor":[46,26,26,26,26,26,19,19,19,21,21,7,73,69,69,52,68,70,70,70,63,42,42,42,33,33,56,55,57,59,61,61,43,69,55,57,59,58,58,55,55,57,57,50,50,44,44,46,58,32,17,64,79,79,31,0,0],"gold":62,"neow_bonus":"TRANSFORM_CARD","is_daily":false,"chose_seed":false,"campfire_upgraded":4,"win_rate":0.0,"timestamp":1609082418,"path_taken":["M","?","?","$","?","R","E","?","T","?","?","E","$","M","R","BOSS","M","?","?","M","?","R","?","M","T","R","?","M","E","M","R","BOSS","M","?","M","M","?","E","?","E","T","M","$","E","$","M","R","BOSS","BOSS","R","$","E","BOSS"],"items_purchased_type":["Relic","Relic","Card","Card","Relic","Potion","Card","Card"],"build_version":"2020-12-22","purchased_purges":3,"victory":false,"max_hp_per_floor":[66,66,66,66,66,66,66,66,66,66,66,66,73,73,73,73,73,73,73,73,73,78,78,78,78,78,78,78,78,78,78,78,78,78,78,78,78,78,74,74,74,74,74,74,74,74,74,74,74,74,79,79,79,79,79,79,79],"card_choices":[{"not_picked":["Escape Plan","Well Laid Plans"],"picked":"Blade Dance","floor":1.0},{"not_picked":["Concentrate","Slice","Sucker Punch"],"picked":"SKIP","floor":5.0},{"not_picked":["Die Die Die+1","Malaise"],"picked":"Cloak And Dagger","floor":7.0},{"not_picked":["Caltrops","Cloak And Dagger"],"picked":"Accuracy","floor":10.0},{"not_picked":["Dodge and Roll","Deadly Poison","Quick Slash+1"],"picked":"SKIP","floor":12.0},{"not_picked":["Flying Knee+1","Outmaneuver","Distraction"],"picked":"SKIP","floor":14.0},{"not_picked":["Dagger Throw+1","Expertise","Calculated Gamble"],"picked":"SKIP","floor":18.0},{"not_picked":["Underhanded Strike+1","Dash+1","Flying Knee+1"],"picked":"SKIP","floor":21.0},{"not_picked":["Deadly Poison","Outmaneuver"],"picked":"Burst","floor":25},{"not_picked":["Crippling Poison","Caltrops+1"],"picked":"Footwork","floor":28},{"not_picked":["Flying Knee+1","Dagger Throw+1"],"picked":"Terror","floor":29},{"not_picked":["Crippling Poison","Night Terror","Dagger Throw+1"],"picked":"SKIP","floor":30},{"not_picked":["Acrobatics","Crippling Poison","Distraction"],"picked":"SKIP","floor":31},{"not_picked":["Catalyst","Sucker Punch+1"],"picked":"Tactician+1","floor":35},{"not_picked":["Sucker Punch+1","Deflect","Flying Knee+1"],"picked":"SKIP","floor":37},{"not_picked":["Glass Knife+1","Flying Knee+1","Endless Agony+1"],"picked":"SKIP","floor":38},{"not_picked":["Slice+1","Outmaneuver+1","A Thousand Cuts"],"picked":"SKIP","floor":40},{"not_picked":["Dagger Spray+1","Choke+1"],"picked":"PiercingWail+1","floor":42},{"not_picked":["Heel Hook+1","Dodge and Roll"],"picked":"Escape Plan","floor":44},{"not_picked":["Deflect","Outmaneuver","Deadly Poison"],"picked":"SKIP","floor":46},{"not_picked":["Distraction","Masterful Stab+1"],"picked":"Backflip","floor":48},{"not_picked":["Blade Dance","Infinite Blades"],"picked":"Wraith Form v2","floor":55}],"player_experience":1022761,"relics_obtained":[{"floor":7.0,"key":"Molten Egg 2"},{"floor":9.0,"key":"Blood Vial"},{"floor":11.0,"key":"War Paint"},{"floor":12.0,"key":"Tiny Chest"},{"floor":20.0,"key":"Happy Flower"},{"floor":24,"key":"Mummified Hand"},{"floor":30,"key":"Meat on the Bone"},{"floor":36,"key":"Ice Cream"},{"floor":40,"key":"Potion Belt"},{"floor":41,"key":"Eternal Feather"},{"floor":42,"key":"Vajra"},{"floor":43,"key":"Nunchaku"},{"floor":46,"key":"Letter Opener"},{"floor":55,"key":"Pantograph"}],"event_choices":[{"damage_healed":0.0,"max_hp_gain":0.0,"max_hp_loss":0.0,"gold_gain":0.0,"event_name":"Shining Light","player_choice":"Entered Light","floor":2.0,"gold_loss":0.0,"damage_taken":20.0,"cards_upgraded":["Defend_G","Accuracy"]},{"damage_healed":0.0,"max_hp_gain":0.0,"max_hp_loss":0.0,"gold_gain":275.0,"event_name":"Golden Shrine","player_choice":"Desecrate","floor":3.0,"gold_loss":0.0,"damage_taken":0.0,"cards_obtained":["Regret"]},{"damage_healed":0.0,"max_hp_gain":0.0,"max_hp_loss":0.0,"gold_gain":100.0,"event_name":"Wheel of Change","player_choice":"Gold","floor":8.0,"gold_loss":0.0,"damage_taken":0.0},{"cards_removed":["Strike_G"],"damage_healed":0.0,"max_hp_gain":0.0,"max_hp_loss":0.0,"gold_gain":0.0,"event_name":"Back to Basics","player_choice":"Elegance","floor":19.0,"gold_loss":0.0,"damage_taken":0.0},{"damage_healed":0.0,"max_hp_gain":5.0,"max_hp_loss":0.0,"gold_gain":0.0,"event_name":"Forgotten Altar","player_choice":"Shed Blood","floor":22.0,"gold_loss":0.0,"damage_taken":26.0},{"damage_healed":0,"gold_gain":0,"player_choice":"Fight","damage_taken":0,"max_hp_gain":0,"max_hp_loss":0,"event_name":"Mysterious Sphere","floor":36,"gold_loss":0},{"damage_healed":0,"gold_gain":0,"player_choice":"Max HP","damage_taken":0,"max_hp_gain":0,"max_hp_loss":4,"event_name":"Winding Halls","floor":39,"gold_loss":0}],"is_beta":false,"boss_relics":[{"not_picked":["SacredBark","Snecko Eye"],"picked":"Astrolabe"},{"not_picked":["Pandora\u0027s Box","Philosopher\u0027s Stone"],"picked":"Fusion Hammer"}],"items_purged_floors":[4,13,45],"is_endless":false,"potions_floor_spawned":[1,10,12,16,21,29,30,33,35,36,38,40,42,46,55],"killed_by":"The Heart","ascension_level":20}}