{"host":"yludllxm6rzdxpbb","time":1609101850,"event":{"mods":["BaseMod","Better Third Choice","BetterRewards","Colored Map","Colored Powertips","Hermit","Hubris","Infinite Spire","Minty Spire (QoL Compilation)","Quick Restart","Replay The Spire","StSLib","The Hierophant","The Necromancer"],"gold_per_floor":[114,131,131,151,17,17,49,49,123,136,153,153,181,197,197,197,197],"floor_reached":16,"playtime":781,"items_purged":[],"score":170,"play_id":"eb6e2146-831c-46ce-9c42-bf13f2f0d630","local_time":"20201227234410","is_ascension_mode":true,"campfire_choices":[{"floor":6,"key":"REST"},{"floor":8,"key":"RECALL"},{"floor":15,"key":"REST"}],"circlet_count":0,"master_deck":["Strike_B","Strike_B","Strike_B","Strike_B","Defend_B","Defend_B","Defend_B","Zap","Dualcast","Defragment","Streamline","Consume","Panic Button","Barrage","Defragment","Heatsinks","Coolheaded","Deadly Poison","FIFO Queue","Streamline","Zap","Ball Lightning","hubris:Envy","Leap","Sweeping Beam"],"relics":["Cracked Core","ReplayFunnel","Torii","Art of War","hubris:HollowSoul","hubris:DisguiseKit","Anchor","infinitespire:WardingShard"],"acts_visited":["Exordium"],"potions_floor_usage":[],"damage_taken":[{"damage":0,"enemies":"2 Louse","floor":1,"turns":1},{"damage":6,"enemies":"Cultist","floor":2,"turns":3},{"damage":0,"enemies":"Small Slimes","floor":4,"turns":3},{"damage":2,"enemies":"Lagavulin","floor":7,"turns":6},{"damage":2,"enemies":"Gremlin Gang","floor":10,"turns":6},{"damage":13,"enemies":"2 Fungi Beasts","floor":11,"turns":3},{"damage":21,"enemies":"3 Sentries","floor":13,"turns":9},{"damage":13,"enemies":"Exordium Thugs","floor":14,"turns":4},{"damage":16,"enemies":"Slime Boss","floor":16,"turns":3}],"seed_played":"-1369742753331394620","potions_obtained":[{"floor":2,"key":"Languid Potion"},{"floor":10,"key":"FearPotion"},{"floor":13,"key":"FearPotion"},{"floor":14,"key":"BlessingOfTheForge"}],"is_trial":false,"path_per_floor":["M","M","?","M","$","R","E","R","T","M","M","?","E","M","R","B"],"character_chosen":"DEFECT","items_purchased":["ReplayFunnel","Defragment","Art of War","Streamline","Heatsinks","Coolheaded"],"campfire_rested":2,"item_purchase_floors":[0,0,0,0,5,5],"current_hp_per_floor":[40,34,34,34,34,56,54,54,54,52,39,39,18,5,27,0,0],"gold":197,"neow_bonus":"","is_daily":false,"chose_seed":false,"campfire_upgraded":0,"win_rate":0.0,"timestamp":1609101850,"path_taken":["M","M","?","M","$","R","E","R","T","?","M","?","E","M","R","BOSS"],"items_purchased_type":["Relic","Card","Relic","Card","Card","Card"],"build_version":"2020-12-22","purchased_purges":0,"victory":false,"max_hp_per_floor":[75,75,75,75,75,75,75,75,75,75,75,75,75,75,75,75,75],"card_choices":[{"not_picked":["Rebound","Consume"],"picked":"Panic Button","floor":1},{"not_picked":["Chaos","Darkness"],"picked":"Barrage","floor":2},{"not_picked":["Beam Cell","Leap","ReplayTheSpireMod:Tripwire"],"picked":"Defragment","floor":4},{"not_picked":["ReplayTheSpireMod:Omega Cannon","BasicCrystalCard","Scrape"],"picked":"Deadly Poison","floor":7},{"not_picked":["Steam","Compile Driver","Dagger Spray"],"picked":"FIFO Queue","floor":10},{"not_picked":["Hologram","ReplayTheSpireMod:GoodbyeWorld","Dagger Spray"],"picked":"Streamline","floor":11},{"not_picked":["Machine Learning","Rebound","Deadly Poison"],"picked":"Leap","floor":13},{"not_picked":["Turbo","Rebound","Outmaneuver"],"picked":"Sweeping Beam","floor":14}],"player_experience":294027,"relics_obtained":[{"floor":3,"key":"hubris:DisguiseKit"},{"floor":7,"key":"Anchor"},{"floor":13,"key":"infinitespire:WardingShard"}],"event_choices":[{"damage_healed":0,"gold_gain":0,"player_choice":"Relic","damage_taken":0,"max_hp_gain":0,"max_hp_loss":0,"event_name":"Wheel of Change","floor":3,"gold_loss":0},{"damage_healed":0,"gold_gain":0,"player_choice":"3 cards matched","damage_taken":0,"max_hp_gain":0,"max_hp_loss":0,"event_name":"Match and Keep!","floor":12,"gold_loss":0,"cards_obtained":["Zap","Ball Lightning","hubris:Envy"]}],"is_beta":false,"boss_relics":[],"items_purged_floors":[],"is_endless":false,"potions_floor_spawned":[2,10,13,14],"killed_by":"Slime Boss","ascension_level":1}}