{"host":"0cnf9zf1gia27zti","time":1609084073,"event":{"mods":["BaseMod","BetterRewards","Card Forge","Colored Map","Colored Powertips","Conspire","Downfall","Minty Spire (QoL Compilation)","Practice Mode","Quick Restart","Replay The Spire","Robot Space Explorer","Shade Mod","Spicy Shops","StSLib"],"gold_per_floor":[113,63,63,81,81,81,92,109,109,109,109,141,154,188,188,261,261,272,272,340,340,52,52,69,69,69,69,69,85,105,105,105],"floor_reached":31,"playtime":1339,"items_purged":[],"score":509,"play_id":"b6e4cdf4-3fa1-49af-92b3-4ca4cb4a6b0c","local_time":"20201227154753","is_ascension_mode":true,"campfire_choices":[{"floor":6,"key":"REST"},{"data":"Zap","floor":11,"key":"SMITH"},{"floor":15,"key":"REST"},{"floor":23,"key":"REST"},{"floor":25,"key":"REST"}],"circlet_count":0,"master_deck":["AscendersBane","Strike_B","Strike_B+1","Strike_B","Defend_B","Defend_B","Defend_B","Defend_B","Zap+1","Dualcast","Scrape","Beam Cell+1","BootSequence","Scrape","Reprogram","Replay:SS_hec_2","Beam Cell","Go for the Eyes","Conserve Battery","Skim","Meteor Strike+1","Self Repair","Double Energy","Reboot+1"],"relics":["Cracked Core","Hammer of Thor","Seething Fire","Anvil of the Gods","Potion Belt","Kunai","DataDisk","StrikeDummy","Tiny Chest","Golden Egg","Inserter","Symbiotic Virus","Nilry\u0027s Codex","ReplayTheSpireMod:Ninjato","Bottled Lightning","Whetstone"],"acts_visited":["Exordium","TheCity"],"potions_floor_usage":[12,16,24,31],"damage_taken":[{"damage":5,"enemies":"Small Slimes","floor":1,"turns":3},{"damage":0,"enemies":"Jaw Worm","floor":4,"turns":3},{"damage":0,"enemies":"2 Louse","floor":7,"turns":3},{"damage":3,"enemies":"Blue Slaver","floor":8,"turns":3},{"damage":0,"enemies":"Lagavulin","floor":12,"turns":6},{"damage":0,"enemies":"Exordium Wildlife","floor":13,"turns":3},{"damage":5,"enemies":"3 Sentries","floor":14,"turns":7},{"damage":26,"enemies":"Slime Boss","floor":16,"turns":12},{"damage":27,"enemies":"Spheric Guardian","floor":18,"turns":8},{"damage":13,"enemies":"2 Thieves","floor":24,"turns":4},{"damage":20,"enemies":"Snake Plant","floor":29,"turns":5},{"damage":29,"enemies":"Centurion and Healer","floor":30,"turns":6},{"damage":0,"enemies":"Snecko","floor":31,"turns":2}],"seed_played":"7537636890052736932","potions_obtained":[{"floor":7,"key":"Weak Potion"},{"floor":14,"key":"Fire Potion"},{"floor":16,"key":"FearPotion"},{"floor":24,"key":"Adrenaline Potion"},{"floor":30,"key":"SteroidPotion"}],"is_trial":false,"path_per_floor":["M","$","?","M","$","R","M","M","T","?","R","E","M","E","R","B",null,"M","?","T","?","$","R","M","R","T","$","T","M","M","M"],"character_chosen":"DEFECT","items_purchased":["Scrape","Beam Cell","Potion Belt","BootSequence","Kunai","Scrape","Reprogram","Replay:SS_hec_2","Beam Cell","ReplayTheSpireMod:Ninjato"],"campfire_rested":4,"item_purchase_floors":[0,0,0,0,0,0,0,0,2,22],"current_hp_per_floor":[59,59,52,52,52,71,71,68,68,63,63,63,63,58,71,45,65,38,38,38,17,17,38,25,46,46,46,46,33,4,4,4],"gold":105,"neow_bonus":"","is_daily":false,"chose_seed":false,"campfire_upgraded":1,"win_rate":0.0,"timestamp":1609084073,"path_taken":["M","$","?","M","$","R","M","M","T","?","R","E","M","E","R","BOSS","M","?","?","?","$","R","M","R","T","$","?","M","M","M"],"items_purchased_type":["Card","Card","Relic","Card","Relic","Card","Card","Card","Card","Relic"],"build_version":"2020-12-22","purchased_purges":0,"victory":false,"max_hp_per_floor":[71,71,71,71,71,71,71,71,71,71,71,71,71,71,71,71,71,71,71,71,71,71,71,71,71,71,71,71,71,71,71,71],"card_choices":[{"not_picked":["Ball Lightning","BasicCrystalCard","Streamline"],"picked":"SKIP","floor":1},{"not_picked":["White Noise","Stack","Barrage"],"picked":"SKIP","floor":4},{"not_picked":["Heatsinks","ReplayTheSpireMod:Dual Polarity"],"picked":"Go for the Eyes","floor":7},{"not_picked":["Ball Lightning","Cold Snap","Hologram"],"picked":"SKIP","floor":8},{"not_picked":["Defragment","Fusion","Turbo"],"picked":"SKIP","floor":12},{"not_picked":["Turbo","ReplayRNGCard"],"picked":"Conserve Battery","floor":13},{"not_picked":["Glacier","Barrage"],"picked":"Skim","floor":14},{"not_picked":["ReplayRNGCard","Creative AI"],"picked":"Meteor Strike","floor":16},{"not_picked":["Tempest","Coolheaded"],"picked":"Self Repair","floor":18},{"not_picked":["Coolheaded","Conserve Battery","Doom and Gloom"],"picked":"SKIP","floor":24},{"not_picked":["Beam Cell","Barrage"],"picked":"Double Energy","floor":29},{"not_picked":["Ball Lightning","Rebound"],"picked":"Reboot","floor":30}],"player_experience":2524797,"relics_obtained":[{"floor":9,"key":"DataDisk"},{"floor":12,"key":"Tiny Chest"},{"floor":14,"key":"Golden Egg"},{"floor":20,"key":"Symbiotic Virus"},{"floor":21,"key":"Nilry\u0027s Codex"},{"floor":26,"key":"Bottled Lightning"},{"floor":28,"key":"Whetstone"}],"event_choices":[{"cards_removed":["Strike_B"],"damage_healed":0,"gold_gain":0,"player_choice":"Card Removal","damage_taken":7,"max_hp_gain":0,"max_hp_loss":0,"event_name":"Golden Wing","floor":3,"gold_loss":0},{"damage_healed":0,"gold_gain":0,"player_choice":"Success","damage_taken":5,"relics_obtained":["StrikeDummy"],"max_hp_gain":0,"max_hp_loss":0,"event_name":"Scrap Ooze","floor":10,"gold_loss":0},{"damage_healed":0,"gold_gain":0,"player_choice":"Ignored","damage_taken":0,"max_hp_gain":0,"max_hp_loss":0,"event_name":"Vampires","floor":19,"gold_loss":0},{"damage_healed":0,"gold_gain":0,"player_choice":"Obtained Book","damage_taken":21,"max_hp_gain":0,"max_hp_loss":0,"event_name":"Cursed Tome","floor":21,"gold_loss":0}],"is_beta":false,"boss_relics":[{"not_picked":["conspire:RunicOctahedron","Sozu"],"picked":"Inserter"}],"items_purged_floors":[],"is_endless":false,"potions_floor_spawned":[7,14,16,24,30],"killed_by":"Snecko","ascension_level":18}}