{"host":"6pgtslebjnyv5xmi","time":1609089057,"event":{"mods":["AchievementEnabler","BaseMod","Colored Map","Minty Spire (QoL Compilation)","Rare Cards Sparkle","StSLib","SuperFastMode","everything is the same but u backflip on backflip"],"gold_per_floor":[115,65,65,78,78,110,110,121,145,320,340,355,370,385,385,488,488,498,423,441,341,353,353,364,364,412,412,337,337,356,375,375,472,472,492,492,504,294,311,343,343,363,409,57,57,57,44,62,62,62],"floor_reached":51,"playtime":1366,"items_purged":["Doubt","Strike_R","Strike_R","Doubt"],"score":706,"play_id":"3028c7c3-c777-47fa-9283-567095a9d396","local_time":"20201228021057","is_ascension_mode":false,"campfire_choices":[{"data":"Whirlwind","floor":7.0,"key":"SMITH"},{"data":"Seeing Red","floor":15.0,"key":"SMITH"},{"data":"Double Tap","floor":23.0,"key":"SMITH"},{"data":"Shockwave","floor":25.0,"key":"SMITH"},{"data":"J.A.X.","floor":32.0,"key":"SMITH"},{"floor":41.0,"key":"REST"},{"data":"Limit Break","floor":45.0,"key":"SMITH"},{"data":"Offering","floor":49.0,"key":"SMITH"}],"circlet_count":0,"master_deck":["Defend_R","Defend_R","Defend_R+1","Defend_R+1","Bash","Seeing Red+1","Headbutt","Whirlwind+1","Shrug It Off","Shockwave+1","Double Tap+1","J.A.X.+1","Limit Break+1","Disarm","Twin Strike+1","Whirlwind+1","Madness","Madness","Thunderclap","Offering+1"],"relics":["Burning Blood","NeowsBlessing","Vajra","Blood Vial","Cursed Key","Potion Belt","Empty Cage","Membership Card","Question Card","Anchor","Sundial","Akabeko","DollysMirror"],"acts_visited":["TheCity","TheBeyond"],"potions_floor_usage":[50,50],"damage_taken":[{"damage":0.0,"enemies":"Jaw Worm","floor":1.0,"turns":1.0},{"damage":0.0,"enemies":"Small Slimes","floor":4.0,"turns":1.0},{"damage":0.0,"enemies":"Lagavulin","floor":6.0,"turns":1.0},{"damage":2.0,"enemies":"2 Louse","floor":8.0,"turns":3.0},{"damage":8.0,"enemies":"Large Slime","floor":11.0,"turns":4.0},{"damage":14.0,"enemies":"Blue Slaver","floor":12.0,"turns":5.0},{"damage":2.0,"enemies":"Looter","floor":13.0,"turns":5.0},{"damage":0.0,"enemies":"Exordium Wildlife","floor":14.0,"turns":1.0},{"damage":58.0,"enemies":"Hexaghost","floor":16.0,"turns":11.0},{"damage":1.0,"enemies":"Chosen","floor":18.0,"turns":5.0},{"damage":0.0,"enemies":"3 Byrds","floor":20.0,"turns":4.0},{"damage":0.0,"enemies":"Shelled Parasite and Fungi","floor":22.0,"turns":2.0},{"damage":38.0,"enemies":"Snake Plant","floor":24.0,"turns":5.0},{"damage":0.0,"enemies":"Sentry and Sphere","floor":30.0,"turns":3.0},{"damage":7.0,"enemies":"Centurion and Healer","floor":31.0,"turns":5.0},{"damage":38.0,"enemies":"Collector","floor":33.0,"turns":5.0},{"damage":34.0,"enemies":"3 Shapes","floor":35.0,"turns":2.0},{"damage":3.0,"enemies":"Orb Walker","floor":37.0,"turns":2.0},{"damage":7.0,"enemies":"4 Shapes","floor":39.0,"turns":2.0},{"damage":30.0,"enemies":"Nemesis","floor":40.0,"turns":4.0},{"damage":9.0,"enemies":"Maw","floor":42.0,"turns":6.0},{"damage":0.0,"enemies":"Sphere and 2 Shapes","floor":48.0,"turns":1.0},{"damage":68,"enemies":"Time Eater","floor":50,"turns":7}],"seed_played":"-3638745605679541484","potions_obtained":[{"floor":1.0,"key":"Fire Potion"},{"floor":4.0,"key":"ColorlessPotion"},{"floor":6.0,"key":"EssenceOfSteel"},{"floor":14.0,"key":"Explosive Potion"},{"floor":16.0,"key":"DistilledChaos"},{"floor":20.0,"key":"SpeedPotion"},{"floor":22.0,"key":"FearPotion"},{"floor":31.0,"key":"Strength Potion"},{"floor":33.0,"key":"BloodPotion"},{"floor":35.0,"key":"Explosive Potion"},{"floor":37.0,"key":"Dexterity Potion"},{"floor":42.0,"key":"ColorlessPotion"},{"floor":48.0,"key":"Fire Potion"}],"is_trial":false,"path_per_floor":["M","?","$","M","?","E","R","M","T","?","M","M","M","M","R","B",null,"M","$","M","$","M","R","M","R","T","?","?","?","M","M","R","B",null,"M","?","M","$","M","E","R","M","T","$","R","?","$","M","R","B",null],"character_chosen":"IRONCLAD","items_purchased":["Membership Card","Sundial","Akabeko","DollysMirror","Thunderclap"],"campfire_rested":1,"item_purchase_floors":[38,44,44,44,47],"current_hp_per_floor":[80,80,80,80,64,70,70,74,74,74,74,68,74,80,80,28,80,80,80,80,80,80,80,48,48,48,48,48,48,56,57,57,27,80,52,52,73,73,74,52,76,75,75,75,75,65,65,73,73,13],"gold":62,"neow_bonus":"THREE_ENEMY_KILL","is_daily":false,"chose_seed":false,"campfire_upgraded":7,"win_rate":0.0,"timestamp":1609089057,"path_taken":["M","?","$","M","?","E","R","M","T","?","M","M","M","M","R","BOSS","M","$","M","$","M","R","M","R","T","?","?","?","M","M","R","BOSS","M","?","M","$","M","E","R","M","T","$","R","?","$","M","R","BOSS"],"items_purchased_type":["Relic","Relic","Relic","Relic","Card"],"build_version":"2020-12-22","purchased_purges":4,"victory":true,"max_hp_per_floor":[80,80,80,80,80,80,80,80,80,80,80,80,80,80,80,80,80,80,80,80,80,80,80,80,80,80,80,80,80,80,80,80,80,80,80,80,80,80,80,80,80,80,80,80,80,80,80,80,80,80],"card_choices":[{"not_picked":["Flame Barrier","Anger"],"picked":"Seeing Red","floor":1.0},{"not_picked":["Shrug It Off","Iron Wave"],"picked":"Headbutt","floor":4.0},{"not_picked":["Iron Wave","Metallicize"],"picked":"Whirlwind","floor":6.0},{"not_picked":["Fire Breathing","Uppercut","Combust"],"picked":"SKIP","floor":8.0},{"not_picked":["Perfected Strike","Combust","Rampage"],"picked":"SKIP","floor":11.0},{"not_picked":["Twin Strike","Sword Boomerang"],"picked":"Shrug It Off","floor":12.0},{"not_picked":["Wild Strike","Reckless Charge","Sentinel"],"picked":"SKIP","floor":13.0},{"not_picked":["Feel No Pain","Disarm"],"picked":"Shockwave","floor":14.0},{"not_picked":["Juggernaut","Immolate"],"picked":"Double Tap","floor":16.0},{"not_picked":["Perfected Strike","Metallicize","Clash"],"picked":"SKIP","floor":18.0},{"not_picked":["Twin Strike","Evolve","Metallicize+1"],"picked":"SKIP","floor":20.0},{"not_picked":["Dropkick","Dark Embrace","Armaments"],"picked":"SKIP","floor":22.0},{"not_picked":["Clothesline+1","Body Slam","Pommel Strike"],"picked":"SKIP","floor":24.0},{"not_picked":["Rupture","Dropkick","Sword Boomerang"],"picked":"SKIP","floor":30.0},{"not_picked":["Iron Wave","Uppercut","Cleave"],"picked":"SKIP","floor":31.0},{"not_picked":["Barricade","Corruption"],"picked":"Limit Break","floor":33.0},{"not_picked":["Twin Strike","Dropkick+1"],"picked":"Disarm","floor":35.0},{"not_picked":["Iron Wave","Body Slam+1","Heavy Blade"],"picked":"SKIP","floor":37.0},{"not_picked":["Dark Embrace","Fire Breathing+1","Iron Wave+1"],"picked":"SKIP","floor":39.0},{"not_picked":["True Grit","Intimidate","Sentinel+1"],"picked":"SKIP","floor":40.0},{"not_picked":["True Grit+1","Heavy Blade","Body Slam+1"],"picked":"Twin Strike+1","floor":42.0},{"not_picked":["Iron Wave","Second Wind+1","Headbutt"],"picked":"Offering","floor":48.0}],"player_experience":534256,"relics_obtained":[{"floor":6.0,"key":"Vajra"},{"floor":9.0,"key":"Blood Vial"},{"floor":26.0,"key":"Potion Belt"},{"floor":40.0,"key":"Question Card"},{"floor":43.0,"key":"Anchor"}],"event_choices":[{"cards_removed":["Strike_R"],"damage_healed":0.0,"max_hp_gain":0.0,"max_hp_loss":0.0,"gold_gain":0.0,"event_name":"The Cleric","player_choice":"Card Removal","floor":2.0,"gold_loss":50.0,"damage_taken":0.0},{"damage_healed":0.0,"max_hp_gain":0.0,"max_hp_loss":0.0,"gold_gain":0.0,"event_name":"Shining Light","player_choice":"Entered Light","floor":5.0,"gold_loss":0.0,"damage_taken":16.0,"cards_upgraded":["Defend_R","Defend_R"]},{"damage_healed":0.0,"max_hp_gain":0.0,"max_hp_loss":0.0,"gold_gain":175.0,"event_name":"Liars Game","player_choice":"AGREE","floor":10.0,"gold_loss":0.0,"damage_taken":0.0,"cards_obtained":["Doubt"]},{"damage_healed":0.0,"max_hp_gain":0.0,"max_hp_loss":0.0,"gold_gain":0.0,"event_name":"Drug Dealer","player_choice":"Obtain J.A.X.","floor":27.0,"gold_loss":0.0,"damage_taken":0.0,"cards_obtained":["J.A.X."]},{"cards_removed":["Shame"],"damage_healed":0.0,"max_hp_gain":0.0,"max_hp_loss":0.0,"gold_gain":0.0,"event_name":"Beggar","player_choice":"Gave Gold","floor":28.0,"gold_loss":75.0,"damage_taken":0.0},{"damage_healed":0.0,"max_hp_gain":0.0,"max_hp_loss":0.0,"gold_gain":0.0,"event_name":"Vampires","player_choice":"Ignored","floor":29.0,"gold_loss":0.0,"damage_taken":0.0},{"damage_healed":0.0,"max_hp_gain":0.0,"max_hp_loss":0.0,"gold_gain":0.0,"event_name":"Tomb of Lord Red Mask","player_choice":"Ignored","floor":36.0,"gold_loss":0.0,"damage_taken":0.0},{"damage_healed":0.0,"max_hp_gain":0.0,"max_hp_loss":0.0,"gold_gain":0.0,"event_name":"Winding Halls","player_choice":"Embrace Madness","floor":46.0,"gold_loss":0.0,"damage_taken":10.0,"cards_obtained":["Madness","Madness"]}],"is_beta":false,"boss_relics":[{"not_picked":["Busted Crown","Astrolabe"],"picked":"Cursed Key"},{"not_picked":["Snecko Eye","Fusion Hammer"],"picked":"Empty Cage"}],"items_purged_floors":[19,21,38,44],"is_endless":false,"potions_floor_spawned":[1,4,6,14,16,20,22,31,33,35,37,42,48],"ascension_level":0}}