{"host":"lmmgqfiugkm2e64w","time":1609071995,"event":{"mods":["Aspiration","BaseMod","BetterRewards","Challenge The Spire","Conspire","Downfall","Friendly Minions","Marisa£¨ìFÓê¡¡Ä§ÀíÉ³£©","Minty Spire (QoL Compilation)","MostiFishMod","Quick Restart","Remilia£¨ÀÙÃ×ÀòÑÇ£©","Replay The Spire","RumiaBox-Â¶Ã×æ«µÄÉñÃØºÐ×Ó","Shop Mod","StSLib","Td1madao Mod","TestMod","The Servant 0.9.4","Youmu£¨»êÆÇÑýÃÎ£©","Yuyuko","[IsaacMod]ÒÔÈö¼âËþ","vexMod","¡¾ÒÅÎï¿¨ÅÆ¡¿REMEMod","óô»ðÖ¸ÄÏ"],"gold_per_floor":[35,48,68,68,80,91,169,158,214,51,51,81,6,181,198,293,293,18,29,39,161,172,55,55,32,32,108,33,49,78,93,110,110,110,110],"floor_reached":33,"playtime":1221,"items_purged":["hexamod:Haunted","Doubt"],"score":332,"play_id":"bb91b79e-086d-46ea-88c5-c93645a737cd","local_time":"20201227202635","is_ascension_mode":true,"campfire_choices":[{"floor":11,"key":"RECALL"},{"data":"Slimebound:SelfFormingGoo","floor":13,"key":"SMITH"},{"data":"Slimebound:PrepareCrush","floor":28,"key":"SMITH"}],"circlet_count":0,"master_deck":["Slimebound:Strike_Slimebound+1","Slimebound:Strike_Slimebound+1","Slimebound:Strike_Slimebound+1","Slimebound:Tackle","Slimebound:Defend_Slimebound+1","Slimebound:Defend_Slimebound+1","Slimebound:Defend_Slimebound+1","Slimebound:Defend_Slimebound+1","Slimebound:Split","Slimebound:CorrosiveSpit","Slimebound:MassFeed","Slimebound:SlimeSpikes","Slimebound:SlimeSpikes","Slimebound:LeechEnergy","Slimebound:SelfFormingGoo+1","Slimebound:SlimeSpikes","Slimebound:Schlurp","Slimebound:SlimeBrawl","Slimebound:Overexert","Slimebound:FirmFortitude","Slimebound:LeechEnergy+1","Slimebound:Repurpose","Slimebound:Schlurp","Slimebound:Dissolve","Slimebound:PrepareCrush+1","Slimebound:LivingWall+1","Slimebound:SplitMire+1","Slimebound:RollThrough","Slimebound:SlimeTap"],"relics":["Slimebound:AbsorbEndCombatUpgraded","DaveBox","testmod-TestBox","HushsDoor","REME_ComplimentaryCards","SteamSale","testmod-BouquetWithThorns","MerchantsRug","Singing Bowl","SentryEyes","MagicDraw1","REME_PuzzleBoxRelic","conspire:DeflatedDodgeball","downfall:HeartBlessingRed","Incubus","GuppysHead","downfall:HeartBlessingGreen","Mummified Hand","PreservedInsect","Replay:Wax Seal","Blue Doll","downfall:HeartBlessingBlue","conspire:Flyswatter"],"acts_visited":["Exordium","TheCity"],"potions_floor_usage":[16,16],"damage_taken":[{"damage":8,"enemies":"Cultist","floor":2,"turns":3},{"damage":9,"enemies":"Jaw Worm","floor":3,"turns":4},{"damage":0,"enemies":"2 Louse","floor":5,"turns":1},{"damage":1,"enemies":"Gremlin Gang","floor":6,"turns":2},{"damage":17,"enemies":"downfall:FleeingMerchant","floor":8,"turns":4},{"damage":13,"enemies":"downfall:FleeingMerchant","floor":10,"turns":4},{"damage":8,"enemies":"Lagavulin","floor":12,"turns":4},{"damage":0,"enemies":"3 Louse","floor":15,"turns":2},{"damage":46,"enemies":"downfall:Defect","floor":16,"turns":5},{"damage":0,"enemies":"Spheric Guardian","floor":19,"turns":3},{"damage":0,"enemies":"conspire:FuzzyDice","floor":20,"turns":2},{"damage":7,"enemies":"downfall:FleeingMerchant","floor":21,"turns":2},{"damage":0,"enemies":"Centurion and Healer","floor":22,"turns":3},{"damage":9,"enemies":"3 Cultists","floor":29,"turns":2},{"damage":4,"enemies":"Replay:Snechameleon","floor":30,"turns":2},{"damage":21,"enemies":"Snake Plant","floor":31,"turns":2},{"damage":13,"enemies":"Cultist and Chosen","floor":32,"turns":2},{"damage":116,"enemies":"downfall:Silent","floor":33,"turns":1}],"seed_played":"6654999665096960367","potions_obtained":[{"floor":2,"key":"Swift Potion"},{"floor":6,"key":"SpeedPotion"},{"floor":15,"key":"Energy Potion"},{"floor":15,"key":"Explosive Potion"},{"floor":20,"key":"ColorlessPotion"},{"floor":22,"key":"LiquidMemories"},{"floor":29,"key":"Reflective Coating"},{"floor":31,"key":"SmokeBomb"},{"floor":32,"key":"LiquidBronze"}],"is_trial":false,"path_per_floor":["R","M","M","T","M","M","T","$","?","$","R","E","R","?","M","B",null,"R","M","M","$","M","R","T","$","?","?","R","M","E","M","M","B"],"character_chosen":"SLIMEBOUND","items_purchased":["MerchantsRug","Singing Bowl","aspiration:Nostalgia","Slimebound:SelfFormingGoo","REME_PuzzleBoxRelic","Incubus","GuppysHead","Mummified Hand","PreservedInsect","Replay:Wax Seal","Slimebound:Schlurp","Blue Doll","Slimebound:PrepareCrush","Slimebound:LivingWall+1"],"campfire_rested":0,"item_purchase_floors":[1,1,1,8,10,17,17,18,18,21,21,23,23,25],"current_hp_per_floor":[60,64,64,64,72,71,71,62,47,42,42,42,42,42,42,12,46,46,46,46,46,46,46,46,46,46,31,41,50,58,41,36,0,0,0],"gold":110,"neow_bonus":"TWO_FIFTY_GOLD","is_daily":false,"chose_seed":false,"campfire_upgraded":2,"win_rate":0.0,"timestamp":1609071995,"path_taken":["R","M","M","?","M","?","T","$","?","$","R","E","R","?","M","BOSS","R","M","M","$","M","R","T","$","?","?","R","M","E","M","M","BOSS"],"items_purchased_type":["Relic","Relic","Relic","Card","Relic","Relic","Relic","Relic","Relic","Relic","Card","Relic","Card","Card"],"build_version":"2020-12-22","purchased_purges":2,"victory":false,"max_hp_per_floor":[60,65,68,68,76,76,76,76,76,76,76,76,76,76,76,76,46,46,46,46,46,46,46,46,46,46,46,56,58,58,58,58,58,58,58],"card_choices":[{"not_picked":[],"picked":"Bomb","floor":0},{"not_picked":["Slimebound:FinishingTackle","Slimebound:LeechEnergy","Slimebound:Replication"],"picked":"Singing Bowl","floor":2},{"not_picked":["Slimebound:LivingWall","Slimebound:Schlurp"],"picked":"Slimebound:SlimeSpikes","floor":3},{"not_picked":["Slimebound:GoopTackle","Slimebound:FinishingTackle","Slimebound:PressTheAttack"],"picked":"Singing Bowl","floor":5},{"not_picked":["Slimebound:GoopTackle","Slimebound:LeadByExample"],"picked":"Slimebound:SlimeSpikes","floor":6},{"not_picked":["Slimebound:FinishingTackle","Slimebound:SplitAcid"],"picked":"Slimebound:LeechEnergy","floor":8},{"not_picked":["Slimebound:Equalize","Slimebound:PrepareCrush"],"picked":"Slimebound:SlimeSpikes","floor":10},{"not_picked":["Slimebound:FinishingTackle","Slimebound:ComboTackle"],"picked":"Slimebound:Schlurp","floor":12},{"not_picked":["Slimebound:LeadByExample","Slimebound:RollThrough"],"picked":"Slimebound:SlimeBrawl","floor":15},{"not_picked":["Slimebound:DouseInSlime","Slimebound:MassFeed"],"picked":"Slimebound:Overexert","floor":16},{"not_picked":["Slimebound:Chomp","Slimebound:ComboTackle"],"picked":"Slimebound:FirmFortitude","floor":19},{"not_picked":["Slimebound:Replication","Slimebound:FinishingTackle"],"picked":"Slimebound:LeechEnergy+1","floor":20},{"not_picked":["Slimebound:ViciousTackle+1","Slimebound:SplitLeeching"],"picked":"Slimebound:Repurpose","floor":21},{"not_picked":["Slimebound:ViciousTackle","Slimebound:SlimeTap"],"picked":"Slimebound:Dissolve","floor":22},{"not_picked":["Slimebound:FinishingTackle+1","Slimebound:LeechingTouch","Slimebound:SplitLeeching"],"picked":"Singing Bowl","floor":29},{"not_picked":["Slimebound:HauntingLick","Slimebound:LeechEnergy"],"picked":"Slimebound:SplitMire+1","floor":30},{"not_picked":["Slimebound:GoopSpray","Slimebound:RejuvenatingLick"],"picked":"Slimebound:RollThrough","floor":31},{"not_picked":["Slimebound:FinishingTackle","Slimebound:LeechingTouch"],"picked":"Slimebound:SlimeTap","floor":32}],"player_experience":560075,"relics_obtained":[{"floor":4,"key":"SentryEyes"},{"floor":7,"key":"MagicDraw1"},{"floor":12,"key":"conspire:DeflatedDodgeball"},{"floor":30,"key":"conspire:Flyswatter"}],"event_choices":[{"damage_healed":0,"gold_gain":0,"player_choice":"Simplicity","damage_taken":0,"max_hp_gain":0,"max_hp_loss":0,"event_name":"Back to Basics","floor":26,"gold_loss":0,"cards_upgraded":["Slimebound:Strike_Slimebound","Slimebound:Strike_Slimebound","Slimebound:Strike_Slimebound","Slimebound:Defend_Slimebound","Slimebound:Defend_Slimebound","Slimebound:Defend_Slimebound","Slimebound:Defend_Slimebound"]}],"is_beta":false,"boss_relics":[{"not_picked":["TakeMeEscape","SacredBark"],"picked":"Slimebound:AbsorbEndCombatUpgraded"},{"not_picked":[]}],"items_purged_floors":[1,21],"is_endless":false,"potions_floor_spawned":[2,6,15,20,22,29,31,32],"killed_by":"downfall:Silent","ascension_level":1}}