{"host":"2i0myh7fqij2ti1z","time":1609048373,"event":{"mods":["Aspiration","BaseMod","Better Third Choice","Colored Powertips","FoggyMod","Highlight Path","Minty Spire (QoL Compilation)","Permanent Neow","Quick Restart","Random Character Button","Random Character Mod","Relic Sorter","Replay The Spire","Shop Mod","Spicy Shops","StSLib","Transform Curses","Wandering Minibosses","vexMod"],"gold_per_floor":[10109,8901,8901,8913,8960,8992,8992,9010,9037,9064,9085,8555,8579,8606,8606,8711,8711,8730,7769,7780,7813,7813,8146,8181,8193,8272,7514,7514,7514],"floor_reached":28,"playtime":1356,"items_purged":["Redo","Sweeping Beam","Melter"],"score":510,"play_id":"cc895cd9-2c4c-4745-b434-6d3dc3f96777","local_time":"20201227135253","daily_mods":["SealedDeck","Blue Cards","DeadlyEvents"],"is_ascension_mode":true,"campfire_choices":[{"data":"Streamline","floor":7.0,"key":"SMITH"},{"data":"Seek","floor":15.0,"key":"SMITH"}],"circlet_count":0,"master_deck":["Leap","Rebound","Go for the Eyes","Hologram","Redo","Streamline+1","Gash","Heatsinks","Beam Cell+1","Dramatic Entrance+1","Barrage+1","ReplayTheSpireMod:Omega Cannon+1","Machine Learning","Creative AI","Gash+1","Amplify","Seek+1","Creative AI","Scrape+1","Rip and Tear+1","All For One+1","ReplayTheSpireMod:System Scan+1","Core Surge+1","ReplayTheSpireMod:Fabricate Wheel"],"relics":["Cracked Core","Ring of Chaos","vexMod:HeadHunter","Molten Egg 2","Emotion Chip","Omamori","Medical Kit","Replay:Mystery Machine","Gremlin Food","Nunchaku","Replay:Bottled Flurry","Odd Mushroom","aspiration:EnhancedActuators","Replay:Wax Seal","HandDrill","Solar Panel","Akabeko","aspiration:ChemicalBlood","Black Star","aspiration:FaultyCoupler","DataDisk","TheAbacus","MealTicket","Bottled Tornado","Blood Vial","vexMod:FocusSash","Thread and Needle","Old Coin","Boot","Ancient Tea Set","Toxic Egg 2","Lee\u0027s Waffle","Dream Catcher","Replay:Baseball","Replay:Bottled Steam"],"acts_visited":["Exordium","TheCity"],"potions_floor_usage":[],"damage_taken":[{"damage":4.0,"enemies":"Small Slimes","floor":1.0,"turns":2.0},{"damage":0.0,"enemies":"Jaw Worm","floor":4.0,"turns":1.0},{"damage":13.0,"enemies":"Lagavulin","floor":6.0,"turns":3.0},{"damage":0.0,"enemies":"2 Louse","floor":8.0,"turns":1.0},{"damage":0.0,"enemies":"Gremlin Nob","floor":10.0,"turns":2.0},{"damage":0.0,"enemies":"The Mushroom Lair","floor":11.0,"turns":2.0},{"damage":0.0,"enemies":"Lagavulin","floor":14.0,"turns":1.0},{"damage":41.0,"enemies":"The Guardian","floor":16.0,"turns":4.0},{"damage":0.0,"enemies":"Spheric Guardian","floor":18.0,"turns":1.0},{"damage":10.0,"enemies":"Chosen","floor":20.0,"turns":2.0},{"damage":26.0,"enemies":"Book of Stabbing","floor":21.0,"turns":3.0},{"damage":7.0,"enemies":"Slavers","floor":23.0,"turns":2.0},{"damage":0.0,"enemies":"Gremlin Leader","floor":24.0,"turns":3.0},{"damage":0.0,"enemies":"3 Cultists","floor":25.0,"turns":2.0},{"damage":0,"enemies":"Slavers","floor":28,"turns":1}],"seed_played":"5489931422962671662","potions_obtained":[{"floor":4.0,"key":"LiquidMemories"},{"floor":11.0,"key":"BlessingOfTheForge"},{"floor":21.0,"key":"Elixir"},{"floor":21.0,"key":"BlessingOfTheForge"},{"floor":25.0,"key":"Doom Potion"}],"is_trial":true,"path_per_floor":["M","$","?","M","T","E","R","M","T","E","?","$","T","E","R","B",null,"M","$","M","E","?","E","E","M","T","$","E"],"character_chosen":"DEFECT","items_purchased":["vexMod:HeadHunter","Molten Egg 2","Emotion Chip","Beam Cell+1","Omamori","Medical Kit","aspiration:EnhancedActuators","Replay:Wax Seal","HandDrill","Solar Panel","aspiration:FaultyCoupler","DataDisk","TheAbacus","MealTicket","Bottled Tornado","Lee\u0027s Waffle","Dream Catcher","Replay:Baseball","Replay:Bottled Steam"],"campfire_rested":0,"item_purchase_floors":[2,2,2,2,2,2,12,12,12,12,19,19,19,19,19,27,27,27,27],"current_hp_per_floor":[71,71,71,71,71,58,58,58,58,58,58,58,58,60,60,21,75,75,75,67,43,43,40,44,48,48,82,82,82],"gold":7514,"neow_bonus":"","is_daily":false,"chose_seed":false,"campfire_upgraded":2,"win_rate":0.0,"timestamp":1609048373,"path_taken":["M","$","?","?","?","E","R","?","T","?","?","$","?","E","R","BOSS","M","$","?","?","?","E","?","?","T","$","E"],"items_purchased_type":["Relic","Relic","Relic","Card","Relic","Relic","Relic","Relic","Relic","Relic","Relic","Relic","Relic","Relic","Relic","Relic","Relic","Relic","Relic"],"build_version":"2020-12-22","purchased_purges":3,"victory":false,"max_hp_per_floor":[75,75,75,75,75,75,75,75,75,75,75,75,75,75,75,75,75,75,75,75,75,75,75,75,75,75,82,82,82],"card_choices":[{"not_picked":["BasicCrystalCard","Leap"],"picked":"Heatsinks","floor":1.0},{"not_picked":["ReplayTheSpireMod:Reroute Power","Genetic Algorithm"],"picked":"Barrage+1","floor":4.0},{"not_picked":["Machine Learning","Mirror Shield"],"picked":"ReplayTheSpireMod:Omega Cannon","floor":6.0},{"not_picked":["ReplayTheSpireMod:GoodbyeWorld","Hologram","Rebound+1"],"picked":"SKIP","floor":6.0},{"not_picked":["Barrage+1","Cold Snap+1","Leap"],"picked":"SKIP","floor":8.0},{"not_picked":["Biased Cognition","Fission"],"picked":"Machine Learning","floor":10.0},{"not_picked":["Go for the Eyes+1","ReplayTheSpireMod:System Scan"],"picked":"Creative AI","floor":10.0},{"not_picked":["Cold Snap+1","Scrape+1"],"picked":"Gash+1","floor":11.0},{"not_picked":["Rainbow","Thunder Strike"],"picked":"Amplify","floor":14.0},{"not_picked":["Turbo","BootSequence"],"picked":"Seek","floor":14.0},{"not_picked":["Mirror Shield","ReplayRNGCard"],"picked":"Creative AI","floor":16.0},{"not_picked":["Self Repair","Streamline+1"],"picked":"Scrape+1","floor":18.0},{"not_picked":["Self Repair","Panic Button"],"picked":"Rip and Tear+1","floor":20.0},{"not_picked":["Hyperbeam","Fission"],"picked":"All For One","floor":21.0},{"not_picked":["Compile Driver+1","Streamline+1","Fusion"],"picked":"SKIP","floor":21.0},{"not_picked":["Turbo","Streamline+1"],"picked":"ReplayTheSpireMod:System Scan+1","floor":23.0},{"not_picked":["Buffer","Amplify"],"picked":"Core Surge","floor":23.0},{"not_picked":["Reboot","All For One"],"picked":"ReplayTheSpireMod:Fabricate Wheel","floor":24.0},{"not_picked":["Heatsinks","Redo","Sweeping Beam+1"],"picked":"SKIP","floor":24.0},{"not_picked":["Panic Button+1","Conserve Battery","Turbo"],"picked":"SKIP","floor":25.0}],"player_experience":194025,"relics_obtained":[{"floor":5.0,"key":"Replay:Mystery Machine"},{"floor":6.0,"key":"Gremlin Food"},{"floor":9.0,"key":"Nunchaku"},{"floor":10.0,"key":"Replay:Bottled Flurry"},{"floor":11.0,"key":"Odd Mushroom"},{"floor":13.0,"key":"Akabeko"},{"floor":14.0,"key":"aspiration:ChemicalBlood"},{"floor":21.0,"key":"Blood Vial"},{"floor":21.0,"key":"vexMod:FocusSash"},{"floor":23.0,"key":"Thread and Needle"},{"floor":23.0,"key":"Old Coin"},{"floor":24.0,"key":"Boot"},{"floor":24.0,"key":"Ancient Tea Set"},{"floor":26.0,"key":"Toxic Egg 2"}],"event_choices":[{"damage_healed":0.0,"max_hp_gain":0.0,"max_hp_loss":0.0,"gold_gain":0.0,"event_name":"Match and Keep!","player_choice":"1 cards matched","floor":3.0,"gold_loss":0.0,"damage_taken":0.0,"cards_obtained":["Dramatic Entrance"]},{"damage_healed":0.0,"max_hp_gain":0.0,"max_hp_loss":0.0,"gold_gain":0.0,"event_name":"Mushrooms","player_choice":"Fought Mushrooms","floor":11.0,"gold_loss":0.0,"damage_taken":0.0},{"damage_healed":0.0,"max_hp_gain":0.0,"max_hp_loss":0.0,"gold_gain":0.0,"event_name":"Vampires","player_choice":"Ignored","floor":22.0,"gold_loss":0.0,"damage_taken":0.0}],"is_beta":false,"boss_relics":[{"not_picked":["vexMod:DeviousBotling","Busted Crown"],"picked":"Black Star"}],"items_purged_floors":[12,19,27],"is_endless":false,"potions_floor_spawned":[4,11,16,25],"killed_by":"Slavers","ascension_level":1}}