{"host":"ff0k6g9g9j8o52vm","time":1609064201,"event":{"mods":["AchievementEnabler","Astrologer","BaseMod","Beaked The Cultist","Colored Map","Colored Powertips","Downfall","Duelist Mod","GifTheSpireLib","Gremlin Mod","Hermit","Highlight Path","Hubris","Infinite Spire","Jorbs\u0027s Wanderer Trilogy","Koishi","Marisa????????","Minty Spire (QoL Compilation)","Quick Restart","Replay The Spire","StSLib","The Animator","The Bug Knight","The Construct","The Cursed","The Disciple","The Forsaken","The Hayseed","The Hierophant","The Judge","The Jungle","The Mystic","The Necromancer","The Poker Player","The Runesmith","The Senshi","The Servant 0.9.4","TheArtist"],"gold_per_floor":[99,116,126,140,140,140,150,250,276,55,55,69,80,93,93,107,125,226,226,226,27,127,143,170,181,230,230,244,244,42,56,56,56,76,171,171,171,181,193,209,219,219,219,235,246,294,294,294,310,325,344,344],"floor_reached":53,"playtime":4272,"items_purged":["Guardian:Strike_Guardian"],"score":611,"play_id":"a1940193-8e13-47c8-8c1d-04adfeb93f98","local_time":"20201227021641","is_ascension_mode":false,"campfire_choices":[{"data":"Guardian:TwinSlam","floor":1,"key":"SMITH"},{"floor":11,"key":"REST"},{"floor":15,"key":"REST"},{"data":"Guardian:RefractedBeam+1","floor":27,"key":"SMITH"},{"data":"Guardian:EvasiveProtocol","floor":29,"key":"SMITH"},{"data":"Guardian:BronzeOrb","floor":32,"key":"SMITH"},{"data":"Guardian:SpikerProtocol","floor":37,"key":"SMITH"},{"data":"Guardian:BronzeOrb","floor":42,"key":"SMITH"},{"data":"Guardian:RefractedBeam+2","floor":47,"key":"SMITH"}],"circlet_count":0,"master_deck":["Guardian:Strike_Guardian","Guardian:Strike_Guardian","Guardian:Defend_Guardian","Guardian:Defend_Guardian","Guardian:Defend_Guardian","Guardian:Defend_Guardian","Guardian:CurlUp","Guardian:TwinSlam+1","Guardian:GuardianWhirl+1","Guardian:PiercingHide","Guardian:Suspension","Guardian:SpikerProtocol+1","Guardian:EvasiveProtocol","Guardian:EvasiveProtocol+1","Guardian:ChargeUp","Guardian:RefractedBeam+3","Guardian:BronzeOrb+1","Guardian:TimeSifter+1","Guardian:ChargeCore","Guardian:WalkerClaw","Guardian:CrystalBeam+1","Guardian:ArmoredProtocol+1","Guardian:TemporalShield+1","Guardian:BronzeOrb+1","Guardian:ShieldSpikes+1","Guardian:RevengeProtocol","Guardian:TemporalStrike+1","Guardian:Clone+1","Guardian:RollAttack","Guardian:BronzeOrb+1","Guardian:Gem_Orange","Guardian:Gem_Lightblue","Guardian:TemporalStrike+1","Guardian:DonusPower"],"relics":["Guardian:ModeShifter","Potion Belt","Pen Nib","hubris:ScarierMask","Nunchaku","Akabeko","Replay:Rubber Ducky","Guide Book","Philosopher\u0027s Stone","Counterbalance","CatCart"],"acts_visited":["Exordium","TheCity","TheBeyond"],"potions_floor_usage":[8,10,12,13,18,30,52,52,52],"damage_taken":[{"damage":6,"enemies":"Cultist","floor":2,"turns":3},{"damage":0,"enemies":"Small Slimes","floor":3,"turns":4},{"damage":6,"enemies":"2 Louse","floor":4,"turns":4},{"damage":16,"enemies":"Large Slime","floor":7,"turns":9},{"damage":55,"enemies":"downfall:LadyInBlue","floor":8,"turns":15},{"damage":0,"enemies":"downfall:FleeingMerchant","floor":10,"turns":4},{"damage":3,"enemies":"Lots of Slimes","floor":12,"turns":3},{"damage":5,"enemies":"Exordium Thugs","floor":13,"turns":6},{"damage":0,"enemies":"Blue Slaver","floor":14,"turns":4},{"damage":0,"enemies":"3 Louse","floor":16,"turns":2},{"damage":0,"enemies":"Gremlin Gang","floor":17,"turns":3},{"damage":14,"enemies":"downfall:Watcher","floor":18,"turns":9},{"damage":0,"enemies":"downfall:FleeingMerchant","floor":21,"turns":4},{"damage":2,"enemies":"Shell Parasite","floor":23,"turns":4},{"damage":21,"enemies":"Snake Plant","floor":25,"turns":5},{"damage":1,"enemies":"3 Cultists","floor":28,"turns":3},{"damage":0,"enemies":"downfall:FleeingMerchant","floor":30,"turns":4},{"damage":0,"enemies":"Centurion and Healer","floor":31,"turns":4},{"damage":0,"enemies":"Cultist and Chosen","floor":34,"turns":3},{"damage":14,"enemies":"downfall:Silent","floor":35,"turns":6},{"damage":0,"enemies":"Orb Walker","floor":38,"turns":4},{"damage":0,"enemies":"3 Darklings","floor":39,"turns":3},{"damage":0,"enemies":"Sphere and 2 Shapes","floor":40,"turns":2},{"damage":16,"enemies":"4 Shapes","floor":41,"turns":4},{"damage":4,"enemies":"Writhing Mass","floor":44,"turns":8},{"damage":18,"enemies":"Spire Growth","floor":45,"turns":5},{"damage":0,"enemies":"Orin","floor":46,"turns":9},{"damage":0,"enemies":"3 Darklings","floor":49,"turns":3},{"damage":0,"enemies":"Jaw Worm Horde","floor":50,"turns":3},{"damage":0,"enemies":"Transient","floor":51,"turns":5},{"damage":50,"enemies":"downfall:Ironclad","floor":52,"turns":17}],"seed_played":"-1512363335060336053","potions_obtained":[{"floor":7,"key":"Adrenaline Potion"},{"floor":8,"key":"Weak Potion"},{"floor":8,"key":"FairyPotion"},{"floor":8,"key":"hexamod:EctoCoolerPotion"},{"floor":12,"key":"LifebloodPotion"},{"floor":14,"key":"GamblersBrew"},{"floor":16,"key":"BlessingOfTheForge"},{"floor":17,"key":"GamblersBrew"},{"floor":18,"key":"Dexterity Potion"},{"floor":25,"key":"AttackPotion"},{"floor":31,"key":"Ancient Potion"},{"floor":38,"key":"EssenceOfSteel"},{"floor":50,"key":"Adrenaline Potion"}],"is_trial":false,"path_per_floor":["R","M","M","M","PTL","PTL","M","?","T","$","R","M","M","M","R","M","M","B",null,"R_BF","$","?","M","T","M","T","R","M","R","$","M","R","?","M","B",null,"R","M","M","M","M","R","T","M","M","?","R","?","M","M","M","B",null],"character_chosen":"GUARDIAN","items_purchased":["Guardian:EvasiveProtocol","Guardian:ChargeUp","Nunchaku","Guardian:WalkerClaw","Guide Book","Guardian:TemporalShield+1"],"campfire_rested":2,"item_purchase_floors":[10,10,21,21,30,30],"current_hp_per_floor":[88,82,82,76,76,76,60,5,5,5,31,28,23,23,49,49,49,35,88,88,88,88,86,86,65,65,65,64,64,64,64,64,64,64,50,88,88,88,88,88,72,72,72,68,50,50,50,50,50,50,50,26],"gold":344,"neow_bonus":"TEN_PERCENT_HP_BONUS","is_daily":false,"chose_seed":false,"campfire_upgraded":7,"win_rate":0.0,"timestamp":1609064201,"path_taken":["R","M","M","?","PTL","PTL","M","?","T","$","R","M","?","M","R","?","M","BOSS","R_BF","?","?","?","?","M","T","R","M","R","$","M","R","?","M","BOSS","R","M","M","M","M","R","T","M","M","?","R","?","M","M","M","BOSS"],"items_purchased_type":["Card","Card","Relic","Card","Relic","Card"],"build_version":"2020-12-22","purchased_purges":1,"victory":true,"max_hp_per_floor":[88,88,88,88,88,88,88,88,88,88,88,88,88,88,88,88,88,88,88,88,88,88,88,88,88,88,88,88,88,88,88,88,88,88,88,88,88,88,88,88,88,88,88,88,88,88,88,88,88,88,88,88],"card_choices":[{"not_picked":["Guardian:Gem_Cyan","Guardian:GuardianWhirl"],"picked":"Guardian:Gem_Green","floor":2},{"not_picked":["Guardian:CrystalBeam","Guardian:VentSteam"],"picked":"Guardian:GuardianWhirl","floor":3},{"not_picked":["Guardian:Recover","Guardian:VentSteam"],"picked":"Guardian:PiercingHide","floor":4},{"not_picked":["Guardian:ShieldSpikes","Guardian:PrimingBeam"],"picked":"Guardian:Suspension","floor":7},{"not_picked":["Guardian:FloatingOrbs","Guardian:MultiBeam"],"picked":"Guardian:Gem_Orange","floor":8},{"not_picked":["Guardian:Gem_Orange","Guardian:PrimingBeam"],"picked":"Guardian:SpikerProtocol","floor":10},{"not_picked":["Guardian:PiercingHide","Guardian:Reroute"],"picked":"Guardian:Gem_Fragmented","floor":12},{"not_picked":["Guardian:Reroute","Guardian:Planning"],"picked":"Guardian:Gem_Red","floor":13},{"not_picked":["Guardian:PrimingBeam","Guardian:GuardianWhirl"],"picked":"Guardian:RefractedBeam","floor":14},{"not_picked":["Guardian:VentSteam","Guardian:Preprogram"],"picked":"Guardian:Gem_Red","floor":16},{"not_picked":["Guardian:Incinerate","Guardian:Suspension"],"picked":"Guardian:BronzeOrb","floor":17},{"not_picked":["Guardian:StasisField","Guardian:StasisStrike"],"picked":"Guardian:TimeSifter","floor":18},{"not_picked":["Guardian:Planning+1","Guardian:Gem_White"],"picked":"Guardian:ChargeCore","floor":21},{"not_picked":["Guardian:VentSteam","Guardian:TemporalShield"],"picked":"Guardian:CrystalBeam+1","floor":23},{"not_picked":["Guardian:BronzeOrb+1","Guardian:RefractedBeam"],"picked":"Guardian:ArmoredProtocol+1","floor":25},{"not_picked":["Guardian:Gem_White","Guardian:PiercingHide","Guardian:WalkerClaw"],"picked":"SKIP","floor":28},{"not_picked":["Guardian:PrimingBeam+1","Guardian:Gem_Red","Guardian:CrystalBeam"],"picked":"SKIP","floor":30},{"not_picked":["Guardian:WalkerClaw","Guardian:Reroute"],"picked":"Guardian:BronzeOrb","floor":31},{"not_picked":["Guardian:MultiBeam","Guardian:ChargeCore+1"],"picked":"Guardian:ShieldSpikes+1","floor":34},{"not_picked":["Guardian:Gem_Synthetic","Guardian:TimeSifter"],"picked":"Guardian:RevengeProtocol","floor":35},{"not_picked":["Guardian:ChargeUp+1","Guardian:ChargeCore"],"picked":"Guardian:TemporalStrike+1","floor":38},{"not_picked":["Guardian:Gem_Cyan","Guardian:Gem_Green","Guardian:Reroute"],"picked":"SKIP","floor":39},{"not_picked":["Guardian:ChargeCore+1","Guardian:Gem_Green"],"picked":"Guardian:Clone+1","floor":40},{"not_picked":["Guardian:Gem_Cyan","Guardian:Recover+1"],"picked":"Guardian:RollAttack","floor":41},{"not_picked":["Guardian:PrismaticBarrier+1","Guardian:RollAttack+1","Guardian:PiercingHide"],"picked":"SKIP","floor":44},{"not_picked":["Guardian:PrismaticBarrier+1","Guardian:RollAttack+1","Guardian:PiercingHide"],"picked":"SKIP","floor":44},{"not_picked":["Guardian:Suspension+1","Guardian:Incinerate","Guardian:ShieldCharger"],"picked":"SKIP","floor":45},{"not_picked":["Guardian:ArmoredProtocol+1","Guardian:PiercingHide+1"],"picked":"Guardian:BronzeOrb+1","floor":46},{"not_picked":["Guardian:VentSteam","Guardian:BronzeArmor+1","Guardian:FastForward"],"picked":"SKIP","floor":49},{"not_picked":["Guardian:VentSteam","Guardian:ChargeCore+1"],"picked":"Guardian:TemporalStrike+1","floor":50},{"not_picked":["Guardian:Gem_Fragmented","Guardian:PiercingHide+1"],"picked":"Guardian:DonusPower","floor":51}],"player_experience":869373,"relics_obtained":[{"floor":8,"key":"Potion Belt"},{"floor":9,"key":"Pen Nib"},{"floor":24,"key":"Akabeko"},{"floor":26,"key":"Replay:Rubber Ducky"},{"floor":43,"key":"Counterbalance"},{"floor":46,"key":"CatCart"}],"event_choices":[{"cards_removed":["Guardian:Strike_Guardian"],"damage_healed":0,"gold_gain":0,"player_choice":"Elegance","damage_taken":0,"max_hp_gain":0,"max_hp_loss":0,"event_name":"Back to Basics","floor":33,"gold_loss":0},{"damage_healed":0,"gold_gain":0,"player_choice":"Fight","damage_taken":0,"max_hp_gain":0,"max_hp_loss":0,"event_name":"OrinTheCat","floor":46,"gold_loss":0}],"is_beta":false,"boss_relics":[{"not_picked":["Pandora\u0027s Box","hubris:CrackedHourglass"],"picked":"hubris:ScarierMask"},{"not_picked":["Sozu","ReplayTheSpireMod:DimensionalGlitch"],"picked":"Philosopher\u0027s Stone"}],"items_purged_floors":[10],"is_endless":false,"potions_floor_spawned":[7,12,14,16,17,18,25,31,38,40,45,46,50,51],"ascension_level":0}}