{"host":"30jsp143e4v19aze","time":1609030409,"event":{"mods":["BaseMod","Colored Map","Colored Powertips","Curses Come First","DeckTracker","Highlight Path","Minty Spire (QoL Compilation)","Quick Restart","Relic Stats","StSLib","everything is the same but u backflip on backflip","slay the spire mod where everything is the same but ironclad has a cowboy hat"],"gold_per_floor":[116,130,141,26,36,61,75,104,104,104,104,130,148,164,164,240,240,258,14,31,46,46,76,76,110,163,175,195,211,241,260,260,332,332,351,398,412,85,85,85,116,116,143,168,168,188,188,214,214,214,214,214,214,5,38,38,38],"floor_reached":56,"playtime":8797,"items_purged":["Pain","Shame","Shame"],"score":2278,"play_id":"3ba20648-c2d1-4796-adae-ffa6cb571692","local_time":"20201227015329","is_ascension_mode":true,"campfire_choices":[{"floor":10,"key":"REST"},{"data":"True Grit","floor":15,"key":"SMITH"},{"data":"Feel No Pain","floor":24,"key":"SMITH"},{"data":"Flame Barrier","floor":32,"key":"SMITH"},{"floor":40,"key":"RECALL"},{"data":"Disarm","floor":42,"key":"SMITH"},{"data":"Burning Pact","floor":45,"key":"SMITH"},{"data":"Power Through","floor":49,"key":"SMITH"},{"data":"Flame Barrier","floor":53,"key":"SMITH"}],"circlet_count":0,"master_deck":["AscendersBane","Strike_R","Strike_R","Strike_R","Strike_R","Defend_R+1","Defend_R","Defend_R+1","Defend_R","Bash","Feel No Pain+1","True Grit+1","Perfected Strike","Whirlwind","Carnage","Bludgeon+1","Flame Barrier+1","Pommel Strike+1","Pummel+1","Fiend Fire+1","Juggernaut+1","Uppercut+1","Flame Barrier+1","Dark Embrace+1","Feed+1","Barricade+1","Second Wind+1","Exhume","Disarm+1","Injury","Burning Pact+1","Power Through+1","Evolve+1"],"relics":["Cursed Key","Molten Egg 2","Akabeko","Frozen Egg 2","The Courier","Philosopher\u0027s Stone","Medical Kit","Meat on the Bone","Red Skull","Champion Belt","War Paint","Bird Faced Urn","Snecko Eye","Torii","OrangePellets","Oddly Smooth Stone","Art of War","Incense Burner","Vajra","PreservedInsect","Strawberry"],"acts_visited":["Exordium","TheCity","TheBeyond","TheEnding"],"potions_floor_usage":[6,16,16,20,27,33,33,33,56,56],"damage_taken":[{"damage":0,"enemies":"Cultist","floor":1,"turns":2},{"damage":2,"enemies":"Jaw Worm","floor":2,"turns":4},{"damage":7,"enemies":"Small Slimes","floor":3,"turns":4},{"damage":1,"enemies":"2 Fungi Beasts","floor":5,"turns":4},{"damage":13,"enemies":"3 Sentries","floor":6,"turns":5},{"damage":13,"enemies":"Large Slime","floor":7,"turns":2},{"damage":22,"enemies":"Lagavulin","floor":8,"turns":4},{"damage":0,"enemies":"3 Sentries","floor":12,"turns":1},{"damage":4,"enemies":"Lots of Slimes","floor":13,"turns":2},{"damage":0,"enemies":"Exordium Wildlife","floor":14,"turns":1},{"damage":25,"enemies":"Hexaghost","floor":16,"turns":7},{"damage":0,"enemies":"Chosen","floor":18,"turns":1},{"damage":0,"enemies":"3 Byrds","floor":20,"turns":2},{"damage":22,"enemies":"Cultist and Chosen","floor":21,"turns":4},{"damage":19,"enemies":"Slavers","floor":23,"turns":5},{"damage":0,"enemies":"Gremlin Leader","floor":25,"turns":3},{"damage":16,"enemies":"Snake Plant","floor":27,"turns":3},{"damage":0,"enemies":"Centurion and Healer","floor":28,"turns":4},{"damage":19,"enemies":"3 Cultists","floor":29,"turns":4},{"damage":20,"enemies":"Slavers","floor":30,"turns":5},{"damage":0,"enemies":"Snake Plant","floor":31,"turns":1},{"damage":20,"enemies":"Champ","floor":33,"turns":11},{"damage":3,"enemies":"Orb Walker","floor":35,"turns":2},{"damage":37,"enemies":"2 Orb Walkers","floor":36,"turns":6},{"damage":0,"enemies":"3 Shapes","floor":37,"turns":4},{"damage":24,"enemies":"Giant Head","floor":41,"turns":7},{"damage":0,"enemies":"Mind Bloom Boss Battle","floor":44,"turns":7},{"damage":11,"enemies":"Jaw Worm Horde","floor":46,"turns":4},{"damage":0,"enemies":"Nemesis","floor":48,"turns":5},{"damage":0,"enemies":"Time Eater","floor":50,"turns":13},{"damage":23,"enemies":"Awakened One","floor":51,"turns":12},{"damage":8,"enemies":"Shield and Spear","floor":55,"turns":6},{"damage":125,"enemies":"The Heart","floor":56,"turns":18}],"seed_played":"-5797122846168889680","potions_obtained":[{"floor":1,"key":"Ancient Potion"},{"floor":2,"key":"Energy Potion"},{"floor":12,"key":"DistilledChaos"},{"floor":13,"key":"BlessingOfTheForge"},{"floor":21,"key":"Swift Potion"},{"floor":25,"key":"EntropicBrew"},{"floor":27,"key":"Block Potion"},{"floor":33,"key":"GamblersBrew"},{"floor":37,"key":"SpeedPotion"}],"is_trial":false,"path_per_floor":["M","M","M","$","M","E","M","E","T","R","?","E","M","M","R","B",null,"M","$","M","M","?","E","R","E","T","M","M","M","E","M","R","B",null,"M","?","M","$","?","R","E","R","T","?","R","M","?","E","R","B","B",null,"R","$","E","B"],"character_chosen":"IRONCLAD","items_purchased":["Whirlwind","Carnage","Medical Kit","Swift Potion","OrangePellets","Oddly Smooth Stone","Evolve+1","SpeedPotion"],"campfire_rested":1,"item_purchase_floors":[4,4,19,19,38,38,54,54],"current_hp_per_floor":[68,66,59,59,58,45,32,10,10,32,32,32,28,28,28,3,57,57,57,57,35,35,28,28,40,40,36,48,41,33,45,45,43,67,68,49,61,61,61,61,49,49,49,65,65,62,62,74,74,86,75,96,96,96,107,0,0],"gold":38,"neow_bonus":"BOSS_RELIC","is_daily":false,"chose_seed":false,"campfire_upgraded":7,"win_rate":0.0,"timestamp":1609030409,"path_taken":["M","M","M","$","M","E","M","E","T","R","?","E","M","M","R","BOSS","M","$","M","M","?","E","R","E","T","M","M","M","E","M","R","BOSS","M","?","M","$","?","R","E","R","T","?","R","M","?","E","R","BOSS","BOSS","R","$","E","BOSS"],"items_purchased_type":["Card","Card","Relic","Potion","Relic","Relic","Card","Potion"],"build_version":"2020-12-22","purchased_purges":3,"victory":false,"max_hp_per_floor":[75,75,75,75,75,75,75,75,75,75,75,75,75,75,75,75,75,75,75,75,75,75,75,75,75,75,75,75,75,75,75,75,75,75,75,75,79,79,75,75,79,79,79,87,87,91,91,95,95,99,103,103,103,103,114,114,114],"relic_stats":{"Torii":3,"counters":[33,163],"PreservedInsect":77,"War Paint":["Defend_R","Defend_R"],"Cursed Key":3,"Medical Kit":[52],"OrangePellets":[8],"Bird Faced Urn":[85],"Snecko Eye":[72,73,81,53],"Art of War":[22],"Champion Belt":[46],"obtain_stats":[{"Torii":36,"Oddly Smooth Stone":38,"Vajra":47,"The Courier":12,"PreservedInsect":48,"Incense Burner":44,"Frozen Egg 2":9,"War Paint":26,"Cursed Key":0,"Medical Kit":19,"Burning Blood":0,"Akabeko":8,"OrangePellets":38,"Bird Faced Urn":30,"Strawberry":55,"Snecko Eye":34,"Molten Egg 2":6,"Philosopher\u0027s Stone":17,"Art of War":41,"Champion Belt":25,"Red Skull":23,"Meat on the Bone":22},{"Torii":24,"Oddly Smooth Stone":25,"Vajra":28,"The Courier":8,"PreservedInsect":29,"Incense Burner":27,"Frozen Egg 2":7,"War Paint":16,"Cursed Key":0,"Medical Kit":12,"Burning Blood":0,"Akabeko":7,"OrangePellets":25,"Bird Faced Urn":20,"Strawberry":32,"Snecko Eye":22,"Molten Egg 2":5,"Philosopher\u0027s Stone":11,"Art of War":26,"Champion Belt":16,"Red Skull":15,"Meat on the Bone":14},{"Torii":87,"Oddly Smooth Stone":91,"Vajra":109,"The Courier":26,"PreservedInsect":114,"Incense Burner":105,"Frozen Egg 2":25,"War Paint":51,"Cursed Key":0,"Medical Kit":37,"Burning Blood":0,"Akabeko":25,"OrangePellets":91,"Bird Faced Urn":67,"Strawberry":145,"Snecko Eye":79,"Molten Egg 2":19,"Philosopher\u0027s Stone":36,"Art of War":98,"Champion Belt":51,"Red Skull":48,"Meat on the Bone":43}],"Meat on the Bone":108},"card_choices":[{"not_picked":["Dropkick","Clash"],"picked":"Feel No Pain","floor":1},{"not_picked":["Cleave","Sentinel"],"picked":"True Grit","floor":2},{"not_picked":["Dropkick","Cleave"],"picked":"Perfected Strike","floor":3},{"not_picked":["Clothesline","Twin Strike","Thunderclap"],"picked":"SKIP","floor":5},{"not_picked":["Armaments","Warcry"],"picked":"Bludgeon+1","floor":6},{"not_picked":["Rampage+1","Body Slam+1","Anger+1"],"picked":"SKIP","floor":7},{"not_picked":["Twin Strike+1","True Grit","Searing Blow+1"],"picked":"SKIP","floor":8},{"not_picked":["Anger+1","Seeing Red"],"picked":"Pommel Strike+1","floor":12},{"not_picked":["Intimidate","Clash+1","Warcry"],"picked":"SKIP","floor":13},{"not_picked":["Warcry","Twin Strike+1"],"picked":"Pummel+1","floor":14},{"not_picked":["Limit Break","Demon Form+1"],"picked":"Fiend Fire+1","floor":16},{"not_picked":["Intimidate","Body Slam+1","Iron Wave+1"],"picked":"SKIP","floor":18},{"not_picked":["Perfected Strike+1","Iron Wave+1"],"picked":"Juggernaut+1","floor":20},{"not_picked":["Clash+1","Clothesline+1"],"picked":"Uppercut+1","floor":21},{"not_picked":["Searing Blow+1","Iron Wave+1","Sentinel"],"picked":"SKIP","floor":23},{"not_picked":["Berserk+1","Carnage+1"],"picked":"Flame Barrier","floor":25},{"not_picked":["Flame Barrier","Sever Soul+1"],"picked":"Dark Embrace+1","floor":27},{"not_picked":["Headbutt+1","Flex","Pommel Strike+1"],"picked":"SKIP","floor":28},{"not_picked":["Flex","Perfected Strike+1","Anger+1"],"picked":"SKIP","floor":29},{"not_picked":["Clash+1","Wild Strike+1","Whirlwind+1"],"picked":"SKIP","floor":30},{"not_picked":["Bloodletting","Shrug It Off"],"picked":"Feed+1","floor":31},{"not_picked":["Fiend Fire+1","Reaper+1"],"picked":"Barricade+1","floor":33},{"not_picked":["Flex","Shrug It Off"],"picked":"Second Wind+1","floor":35},{"not_picked":["Searing Blow+1","Bloodletting"],"picked":"Exhume","floor":37},{"not_picked":["Body Slam+1","Havoc+1"],"picked":"Disarm","floor":41},{"not_picked":["Iron Wave+1","Clothesline+1"],"picked":"Burning Pact","floor":44},{"not_picked":["Infernal Blade","Bloodletting","Havoc+1"],"picked":"SKIP","floor":46},{"not_picked":["Perfected Strike+1","Heavy Blade+1"],"picked":"Power Through","floor":48},{"not_picked":["Reckless Charge+1","Bludgeon+1","Rampage+1"],"picked":"SKIP","floor":55}],"player_experience":3253869,"relics_obtained":[{"floor":6,"key":"Molten Egg 2"},{"floor":8,"key":"Akabeko"},{"floor":9,"key":"Frozen Egg 2"},{"floor":12,"key":"The Courier"},{"floor":23,"key":"Red Skull"},{"floor":25,"key":"Champion Belt"},{"floor":26,"key":"War Paint"},{"floor":30,"key":"Bird Faced Urn"},{"floor":36,"key":"Torii"},{"floor":41,"key":"Art of War"},{"floor":44,"key":"Incense Burner"},{"floor":47,"key":"Vajra"},{"floor":48,"key":"PreservedInsect"},{"floor":55,"key":"Strawberry"}],"event_choices":[{"damage_healed":0,"gold_gain":0,"cards_transformed":["Strike_R"],"player_choice":"Transformed","damage_taken":0,"max_hp_gain":0,"max_hp_loss":0,"event_name":"Transmorgrifier","floor":11,"gold_loss":0,"cards_obtained":["Flame Barrier"]},{"damage_healed":0,"gold_gain":0,"player_choice":"Stole Relic","damage_taken":0,"relics_obtained":["Meat on the Bone"],"max_hp_gain":0,"max_hp_loss":0,"event_name":"Addict","floor":22,"gold_loss":0,"cards_obtained":["Shame"]},{"damage_healed":0,"gold_gain":0,"player_choice":"Fight","damage_taken":0,"max_hp_gain":0,"max_hp_loss":0,"event_name":"Mysterious Sphere","floor":36,"gold_loss":0},{"damage_healed":0,"gold_gain":0,"player_choice":"Max HP","damage_taken":0,"max_hp_gain":0,"max_hp_loss":4,"event_name":"Winding Halls","floor":39,"gold_loss":0},{"damage_healed":0,"gold_gain":0,"player_choice":"Fight","damage_taken":0,"max_hp_gain":0,"max_hp_loss":0,"event_name":"MindBloom","floor":44,"gold_loss":0},{"damage_healed":0,"gold_gain":0,"player_choice":"Relic","damage_taken":0,"max_hp_gain":0,"max_hp_loss":0,"event_name":"Wheel of Change","floor":47,"gold_loss":0}],"is_beta":false,"boss_relics":[{"not_picked":["SlaversCollar","Runic Cube"],"picked":"Philosopher\u0027s Stone"},{"not_picked":["Calling Bell","Coffee Dripper"],"picked":"Snecko Eye"}],"items_purged_floors":[19,38,54],"is_endless":false,"potions_floor_spawned":[1,2,12,13,21,25,27,28,29,33,35,37,41,46,55],"killed_by":"The Heart","ascension_level":20}}