{"host":"e4wnmsyty9uvvtwf","time":1609053865,"event":{"mods":["Aspiration","BaseMod","Colored Map","Colored Powertips","Marisa£®ÏF”Í°°ƒß¿Ì…≥£©","Minty Spire (QoL Compilation)","Rare Cards Sparkle","Replay The Spire","StSLib"],"gold_per_floor":[110,110,160,179,190,190,210,210,210,225,225,237,237,24,24,103,103,114,127,142,156,76,76,86,86,86,86,101,113,144,160,160,238,238,258,57,75,31,31,31,31],"floor_reached":40,"playtime":1395,"items_purged":[],"score":1046,"play_id":"fef5edea-5a6e-4e4b-a6b0-f41ec80a897f","local_time":"20201227152425","is_ascension_mode":true,"campfire_choices":[{"data":"Eruption","floor":6.0,"key":"SMITH"},{"data":"ForeignInfluence","floor":8.0,"key":"SMITH"},{"floor":23.0,"key":"REST"},{"data":"Ragnarok","floor":25.0,"key":"SMITH"},{"floor":27.0,"key":"REST"},{"floor":32,"key":"REST"}],"circlet_count":0,"master_deck":["AscendersBane","Strike_P","Strike_P","Defend_P","Defend_P","Defend_P","Eruption+1","Vigilance","CutThroughFate","ForeignInfluence+1","Steam","EmptyFist+1","Weave","Wireheading","EmptyBody","Brilliance","Swift Strike","Ragnarok+1","Crescendo","FearNoEvil","Consecrate","Consecrate","SpiritShield","FollowUp","DeceiveReality","ReachHeaven","DevaForm","AbeCurse","SandsOfTime","FlurryOfBlows","Blind","Replay:AtTheReady","Replay:AtTheReady","Evaluate","Consecrate","FearNoEvil"],"relics":["PureWater","aspiration:Nostalgia","MiniHakkero","Snack Pack","Membership Card","Sozu","Unceasing Top","StoneCalendar","Abe\u0027s Treasure","Sling"],"acts_visited":["Exordium","TheCity","TheBeyond"],"potions_floor_usage":[],"damage_taken":[{"damage":5.0,"enemies":"2 Louse","floor":1.0,"turns":3.0},{"damage":0.0,"enemies":"Jaw Worm","floor":4.0,"turns":4.0},{"damage":0.0,"enemies":"Cultist","floor":5.0,"turns":3.0},{"damage":0.0,"enemies":"Blue Slaver","floor":7.0,"turns":2.0},{"damage":1.0,"enemies":"Looter","floor":10.0,"turns":2.0},{"damage":0.0,"enemies":"Large Slime","floor":12.0,"turns":4.0},{"damage":17.0,"enemies":"The Guardian","floor":16.0,"turns":9.0},{"damage":14.0,"enemies":"Chosen","floor":18.0,"turns":4.0},{"damage":12.0,"enemies":"Shell Parasite","floor":19.0,"turns":3.0},{"damage":36.0,"enemies":"Shelled Parasite and Fungi","floor":20.0,"turns":4.0},{"damage":0.0,"enemies":"Snecko","floor":21.0,"turns":2.0},{"damage":13.0,"enemies":"Cultist and Chosen","floor":24.0,"turns":5.0},{"damage":0,"enemies":"Snake Plant","floor":28,"turns":2},{"damage":15,"enemies":"Sentry and Sphere","floor":29,"turns":4},{"damage":43,"enemies":"Slavers","floor":30,"turns":3},{"damage":3,"enemies":"Centurion and Healer","floor":31,"turns":3},{"damage":49,"enemies":"Pondfish","floor":33,"turns":10},{"damage":38,"enemies":"3 Darklings","floor":35,"turns":4},{"damage":10,"enemies":"Orb Walker","floor":37,"turns":3},{"damage":34,"enemies":"Reptomancer","floor":40,"turns":2}],"seed_played":"2468572909018413372","potions_obtained":[{"floor":1.0,"key":"Adrenaline Potion"},{"floor":5.0,"key":"BottledMiracle"},{"floor":7.0,"key":"FairyPotion"}],"is_trial":false,"path_per_floor":["M","?","?","M","M","R","M","R","T","M","?","M","?","$","R_BF","B",null,"M","M","M","M","?","R","M","R","T","R","M","M","E","M","R","B",null,"M","$","M","$","?","E"],"character_chosen":"WATCHER","items_purchased":["Membership Card","Swift Strike","FlurryOfBlows","Blind","Replay:AtTheReady","Evaluate","Sling","FearNoEvil"],"campfire_rested":3,"item_purchase_floors":[14,14,36,36,36,36,36,38],"current_hp_per_floor":[56,56,50,50,50,50,50,50,50,51,51,55,60,60,73,60,70,59,51,17,21,21,42,33,33,33,54,56,45,6,5,26,9,57,25,25,19,19,19,0,0],"gold":31,"neow_bonus":"NOSTALGIA","is_daily":false,"chose_seed":false,"campfire_upgraded":3,"win_rate":0.0,"timestamp":1609053865,"path_taken":["M","?","?","?","M","R","M","R","T","M","?","M","?","?","R_BF","BOSS","M","M","M","M","?","R","M","R","T","R","M","M","E","M","R","BOSS","M","$","M","$","?","E"],"items_purchased_type":["Relic","Card","Card","Card","Card","Card","Relic","Card"],"build_version":"2020-12-22","purchased_purges":0,"victory":false,"max_hp_per_floor":[68,68,68,68,68,68,68,68,68,68,68,68,73,73,73,73,73,73,73,73,73,73,73,73,73,73,73,73,73,73,73,73,73,73,73,73,73,73,73,73,73],"card_choices":[{"not_picked":["Replay:DivineShield","BowlingBash"],"picked":"CutThroughFate","floor":1.0},{"not_picked":["CutThroughFate","Replay:Anticipation"],"picked":"EmptyFist","floor":4.0},{"not_picked":["PathToVictory","FearNoEvil"],"picked":"Weave","floor":5.0},{"not_picked":["LikeWater","ClearTheMind"],"picked":"Wireheading","floor":7.0},{"not_picked":["EmptyFist","Replay:BluntJabs"],"picked":"EmptyBody","floor":10.0},{"not_picked":["SashWhip","Replay:BluntJabs"],"picked":"Brilliance","floor":12.0},{"not_picked":["SpiritShield","LessonLearned"],"picked":"Ragnarok","floor":16.0},{"not_picked":["BowlingBash","FlyingSleeves"],"picked":"Crescendo","floor":18.0},{"not_picked":["BattleHymn","PathToVictory"],"picked":"FearNoEvil","floor":19.0},{"not_picked":["CutThroughFate","Evaluate","CrushJoints"],"picked":"SKIP","floor":20.0},{"not_picked":["Replay:Anticipation","ClearTheMind"],"picked":"Consecrate","floor":21.0},{"not_picked":["Replay:Battleflow","ThirdEye"],"picked":"Consecrate","floor":24.0},{"not_picked":["Replay:AtTheReady","WindmillStrike"],"picked":"SpiritShield","floor":28},{"not_picked":["ThirdEye","Replay:AtTheReady"],"picked":"FollowUp","floor":29},{"not_picked":["ClearTheMind","FlyingSleeves"],"picked":"DeceiveReality","floor":30},{"not_picked":["Replay:BluntJabs","SashWhip"],"picked":"ReachHeaven","floor":31},{"not_picked":["Scrawl","Alpha"],"picked":"DevaForm","floor":33},{"not_picked":["EmptyFist","Consecrate"],"picked":"SandsOfTime","floor":35},{"not_picked":["Conclude","ClearTheMind"],"picked":"Consecrate","floor":37}],"player_experience":659358,"relics_obtained":[{"floor":9.0,"key":"Snack Pack"},{"floor":26.0,"key":"Unceasing Top"},{"floor":30,"key":"StoneCalendar"}],"event_choices":[{"damage_healed":0.0,"max_hp_gain":0.0,"max_hp_loss":0.0,"gold_gain":50.0,"event_name":"FaceTrader","player_choice":"Touch","floor":3.0,"gold_loss":0.0,"damage_taken":6.0},{"damage_healed":0.0,"max_hp_gain":5.0,"max_hp_loss":0.0,"gold_gain":0.0,"event_name":"Big Fish","player_choice":"Donut","floor":13.0,"gold_loss":0.0,"damage_taken":0.0},{"damage_healed":0,"gold_gain":0,"player_choice":"Ignored","damage_taken":0,"max_hp_gain":0,"max_hp_loss":0,"event_name":"Mysterious Sphere","floor":39,"gold_loss":0}],"is_beta":false,"boss_relics":[{"not_picked":["Runic Pyramid","Runic Dome"],"picked":"Sozu"},{"not_picked":["Tiny House","aspiration:SilentSkillbook"],"picked":"Abe\u0027s Treasure"}],"items_purged_floors":[],"is_endless":false,"potions_floor_spawned":[1,5,7,10,19,21,29,31,37],"killed_by":"Reptomancer","ascension_level":17}}