{"host":"y76clbnovzmw9ubx","time":1609031972,"event":{"mods":["AchievementEnabler","BaseMod","Minty Spire (QoL Compilation)","Permanent Neow","Relic Stats"],"gold_per_floor":[168,183,183,198,211,211,245,245,245,280,280,280,280],"floor_reached":12,"playtime":940,"items_purged":[],"score":176,"play_id":"001b2c09-e513-4299-8416-24a10798fa42","local_time":"20201226201932","is_ascension_mode":true,"campfire_choices":[{"data":"Sever Soul","floor":6,"key":"SMITH"},{"floor":8,"key":"REST"}],"circlet_count":0,"master_deck":["AscendersBane","Strike_R","Strike_R","Strike_R","Strike_R","Strike_R","Defend_R","Defend_R+1","Defend_R","Defend_R","Bash","Pommel Strike","Disarm","Shrug It Off","Sever Soul+1","Armaments+1"],"relics":["Tiny House","Nunchaku","Toxic Egg 2","Calipers"],"acts_visited":["Exordium"],"potions_floor_usage":[5,7,10,12],"damage_taken":[{"damage":4,"enemies":"Jaw Worm","floor":1,"turns":6},{"damage":1,"enemies":"Cultist","floor":2,"turns":4},{"damage":0,"enemies":"2 Louse","floor":4,"turns":3},{"damage":23,"enemies":"Exordium Thugs","floor":5,"turns":6},{"damage":18,"enemies":"Lagavulin","floor":7,"turns":8},{"damage":44,"enemies":"3 Sentries","floor":10,"turns":11},{"damage":18,"enemies":"Lagavulin","floor":12,"turns":7}],"seed_played":"9046274247477584982","potions_obtained":[{"floor":0,"key":"Energy Potion"},{"floor":1,"key":"Energy Potion"},{"floor":5,"key":"LiquidBronze"},{"floor":10,"key":"DistilledChaos"}],"is_trial":false,"path_per_floor":["M","M","?","M","M","R","E","R","T","E","?","E"],"character_chosen":"IRONCLAD","items_purchased":[],"campfire_rested":1,"item_purchase_floors":[],"current_hp_per_floor":[69,68,68,68,45,45,27,51,51,7,7,0,0],"gold":280,"neow_bonus":"BOSS_RELIC","is_daily":false,"chose_seed":false,"campfire_upgraded":1,"win_rate":0.0,"timestamp":1609031972,"path_taken":["M","M","?","M","?","R","E","R","T","E","?","E"],"items_purchased_type":[],"build_version":"2020-12-22","purchased_purges":0,"victory":false,"max_hp_per_floor":[80,80,80,80,80,80,80,80,80,80,80,80,80],"relic_stats":{"Nunchaku":[2],"counters":[7,45],"obtain_stats":[{"Nunchaku":7,"Tiny House":0,"Calipers":10,"Toxic Egg 2":9,"Burning Blood":0},{"Nunchaku":5,"Tiny House":0,"Calipers":6,"Toxic Egg 2":5,"Burning Blood":0},{"Nunchaku":27,"Tiny House":0,"Calipers":38,"Toxic Egg 2":27,"Burning Blood":0}]},"card_choices":[{"not_picked":["Shockwave","Perfected Strike"],"picked":"Pommel Strike","floor":0},{"not_picked":["Reckless Charge","Twin Strike"],"picked":"Disarm","floor":1},{"not_picked":["Havoc","Wild Strike","Dark Embrace"],"picked":"SKIP","floor":2},{"not_picked":["Thunderclap","Armaments"],"picked":"Shrug It Off","floor":4},{"not_picked":["Rupture","Juggernaut"],"picked":"Sever Soul","floor":5},{"not_picked":["Metallicize","Combust","Brutality"],"picked":"SKIP","floor":7},{"not_picked":["Blood for Blood","Wild Strike"],"picked":"Armaments+1","floor":10}],"player_experience":3002511,"relics_obtained":[{"floor":7,"key":"Nunchaku"},{"floor":9,"key":"Toxic Egg 2"},{"floor":10,"key":"Calipers"}],"event_choices":[{"damage_healed":0,"gold_gain":0,"player_choice":"Leave","damage_taken":0,"max_hp_gain":0,"max_hp_loss":0,"event_name":"FaceTrader","floor":3,"gold_loss":0},{"damage_healed":0,"gold_gain":0,"player_choice":"Fled","damage_taken":0,"max_hp_gain":0,"max_hp_loss":0,"event_name":"Scrap Ooze","floor":11,"gold_loss":0}],"is_beta":false,"boss_relics":[],"items_purged_floors":[],"is_endless":false,"potions_floor_spawned":[1,5,10],"killed_by":"Lagavulin","ascension_level":20}}