{"host":"474oh00kq6ni8dn3","time":1609105079,"event":{"mods":["AchievementEnabler","Aspiration","BaseMod","Colored Map","Colored Powertips","Conspire","Custom Start","Downfall","Googly Eyes","Hubris","Infinite Spire","Lobotomy","Minty Spire (QoL Compilation)","Permanent Neow","Quick Restart","Replay The Spire","Shop Mod","StSLib","The Bug Knight","The Construct","The Jungle"],"gold_per_floor":[99,99,117,131,144,15,15,32,101,130,149,162,12,12,29,128,128,128,144,155,165,21,21,48,48,58,75,75,110,35,47,65,167,167,167,186,186,186,197,214,238,258,258,284,284,298,2,22,32,32,32,67,20,20,20,20,20],"floor_reached":55,"playtime":5632,"items_purged":["Slimebound:Defend_Slimebound"],"score":1002,"play_id":"57071451-250b-443c-9e19-22a7139bbdd7","local_time":"20201227213759","is_ascension_mode":false,"campfire_choices":[{"floor":1.0,"key":"RECALL"},{"data":"Slimebound:Teamwork","floor":13.0,"key":"SMITH"},{"data":"Slimebound:Split","floor":18.0,"key":"SMITH"},{"data":"Slimebound:Gluttony","floor":23.0,"key":"SMITH"},{"data":"Slimebound:SlimeBarrage","floor":25.0,"key":"SMITH"},{"data":"Slimebound:SlimeBrawl","floor":30.0,"key":"SMITH"},{"data":"Slimebound:Defend_Slimebound","floor":35.0,"key":"PURGE"},{"data":"Slimebound:OozeBath","floor":43.0,"key":"SMITH"},{"data":"Slimebound:SamplingLick","floor":54,"key":"SMITH"}],"circlet_count":0,"master_deck":["Slimebound:Defend_Slimebound","Slimebound:Split+1","Slimebound:CorrosiveSpit","Slimebound:PressTheAttack","Slimebound:RainOfGoop","Slimebound:LeechingTouch","Slimebound:SlimeBarrage+1","Slimebound:Teamwork+1","Slimebound:SlimeBrawl+1","Slimebound:SlimeSpikes","Slimebound:MegaLick","Slimebound:LeechingTouch","Slimebound:LeechingTouch","Slimebound:OneTwoCombo","Slimebound:Gluttony+1","Slimebound:RallyTheTroops","Slimebound:SplitLeeching","Slimebound:SlimeBrawl+1","Slimebound:LeechEnergy","Slimebound:OozeBath+1","Slimebound:SplitMire","Slimebound:LeechEnergy","Slimebound:SlimeBarrage+1","Slimebound:LeechingTouch+1","Slimebound:SplitLeeching+1","Slimebound:Defend_Slimebound","Slimebound:Split+1","Slimebound:CorrosiveSpit","Slimebound:PressTheAttack","Slimebound:RainOfGoop","Slimebound:LeechingTouch","Slimebound:SlimeBarrage+1","Slimebound:Teamwork+1","Slimebound:SlimeBrawl+1","Slimebound:SlimeSpikes","Slimebound:MegaLick","Slimebound:LeechingTouch","Slimebound:LeechingTouch","Slimebound:OneTwoCombo","Slimebound:Gluttony+1","Slimebound:RallyTheTroops","Slimebound:SplitLeeching","Slimebound:SlimeBrawl+1","Slimebound:LeechEnergy","Slimebound:OozeBath","Slimebound:SplitMire","Slimebound:LeechEnergy","Slimebound:SlimeBarrage+1","Slimebound:LeechingTouch+1","Slimebound:SplitLeeching+1","Slimebound:SplitBruiser","Slimebound:SplitLeeching","Slimebound:SplitMire","Slimebound:LeechEnergy+1","Slimebound:OozeBath+1","Slimebound:OneTwoCombo","Slimebound:SplitMire","Slimebound:SamplingLick+1"],"relics":["Slimebound:AbsorbEndCombat","Potion Belt","Garlic","Replay:PocketPolymizer","downfall:HeartBlessingRed","downfall:HeartBlessingBlue","conspire:RoyalGoblet","Nunchaku","TungstenRod","downfall:HeartBlessingGreen","Replay:Drink Me","hubris:Towel","Pet Ghost","hubris:DeckOfHolding","ReplayTheSpireMod:Shallot","infinitespire:WardingShard","hubris:Reverence","Shuriken"],"acts_visited":["Exordium","Exordium","TheBeyond","TheEnding"],"potions_floor_usage":[55,55,55,55,55],"damage_taken":[{"damage":4.0,"enemies":"2 Louse","floor":3.0,"turns":3.0},{"damage":8.0,"enemies":"Jaw Worm","floor":4.0,"turns":3.0},{"damage":6.0,"enemies":"Small Slimes","floor":5.0,"turns":3.0},{"damage":9.0,"enemies":"downfall:FleeingMerchant","floor":6.0,"turns":4.0},{"damage":13.0,"enemies":"Blue Slaver","floor":8.0,"turns":4.0},{"damage":15.0,"enemies":"Lagavulin","floor":10.0,"turns":7.0},{"damage":4.0,"enemies":"Red Slaver","floor":11.0,"turns":3.0},{"damage":4.0,"enemies":"2 Fungi Beasts","floor":12.0,"turns":3.0},{"damage":4.0,"enemies":"Blue Slaver","floor":15.0,"turns":2.0},{"damage":41.0,"enemies":"downfall:Ironclad","floor":16.0,"turns":9.0},{"damage":20.0,"enemies":"theJungle:Flameango_and_Byrd","floor":19.0,"turns":6.0},{"damage":25.0,"enemies":"theJungle:GiantWrat","floor":20.0,"turns":5.0},{"damage":13.0,"enemies":"theJungle:2_Flameangoes","floor":21.0,"turns":7.0},{"damage":8.0,"enemies":"downfall:FleeingMerchant","floor":22.0,"turns":4.0},{"damage":16.0,"enemies":"theJungle:SlimyTreeVines","floor":26.0,"turns":4.0},{"damage":14.0,"enemies":"theJungle:Lyon","floor":27.0,"turns":5.0},{"damage":28.0,"enemies":"Nightmare","floor":29.0,"turns":8.0},{"damage":11.0,"enemies":"theJungle:2_Snecko_Cultists","floor":31.0,"turns":4.0},{"damage":12.0,"enemies":"theJungle:JungleHuntersEncounter","floor":32.0,"turns":5.0},{"damage":96.0,"enemies":"downfall:Watcher","floor":33.0,"turns":12.0},{"damage":26.0,"enemies":"3 Shapes","floor":36.0,"turns":4.0},{"damage":15.0,"enemies":"Orb Walker","floor":39.0,"turns":4.0},{"damage":30.0,"enemies":"Transient","floor":40.0,"turns":5.0},{"damage":18.0,"enemies":"Spire Growth","floor":42.0,"turns":3.0},{"damage":39.0,"enemies":"Reptomancer","floor":44.0,"turns":4.0},{"damage":40.0,"enemies":"HollowMod:SlobberingHusk","floor":46.0,"turns":6.0},{"damage":21.0,"enemies":"downfall:FleeingMerchant","floor":47.0,"turns":3.0},{"damage":30,"enemies":"Transient","floor":48,"turns":5},{"damage":18,"enemies":"Writhing Mass","floor":49,"turns":3},{"damage":44,"enemies":"downfall:Silent","floor":50,"turns":4},{"damage":30,"enemies":"downfall:CharBossMerchant","floor":52,"turns":6},{"damage":76,"enemies":"downfall:NeowBoss","floor":55,"turns":5}],"seed_played":"-4517850000795441270","potions_obtained":[{"floor":4.0,"key":"Cursed Concoction"},{"floor":10.0,"key":"Fire Potion"},{"floor":12.0,"key":"Explosive Potion"},{"floor":19.0,"key":"BlessingOfTheForge"},{"floor":21.0,"key":"Explosive Potion"},{"floor":32.0,"key":"ColorlessPotion"},{"floor":33.0,"key":"Explosive Potion"},{"floor":39.0,"key":"Ancient Potion"},{"floor":42.0,"key":"FearPotion"},{"floor":48,"key":"Swift Potion"}],"is_trial":false,"path_per_floor":["R","?","M","M","M","$","T","M","T","E","M","M","R","?","M","B",null,"R","M","M","M","$","R","T","R","M","M","?","NM","R","M","M","B",null,"R_BF","M","?","?","M","M","T","M","R","E","T","M","$","M","M","B",null,"E","$","R","B"],"character_chosen":"SLIMEBOUND","items_purchased":["Slimebound:SlimeBrawl+1","Slimebound:SlimeSpikes","Slimebound:SplitMire","infinitespire:WardingShard","hubris:Reverence","Slimebound:OozeBath+1","Slimebound:SamplingLick"],"campfire_rested":0,"item_purchase_floors":[6,6,22,47,47,47,53],"current_hp_per_floor":[60,60,60,60,60,60,60,57,57,57,60,60,70,70,70,65,70,70,62,70,70,70,70,70,70,70,68,68,63,63,70,70,54,53,53,53,53,53,48,53,53,49,49,32,32,53,49,53,53,53,53,53,53,53,0,0,0],"gold":20,"neow_bonus":"TRANSFORM_CARD","is_daily":false,"chose_seed":false,"campfire_upgraded":7,"win_rate":0.0,"timestamp":1609105079,"path_taken":["R","?","M","M","M","$","T","M","?","E","?","M","R","?","M","BOSS","R","M","M","M","$","R","T","R","M","M","?","NM","R","?","M","BOSS","R_BF","M","?","?","?","M","T","M","R","E","?","M","$","M","M","BOSS","E","$","R","BOSS"],"items_purchased_type":["Card","Card","Card","Relic","Relic","Card","Card"],"build_version":"2020-12-22","purchased_purges":1,"victory":false,"max_hp_per_floor":[60,60,60,60,60,60,60,60,60,60,60,60,70,70,70,70,70,70,70,70,70,70,70,70,70,70,70,70,70,70,70,70,70,53,53,53,53,53,53,53,53,53,53,53,53,53,53,53,53,53,53,53,53,53,53,53,53],"card_choices":[{"not_picked":["Slimebound:ViciousTackle","Slimebound:Replication"],"picked":"Slimebound:RainOfGoop","floor":3.0},{"not_picked":["Slimebound:Schlurp","Slimebound:SplitMire"],"picked":"Slimebound:LeechingTouch","floor":4.0},{"not_picked":["Slimebound:Equalize","Slimebound:ServeAndProtect"],"picked":"Slimebound:SlimeBarrage","floor":5.0},{"not_picked":["Slimebound:ServeAndProtect","Slimebound:ForwardTackle"],"picked":"Slimebound:Teamwork","floor":6.0},{"not_picked":["Slimebound:ComboTackle","Slimebound:FinishingTackle"],"picked":"Slimebound:MegaLick","floor":8.0},{"not_picked":["Slimebound:SlimeSpikes","Slimebound:FinishingTackle"],"picked":"Slimebound:LeechingTouch","floor":10.0},{"not_picked":["Slimebound:SamplingLick","Slimebound:BestDefense"],"picked":"Slimebound:LeechingTouch","floor":11.0},{"not_picked":["Slimebound:DisruptingSlam","Slimebound:MegaLick"],"picked":"Slimebound:OneTwoCombo","floor":12.0},{"not_picked":["Slimebound:GrowthPunch","Slimebound:SlimeSpikes"],"picked":"Slimebound:Gluttony","floor":15.0},{"not_picked":["Slimebound:DouseInSlime","Slimebound:CheckThePlaybook"],"picked":"Slimebound:RallyTheTroops","floor":16.0},{"not_picked":["Slimebound:Schlurp+1","Slimebound:TongueLash"],"picked":"Slimebound:SplitLeeching","floor":19.0},{"not_picked":["Slimebound:FinishingTackle+1","Slimebound:GrowthPunch"],"picked":"Slimebound:SlimeBrawl","floor":20.0},{"not_picked":["Slimebound:FinishingTackle","Slimebound:DivideAndConquer+1"],"picked":"Slimebound:LeechEnergy","floor":21.0},{"not_picked":["Slimebound:ComboTackle","Slimebound:PressTheAttack"],"picked":"Slimebound:OozeBath","floor":22.0},{"not_picked":["Slimebound:BestDefense","Slimebound:FlameTackle","Slimebound:ComboTackle"],"picked":"SKIP","floor":26.0},{"not_picked":["Slimebound:Schlurp","Slimebound:Chomp","Slimebound:ServeAndProtect"],"picked":"SKIP","floor":27.0},{"not_picked":["Slimebound:SelfFormingGoo","Slimebound:LeadByExample"],"picked":"Slimebound:LeechEnergy","floor":29.0},{"not_picked":["Slimebound:SplitAcid","Slimebound:SpikyOuterGoop"],"picked":"Slimebound:SlimeBarrage+1","floor":31.0},{"not_picked":["Slimebound:SlimeSpikes","Slimebound:SamplingLick+1"],"picked":"Slimebound:LeechingTouch+1","floor":32.0},{"not_picked":["Slimebound:DivideAndConquer","Slimebound:Repurpose"],"picked":"Slimebound:SplitLeeching+1","floor":36.0},{"not_picked":["Slimebound:PressTheAttack","Slimebound:SlimeTap","Slimebound:Grow+1"],"picked":"SKIP","floor":39.0},{"not_picked":["Slimebound:SplitBruiser","Slimebound:SamplingLick+1","Slimebound:DivideAndConquer"],"picked":"SKIP","floor":40.0},{"not_picked":["Slimebound:SamplingLick+1","Slimebound:DivideAndConquer"],"picked":"Slimebound:SplitBruiser","floor":40.0},{"not_picked":["Slimebound:ComboTackle+1","Slimebound:SlimeBarrage+1"],"picked":"Slimebound:SplitLeeching","floor":42.0},{"not_picked":["Slimebound:SlimeBrawl+1","Slimebound:MinionMaster"],"picked":"Slimebound:SplitMire","floor":44.0},{"not_picked":["Slimebound:SplitMire","Slimebound:GoopSpray"],"picked":"Slimebound:LeechEnergy+1","floor":46.0},{"not_picked":["Slimebound:Repurpose","Slimebound:MegaLick+1"],"picked":"Slimebound:OneTwoCombo","floor":48},{"not_picked":["Slimebound:LeadByExample","Slimebound:Dissolve","Slimebound:RollThrough+1"],"picked":"SKIP","floor":49},{"not_picked":["Slimebound:DivideAndConquer+1","Slimebound:TongueLash"],"picked":"Slimebound:SplitMire","floor":52}],"player_experience":41414,"relics_obtained":[{"floor":9.0,"key":"Garlic"},{"floor":10.0,"key":"Replay:PocketPolymizer"},{"floor":24.0,"key":"Nunchaku"},{"floor":29.0,"key":"TungstenRod"},{"floor":41.0,"key":"Pet Ghost"},{"floor":44.0,"key":"hubris:DeckOfHolding"},{"floor":45.0,"key":"ReplayTheSpireMod:Shallot"},{"floor":52,"key":"Shuriken"}],"event_choices":[],"is_beta":false,"boss_relics":[{"not_picked":["Velvet Choker","infinitespire:Cupcake"],"picked":"conspire:RoyalGoblet"},{"not_picked":["Cursed Key","Calling Bell"],"picked":"Replay:Drink Me"}],"items_purged_floors":[22],"is_endless":false,"potions_floor_spawned":[4,10,12,19,21,26,32,33,39,42,48],"killed_by":"downfall:NeowBoss","ascension_level":0}}