{"host":"gx7yyrn1gkym3qpb","time":1609079598,"event":{"mods":["AchievementEnabler","BaseMod","Better Altar","Better Match","Better Note","Better Sensory Stone","Better Skull","Better Third Choice","Highlight Path","Minty Spire (QoL Compilation)","Permanent Neow","Quick Restart","StSLib","Unceasing Turn Reminder"],"gold_per_floor":[111,121,134,134,154,180,180,211,211,250,277,289,301,82,82,160,160,171,184,234,87,87,116,116,128,128,128,157,157,182,192,192,268,268,278,293,304,304,321,321,355,355,355,382,282,282,157,175,175,175,175,175,25,54,54],"floor_reached":56,"playtime":3966,"items_purged":["Strike_B","Strike_B","Strike_B","Strike_B"],"score":2145,"play_id":"e9f2e12d-927f-45a4-a3f2-25f18bee589c","local_time":"20201227093318","is_ascension_mode":true,"campfire_choices":[{"data":"Lockon","floor":7,"key":"SMITH"},{"data":"Defragment","floor":12,"key":"SMITH"},{"data":"Capacitor","floor":15,"key":"SMITH"},{"floor":24,"key":"REST"},{"data":"Creative AI","floor":29,"key":"SMITH"},{"data":"Consume","floor":32,"key":"SMITH"},{"data":"Buffer","floor":40,"key":"SMITH"},{"data":"Coolheaded","floor":42,"key":"SMITH"},{"floor":46,"key":"RECALL"},{"data":"Biased Cognition","floor":49,"key":"SMITH"},{"data":"Adrenaline","floor":52,"key":"SMITH"}],"circlet_count":0,"master_deck":["AscendersBane","Defend_B","Defend_B","Defend_B","Defend_B","Zap+1","Dualcast","Biased Cognition+1","Coolheaded+1","Lockon+1","Self Repair","Sunder","Defragment+1","Adrenaline+1","Capacitor+1","Cold Snap","Buffer+1","Ball Lightning","Static Discharge+1","Glacier","Consume+1","Defragment+1","Creative AI+1","Storm+1","Force Field+1","Glacier"],"relics":["Cracked Core","Oddly Smooth Stone","Dream Catcher","MawBank","Matryoshka","Inserter","OrangePellets","MealTicket","Strawberry","DataDisk","Potion Belt","WingedGreaves","Boot","Mummified Hand","Snecko Eye","Eternal Feather","Bag of Marbles","Girya","Mercury Hourglass"],"acts_visited":["Exordium","TheCity","TheBeyond","TheEnding"],"potions_floor_usage":[5,8,10,16,30,30,55,55],"damage_taken":[{"damage":13,"enemies":"Small Slimes","floor":1,"turns":3},{"damage":2,"enemies":"Jaw Worm","floor":2,"turns":3},{"damage":0,"enemies":"Cultist","floor":3,"turns":3},{"damage":0,"enemies":"Large Slime","floor":5,"turns":4},{"damage":23,"enemies":"Gremlin Nob","floor":6,"turns":4},{"damage":28,"enemies":"3 Sentries","floor":8,"turns":7},{"damage":6,"enemies":"Gremlin Nob","floor":10,"turns":4},{"damage":6,"enemies":"3 Louse","floor":11,"turns":3},{"damage":0,"enemies":"The Guardian","floor":16,"turns":8},{"damage":25,"enemies":"3 Byrds","floor":18,"turns":6},{"damage":2,"enemies":"Spheric Guardian","floor":19,"turns":5},{"damage":21,"enemies":"Book of Stabbing","floor":23,"turns":2},{"damage":6,"enemies":"Cultist and Chosen","floor":25,"turns":7},{"damage":9,"enemies":"Gremlin Leader","floor":28,"turns":7},{"damage":0,"enemies":"Book of Stabbing","floor":30,"turns":8},{"damage":0,"enemies":"Centurion and Healer","floor":31,"turns":7},{"damage":12,"enemies":"Champ","floor":33,"turns":10},{"damage":27,"enemies":"3 Darklings","floor":35,"turns":6},{"damage":0,"enemies":"Orb Walker","floor":36,"turns":3},{"damage":22,"enemies":"3 Darklings","floor":37,"turns":3},{"damage":0,"enemies":"Sphere and 2 Shapes","floor":39,"turns":3},{"damage":0,"enemies":"Reptomancer","floor":41,"turns":4},{"damage":0,"enemies":"Giant Head","floor":44,"turns":6},{"damage":0,"enemies":"Transient","floor":48,"turns":5},{"damage":18,"enemies":"Donu and Deca","floor":50,"turns":7},{"damage":36,"enemies":"Shield and Spear","floor":54,"turns":6},{"damage":8,"enemies":"The Heart","floor":55,"turns":7}],"seed_played":"3844832948623110711","potions_obtained":[{"floor":2,"key":"Fire Potion"},{"floor":3,"key":"Energy Potion"},{"floor":6,"key":"GamblersBrew"},{"floor":18,"key":"BlessingOfTheForge"},{"floor":27,"key":"Explosive Potion"},{"floor":27,"key":"Energy Potion"},{"floor":30,"key":"Fire Potion"},{"floor":31,"key":"DuplicationPotion"},{"floor":35,"key":"Ancient Potion"},{"floor":44,"key":"Fire Potion"}],"is_trial":false,"path_per_floor":["M","M","M","?","M","E","R","E","T","E","M","R","?","$","R","B",null,"M","M","?","$","?","E","R","M","T","?","E","R","E","M","R","B",null,"M","M","M","?","M","R","E","R","T","E","$","R","$","M","R","B",null,"R","$","E","B",null],"character_chosen":"DEFECT","items_purchased":["Capacitor","Cold Snap","PowerPotion","OrangePellets"],"campfire_rested":1,"item_purchase_floors":[14,14,14,21],"current_hp_per_floor":[51,49,49,49,49,33,33,12,12,13,14,14,14,14,14,21,59,41,46,46,46,22,1,24,25,25,25,23,23,33,40,40,35,67,47,47,32,32,39,39,39,54,54,61,76,78,78,78,78,67,75,78,78,49,48],"gold":54,"neow_bonus":"ONE_RANDOM_RARE_CARD","is_daily":false,"chose_seed":false,"campfire_upgraded":9,"win_rate":0.0,"timestamp":1609079598,"path_taken":["M","M","M","?","M","E","R","E","T","E","M","R","?","$","R","BOSS","M","?","?","?","?","E","R","M","T","?","E","R","E","?","R","BOSS","M","M","M","?","M","R","E","R","T","E","$","R","?","M","R","BOSS","R","$","E","BOSS"],"items_purchased_type":["Card","Card","Potion","Relic"],"build_version":"2020-12-22","purchased_purges":4,"victory":true,"max_hp_per_floor":[71,71,71,71,71,71,71,71,71,71,71,71,71,71,71,71,71,71,71,71,71,78,78,78,78,78,78,78,78,78,78,78,78,78,78,78,78,78,78,78,78,78,78,78,78,78,78,78,78,78,78,78,78,78,78],"card_choices":[{"not_picked":["Turbo","BootSequence"],"picked":"Coolheaded","floor":1},{"not_picked":["Steam","Beam Cell","Streamline"],"picked":"SKIP","floor":2},{"not_picked":["Rebound","Compile Driver"],"picked":"Lockon","floor":3},{"not_picked":["Redo","Recycle"],"picked":"Self Repair","floor":5},{"not_picked":["FTL","Turbo","Scrape"],"picked":"SKIP","floor":6},{"not_picked":["Stack","Chaos","Turbo"],"picked":"SKIP","floor":8},{"not_picked":["FTL","Rip and Tear"],"picked":"Sunder","floor":10},{"not_picked":["Buffer","Rebound"],"picked":"Defragment","floor":11},{"not_picked":["Machine Learning","Reboot"],"picked":"Buffer","floor":16},{"not_picked":["Compile Driver+1","Barrage"],"picked":"Ball Lightning","floor":18},{"not_picked":["Sunder","Streamline"],"picked":"Static Discharge+1","floor":19},{"not_picked":["Gash","Redo"],"picked":"Glacier","floor":23},{"not_picked":["Sweeping Beam","Tempest"],"picked":"Consume","floor":24},{"not_picked":["Scrape","Compile Driver"],"picked":"Defragment","floor":25},{"not_picked":["Steam Power","Skim"],"picked":"Creative AI","floor":28},{"not_picked":["Conserve Battery","Redo","Rip and Tear"],"picked":"SKIP","floor":30},{"not_picked":["Redo","Coolheaded","Go for the Eyes"],"picked":"SKIP","floor":31},{"not_picked":["Leap","Streamline"],"picked":"Storm+1","floor":35},{"not_picked":["Hologram","Steam+1","Chill+1"],"picked":"SKIP","floor":36},{"not_picked":["Go for the Eyes+1","Heatsinks+1","Steam"],"picked":"SKIP","floor":37},{"not_picked":["Gash","Steam+1","Turbo"],"picked":"SKIP","floor":39},{"not_picked":["Force Field+1","FTL+1","Steam"],"picked":"SKIP","floor":41},{"not_picked":["FTL+1","Steam"],"picked":"Force Field+1","floor":41},{"not_picked":["Chill","Conserve Battery","Fission"],"picked":"SKIP","floor":44},{"not_picked":["Leap","Steam+1","Gash"],"picked":"SKIP","floor":48},{"not_picked":["Rebound","Chill"],"picked":"Glacier","floor":54}],"player_experience":367715,"relics_obtained":[{"floor":6,"key":"Oddly Smooth Stone"},{"floor":8,"key":"Dream Catcher"},{"floor":9,"key":"MawBank"},{"floor":10,"key":"Matryoshka"},{"floor":23,"key":"DataDisk"},{"floor":26,"key":"Potion Belt"},{"floor":26,"key":"WingedGreaves"},{"floor":28,"key":"Boot"},{"floor":30,"key":"Mummified Hand"},{"floor":41,"key":"Eternal Feather"},{"floor":43,"key":"Bag of Marbles"},{"floor":44,"key":"Girya"},{"floor":54,"key":"Mercury Hourglass"}],"event_choices":[{"damage_healed":0,"gold_gain":0,"player_choice":"Grow","damage_taken":0,"max_hp_gain":0,"max_hp_loss":0,"event_name":"Living Wall","floor":4,"gold_loss":0,"cards_upgraded":["Zap"]},{"damage_healed":0,"gold_gain":1,"player_choice":"4","damage_taken":0,"max_hp_gain":0,"max_hp_loss":0,"event_name":"betterStone:BetterStone","floor":13,"gold_loss":0,"cards_obtained":["Adrenaline"]},{"damage_healed":0,"gold_gain":100,"player_choice":"Bet on Murderer","damage_taken":0,"max_hp_gain":0,"max_hp_loss":0,"event_name":"The Joust","floor":20,"gold_loss":50},{"damage_healed":0,"gold_gain":0,"player_choice":"RE RE ","damage_taken":35,"relics_obtained":["MealTicket","Strawberry"],"max_hp_gain":0,"max_hp_loss":0,"event_name":"betterSkull:BetterSkull","floor":22,"gold_loss":0,"cards_upgraded":[]},{"damage_healed":0,"gold_gain":0,"player_choice":"Got Potions","damage_taken":0,"max_hp_gain":0,"max_hp_loss":0,"event_name":"Lab","floor":27,"gold_loss":0},{"damage_healed":0,"gold_gain":0,"player_choice":"Forge","damage_taken":0,"max_hp_gain":0,"max_hp_loss":0,"event_name":"Accursed Blacksmith","floor":38,"gold_loss":0,"cards_upgraded":["Defragment"]}],"is_beta":false,"boss_relics":[{"not_picked":["Calling Bell","FrozenCore"],"picked":"Inserter"},{"not_picked":["Empty Cage","Nuclear Battery"],"picked":"Snecko Eye"}],"items_purged_floors":[14,45,47,53],"is_endless":false,"potions_floor_spawned":[2,3,6,18,30,31,35,44,48],"ascension_level":15}}