{"host":"9ndbo4kgsfoemf7y","time":1609058170,"event":{"mods":["AchievementEnabler","BaseMod","Colored Map","DeckTracker","Keyboard Shortcuts","Minty Spire (QoL Compilation)","Permanent Neow","Quick Restart","Relic Stats","StSLib","SuperFastMode"],"gold_per_floor":[109,284,303,378,378,404,404,434,434,434,434,445,445,51,51,149,149,161,174,194,205,205,205,237,237,284,298,298,328,96,130,130,235,235,251,46,62,0,50,84,84,84,84],"floor_reached":42,"playtime":2288,"items_purged":["Doubt","Strike_B"],"score":621,"play_id":"6bcecef1-669b-4611-9226-6cf0df9bd29c","local_time":"20201227173610","is_ascension_mode":true,"campfire_choices":[{"data":"Hologram","floor":7.0,"key":"SMITH"},{"data":"Genetic Algorithm","floor":10.0,"key":"SMITH"},{"data":"Defragment","floor":15.0,"key":"SMITH"},{"data":"Reboot","floor":23.0,"key":"SMITH"},{"data":"Defragment","floor":25.0,"key":"SMITH"},{"data":"Cold Snap","floor":28.0,"key":"SMITH"},{"data":"Buffer","floor":32.0,"key":"SMITH"},{"data":"Seek","floor":41,"key":"SMITH"}],"circlet_count":0,"master_deck":["Strike_B","Strike_B+1","Strike_B","Defend_B","Defend_B","Defend_B","Defend_B+1","Zap+1","Dualcast+1","Cold Snap+1","Hologram+1","Chill+1","Genetic Algorithm+1","Defragment+1","Reboot+1","Go for the Eyes+1","Sweeping Beam+1","Defragment+1","Melter+1","Buffer+1","Seek+1","Skim","Barrage","Decay"],"relics":["Cracked Core","NeowsBlessing","Matryoshka","MealTicket","Blue Candle","Gremlin Horn","War Paint","Unceasing Top","Inserter","SsserpentHead","Eternal Feather","Blood Vial","Orichalcum","Nunchaku","Juzu Bracelet","The Courier","Nuclear Battery","Medical Kit","Red Mask","Omamori"],"acts_visited":["Exordium","TheCity","TheBeyond"],"potions_floor_usage":[33,33,42,42],"damage_taken":[{"damage":0.0,"enemies":"Cultist","floor":1.0,"turns":1.0},{"damage":0.0,"enemies":"Jaw Worm","floor":3.0,"turns":1.0},{"damage":0.0,"enemies":"3 Sentries","floor":6.0,"turns":1.0},{"damage":33.0,"enemies":"Gremlin Nob","floor":8.0,"turns":5.0},{"damage":3.0,"enemies":"Small Slimes","floor":12.0,"turns":4.0},{"damage":19.0,"enemies":"Hexaghost","floor":16.0,"turns":15.0},{"damage":22.0,"enemies":"Chosen","floor":18.0,"turns":7.0},{"damage":3.0,"enemies":"Shell Parasite","floor":19.0,"turns":6.0},{"damage":2.0,"enemies":"Chosen and Byrds","floor":20.0,"turns":6.0},{"damage":0.0,"enemies":"Centurion and Healer","floor":21.0,"turns":12.0},{"damage":30.0,"enemies":"Book of Stabbing","floor":24.0,"turns":7.0},{"damage":0.0,"enemies":"Cultist and Chosen","floor":27.0,"turns":7.0},{"damage":12.0,"enemies":"Slavers","floor":29.0,"turns":6.0},{"damage":0.0,"enemies":"Gremlin Leader","floor":31.0,"turns":7.0},{"damage":20,"enemies":"Collector","floor":33,"turns":12},{"damage":2,"enemies":"Orb Walker","floor":35,"turns":4},{"damage":3,"enemies":"3 Darklings","floor":37,"turns":6},{"damage":52,"enemies":"Nemesis","floor":40,"turns":9},{"damage":38,"enemies":"Giant Head","floor":42,"turns":9}],"seed_played":"3469825554845128613","potions_obtained":[{"floor":12.0,"key":"PotionOfCapacity"},{"floor":16.0,"key":"SkillPotion"},{"floor":21.0,"key":"Energy Potion"},{"floor":27.0,"key":"Explosive Potion"},{"floor":29.0,"key":"SteroidPotion"},{"floor":33,"key":"EssenceOfSteel"},{"floor":40,"key":"SkillPotion"}],"is_trial":false,"path_per_floor":["M","?","M","?","?","E","R","E","T","R","?","M","?","$","R","B",null,"M","M","M","M","?","R","E","R","T","M","R","E","$","E","R","B",null,"M","$","M","?","?","E","R","E"],"character_chosen":"DEFECT","items_purchased":["Defragment","Unceasing Top","Juzu Bracelet","Medical Kit"],"campfire_rested":0,"item_purchase_floors":[14,14,30,36],"current_hp_per_floor":[75,75,75,64,57,57,57,24,24,24,9,6,6,21,21,2,75,53,50,48,48,48,48,18,30,30,32,44,34,49,51,63,45,75,73,75,72,72,72,22,34,0,0],"gold":84,"neow_bonus":"THREE_ENEMY_KILL","is_daily":false,"chose_seed":false,"campfire_upgraded":8,"win_rate":0.0,"timestamp":1609058170,"path_taken":["M","?","M","?","?","E","R","E","T","R","?","M","?","$","R","BOSS","M","M","?","M","?","R","E","R","T","M","R","E","$","E","R","BOSS","M","$","M","?","?","E","R","E"],"items_purchased_type":["Card","Relic","Relic","Relic"],"build_version":"2020-12-22","purchased_purges":2,"victory":false,"max_hp_per_floor":[75,75,75,75,75,75,75,75,75,75,75,75,75,75,75,75,75,75,75,75,75,75,75,75,75,75,75,75,75,75,75,75,75,75,75,75,75,75,75,75,75,75,75],"relic_stats":{"Inserter":[49],"Gremlin Horn":[18,18],"counters":[19,125],"Blue Candle":[1],"Eternal Feather":48,"Juzu Bracelet":0,"War Paint":["Defend_B","Dualcast"],"Orichalcum":[96],"Medical Kit":[9],"Blood Vial":12,"SsserpentHead":100,"Nunchaku":[10],"MealTicket":32,"obtain_stats":[{"Inserter":17,"NeowsBlessing":0,"Gremlin Horn":9,"Blue Candle":8,"Eternal Feather":24,"The Courier":31,"Juzu Bracelet":30,"Omamori":40,"War Paint":9,"Orichalcum":26,"Medical Kit":36,"Nuclear Battery":34,"Blood Vial":26,"SsserpentHead":22,"Nunchaku":29,"Matryoshka":5,"MealTicket":6,"Red Mask":38,"Cracked Core":0,"Unceasing Top":14},{"Inserter":6,"NeowsBlessing":0,"Gremlin Horn":4,"Blue Candle":4,"Eternal Feather":11,"The Courier":14,"Juzu Bracelet":13,"Omamori":18,"War Paint":4,"Orichalcum":11,"Medical Kit":16,"Nuclear Battery":15,"Blood Vial":11,"SsserpentHead":10,"Nunchaku":13,"Matryoshka":2,"MealTicket":3,"Red Mask":17,"Cracked Core":0,"Unceasing Top":5},{"Inserter":27,"NeowsBlessing":0,"Gremlin Horn":8,"Blue Candle":8,"Eternal Feather":65,"The Courier":85,"Juzu Bracelet":78,"Omamori":116,"War Paint":8,"Orichalcum":65,"Medical Kit":101,"Nuclear Battery":97,"Blood Vial":65,"SsserpentHead":58,"Nunchaku":78,"Matryoshka":2,"MealTicket":3,"Red Mask":107,"Cracked Core":0,"Unceasing Top":12}],"Unceasing Top":[11]},"card_choices":[{"not_picked":["Leap","Stack"],"picked":"Cold Snap","floor":1.0},{"not_picked":["Ball Lightning","Cold Snap"],"picked":"Hologram","floor":3.0},{"not_picked":["Compile Driver","Hologram"],"picked":"Chill","floor":6.0},{"not_picked":["Capacitor","Heatsinks"],"picked":"Genetic Algorithm","floor":8.0},{"not_picked":["Auto Shields","Fusion","Tempest"],"picked":"SKIP","floor":12.0},{"not_picked":["Machine Learning","Core Surge"],"picked":"Reboot","floor":16.0},{"not_picked":["Conserve Battery","Genetic Algorithm+1"],"picked":"Go for the Eyes+1","floor":18.0},{"not_picked":["Compile Driver","Steam"],"picked":"Sweeping Beam+1","floor":19.0},{"not_picked":["Compile Driver","Hologram","Reprogram"],"picked":"SKIP","floor":20.0},{"not_picked":["Loop","Conserve Battery"],"picked":"Defragment","floor":21.0},{"not_picked":["Gash","Turbo"],"picked":"Melter+1","floor":24.0},{"not_picked":["Rebound","Redo","Biased Cognition"],"picked":"SKIP","floor":27.0},{"not_picked":["Darkness","Genetic Algorithm","Rainbow"],"picked":"SKIP","floor":29.0},{"not_picked":["Hologram+1","Coolheaded"],"picked":"Buffer","floor":31.0},{"not_picked":["Creative AI","Core Surge"],"picked":"Seek","floor":33},{"not_picked":["Leap","Cold Snap+1"],"picked":"Skim","floor":35},{"not_picked":["Tempest+1","Stack+1"],"picked":"Barrage","floor":37},{"not_picked":["Beam Cell+1","Cold Snap","Hello World+1"],"picked":"SKIP","floor":40}],"player_experience":751917,"relics_obtained":[{"floor":6.0,"key":"MealTicket"},{"floor":8.0,"key":"Blue Candle"},{"floor":9.0,"key":"Gremlin Horn"},{"floor":9.0,"key":"War Paint"},{"floor":24.0,"key":"Eternal Feather"},{"floor":26.0,"key":"Blood Vial"},{"floor":26.0,"key":"Orichalcum"},{"floor":29.0,"key":"Nunchaku"},{"floor":31.0,"key":"The Courier"},{"floor":40,"key":"Omamori"}],"event_choices":[{"damage_healed":0.0,"max_hp_gain":0.0,"max_hp_loss":0.0,"gold_gain":175.0,"event_name":"Liars Game","player_choice":"AGREE","floor":2.0,"gold_loss":0.0,"damage_taken":0.0,"cards_obtained":["Doubt"]},{"damage_healed":0.0,"max_hp_gain":0.0,"max_hp_loss":0.0,"gold_gain":75.0,"event_name":"World of Goop","player_choice":"Gather Gold","floor":4.0,"gold_loss":0.0,"damage_taken":11.0},{"damage_healed":0.0,"max_hp_gain":0.0,"max_hp_loss":0.0,"gold_gain":0.0,"event_name":"Scrap Ooze","player_choice":"Success","floor":5.0,"gold_loss":0.0,"damage_taken":7.0,"relics_obtained":["Matryoshka"]},{"damage_healed":0.0,"max_hp_gain":0.0,"max_hp_loss":0.0,"gold_gain":0.0,"event_name":"Shining Light","player_choice":"Entered Light","floor":11.0,"gold_loss":0.0,"damage_taken":15.0,"cards_upgraded":["Chill","Strike_B"]},{"damage_healed":0.0,"max_hp_gain":0.0,"max_hp_loss":0.0,"gold_gain":0.0,"event_name":"Upgrade Shrine","player_choice":"Upgraded","floor":13.0,"gold_loss":0.0,"damage_taken":0.0,"cards_upgraded":["Zap"]},{"damage_healed":0.0,"max_hp_gain":0.0,"max_hp_loss":0.0,"gold_gain":0.0,"event_name":"FaceTrader","player_choice":"Trade","floor":22.0,"gold_loss":0.0,"damage_taken":0.0,"relics_obtained":["SsserpentHead"]},{"damage_healed":0,"gold_gain":0,"player_choice":"Paid","damage_taken":0,"relics_obtained":["Red Mask"],"max_hp_gain":0,"max_hp_loss":0,"event_name":"Tomb of Lord Red Mask","floor":38,"gold_loss":112},{"damage_healed":0,"gold_gain":0,"player_choice":"Cursed","damage_taken":0,"max_hp_gain":0,"max_hp_loss":0,"event_name":"Wheel of Change","floor":39,"gold_loss":0,"cards_obtained":["Decay"]}],"is_beta":false,"boss_relics":[{"not_picked":["Fusion Hammer","Calling Bell"],"picked":"Inserter"},{"not_picked":["SlaversCollar","Black Star"],"picked":"Nuclear Battery"}],"items_purged_floors":[30,36],"is_endless":false,"potions_floor_spawned":[12,16,21,27,29,33,40],"killed_by":"Giant Head","ascension_level":3}}