{"host":"qj91dvco5uhu9oti","time":1609094515,"event":{"mods":["BaseMod","Colored Map","Keyboard Shortcuts","Minty Spire (QoL Compilation)","Permanent Neow","Relic Stats","StSLib","SuperFastMode","everything is the same but u backflip on backflip"],"gold_per_floor":[114,64,64,81,81,81,106,106,129,142,12,12,42,58,58,132,132,104,124,124,44,54,54,54],"floor_reached":23,"playtime":562,"items_purged":["Strike_R","Strike_R"],"score":398,"play_id":"e9f14165-dbd3-4426-81d7-4996d2f0a058","local_time":"20201228034155","is_ascension_mode":true,"campfire_choices":[{"data":"Feed","floor":6.0,"key":"SMITH"},{"data":"True Grit","floor":8.0,"key":"SMITH"},{"data":"Rampage","floor":12.0,"key":"SMITH"},{"data":"Metallicize","floor":15.0,"key":"SMITH"}],"circlet_count":0,"master_deck":["AscendersBane","Strike_R","Strike_R","Defend_R","Defend_R","Defend_R","Defend_R","Bash","Feed+1","True Grit+1","Fire Breathing","Rampage+1","Shrug It Off","Rage","Metallicize+1","Fiend Fire","Sentinel","True Grit+1"],"relics":["Burning Blood","Art of War","Lantern","Blood Vial","Philosopher\u0027s Stone","The Courier"],"acts_visited":["Exordium","TheCity"],"potions_floor_usage":[22],"damage_taken":[{"damage":6.0,"enemies":"2 Louse","floor":1.0,"turns":3.0},{"damage":2.0,"enemies":"Small Slimes","floor":4.0,"turns":4.0},{"damage":25.0,"enemies":"3 Sentries","floor":7.0,"turns":5.0},{"damage":2.0,"enemies":"Cultist","floor":10.0,"turns":4.0},{"damage":29.0,"enemies":"Lagavulin","floor":13.0,"turns":9.0},{"damage":2.0,"enemies":"Gremlin Gang","floor":14.0,"turns":2.0},{"damage":22.0,"enemies":"The Guardian","floor":16.0,"turns":12.0},{"damage":30,"enemies":"2 Thieves","floor":18,"turns":4},{"damage":19,"enemies":"Shell Parasite","floor":19,"turns":7},{"damage":40,"enemies":"3 Cultists","floor":22,"turns":7},{"damage":24,"enemies":"Slavers","floor":23,"turns":1}],"seed_played":"-8531960722599189345","potions_obtained":[{"floor":13.0,"key":"Explosive Potion"},{"floor":14.0,"key":"Weak Potion"},{"floor":19,"key":"Fire Potion"}],"is_trial":false,"path_per_floor":["M","$","?","M","?","R","E","R","T","M","$","R","E","M","R","B",null,"M","M","?","$","M","E"],"character_chosen":"IRONCLAD","items_purchased":["True Grit","Shrug It Off"],"campfire_rested":0,"item_purchase_floors":[2,11],"current_hp_per_floor":[71,71,76,79,79,79,60,60,60,68,68,68,45,55,55,41,76,54,43,43,43,11,0,0],"gold":54,"neow_bonus":"THREE_RARE_CARDS","is_daily":false,"chose_seed":false,"campfire_upgraded":4,"win_rate":0.0,"timestamp":1609094515,"path_taken":["M","$","?","M","?","R","E","R","T","M","$","R","E","?","R","BOSS","M","?","?","$","?","E"],"items_purchased_type":["Card","Card"],"build_version":"2020-12-22","purchased_purges":2,"victory":false,"max_hp_per_floor":[71,71,76,79,79,79,79,79,79,83,83,83,83,87,87,87,87,87,87,87,87,87,87,87],"relic_stats":{"Blood Vial":12,"counters":[11,58],"Art of War":[7],"obtain_stats":[{"Blood Vial":13,"Lantern":9,"Philosopher\u0027s Stone":17,"The Courier":20,"Art of War":7,"Burning Blood":0},{"Blood Vial":5,"Lantern":3,"Philosopher\u0027s Stone":7,"The Courier":9,"Art of War":3,"Burning Blood":0},{"Blood Vial":25,"Lantern":12,"Philosopher\u0027s Stone":39,"The Courier":50,"Art of War":12,"Burning Blood":0}],"Burning Blood":56},"card_choices":[{"not_picked":["Berserk","Limit Break"],"picked":"Feed","floor":0.0},{"not_picked":["Cleave","Sever Soul","Clothesline"],"picked":"SKIP","floor":1.0},{"not_picked":["Sever Soul","Warcry"],"picked":"Fire Breathing","floor":4.0},{"not_picked":["Anger","Pummel","Perfected Strike"],"picked":"SKIP","floor":7.0},{"not_picked":["Dropkick","True Grit"],"picked":"Rampage","floor":10.0},{"not_picked":["Body Slam","Flex"],"picked":"Rage","floor":13.0},{"not_picked":["Clash","Havoc"],"picked":"Metallicize","floor":14.0},{"not_picked":["Demon Form","Reaper"],"picked":"Fiend Fire","floor":16.0},{"not_picked":["Body Slam","Carnage"],"picked":"Sentinel","floor":18},{"not_picked":["Sword Boomerang","Iron Wave","Spot Weakness"],"picked":"SKIP","floor":19},{"not_picked":["Fire Breathing","Combust"],"picked":"True Grit+1","floor":22}],"player_experience":306006,"relics_obtained":[{"floor":7.0,"key":"Art of War"},{"floor":9.0,"key":"Lantern"},{"floor":13.0,"key":"Blood Vial"}],"event_choices":[{"damage_healed":0.0,"max_hp_gain":5.0,"max_hp_loss":0.0,"gold_gain":0.0,"event_name":"Big Fish","player_choice":"Donut","floor":3.0,"gold_loss":0.0,"damage_taken":0.0},{"cards_removed":["Strike_R"],"damage_healed":0.0,"max_hp_gain":0.0,"max_hp_loss":0.0,"gold_gain":0.0,"event_name":"Purifier","player_choice":"Purged","floor":5.0,"gold_loss":0.0,"damage_taken":0.0},{"damage_healed":0,"gold_gain":0,"player_choice":"Gave Potion","damage_taken":0,"relics_obtained":["The Courier"],"max_hp_gain":0,"max_hp_loss":0,"event_name":"WeMeetAgain","floor":20,"gold_loss":0}],"is_beta":false,"boss_relics":[{"not_picked":["SacredBark","Velvet Choker"],"picked":"Philosopher\u0027s Stone"}],"items_purged_floors":[11,21],"is_endless":false,"potions_floor_spawned":[13,14,19],"killed_by":"Slavers","ascension_level":20}}