{"host":"ff0k6g9g9j8o52vm","time":1609098757,"event":{"mods":["AchievementEnabler","Astrologer","BaseMod","Beaked The Cultist","Colored Map","Colored Powertips","Downfall","Duelist Mod","GifTheSpireLib","Gremlin Mod","Hermit","Highlight Path","Hubris","Infinite Spire","Jorbs\u0027s Wanderer Trilogy","Koishi","Marisa????????","Minty Spire (QoL Compilation)","Quick Restart","Replay The Spire","StSLib","The Animator","The Bug Knight","The Construct","The Cursed","The Disciple","The Forsaken","The Hayseed","The Hierophant","The Judge","The Jungle","The Mystic","The Necromancer","The Poker Player","The Runesmith","The Senshi","The Servant 0.9.4","TheArtist"],"gold_per_floor":[123,150,179,195,187,187,209,209,209,209,209,224,267,44,44,154,154,175,209,7,7,34,34,34,34,58,9,9,9,9,32,32,149,149,181,204,204,224,241,241,87,110,137,158,158,171,171,187,187,195,195],"floor_reached":50,"playtime":4939,"items_purged":["animator:Strike","animator:Strike"],"score":471,"play_id":"2681aa0b-0583-4bc6-a1e5-f4ed9f4eb8e9","local_time":"20201227115237","is_ascension_mode":false,"campfire_choices":[{"data":"animator:KrulTepes","floor":6,"key":"SMITH"},{"data":"animator:Vesta","floor":8,"key":"SMITH"},{"data":"animator:Shion","floor":11,"key":"SMITH"},{"data":"animator:YunYun","floor":15,"key":"SMITH"},{"data":"animator:HigakiRinne","floor":23,"key":"SMITH"},{"floor":25,"key":"REST"},{"data":"animator:Aqua","floor":29,"key":"SMITH"},{"floor":32,"key":"REST"},{"floor":40,"key":"REST"},{"floor":45,"key":"REST"},{"floor":47,"key":"REST"}],"circlet_count":0,"master_deck":["animator:Strike_Konosuba","animator:Defend_Konosuba","animator:Defend","animator:Defend","animator:Defend","animator:Kazuma","animator:Aqua+1","animator:Shion+1","animator:Emonzaemon","animator:Mitsurugi","animator:Chris","animator:KrulTepes+1","animator:Vesta+1","animator:YunYun+1","animator:ChaikaTrabant+1","animator:HigakiRinne+1","animator:Arpeggio+1","animator:Shuna","animator:Benimaru","animator:Wiz","animator:TsurugaMeisai+1","Wraith","animator:Darkness","animator:Darkness","Parasite","animator:Witch+1","animator:Mitsuba+1"],"relics":["animator:VividPicture","animator:TheMissingPiece","Mummified Hand","CultistMask","Red Skull","SacredBark","Happy Flower","CaptainsWheel","Akabeko","hubris:Towel","ReplayFunnel"],"acts_visited":["Exordium","TheCity","TheBeyond"],"potions_floor_usage":[13,13,13,16,33,35,38,38,42,46,50,50],"damage_taken":[{"damage":4,"enemies":"Jaw Worm","floor":1,"turns":10},{"damage":23,"enemies":"infinitespire:Voidling","floor":2,"turns":8},{"damage":0,"enemies":"2 Louse","floor":3,"turns":2},{"damage":5,"enemies":"Looter","floor":4,"turns":3},{"damage":7,"enemies":"Exordium Thugs","floor":5,"turns":4},{"damage":6,"enemies":"2 Fungi Beasts","floor":7,"turns":3},{"damage":0,"enemies":"Looter","floor":12,"turns":4},{"damage":10,"enemies":"HollowMod:MossKnight","floor":13,"turns":2},{"damage":22,"enemies":"Hexaghost","floor":16,"turns":8},{"damage":2,"enemies":"Chosen","floor":18,"turns":3},{"damage":30,"enemies":"Snake Plant","floor":19,"turns":3},{"damage":20,"enemies":"Centurion and Healer","floor":31,"turns":5},{"damage":54,"enemies":"hubris:MusketHawk","floor":33,"turns":7},{"damage":6,"enemies":"3 Shapes","floor":35,"turns":3},{"damage":4,"enemies":"Orb Walker","floor":36,"turns":3},{"damage":48,"enemies":"3 Darklings","floor":38,"turns":5},{"damage":11,"enemies":"Sphere and 2 Shapes","floor":39,"turns":4},{"damage":26,"enemies":"Writhing Mass","floor":42,"turns":5},{"damage":6,"enemies":"4 Shapes","floor":44,"turns":4},{"damage":27,"enemies":"3 Darklings","floor":46,"turns":5},{"damage":16,"enemies":"Sphere and 2 Shapes","floor":48,"turns":5},{"damage":46,"enemies":"Time Eater","floor":50,"turns":6}],"seed_played":"4865903339721822555","potions_obtained":[{"floor":1,"key":"Adrenaline Potion"},{"floor":5,"key":"Adrenaline Potion"},{"floor":7,"key":"champ:CounterPotion"},{"floor":19,"key":"Fire Potion"},{"floor":36,"key":"GamblersBrew"},{"floor":38,"key":"LiquidBronze"},{"floor":42,"key":"PowerPotion"},{"floor":46,"key":"Elixir"},{"floor":48,"key":"AttackPotion"},{"floor":49,"key":"sneckomod:MuddlingPotion"}],"is_trial":false,"path_per_floor":["M","M","M","M","M","R","M","R","T","?","R","M","E","$","R","B",null,"M","M","$","?","?","R","?","R","T","$","?","R","?","M","R","B",null,"M","M","?","M","M","R","$","M","T","M","R","M","R","M","R_BF","B"],"character_chosen":"THE_ANIMATOR","items_purchased":["animator:ChaikaTrabant+1","Strength Potion","Happy Flower","champ:CounterPotion","AttackPotion","animator:Darkness"],"campfire_rested":5,"item_purchase_floors":[14,14,20,20,27,41],"current_hp_per_floor":[70,70,70,68,63,63,60,60,60,60,60,62,54,54,54,35,75,73,43,43,46,46,46,31,55,55,55,55,55,55,39,64,14,85,79,78,78,33,25,50,50,27,27,24,49,25,50,37,37,0,0],"gold":195,"neow_bonus":"TEN_PERCENT_HP_BONUS","is_daily":false,"chose_seed":false,"campfire_upgraded":6,"win_rate":0.0,"timestamp":1609098757,"path_taken":["M","M","M","M","M","R","M","R","T","?","R","M","E","$","R","BOSS","M","?","$","?","?","R","?","R","T","$","?","R","?","M","R","BOSS","M","?","?","M","M","R","$","M","T","M","R","M","R","M","R_BF","BOSS"],"items_purchased_type":["Card","Potion","Relic","Potion","Potion","Card"],"build_version":"2020-12-22","purchased_purges":2,"victory":false,"max_hp_per_floor":[72,72,72,73,73,73,74,74,74,74,74,74,74,74,74,75,75,75,75,75,78,78,78,83,83,83,83,83,83,83,84,84,85,85,85,85,85,85,85,85,85,85,85,85,85,85,85,85,85,85,85],"card_choices":[{"not_picked":["animator:LeleiLaLalena","animator:GuildGirl"],"picked":"animator:Shion","floor":1},{"not_picked":["animator:Shinoa","animator:ZankiKiguchi"],"picked":"animator:Emonzaemon","floor":2},{"not_picked":["animator:Kazuma","animator:Megumin"],"picked":"animator:Mitsurugi","floor":3},{"not_picked":["animator:Kazuma","animator:Mitsurugi"],"picked":"animator:Chris","floor":4},{"not_picked":["animator:AcuraAkari","animator:Layla"],"picked":"animator:KrulTepes","floor":5},{"not_picked":["animator:Tyuule","animator:Millim"],"picked":"animator:Vesta","floor":7},{"not_picked":["animator:Kuribayashi","animator:Spearman","animator:HighElfArcher"],"picked":"SKIP","floor":12},{"not_picked":["animator:Verdia","animator:Chris"],"picked":"animator:YunYun","floor":13},{"not_picked":["animator:GoblinSlayer","animator:FeridBathory"],"picked":"animator:HigakiRinne","floor":16},{"not_picked":["animator:Tyuule","animator:Konayuki+1"],"picked":"animator:Arpeggio+1","floor":18},{"not_picked":["animator:UneriGinkaku","animator:ChaikaBohdan"],"picked":"animator:Shuna","floor":19},{"not_picked":["animator:UneriGinkaku","animator:Millim"],"picked":"animator:Benimaru","floor":31},{"not_picked":["animator:Rimuru","animator:ItamiYouji"],"picked":"animator:Wiz","floor":33},{"not_picked":["animator:CowGirl","animator:Tyuule"],"picked":"animator:TsurugaMeisai+1","floor":35},{"not_picked":["animator:RoryMercury+1","animator:Bozes","animator:Guy+1"],"picked":"SKIP","floor":36},{"not_picked":["animator:Guy+1","animator:Vesta+1","animator:CrowleyEusford+1"],"picked":"SKIP","floor":38},{"not_picked":["animator:Viivi","animator:Tyuule+1","animator:Kazuma"],"picked":"SKIP","floor":39},{"not_picked":["animator:Kuribayashi+1","animator:Guy+1"],"picked":"animator:Witch+1","floor":42},{"not_picked":["animator:UneriGinkaku+1","animator:Viivi+1"],"picked":"animator:Mitsuba+1","floor":44},{"not_picked":["animator:ChaikaBohdan","animator:Shion+1","animator:Priestess"],"picked":"SKIP","floor":46},{"not_picked":["animator:Tyuule+1","animator:Bozes","animator:YaoHaDucy+1"],"picked":"SKIP","floor":48}],"player_experience":873645,"relics_obtained":[{"floor":9,"key":"Mummified Hand"},{"floor":13,"key":"Red Skull"},{"floor":22,"key":"CaptainsWheel"},{"floor":26,"key":"Akabeko"},{"floor":43,"key":"ReplayFunnel"}],"event_choices":[{"damage_healed":0,"gold_gain":0,"player_choice":"Trade","damage_taken":0,"relics_obtained":["CultistMask"],"max_hp_gain":0,"max_hp_loss":0,"event_name":"FaceTrader","floor":10,"gold_loss":0},{"damage_healed":0,"gold_gain":0,"player_choice":"Shed Blood","damage_taken":20,"max_hp_gain":5,"max_hp_loss":0,"event_name":"Forgotten Altar","floor":24,"gold_loss":0},{"cards_removed":["animator:Strike"],"damage_healed":0,"gold_gain":0,"player_choice":"Offered Basic","damage_taken":0,"max_hp_gain":0,"max_hp_loss":0,"event_name":"Bonfire Elementals","floor":30,"gold_loss":0},{"damage_healed":0,"gold_gain":0,"player_choice":"Ignored","damage_taken":0,"max_hp_gain":0,"max_hp_loss":0,"event_name":"OrinTheCat","floor":37,"gold_loss":0}],"is_beta":false,"boss_relics":[{"not_picked":["infinitespire:Cupcake","Velvet Choker"],"picked":"SacredBark"},{"not_picked":["hubris:VirtuousBlindfold","Runesmith:UraniumAnvil"],"picked":"animator:VividPicture"}],"items_purged_floors":[14,41],"is_endless":false,"potions_floor_spawned":[1,5,7,12,19,36,38,42,46,48],"killed_by":"Time Eater","ascension_level":0}}