{"host":"kw4o7b3ro2ktmmbe","time":1609035652,"event":{"mods":["BaseMod","Evolution","Minty Spire (QoL Compilation)","StSLib","The Death Knight","Treasure Hunter"],"gold_per_floor":[208,208,220,235,185,185,185,199,222,222,235,256,112,132,132,256,256,269,194,38,113,129,129,162,185,185,232,246,246,246,271,271,271,271],"floor_reached":33,"playtime":1824,"items_purged":[],"score":428,"play_id":"014ca19d-c05f-4ed0-8159-da5956207c34","local_time":"20201227152052","is_ascension_mode":true,"campfire_choices":[{"data":"DeathKnight:UnholyPresence","floor":6.0,"key":"SMITH"},{"data":"DeathKnight:DarkSuccor","floor":15.0,"key":"SMITH"},{"data":"DeathKnight:Defile","floor":23.0,"key":"SMITH"},{"data":"DeathKnight:Simulacrum","floor":32,"key":"SMITH"}],"circlet_count":0,"master_deck":["DeathKnight:Strike_DeathKnight","DeathKnight:Strike_DeathKnight","DeathKnight:Strike_DeathKnight","DeathKnight:Strike_DeathKnight","DeathKnight:Defend_DeathKnight","DeathKnight:Defend_DeathKnight+1","DeathKnight:Defend_DeathKnight","DeathKnight:RuneTap","DeathKnight:Parry","DeathKnight:UnholyPresence+1","DeathKnight:AntiMagicShell+1","DeathKnight:HowlingBlast","TH:DeckOfManyThings","DeathKnight:Pestilence","DeathKnight:DarkSuccor+1","TH:ArmorSpikes","DeathKnight:Defile+1","TH:ElvenBoots","DeathKnight:Simulacrum+1","DeathKnight:Pestilence","TH:CursedSword","TH:ElvenBoots","DeathKnight:BloodStrike","DeathKnight:PlagueStrike+1"],"relics":["EVO:Axolotl","Coffee Dripper","MealTicket","Golden Idol","Bronze Scales","DeathKnight:Shadowmourne","Bag of Marbles","StoneCalendar","Potion Belt","DeathKnight:CorpseWagon"],"acts_visited":["Exordium","TheCity"],"potions_floor_usage":[29,33,33],"damage_taken":[{"damage":5.0,"enemies":"Small Slimes","floor":1.0,"turns":4.0},{"damage":0.0,"enemies":"2 Louse","floor":3.0,"turns":3.0},{"damage":0.0,"enemies":"Cultist","floor":4.0,"turns":4.0},{"damage":11.0,"enemies":"Exordium Thugs","floor":8.0,"turns":8.0},{"damage":0.0,"enemies":"2 Fungi Beasts","floor":11.0,"turns":3.0},{"damage":0.0,"enemies":"Lots of Slimes","floor":12.0,"turns":1.0},{"damage":3.0,"enemies":"3 Louse","floor":14.0,"turns":2.0},{"damage":0.0,"enemies":"Slime Boss","floor":16.0,"turns":6.0},{"damage":10.0,"enemies":"Chosen","floor":18.0,"turns":4.0},{"damage":9.0,"enemies":"Spheric Guardian","floor":22.0,"turns":4.0},{"damage":30.0,"enemies":"Slavers","floor":24.0,"turns":5.0},{"damage":0.0,"enemies":"Snecko","floor":25.0,"turns":3.0},{"damage":9.0,"enemies":"Chosen and Byrds","floor":28.0,"turns":4.0},{"damage":0,"enemies":"Book of Stabbing","floor":29,"turns":1},{"damage":14,"enemies":"Shelled Parasite and Fungi","floor":31,"turns":4},{"damage":21,"enemies":"Collector","floor":33,"turns":2}],"seed_played":"-6558488396333766397","potions_obtained":[{"floor":4.0,"key":"Strength Potion"},{"floor":8.0,"key":"PowerPotion"},{"floor":11.0,"key":"AttackPotion"},{"floor":24.0,"key":"SmokeBomb"},{"floor":28.0,"key":"Swift Potion"},{"floor":31,"key":"Strength Potion"}],"is_trial":false,"path_per_floor":["M","?","M","M","?","R","?","M","T","?","M","M","$","M","R","B",null,"M","?","$","?","M","R","E","M","T","T","M","E","?","M","R","B"],"character_chosen":"DEATH_KNIGHT","items_purchased":["Bronze Scales","Bag of Marbles"],"campfire_rested":0,"item_purchase_floors":[13,20],"current_hp_per_floor":[63,63,63,63,63,63,48,37,37,19,19,19,34,31,31,31,64,61,61,75,68,59,59,29,29,29,29,20,20,20,6,6,0,0],"gold":271,"neow_bonus":"BOSS_RELIC","is_daily":false,"chose_seed":false,"campfire_upgraded":4,"win_rate":0.0,"timestamp":1609035652,"path_taken":["M","?","M","M","?","R","?","M","T","?","M","M","$","M","R","BOSS","M","?","$","?","M","R","E","?","T","?","M","E","?","?","R","BOSS"],"items_purchased_type":["Relic","Relic"],"build_version":"2020-12-22","purchased_purges":0,"victory":false,"max_hp_per_floor":[75,75,75,75,75,75,75,75,75,75,75,75,75,75,75,75,75,75,75,75,75,75,75,75,75,75,75,75,75,75,75,75,75,75],"card_choices":[{"not_picked":["DeathKnight:PathOfFrost","DeathKnight:DeathAndDecay","DeathKnight:DeathCoil"],"picked":"SKIP","floor":1.0},{"not_picked":["DeathKnight:Marrowrend","DeathKnight:IcyTouch"],"picked":"DeathKnight:UnholyPresence","floor":3.0},{"not_picked":["DeathKnight:VampiricBlood","DeathKnight:DeathStrike"],"picked":"DeathKnight:AntiMagicShell","floor":4.0},{"not_picked":["DeathKnight:RunicCorruption","DeathKnight:DreadStrike"],"picked":"DeathKnight:HowlingBlast","floor":8.0},{"not_picked":["TH:PixieDust"],"picked":"TH:DeckOfManyThings","floor":9.0},{"not_picked":["DeathKnight:FrostStrike","DeathKnight:HornOfWinter"],"picked":"DeathKnight:Pestilence","floor":11.0},{"not_picked":["DeathKnight:BloodTap","DeathKnight:PathOfFrost","DeathKnight:HartStrike"],"picked":"SKIP","floor":12.0},{"not_picked":["DeathKnight:WraithWalk","DeathKnight:FrosPresence"],"picked":"DeathKnight:DarkSuccor","floor":14.0},{"not_picked":["TH:CopperCoins"],"picked":"TH:ArmorSpikes","floor":16.0},{"not_picked":["DeathKnight:Frostscythe","DeathKnight:BoneStorm"],"picked":"DeathKnight:Defile","floor":16.0},{"not_picked":["DeathKnight:Runeguard","DeathKnight:IcyTouch","DeathKnight:Hemostasis"],"picked":"SKIP","floor":18.0},{"not_picked":["DeathKnight:MutagenicPlague","DeathKnight:DreadStrike","DeathKnight:BloodTap"],"picked":"SKIP","floor":22.0},{"not_picked":["TH:CursedSword"],"picked":"TH:ElvenBoots","floor":24.0},{"not_picked":["DeathKnight:Runeguard+1","DeathKnight:Marrowrend"],"picked":"DeathKnight:Simulacrum","floor":24.0},{"not_picked":["DeathKnight:RuneShock+1","DeathKnight:FrostStrike+1"],"picked":"DeathKnight:Pestilence","floor":25.0},{"not_picked":["TH:EnergyPotion"],"picked":"TH:CursedSword","floor":26.0},{"not_picked":["TH:PixieDust"],"picked":"TH:ElvenBoots","floor":27.0},{"not_picked":["DeathKnight:RuneShock","DeathKnight:UnholyFrenzy","DeathKnight:Obliterate"],"picked":"SKIP","floor":28.0},{"not_picked":["DeathKnight:RunicCorruption","DeathKnight:AntiMagicShell"],"picked":"DeathKnight:PlagueStrike+1","floor":31}],"player_experience":1851330,"relics_obtained":[{"floor":9.0,"key":"MealTicket"},{"floor":24.0,"key":"StoneCalendar"},{"floor":26.0,"key":"Potion Belt"},{"floor":27.0,"key":"DeathKnight:CorpseWagon"}],"event_choices":[{"damage_healed":0.0,"max_hp_gain":0.0,"max_hp_loss":0.0,"gold_gain":0.0,"cards_transformed":["DeathKnight:RuneStrike"],"event_name":"Living Wall","player_choice":"Change","floor":2.0,"gold_loss":0.0,"damage_taken":0.0,"cards_obtained":["DeathKnight:Parry"]},{"cards_removed":["DeathKnight:Defend_DeathKnight"],"damage_healed":0.0,"max_hp_gain":0.0,"max_hp_loss":0.0,"gold_gain":0.0,"event_name":"The Cleric","player_choice":"Card Removal","floor":5.0,"gold_loss":50.0,"damage_taken":0.0},{"damage_healed":0.0,"max_hp_gain":0.0,"max_hp_loss":0.0,"gold_gain":0.0,"event_name":"Shining Light","player_choice":"Entered Light","floor":7.0,"gold_loss":0.0,"damage_taken":15.0,"cards_upgraded":["DeathKnight:Defend_DeathKnight","DeathKnight:AntiMagicShell"]},{"damage_healed":0.0,"max_hp_gain":0.0,"max_hp_loss":0.0,"gold_gain":0.0,"event_name":"Golden Idol","player_choice":"Take Damage","floor":10.0,"gold_loss":0.0,"damage_taken":18.0,"relics_obtained":["Golden Idol"]},{"cards_removed":["DeathKnight:Strike_DeathKnight"],"damage_healed":0.0,"max_hp_gain":0.0,"max_hp_loss":0.0,"gold_gain":0.0,"event_name":"Beggar","player_choice":"Gave Gold","floor":19.0,"gold_loss":75.0,"damage_taken":0.0},{"damage_healed":0.0,"max_hp_gain":0.0,"max_hp_loss":0.0,"gold_gain":75.0,"event_name":"FaceTrader","player_choice":"Touch","floor":21.0,"gold_loss":0.0,"damage_taken":7.0},{"damage_healed":0,"gold_gain":0,"cards_transformed":["DeathKnight:Defend_DeathKnight"],"player_choice":"Transformed","damage_taken":0,"max_hp_gain":0,"max_hp_loss":0,"event_name":"Transmorgrifier","floor":30,"gold_loss":0,"cards_obtained":["DeathKnight:BloodStrike"]}],"is_beta":false,"boss_relics":[{"not_picked":["Runic Pyramid","Pandora\u0027s Box"],"picked":"DeathKnight:Shadowmourne"}],"items_purged_floors":[],"is_endless":false,"potions_floor_spawned":[4,8,11,14,24,28,31],"killed_by":"Collector","ascension_level":6}}