{"host":"r6jigiblrojhp6xe","time":1609033180,"event":{"mods":["AchievementEnabler","BaseMod","DeckTracker","Minty Spire (QoL Compilation)","Quick Restart","Rare Cards Sparkle","Relic Stats","StSLib","SuperFastMode","The Cursed","everything is the same but u backflip on backflip"],"gold_per_floor":[110,185,185,200,211,93,124,124,156,202,266,285,285,301,314,314,397,424,444,472,249,258,268,268,303,104,104,104,104,113,133,143,143,220,220,236,261,261,282,132,132,154,154,154,176,176,197,221,238,238,238,238,238,238,63,63,63,63],"floor_reached":57,"playtime":2944,"items_purged":["Strike_G","Strike_G","Masterful Stab","Finisher","Corpse Explosion+1"],"score":1772,"play_id":"1f79efec-356b-4880-81c0-64d82c29254b","local_time":"20201227103940","is_ascension_mode":true,"campfire_choices":[{"floor":8.0,"key":"REST"},{"data":"Accuracy","floor":13.0,"key":"SMITH"},{"data":"Blade Dance","floor":16.0,"key":"SMITH"},{"data":"Accuracy","floor":24.0,"key":"SMITH"},{"data":"Footwork","floor":28.0,"key":"SMITH"},{"floor":33.0,"key":"REST"},{"data":"Neutralize","floor":41,"key":"SMITH"},{"floor":43,"key":"RECALL"},{"data":"Cloak And Dagger","floor":46,"key":"SMITH"},{"data":"Blade Dance","floor":50,"key":"SMITH"},{"data":"After Image","floor":54,"key":"SMITH"}],"circlet_count":0,"master_deck":["AscendersBane","Defend_G","Defend_G","Survivor","Neutralize+1","Blade Dance+1","Backflip","Accuracy+1","PiercingWail","Venomology","Phantasmal Killer+1","Noxious Fumes+1","Blade Dance+1","Blade Dance","Accuracy+1","After Image+1","Footwork+1","Accuracy+1","After Image","Backflip+1","Deflect","Cloak And Dagger+1","Blur","Prepared+1"],"relics":["Ring of the Snake","NeowsBlessing","InkBottle","CeramicFish","Nunchaku","Strawberry","Astrolabe","Pocketwatch","Bird Faced Urn","SlaversCollar","Incense Burner"],"acts_visited":["Exordium","TheCity","TheBeyond","TheEnding"],"potions_floor_usage":[36,37,37,45,47,51,52,56,56,56],"damage_taken":[{"damage":0.0,"enemies":"Small Slimes","floor":1.0,"turns":1.0},{"damage":0.0,"enemies":"Cultist","floor":4.0,"turns":1.0},{"damage":0.0,"enemies":"2 Louse","floor":5.0,"turns":1.0},{"damage":24.0,"enemies":"3 Sentries","floor":7.0,"turns":12.0},{"damage":5.0,"enemies":"Lagavulin","floor":9.0,"turns":6.0},{"damage":19.0,"enemies":"Gremlin Nob","floor":11.0,"turns":4.0},{"damage":0.0,"enemies":"Exordium Wildlife","floor":12.0,"turns":1.0},{"damage":2.0,"enemies":"Large Slime","floor":14.0,"turns":3.0},{"damage":0.0,"enemies":"Lots of Slimes","floor":15.0,"turns":4.0},{"damage":9.0,"enemies":"Slime Boss","floor":17.0,"turns":9.0},{"damage":0.0,"enemies":"Spheric Guardian","floor":19.0,"turns":1.0},{"damage":0.0,"enemies":"3 Byrds","floor":20.0,"turns":2.0},{"damage":0.0,"enemies":"Snecko","floor":23.0,"turns":3.0},{"damage":25.0,"enemies":"Slavers","floor":25.0,"turns":2.0},{"damage":0.0,"enemies":"Centurion and Healer","floor":31.0,"turns":2.0},{"damage":0.0,"enemies":"3 Cultists","floor":32.0,"turns":2.0},{"damage":40,"enemies":"Collector","floor":34,"turns":7},{"damage":0,"enemies":"3 Shapes","floor":36,"turns":8},{"damage":27,"enemies":"Mind Bloom Boss Battle","floor":37,"turns":4},{"damage":6,"enemies":"Orb Walker","floor":39,"turns":2},{"damage":14,"enemies":"3 Darklings","floor":42,"turns":4},{"damage":0,"enemies":"Sphere and 2 Shapes","floor":45,"turns":8},{"damage":17,"enemies":"Jaw Worm Horde","floor":47,"turns":3},{"damage":12,"enemies":"Maw","floor":48,"turns":6},{"damage":2,"enemies":"Sphere and 2 Shapes","floor":49,"turns":7},{"damage":22,"enemies":"Awakened One","floor":51,"turns":11},{"damage":25,"enemies":"Time Eater","floor":52,"turns":9},{"damage":61,"enemies":"Shield and Spear","floor":56,"turns":6},{"damage":37,"enemies":"The Heart","floor":57,"turns":3}],"seed_played":"-6108969713018954674","potions_obtained":[{"floor":5.0,"key":"CultistPotion"},{"floor":12.0,"key":"DistilledChaos"},{"floor":15.0,"key":"SteroidPotion"},{"floor":17.0,"key":"SpeedPotion"},{"floor":23.0,"key":"Fire Potion"},{"floor":25.0,"key":"SteroidPotion"},{"floor":31.0,"key":"DistilledChaos"},{"floor":32.0,"key":"SpeedPotion"},{"floor":36,"key":"EntropicBrew"},{"floor":37,"key":"Swift Potion"},{"floor":45,"key":"Weak Potion"}],"is_trial":false,"path_per_floor":["M","?","?","M","M","$","E","R","E","T","?","M","R","M","M","R","B",null,"M","M","$","?","M","R","E","$","T","R","?","?","M","M","R","B",null,"M","?","?","M","$","R","M","R","T","M","R","M","M","M","R","B","B",null,"R","$","E","B"],"character_chosen":"THE_SILENT","items_purchased":["Accuracy","Blade Dance","Accuracy","Footwork"],"campfire_rested":2,"item_purchase_floors":[6,21,21,26],"current_hp_per_floor":[59,48,48,48,48,48,24,43,38,38,26,26,26,24,24,24,15,59,59,59,59,59,59,59,34,34,34,34,13,13,17,25,48,22,64,78,55,55,57,57,57,53,53,53,67,67,56,56,68,68,73,72,77,77,77,27,0,0],"gold":63,"neow_bonus":"THREE_ENEMY_KILL","is_daily":false,"chose_seed":false,"campfire_upgraded":8,"win_rate":0.0,"timestamp":1609033180,"path_taken":["M","?","?","M","?","?","E","R","E","T","?","M","R","M","?","R","BOSS","M","M","$","?","?","R","E","$","T","R","?","?","?","M","R","BOSS","M","?","?","M","$","R","M","R","T","M","R","M","M","M","R","BOSS","BOSS","R","$","E","BOSS"],"items_purchased_type":["Card","Card","Card","Card"],"build_version":"2020-12-22","purchased_purges":5,"victory":false,"max_hp_per_floor":[66,66,66,66,66,66,66,66,66,66,73,73,73,73,73,73,73,73,73,73,73,73,73,73,73,73,73,73,78,78,78,78,78,78,78,78,78,78,78,78,78,78,78,78,78,78,78,78,78,78,78,78,78,78,78,78,78,78],"relic_stats":{"Nunchaku":[32],"counters":[29,132],"CeramicFish":153,"Astrolabe":["Corpse Explosion","Phantasmal Killer","Noxious Fumes"],"Bird Faced Urn":[148],"obtain_stats":[{"SlaversCollar":35,"Nunchaku":10,"NeowsBlessing":0,"CeramicFish":9,"Strawberry":11,"Astrolabe":18,"Bird Faced Urn":27,"Incense Burner":37,"InkBottle":7,"Ring of the Snake":0,"Pocketwatch":25},{"SlaversCollar":17,"Nunchaku":5,"NeowsBlessing":0,"CeramicFish":5,"Strawberry":6,"Astrolabe":10,"Bird Faced Urn":14,"Incense Burner":19,"InkBottle":4,"Ring of the Snake":0,"Pocketwatch":14},{"SlaversCollar":61,"Nunchaku":21,"NeowsBlessing":0,"CeramicFish":21,"Strawberry":25,"Astrolabe":42,"Bird Faced Urn":50,"Incense Burner":73,"InkBottle":15,"Ring of the Snake":0,"Pocketwatch":50}],"InkBottle":[66],"Ring of the Snake":[58],"Pocketwatch":[39]},"card_choices":[{"not_picked":["Dash","Heel Hook"],"picked":"Blade Dance","floor":1.0},{"not_picked":["Predator","Dodge and Roll"],"picked":"Masterful Stab","floor":4.0},{"not_picked":["Deflect","Well Laid Plans"],"picked":"Backflip","floor":5.0},{"not_picked":["Escape Plan","Underhanded Strike"],"picked":"Finisher","floor":7.0},{"not_picked":["Expertise","Heel Hook","Skewer"],"picked":"SKIP","floor":9.0},{"not_picked":["Leg Sweep","Caltrops"],"picked":"PiercingWail","floor":11.0},{"not_picked":["Bane","Endless Agony","Deflect"],"picked":"SKIP","floor":12.0},{"not_picked":["Flying Knee","Dagger Throw","Dagger Spray"],"picked":"SKIP","floor":14.0},{"not_picked":["Tactician","Endless Agony","Masterful Stab"],"picked":"SKIP","floor":15.0},{"not_picked":["Glass Knife","Doppelganger"],"picked":"Venomology","floor":17.0},{"not_picked":["Flying Knee","Dagger Throw","Eviscerate"],"picked":"SKIP","floor":19.0},{"not_picked":["Prepared","Riddle With Holes"],"picked":"Blade Dance","floor":20.0},{"not_picked":["Heel Hook","Dagger Spray","Outmaneuver"],"picked":"SKIP","floor":23.0},{"not_picked":["Skewer","Dagger Spray","Bouncing Flask"],"picked":"SKIP","floor":25.0},{"not_picked":["Underhanded Strike","Slice"],"picked":"After Image","floor":31.0},{"not_picked":["Distraction","Finisher","Dagger Throw"],"picked":"SKIP","floor":32.0},{"not_picked":["Catalyst","Bane","Predator"],"picked":"SKIP","floor":36},{"not_picked":["Blade Dance","Skewer"],"picked":"Backflip+1","floor":39},{"not_picked":["Deflect","Underhanded Strike+1","Outmaneuver"],"picked":"SKIP","floor":42},{"not_picked":["Underhanded Strike+1","Outmaneuver"],"picked":"Deflect","floor":42},{"not_picked":["Bane","Skewer"],"picked":"Cloak And Dagger","floor":45},{"not_picked":["PiercingWail","Cloak And Dagger"],"picked":"Blur","floor":47},{"not_picked":["Backflip","Unload"],"picked":"Prepared+1","floor":48},{"not_picked":["Dagger Throw","Finisher","Bane"],"picked":"SKIP","floor":49}],"player_experience":540330,"relics_obtained":[{"floor":7.0,"key":"InkBottle"},{"floor":9.0,"key":"CeramicFish"},{"floor":10.0,"key":"Nunchaku"},{"floor":11.0,"key":"Strawberry"},{"floor":25.0,"key":"Pocketwatch"},{"floor":27.0,"key":"Bird Faced Urn"},{"floor":37,"key":"Incense Burner"}],"event_choices":[{"damage_healed":0.0,"max_hp_gain":0.0,"max_hp_loss":0.0,"gold_gain":75.0,"event_name":"World of Goop","player_choice":"Gather Gold","floor":2.0,"gold_loss":0.0,"damage_taken":11.0},{"cards_removed":["Strike_G"],"damage_healed":0.0,"max_hp_gain":0.0,"max_hp_loss":0.0,"gold_gain":0.0,"event_name":"Bonfire Elementals","player_choice":"Offered Basic","floor":3.0,"gold_loss":0.0,"damage_taken":0.0},{"damage_healed":0.0,"max_hp_gain":0.0,"max_hp_loss":0.0,"gold_gain":30.0,"event_name":"Dead Adventurer","player_choice":"Searched \u00272\u0027 times","floor":11.0,"gold_loss":0.0,"damage_taken":0.0},{"damage_healed":0.0,"max_hp_gain":0.0,"max_hp_loss":0.0,"gold_gain":0.0,"cards_transformed":["Defend_G"],"event_name":"Transmorgrifier","player_choice":"Transformed","floor":22.0,"gold_loss":0.0,"damage_taken":0.0,"cards_obtained":["After Image"]},{"damage_healed":0.0,"max_hp_gain":5.0,"max_hp_loss":0.0,"gold_gain":0.0,"event_name":"Forgotten Altar","player_choice":"Shed Blood","floor":29.0,"gold_loss":0.0,"damage_taken":26.0},{"damage_healed":0.0,"max_hp_gain":0.0,"max_hp_loss":0.0,"gold_gain":0.0,"event_name":"Duplicator","player_choice":"Copied","floor":30.0,"gold_loss":0.0,"damage_taken":0.0,"cards_obtained":["Accuracy"]},{"damage_healed":0,"gold_gain":0,"player_choice":"Fight","damage_taken":0,"max_hp_gain":0,"max_hp_loss":0,"event_name":"MindBloom","floor":37,"gold_loss":0},{"cards_removed":["Defend_G"],"damage_healed":0,"gold_gain":0,"player_choice":"Removed Skill","damage_taken":0,"max_hp_gain":0,"max_hp_loss":0,"event_name":"Falling","floor":38,"gold_loss":0}],"is_beta":false,"boss_relics":[{"not_picked":["Busted Crown","Runic Pyramid"],"picked":"Astrolabe"},{"not_picked":["Tiny House","Calling Bell"],"picked":"SlaversCollar"}],"items_purged_floors":[6,21,26,40,55],"is_endless":false,"potions_floor_spawned":[5,12,15,17,23,25,31,32,34,36,37,45],"killed_by":"The Heart","ascension_level":20}}