{"host":"lvhfn8l5bvc4nolx","time":1609055240,"event":{"mods":["AchievementEnabler","BaseMod","Colored Map","Keyboard Shortcuts","Minty Spire (QoL Compilation)","Permanent Neow","Quick Restart","SuperFastMode"],"gold_per_floor":[10,10,30,44,64,64,64,64,64,84,84,97,110,60,60,60,60],"floor_reached":16,"playtime":254,"items_purged":[],"score":99,"play_id":"a1d35dec-64c3-4948-a310-c61442a4495f","local_time":"20201227164720","is_ascension_mode":true,"campfire_choices":[{"floor":6,"key":"REST"},{"floor":8,"key":"REST"},{"floor":15,"key":"REST"}],"circlet_count":0,"master_deck":["Strike_G","Strike_G","Strike_G","Defend_G","Defend_G","Defend_G","Defend_G","Survivor","Neutralize","Corpse Explosion","Dagger Throw","Dagger Spray","Blade Dance","Catalyst","PiercingWail","Backflip","Prepared"],"relics":["Ring of the Snake","Golden Idol","Centennial Puzzle"],"acts_visited":["Exordium"],"potions_floor_usage":[16],"damage_taken":[{"damage":9,"enemies":"Cultist","floor":1,"turns":4},{"damage":7,"enemies":"Small Slimes","floor":3,"turns":2},{"damage":3,"enemies":"Jaw Worm","floor":4,"turns":3},{"damage":10,"enemies":"Gremlin Gang","floor":5,"turns":3},{"damage":22,"enemies":"Large Slime","floor":10,"turns":5},{"damage":7,"enemies":"Blue Slaver","floor":12,"turns":3},{"damage":0,"enemies":"2 Fungi Beasts","floor":13,"turns":3},{"damage":0,"enemies":"Slime Boss","floor":16,"turns":3}],"seed_played":"-2227193102539189984","potions_obtained":[{"floor":1,"key":"AttackPotion"},{"floor":10,"key":"Block Potion"},{"floor":13,"key":"SpeedPotion"}],"is_trial":false,"path_per_floor":["M","?","M","M","M","R","?","R","T","M","?","M","M","?","R","B"],"character_chosen":"THE_SILENT","items_purchased":[],"campfire_rested":3,"item_purchase_floors":[],"current_hp_per_floor":[61,44,37,34,24,45,45,66,66,44,44,37,37,37,58,58,58],"gold":60,"neow_bonus":"THREE_RARE_CARDS","is_daily":false,"chose_seed":false,"campfire_upgraded":0,"win_rate":0.0,"timestamp":1609055240,"path_taken":["M","?","M","M","M","R","?","R","T","?","?","?","M","?","R","BOSS"],"items_purchased_type":[],"build_version":"2020-12-22","purchased_purges":0,"victory":false,"max_hp_per_floor":[70,70,70,70,70,70,70,70,70,70,70,70,70,70,70,70,70],"card_choices":[{"not_picked":["Bullet Time","Phantasmal Killer"],"picked":"Corpse Explosion","floor":0},{"not_picked":["Accuracy","Quick Slash"],"picked":"Dagger Throw","floor":1},{"not_picked":["Predator","Slice"],"picked":"Dagger Spray","floor":3},{"not_picked":["Bane","Slice"],"picked":"Blade Dance","floor":4},{"not_picked":["Outmaneuver","Cloak And Dagger"],"picked":"Catalyst","floor":5},{"not_picked":["Deflect","Flying Knee"],"picked":"PiercingWail","floor":10},{"not_picked":["Outmaneuver","Flying Knee"],"picked":"Backflip","floor":12},{"not_picked":["Dodge and Roll","Footwork"],"picked":"Prepared","floor":13}],"player_experience":344072,"relics_obtained":[{"floor":9,"key":"Centennial Puzzle"}],"event_choices":[{"damage_healed":0,"gold_gain":0,"player_choice":"Take Damage","damage_taken":17,"relics_obtained":["Golden Idol"],"max_hp_gain":0,"max_hp_loss":0,"event_name":"Golden Idol","floor":2,"gold_loss":0},{"cards_removed":["Strike_G"],"damage_healed":0,"gold_gain":0,"player_choice":"Purged","damage_taken":0,"max_hp_gain":0,"max_hp_loss":0,"event_name":"Purifier","floor":7,"gold_loss":0},{"cards_removed":["Defend_G"],"damage_healed":0,"gold_gain":0,"player_choice":"Offered Basic","damage_taken":0,"max_hp_gain":0,"max_hp_loss":0,"event_name":"Bonfire Elementals","floor":11,"gold_loss":0},{"cards_removed":["Strike_G"],"damage_healed":0,"gold_gain":0,"player_choice":"Card Removal","damage_taken":0,"max_hp_gain":0,"max_hp_loss":0,"event_name":"The Cleric","floor":14,"gold_loss":50}],"is_beta":false,"boss_relics":[],"items_purged_floors":[],"is_endless":false,"potions_floor_spawned":[1,10,13],"killed_by":"Slime Boss","ascension_level":1}}