{"host":"x6tlfgqpy55vgxdn","time":1609058077,"event":{"mods":["AchievementEnabler","BaseMod","DeckTracker","Minty Spire (QoL Compilation)","Permanent Neow","StSLib","SuperFastMode"],"gold_per_floor":[20,44,60,73,89,115,115,149,176,198,210,235,277,300,312,429,441,466,492,518,560,572,615,654,695,730,771,794,373,400,400,400,504,504,524,524,578,331,359,393,393,1,1,30,64,108,330,365,365,365,365,365,84,122,122],"floor_reached":56,"playtime":2427,"items_purged":["Strike_B","Strike_B","Defend_B"],"score":2191,"play_id":"942a6fd8-b764-4f08-b2ec-6b1a8c135208","local_time":"20201227173437","is_ascension_mode":true,"campfire_choices":[{"data":"Dualcast","floor":7.0,"key":"SMITH"},{"data":"Recycle","floor":11.0,"key":"SMITH"},{"data":"Conserve Battery","floor":15.0,"key":"SMITH"},{"data":"Defragment","floor":32.0,"key":"SMITH"},{"floor":49.0,"key":"RECALL"},{"data":"Defragment","floor":52.0,"key":"SMITH"}],"circlet_count":0,"master_deck":["Defend_B","Defend_B","Zap","Dualcast+1","Cold Snap","Cold Snap","Ball Lightning","Recycle+1","FTL","Conserve Battery+1","Electrodynamics","Fission","Capacitor+1","Coolheaded+1","Conserve Battery+1","Ghostly","Ghostly","Ghostly","Ghostly","Ghostly","Defragment+1","Blizzard","Defragment+1","Blizzard+1","Chaos+1","Loop+1","Skim+1","Consume+1","Glacier+1","Core Surge+1"],"relics":["Cracked Core","TungstenRod","Potion Belt","MawBank","Incense Burner","Black Star","Red Mask","WingedGreaves","Toy Ornithopter","Vajra","CaptainsWheel","Orichalcum","Thread and Needle","Nunchaku","Pear","CeramicFish","ClockworkSouvenir","Strawberry","Mummified Hand","Akabeko","Coffee Dripper","Ice Cream","Bag of Preparation","Bronze Scales","Letter Opener","TheAbacus","Sundial","Molten Egg 2","Pantograph","Dream Catcher","Juzu Bracelet","Centennial Puzzle","Oddly Smooth Stone","PreservedInsect","Medical Kit","Pen Nib","Emotion Chip"],"acts_visited":["TheCity","TheBeyond","TheEnding"],"potions_floor_usage":[55,55,55,55,55,55,55,55,55,55,55,55,55,55,55,55,55,55,55],"damage_taken":[{"damage":0.0,"enemies":"Cultist","floor":1.0,"turns":3.0},{"damage":0.0,"enemies":"Jaw Worm","floor":3.0,"turns":3.0},{"damage":0.0,"enemies":"2 Louse","floor":4.0,"turns":2.0},{"damage":13.0,"enemies":"Exordium Thugs","floor":5.0,"turns":3.0},{"damage":13.0,"enemies":"3 Sentries","floor":6.0,"turns":8.0},{"damage":19.0,"enemies":"Lagavulin","floor":8.0,"turns":6.0},{"damage":3.0,"enemies":"Red Slaver","floor":10.0,"turns":3.0},{"damage":4.0,"enemies":"Large Slime","floor":12.0,"turns":5.0},{"damage":7.0,"enemies":"Gremlin Nob","floor":13.0,"turns":3.0},{"damage":3.0,"enemies":"Blue Slaver","floor":14.0,"turns":3.0},{"damage":0.0,"enemies":"Hexaghost","floor":16.0,"turns":11.0},{"damage":27.0,"enemies":"2 Thieves","floor":18.0,"turns":4.0},{"damage":4.0,"enemies":"3 Byrds","floor":19.0,"turns":4.0},{"damage":0.0,"enemies":"Snecko","floor":20.0,"turns":7.0},{"damage":20.0,"enemies":"Masked Bandits","floor":21.0,"turns":6.0},{"damage":1.0,"enemies":"Book of Stabbing","floor":23.0,"turns":9.0},{"damage":15.0,"enemies":"Slavers","floor":24.0,"turns":6.0},{"damage":6.0,"enemies":"Gremlin Leader","floor":25.0,"turns":8.0},{"damage":0.0,"enemies":"Book of Stabbing","floor":27.0,"turns":8.0},{"damage":0.0,"enemies":"Chosen and Byrds","floor":28.0,"turns":7.0},{"damage":0.0,"enemies":"Slavers","floor":30.0,"turns":6.0},{"damage":0.0,"enemies":"Champ","floor":33.0,"turns":13.0},{"damage":0.0,"enemies":"Orb Walker","floor":35.0,"turns":4.0},{"damage":10.0,"enemies":"2 Orb Walkers","floor":37.0,"turns":7.0},{"damage":0.0,"enemies":"3 Darklings","floor":39.0,"turns":4.0},{"damage":0.0,"enemies":"Nemesis","floor":40.0,"turns":11.0},{"damage":0.0,"enemies":"Jaw Worm Horde","floor":44.0,"turns":3.0},{"damage":0.0,"enemies":"Reptomancer","floor":45.0,"turns":5.0},{"damage":0.0,"enemies":"Nemesis","floor":46.0,"turns":7.0},{"damage":0.0,"enemies":"Giant Head","floor":48.0,"turns":8.0},{"damage":0.0,"enemies":"Donu and Deca","floor":50.0,"turns":8.0},{"damage":0.0,"enemies":"Shield and Spear","floor":54.0,"turns":4.0},{"damage":0,"enemies":"The Heart","floor":55,"turns":8}],"seed_played":"-5221040214929370","potions_obtained":[{"floor":3.0,"key":"SkillPotion"},{"floor":4.0,"key":"Fruit Juice"},{"floor":5.0,"key":"SkillPotion"},{"floor":10.0,"key":"Weak Potion"},{"floor":13.0,"key":"ColorlessPotion"},{"floor":18.0,"key":"Block Potion"},{"floor":20.0,"key":"FairyPotion"},{"floor":24.0,"key":"Weak Potion"},{"floor":27.0,"key":"SpeedPotion"},{"floor":28.0,"key":"Fire Potion"},{"floor":37.0,"key":"Swift Potion"},{"floor":40.0,"key":"EntropicBrew"},{"floor":44.0,"key":"BlessingOfTheForge"}],"is_trial":false,"path_per_floor":["M","T","M","M","M","E","R","E","T","M","R","M","E","M","R","B",null,"M","M","M","?","?","E","E","E","T","E","M","$","E","?","R","B",null,"M","?","?","$","M","E","?","$","T","M","E","E","?","E","R","B",null,"R","$","E","B",null],"character_chosen":"DEFECT","items_purchased":["ClockworkSouvenir","PowerPotion","Strawberry","Bag of Preparation","TheAbacus","Sundial","Medical Kit"],"campfire_rested":0,"item_purchase_floors":[29,29,29,38,42,42,53],"current_hp_per_floor":[75,75,75,75,62,49,49,30,30,27,27,23,16,13,13,13,60,33,29,29,9,9,8,3,9,9,19,19,26,26,26,26,26,51,51,51,41,41,41,46,46,46,46,46,46,46,46,46,46,56,56,56,56,56,56],"gold":122,"neow_bonus":"REMOVE_TWO","is_daily":false,"chose_seed":false,"campfire_upgraded":5,"win_rate":0.0,"timestamp":1609058077,"path_taken":["M","?","M","M","M","E","R","E","T","M","R","M","E","M","R","BOSS","M","M","M","?","?","E","E","E","T","E","?","?","E","?","R","BOSS","M","?","?","$","M","E","?","?","T","?","E","E","?","E","R","BOSS","R","$","E","BOSS"],"items_purchased_type":["Relic","Potion","Relic","Relic","Relic","Relic","Relic"],"build_version":"2020-12-22","purchased_purges":3,"victory":true,"max_hp_per_floor":[75,75,75,75,75,75,75,75,75,75,75,75,75,75,75,75,75,75,75,75,75,37,37,42,42,42,52,52,59,59,59,59,59,59,59,56,56,56,56,56,56,56,56,56,56,56,56,56,56,56,56,56,56,56,56],"card_choices":[{"not_picked":["Fusion","Streamline"],"picked":"Cold Snap","floor":1.0},{"not_picked":["Conserve Battery","Beam Cell"],"picked":"Streamline","floor":3.0},{"not_picked":["Tempest","Redo"],"picked":"Cold Snap","floor":4.0},{"not_picked":["Cold Snap","BootSequence"],"picked":"Ball Lightning","floor":5.0},{"not_picked":["Beam Cell","Turbo","Multi-Cast"],"picked":"SKIP","floor":6.0},{"not_picked":["Stack","Rebound"],"picked":"Recycle","floor":8.0},{"not_picked":["Compile Driver","Melter","Hologram"],"picked":"SKIP","floor":10.0},{"not_picked":["Compile Driver","Turbo"],"picked":"FTL","floor":12.0},{"not_picked":["Sunder","Reinforced Body"],"picked":"Conserve Battery","floor":13.0},{"not_picked":["Recycle","Cold Snap"],"picked":"Electrodynamics","floor":14.0},{"not_picked":["Reboot","Buffer"],"picked":"Fission","floor":16.0},{"not_picked":["Skim","Barrage"],"picked":"Capacitor+1","floor":18.0},{"not_picked":["Chaos","Aggregate","Streamline+1"],"picked":"SKIP","floor":19.0},{"not_picked":["Ball Lightning","Recycle"],"picked":"Coolheaded+1","floor":20.0},{"not_picked":["Beam Cell","Gash"],"picked":"Conserve Battery+1","floor":21.0},{"not_picked":["Hologram","Compile Driver"],"picked":"Defragment","floor":23.0},{"not_picked":["Melter","Go for the Eyes"],"picked":"Blizzard","floor":24.0},{"not_picked":["Barrage","Stack"],"picked":"Defragment","floor":25.0},{"not_picked":["Conserve Battery","Sunder+1","Turbo"],"picked":"SKIP","floor":27.0},{"not_picked":["Heatsinks","Redo","Hologram"],"picked":"SKIP","floor":28.0},{"not_picked":["Gash","Barrage","Conserve Battery"],"picked":"SKIP","floor":30.0},{"not_picked":["Redo","Conserve Battery"],"picked":"Blizzard+1","floor":35.0},{"not_picked":["Gash+1","Conserve Battery+1"],"picked":"Chaos+1","floor":39.0},{"not_picked":["Compile Driver","Stack+1"],"picked":"Loop+1","floor":40.0},{"not_picked":["Coolheaded","Hologram+1"],"picked":"Skim+1","floor":44.0},{"not_picked":["Seek","Redo+1"],"picked":"Consume+1","floor":45.0},{"not_picked":["Barrage+1","Turbo+1"],"picked":"Glacier+1","floor":46.0},{"not_picked":["Redo","Stack","Rip and Tear+1"],"picked":"SKIP","floor":48.0},{"not_picked":["Go for the Eyes+1","Redo+1"],"picked":"Core Surge+1","floor":54.0}],"player_experience":197345,"relics_obtained":[{"floor":6.0,"key":"TungstenRod"},{"floor":8.0,"key":"Potion Belt"},{"floor":9.0,"key":"MawBank"},{"floor":13.0,"key":"Incense Burner"},{"floor":21.0,"key":"Red Mask"},{"floor":23.0,"key":"WingedGreaves"},{"floor":23.0,"key":"Toy Ornithopter"},{"floor":24.0,"key":"Vajra"},{"floor":24.0,"key":"CaptainsWheel"},{"floor":25.0,"key":"Orichalcum"},{"floor":25.0,"key":"Thread and Needle"},{"floor":26.0,"key":"Nunchaku"},{"floor":27.0,"key":"Pear"},{"floor":27.0,"key":"CeramicFish"},{"floor":30.0,"key":"Mummified Hand"},{"floor":30.0,"key":"Akabeko"},{"floor":37.0,"key":"Ice Cream"},{"floor":40.0,"key":"Bronze Scales"},{"floor":40.0,"key":"Letter Opener"},{"floor":43.0,"key":"Molten Egg 2"},{"floor":45.0,"key":"Pantograph"},{"floor":45.0,"key":"Dream Catcher"},{"floor":46.0,"key":"Juzu Bracelet"},{"floor":46.0,"key":"Centennial Puzzle"},{"floor":48.0,"key":"Oddly Smooth Stone"},{"floor":48.0,"key":"PreservedInsect"},{"floor":54.0,"key":"Pen Nib"},{"floor":54.0,"key":"Emotion Chip"}],"event_choices":[{"damage_healed":0.0,"max_hp_gain":0.0,"max_hp_loss":0.0,"gold_gain":0.0,"event_name":"Masked Bandits","player_choice":"Fought Bandits","floor":21.0,"gold_loss":0.0,"damage_taken":0.0},{"damage_healed":0.0,"max_hp_gain":0.0,"max_hp_loss":38.0,"gold_gain":0.0,"event_name":"Ghosts","player_choice":"Became a Ghost","floor":22.0,"gold_loss":0.0,"damage_taken":0.0,"cards_obtained":["Ghostly","Ghostly","Ghostly","Ghostly","Ghostly"]},{"cards_removed":["Defend_B"],"damage_healed":0.0,"max_hp_gain":0.0,"max_hp_loss":0.0,"gold_gain":0.0,"event_name":"Back to Basics","player_choice":"Elegance","floor":31.0,"gold_loss":0.0,"damage_taken":0.0},{"damage_healed":0.0,"max_hp_gain":0.0,"max_hp_loss":3.0,"gold_gain":0.0,"event_name":"Winding Halls","player_choice":"Max HP","floor":36.0,"gold_loss":0.0,"damage_taken":0.0},{"damage_healed":0.0,"max_hp_gain":0.0,"max_hp_loss":0.0,"gold_gain":0.0,"event_name":"Mysterious Sphere","player_choice":"Fight","floor":37.0,"gold_loss":0.0,"damage_taken":0.0},{"cards_removed":["Streamline"],"damage_healed":0.0,"max_hp_gain":0.0,"max_hp_loss":0.0,"gold_gain":0.0,"event_name":"Falling","player_choice":"Removed Attack","floor":41.0,"gold_loss":0.0,"damage_taken":0.0},{"damage_healed":0.0,"max_hp_gain":0.0,"max_hp_loss":0.0,"gold_gain":222.0,"event_name":"Tomb of Lord Red Mask","player_choice":"Wore Mask","floor":47.0,"gold_loss":0.0,"damage_taken":0.0}],"is_beta":false,"boss_relics":[{"not_picked":["Calling Bell","Cursed Key"],"picked":"Black Star"},{"not_picked":["SacredBark","Velvet Choker"],"picked":"Coffee Dripper"}],"items_purged_floors":[29,38,53],"is_endless":false,"potions_floor_spawned":[3,4,5,10,13,18,20,24,27,28,37,40,44,45],"ascension_level":5}}