{"host":"kev6uqotw4tlyx8l","time":1609050387,"event":{"mods":["Act Like it!","Aspiration","BaseMod","Colored Powertips","Dota2Spire","Downfall","Hallownest","Infinite Spire","Marisa????????","Minty Spire (QoL Compilation)","Quick Restart","Remilia??????","Replay The Spire","StSLib","The Cursed","The Jungle","The Marked","The Mystic","The Servant 0.9.4"],"gold_per_floor":[112,212,232,30,46,46,58,76,127,147,147,147,147,159,237,339,339,355,370,370,370,370,370,384,384,454,464,487,505,505,505,505,505,505],"floor_reached":33,"playtime":1383,"items_purged":[],"score":364,"play_id":"47738a02-45e0-477b-a343-c2fdd36884b0","local_time":"20201227132627","is_ascension_mode":false,"campfire_choices":[{"data":"TheCursedMod:ReleasedStrength","floor":6.0,"key":"SMITH"},{"floor":12.0,"key":"REST"},{"floor":23,"key":"REST"},{"data":"TheCursedMod:CursedRelics","floor":25,"key":"SMITH"},{"floor":32,"key":"REST"}],"circlet_count":0,"master_deck":["TheCursedMod:Strike_TheCursed+1","TheCursedMod:Strike_TheCursed+1","TheCursedMod:Strike_TheCursed+1","TheCursedMod:Strike_TheCursed+1","TheCursedMod:Defend_TheCursed+1","TheCursedMod:Defend_TheCursed+1","TheCursedMod:Defend_TheCursed+1","TheCursedMod:Defend_TheCursed+1","TheCursedMod:CursedWand","TheCursedMod:CleanUpWorkshop","TheCursedMod:Dregs","TheCursedMod:SaltUponWound","TheCursedMod:Torture","TheCursedMod:CircleOfFlame","TheCursedMod:ReleasedStrength+1","TheCursedMod:WearCloak","TheCursedMod:CircleOfCorruption","TheCursedMod:CursedShiv","Injury","TheCursedMod:AbyssShockwave","TheCursedMod:CursedRelics+1","Shame","TheCursedMod:OutForBlood","Replay:SS_forest_2","ReplayTheSpireMod:Black Plague+1","TheCursedMod:CircleOfBlood+1","TheCursedMod:TacticalStrike+1","TheCursedMod:Grudge+1","TheCursedMod:VitalStrike","TheCursedMod:HellsGateOpen+1","TheCursedMod:Wield","Spreading Infection","Slimebound:Icky","ReplayTheSpireMod:??????????????????????+1","Writhe"],"relics":["TheCursedMod:BlackMagic101","NeowsBlessing","Dota2Spire:Vanguard","aspiration:TomeofQuesting","Toxic Egg 2","ReplayTheSpireMod:SealedPack","White Beast Statue","Mirror","ReplayTheSpireMod:TigerMarble","MealTicket"],"acts_visited":["Exordium","TheCity"],"potions_floor_usage":[27,33,33],"damage_taken":[{"damage":0.0,"enemies":"Jaw Worm","floor":1.0,"turns":1.0},{"damage":0.0,"enemies":"infinitespire:Voidling","floor":3.0,"turns":1.0},{"damage":0.0,"enemies":"Cultist","floor":5.0,"turns":1.0},{"damage":38.0,"enemies":"Large Slime","floor":7.0,"turns":10.0},{"damage":4.0,"enemies":"2 Fungi Beasts","floor":8.0,"turns":4.0},{"damage":8.0,"enemies":"Gremlin Gang","floor":10.0,"turns":6.0},{"damage":0.0,"enemies":"Looter","floor":14.0,"turns":3.0},{"damage":32.0,"enemies":"The Guardian","floor":16.0,"turns":7.0},{"damage":30.0,"enemies":"2 Thieves","floor":18.0,"turns":4.0},{"damage":28.0,"enemies":"Shell Parasite","floor":19.0,"turns":4.0},{"damage":12,"enemies":"Snake Plant","floor":24,"turns":5},{"damage":16,"enemies":"Chosen and Byrds","floor":27,"turns":4},{"damage":15,"enemies":"Snecko","floor":29,"turns":3},{"damage":60,"enemies":"Collector","floor":33,"turns":6}],"seed_played":"-1765384759303030272","potions_obtained":[{"floor":7.0,"key":"Slimebound:ThreeZeroPotion"},{"floor":8.0,"key":"Reflective Coating"},{"floor":10.0,"key":"EssenceOfSteel"},{"floor":18.0,"key":"ColorlessPotion"},{"floor":24,"key":"ColorlessPotion"},{"floor":27,"key":"Toxic Potion"},{"floor":29,"key":"ColorlessPotion"}],"is_trial":false,"path_per_floor":["M","?","M","$","M","R","M","M","T","M","?","R","?","M","R","B",null,"M","M","?","?","T","R","M","R","T","M","T","M","?","?","R","B"],"character_chosen":"THE_CURSED","items_purchased":["Dota2Spire:Vanguard","TheCursedMod:CircleOfFlame"],"campfire_rested":3,"item_purchase_floors":[4,4],"current_hp_per_floor":[75,75,75,75,75,75,37,33,33,25,25,47,47,47,47,15,75,45,25,25,25,25,47,51,51,51,39,39,28,28,28,50,0,0],"gold":505,"neow_bonus":"THREE_ENEMY_KILL","is_daily":false,"chose_seed":false,"campfire_upgraded":2,"win_rate":0.0,"timestamp":1609050387,"path_taken":["M","?","M","$","M","R","?","M","T","M","?","R","?","M","R","BOSS","M","?","?","?","?","R","M","R","T","M","?","?","?","?","R","BOSS"],"items_purchased_type":["Relic","Card"],"build_version":"2020-12-22","purchased_purges":0,"victory":false,"max_hp_per_floor":[75,75,75,75,75,75,75,75,75,75,75,75,75,75,75,75,75,75,75,75,75,75,75,75,75,75,75,75,75,75,75,75,75,75],"card_choices":[{"not_picked":["TheCursedMod:PrepareRite","TheCursedMod:WearCloak"],"picked":"TheCursedMod:SaltUponWound","floor":1.0},{"not_picked":["TheCursedMod:Wield","TheCursedMod:VitalStrike"],"picked":"TheCursedMod:Torture","floor":3.0},{"not_picked":["TheCursedMod:TacticalStrike","TheCursedMod:RapidMovement"],"picked":"TheCursedMod:ReleasedStrength","floor":5.0},{"not_picked":["TheCursedMod:CircleOfBlood","TheCursedMod:SpitefulPlan"],"picked":"TheCursedMod:WearCloak","floor":7.0},{"not_picked":["TheCursedMod:ReleasedStrength","TheCursedMod:SoulCrush"],"picked":"TheCursedMod:CircleOfCorruption","floor":8.0},{"not_picked":["TheCursedMod:CursedMace","TheCursedMod:CursedSpellbook"],"picked":"TheCursedMod:CursedShiv","floor":10.0},{"not_picked":["TheCursedMod:Stigma","TheCursedMod:Torture+1"],"picked":"TheCursedMod:AbyssShockwave","floor":14.0},{"not_picked":["TheCursedMod:ForbiddenAlchemy+1","TheCursedMod:ParallelWorld+1"],"picked":"TheCursedMod:CursedRelics","floor":16.0},{"not_picked":["TheCursedMod:ForbiddenAlchemy","TheCursedMod:ManaCirculation"],"picked":"TheCursedMod:OutForBlood","floor":17.0},{"not_picked":["Replay:Sssssssssshield","Replay:SS_hec_4"],"picked":"Replay:SS_forest_2","floor":17.0},{"not_picked":["infinitespire:TheBestDefense","infinitespire:UltimateForm"],"picked":"ReplayTheSpireMod:Black Plague","floor":17.0},{"not_picked":["TheCursedMod:Stretching+1","TheCursedMod:Stigma+1"],"picked":"TheCursedMod:CircleOfBlood+1","floor":18.0},{"not_picked":["TheCursedMod:TroublousMinions+1","TheCursedMod:SmokeScreen+1"],"picked":"TheCursedMod:TacticalStrike+1","floor":19},{"not_picked":["TheCursedMod:Wield+1","TheCursedMod:WearCloak+1"],"picked":"TheCursedMod:VitalStrike","floor":24},{"not_picked":["TheCursedMod:CursedBlade","TheCursedMod:ReleasedKnowledge+1"],"picked":"TheCursedMod:HellsGateOpen+1","floor":27},{"not_picked":["TheCursedMod:SpitefulPlan","TheCursedMod:TacticalStrike+1"],"picked":"TheCursedMod:Wield","floor":29},{"not_picked":["infinitespire:Gouge","infinitespire:Execution"],"picked":"ReplayTheSpireMod:??????????????????????","floor":30}],"player_experience":14482,"relics_obtained":[{"floor":9.0,"key":"aspiration:TomeofQuesting"},{"floor":22,"key":"White Beast Statue"},{"floor":26,"key":"Mirror"},{"floor":28,"key":"ReplayTheSpireMod:TigerMarble"}],"event_choices":[{"damage_healed":0.0,"max_hp_gain":0.0,"max_hp_loss":0.0,"gold_gain":100.0,"event_name":"Golden Shrine","player_choice":"Pray","floor":2.0,"gold_loss":0.0,"damage_taken":0.0},{"damage_healed":0.0,"max_hp_gain":0.0,"max_hp_loss":0.0,"gold_gain":78.0,"event_name":"Golden Wing","player_choice":"Gained Gold","floor":15.0,"gold_loss":0.0,"damage_taken":0.0},{"damage_healed":0,"gold_gain":0,"player_choice":"Simplicity","damage_taken":0,"max_hp_gain":0,"max_hp_loss":0,"event_name":"Back to Basics","floor":20,"gold_loss":0,"cards_upgraded":["TheCursedMod:Strike_TheCursed","TheCursedMod:Strike_TheCursed","TheCursedMod:Strike_TheCursed","TheCursedMod:Defend_TheCursed","TheCursedMod:Defend_TheCursed","TheCursedMod:Defend_TheCursed","TheCursedMod:Defend_TheCursed"]},{"damage_healed":0,"gold_gain":0,"player_choice":"Read","damage_taken":0,"max_hp_gain":0,"max_hp_loss":0,"event_name":"The Library","floor":21,"gold_loss":0,"cards_obtained":["TheCursedMod:Grudge"]},{"damage_healed":0,"gold_gain":0,"player_choice":"Opened","damage_taken":0,"relics_obtained":["MealTicket"],"max_hp_gain":0,"max_hp_loss":0,"event_name":"The Mausoleum","floor":31,"gold_loss":0,"cards_obtained":["Writhe"]}],"is_beta":false,"boss_relics":[{"not_picked":["aspiration:SecretTechniqueScroll","Sozu"],"picked":"ReplayTheSpireMod:SealedPack"}],"items_purged_floors":[],"is_endless":false,"potions_floor_spawned":[7,8,10,18,24,27,29],"killed_by":"Collector","ascension_level":0}}