{"host":"mxpmrihs65xqmug3","time":1609067973,"event":{"mods":["AchievementEnabler","BaseMod","BetterRewards","Colored Map","Colored Powertips","Curses Come First","GifTheSpireLib","Hubris","Minty Spire (QoL Compilation)","Permanent Neow","Quick Restart","Replay The Spire","StSLib","Stuff the Spire","Useless Jewels Mod"],"gold_per_floor":[368,368,643,659,185,214,232,244,244,244,244],"floor_reached":10,"playtime":828,"items_purged":[],"score":71,"play_id":"330065b9-6a3e-47e1-8f63-e171b65be514","local_time":"20201227214933","is_ascension_mode":true,"campfire_choices":[],"circlet_count":0,"master_deck":["Strike_P","Strike_P","Strike_P","Strike_P","Defend_P","Defend_P","Defend_P","Defend_P","Eruption","Vigilance","Strike_B","Neutralize","WreathOfFlame+1","Regret","Study","Adaptation","StuffTheSpire:PlasmaPunch","FollowUp","Evaluate","SandsOfTime","MasterReality"],"relics":["PureWater","Strange Spoon","Centennial Puzzle","Blue Doll"],"acts_visited":["Exordium"],"potions_floor_usage":[6,7,10],"damage_taken":[{"damage":10,"enemies":"2 Louse","floor":1,"turns":4},{"damage":4,"enemies":"Cultist","floor":4,"turns":4},{"damage":38,"enemies":"3 Sentries","floor":6,"turns":6},{"damage":2,"enemies":"Jaw Worm","floor":7,"turns":3},{"damage":2,"enemies":"Exordium Wildlife","floor":8,"turns":3},{"damage":17,"enemies":"Gremlin Nob","floor":10,"turns":3}],"seed_played":"4027698602269293355","potions_obtained":[{"floor":1,"key":"Reflective Coating"},{"floor":8,"key":"SkillPotion"}],"is_trial":false,"path_per_floor":["M","?","?","M","$","E","M","M","T","E"],"character_chosen":"WATCHER","items_purchased":["Strange Spoon","Flashbang","Adaptation","StuffTheSpire:PlasmaPunch","FollowUp"],"campfire_rested":0,"item_purchase_floors":[5,5,5,5,5],"current_hp_per_floor":[62,62,62,58,58,20,18,16,16,0,0],"gold":244,"neow_bonus":"TWO_FIFTY_GOLD","is_daily":false,"chose_seed":false,"campfire_upgraded":0,"win_rate":0.0,"timestamp":1609067973,"path_taken":["M","?","?","M","$","E","M","?","T","E"],"items_purchased_type":["Relic","Potion","Card","Card","Card"],"build_version":"2020-12-22","purchased_purges":0,"victory":false,"max_hp_per_floor":[72,72,72,72,72,72,72,72,72,72,72],"card_choices":[{"not_picked":["Replay:BluntJabs","FlurryOfBlows"],"picked":"WreathOfFlame","floor":1},{"not_picked":["JustLucky","MentalFortress"],"picked":"Study","floor":4},{"not_picked":["Protect","CutThroughFate"],"picked":"Evaluate","floor":6},{"not_picked":["Protect","Nirvana"],"picked":"SandsOfTime","floor":7},{"not_picked":["WindmillStrike","CrushJoints"],"picked":"MasterReality","floor":8}],"player_experience":194787,"relics_obtained":[{"floor":6,"key":"Centennial Puzzle"},{"floor":9,"key":"Blue Doll"}],"event_choices":[{"damage_healed":0,"gold_gain":275,"player_choice":"Desecrate","damage_taken":0,"max_hp_gain":0,"max_hp_loss":0,"event_name":"Golden Shrine","floor":3,"gold_loss":0,"cards_obtained":["Regret"]}],"is_beta":false,"boss_relics":[],"items_purged_floors":[],"is_endless":false,"potions_floor_spawned":[1,8],"killed_by":"Gremlin Nob","ascension_level":1}}