{"host":"htqwg582tjjtn9p7","time":1609057876,"event":{"mods":["2.2 Compatiblity","AchievementEnabler","Act Like it!","Aspiration","BaseMod","Better Third Choice","Colored Map","Conspire","Curses Come First","Displayed Cursed Tome","Energized Spire","Force Act Four","GifTheSpireLib","Hermit","Highlight Path","JesterMod","Mad Scientist","Minty Spire (QoL Compilation)","Pale of the Ancients","Permanent Neow","Random Character Button","Relic Stats","Replay The Spire","Robot Space Explorer","Somnambulant","Spicy Shops","Spikes Relics","StSLib","Stuff the Spire","The Blue Laboratory","The Disciple","The Dragon Tamer","The Forsaken","The Gatherer","The Judge","The Jungle","The Marked","The Runesmith","The Servant 0.9.4"],"gold_per_floor":[113,123,3,21,21,21,49,61,132,145,145,161,173,187,112,189,189,202,202,27,39,52,52,86,103,129,129,129,4,24,59,71,83,83],"floor_reached":33,"playtime":1442,"items_purged":["Strike_G","Strike_G","Strike_G"],"score":509,"play_id":"9951b814-b47c-4650-ae44-04cc84d528dd","local_time":"20201227093116","is_ascension_mode":true,"campfire_choices":[{"data":"Neutralize","floor":6,"key":"SMITH"},{"floor":11,"key":"REST"},{"floor":23,"key":"REST"},{"floor":27,"key":"REST"},{"floor":32,"key":"REST"}],"circlet_count":0,"master_deck":["AscendersBane","Defend_G","Defend_G","Defend_G","Defend_G+1","Defend_G+1","Survivor","Neutralize+1","Corpse Explosion","Noxious Fumes","Flying Knee","Glass Knife","Glass Knife","PiercingWail","Die Die Die","Backflip","Bane","Draining Mist","Malaise","StuffTheSpire:PestControl","Calculated Gamble+1","Tactician","Acrobatics"],"relics":["Ring of the Snake","War Paint","StuffTheSpire:RubySignet","Replay:Bronze Core","StuffTheSpire:EmeraldSignet","aspiration:ChemicalBlood","MawBank"],"acts_visited":["Exordium","TheCity"],"potions_floor_usage":[21,28,33,33,33,33,33],"damage_taken":[{"damage":5,"enemies":"Cultist","floor":1,"turns":5},{"damage":7,"enemies":"Small Slimes","floor":2,"turns":3},{"damage":0,"enemies":"Jaw Worm","floor":4,"turns":3},{"damage":20,"enemies":"Lagavulin","floor":7,"turns":8},{"damage":0,"enemies":"2 Fungi Beasts","floor":8,"turns":2},{"damage":0,"enemies":"3 Louse","floor":10,"turns":2},{"damage":1,"enemies":"Exordium Thugs","floor":12,"turns":4},{"damage":0,"enemies":"2 Fungi Beasts","floor":13,"turns":2},{"damage":0,"enemies":"Large Slime","floor":14,"turns":4},{"damage":13,"enemies":"The Guardian","floor":16,"turns":11},{"damage":15,"enemies":"3 Byrds","floor":18,"turns":3},{"damage":6,"enemies":"Spheric Guardian","floor":21,"turns":3},{"damage":0,"enemies":"Cultist and Chosen","floor":22,"turns":4},{"damage":2,"enemies":"Replay:Snechameleon","floor":24,"turns":6},{"damage":16,"enemies":"Shelled Parasite and Fungi","floor":25,"turns":7},{"damage":0,"enemies":"Colosseum Slavers","floor":28,"turns":4},{"damage":4,"enemies":"Centurion and Healer","floor":30,"turns":8},{"damage":9,"enemies":"conspire:Head Lice","floor":31,"turns":6},{"damage":94,"enemies":"Champ","floor":33,"turns":15}],"seed_played":"-1074891073954320002","potions_obtained":[{"floor":2,"key":"blueLaboratory:PhilterOfMotion"},{"floor":7,"key":"blueLaboratory:PolymorphPotion"},{"floor":16,"key":"Elixir"},{"floor":18,"key":"blueLaboratory:EmptyBottle"},{"floor":22,"key":"Elixir"},{"floor":25,"key":"SteroidPotion"},{"floor":30,"key":"FairyPotion"},{"floor":33,"key":"blueLaboratory:SuffocatingSmog"},{"floor":33,"key":"blueLaboratory:Moonshine"},{"floor":33,"key":"Block Potion"}],"is_trial":false,"path_per_floor":["M","M","$","M","?","R","E","M","T","M","R","M","M","M","R_BF","B",null,"M","?","$","M","M","R","E","M","T","R","?","$","M","E","R","B"],"character_chosen":"THE_SILENT","items_purchased":["Glass Knife"],"campfire_rested":4,"item_purchase_floors":[3],"current_hp_per_floor":[54,47,47,47,47,47,27,27,27,27,46,45,47,47,47,34,58,43,18,18,12,12,31,31,17,17,36,40,40,36,29,48,0,0],"gold":83,"neow_bonus":"ONE_RANDOM_RARE_CARD","is_daily":false,"chose_seed":false,"campfire_upgraded":1,"win_rate":0.0,"timestamp":1609057876,"path_taken":["M","M","?","M","?","R","E","M","T","M","R","?","M","M","R_BF","BOSS","M","?","$","M","M","R","E","M","T","R","?","$","M","E","R","BOSS"],"items_purchased_type":["Card"],"build_version":"2020-12-22","purchased_purges":3,"victory":false,"max_hp_per_floor":[66,66,66,66,66,66,66,66,66,66,66,66,66,66,66,66,66,66,66,66,66,66,66,66,66,66,66,66,66,66,66,66,66,66],"relic_stats":{"counters":[19,100],"War Paint":["Defend_G","Defend_G"],"MawBank":24,"obtain_stats":[{"Replay:Bronze Core":17,"StuffTheSpire:EmeraldSignet":24,"StuffTheSpire:RubySignet":9,"War Paint":7,"MawBank":31,"Ring of the Snake":0,"aspiration:ChemicalBlood":26},{"Replay:Bronze Core":10,"StuffTheSpire:EmeraldSignet":14,"StuffTheSpire:RubySignet":5,"War Paint":4,"MawBank":18,"Ring of the Snake":0,"aspiration:ChemicalBlood":15},{"Replay:Bronze Core":44,"StuffTheSpire:EmeraldSignet":60,"StuffTheSpire:RubySignet":21,"War Paint":19,"MawBank":85,"Ring of the Snake":0,"aspiration:ChemicalBlood":67}],"Ring of the Snake":[38]},"card_choices":[{"not_picked":["StuffTheSpire:BumpUp","Deflect"],"picked":"Noxious Fumes","floor":1},{"not_picked":["conspire:PoisonWeapons","Choke"],"picked":"Flying Knee","floor":2},{"not_picked":["Slice","ReplayTheSpireMod:Speed Training"],"picked":"PiercingWail","floor":4},{"not_picked":["Dodge and Roll","Riddle With Holes"],"picked":"Die Die Die","floor":7},{"not_picked":["PiercingWail","StuffTheSpire:Python"],"picked":"Backflip","floor":8},{"not_picked":["Deadly Poison","StuffTheSpire:Fury","Predator"],"picked":"SKIP","floor":10},{"not_picked":["Sucker Punch","Slice"],"picked":"Bane","floor":12},{"not_picked":["Sucker Punch","Riddle With Holes"],"picked":"Draining Mist","floor":13},{"not_picked":["Choke","StuffTheSpire:DoubleShiv","Poisoned Stab"],"picked":"SKIP","floor":14},{"not_picked":["After Image","Die Die Die"],"picked":"Malaise","floor":16},{"not_picked":["Deadly Poison","Cloak And Dagger","Bane"],"picked":"SKIP","floor":18},{"not_picked":["Prepared","Poisoned Stab","StuffTheSpire:Injection"],"picked":"SKIP","floor":21},{"not_picked":["Dagger Throw","Well Laid Plans","Poisoned Stab"],"picked":"SKIP","floor":22},{"not_picked":["PiercingWail","Backflip"],"picked":"Calculated Gamble+1","floor":24},{"not_picked":["Flying Knee","Dagger Throw"],"picked":"Tactician","floor":25},{"not_picked":["Dodge and Roll","Finisher","Deadly Poison"],"picked":"SKIP","floor":30},{"not_picked":["Poisoned Stab","Flechettes"],"picked":"Acrobatics","floor":31}],"player_experience":1803097,"relics_obtained":[{"floor":7,"key":"War Paint"},{"floor":9,"key":"StuffTheSpire:RubySignet"},{"floor":24,"key":"StuffTheSpire:EmeraldSignet"},{"floor":26,"key":"aspiration:ChemicalBlood"},{"floor":31,"key":"MawBank"}],"event_choices":[{"cards_removed":["Strike_G"],"damage_healed":0,"gold_gain":0,"player_choice":"Purged","damage_taken":0,"max_hp_gain":0,"max_hp_loss":0,"event_name":"Purifier","floor":5,"gold_loss":0},{"cards_removed":["Strike_G"],"damage_healed":0,"gold_gain":0,"player_choice":"Card Removal","damage_taken":0,"max_hp_gain":0,"max_hp_loss":0,"event_name":"The Cleric","floor":15,"gold_loss":75},{"damage_healed":0,"gold_gain":0,"player_choice":"Fight","damage_taken":0,"max_hp_gain":0,"max_hp_loss":0,"event_name":"Colosseum","floor":28,"gold_loss":0},{"damage_healed":0,"gold_gain":0,"player_choice":"Fled From Nobs","damage_taken":0,"max_hp_gain":0,"max_hp_loss":0,"event_name":"Colosseum","floor":28,"gold_loss":0}],"is_beta":false,"boss_relics":[{"not_picked":["SacredBark","Black Star"],"picked":"Replay:Bronze Core"}],"items_purged_floors":[20,20,29],"is_endless":false,"potions_floor_spawned":[2,7,13,16,18,22,25,30],"killed_by":"Champ","ascension_level":15}}