{"host":"qrbkigq52dd42dk0","time":1609113115,"event":{"mods":["AchievementEnabler","BaseMod","Colored Map","Colored Powertips","Downfall","Minty Spire (QoL Compilation)","Quick Restart","StSLib","SuperFastMode"],"gold_per_floor":[99,119,29,29,14,34,58,58,69,54,72,86,11,39,51,154,154,79,79,79,79,29,40,40,40,67,52,68,68,37,54,73,175,175,100,119,139,154,154,154,154,154,154,154,2,2,12,37,50,50,50,81,81,81,81],"floor_reached":56,"playtime":3450,"items_purged":["Decay","Slimebound:Defend_Slimebound"],"score":1195,"play_id":"43dd7388-4eec-4753-8a43-90eceb417dc9","local_time":"20201228005155","is_ascension_mode":false,"campfire_choices":[{"data":"Slimebound:Split","floor":1.0,"key":"SMITH"},{"data":"Slimebound:TongueLash","floor":8.0,"key":"SMITH"},{"data":"Slimebound:Schlurp","floor":13.0,"key":"SMITH"},{"floor":18.0,"key":"RECALL"},{"data":"Slimebound:LeadByExample","floor":25.0,"key":"SMITH"},{"data":"Slimebound:Grow","floor":29.0,"key":"SMITH"},{"data":"Slimebound:WasteNot","floor":35,"key":"SMITH"},{"data":"Slimebound:DuplicatedForm","floor":40,"key":"SMITH"},{"data":"Slimebound:OneTwoCombo","floor":42,"key":"SMITH"},{"data":"Slimebound:CorrosiveSpit","floor":43,"key":"SMITH"},{"data":"Slimebound:Gluttony","floor":54,"key":"SMITH"}],"circlet_count":0,"master_deck":["Slimebound:Tackle","Slimebound:Defend_Slimebound","Slimebound:Defend_Slimebound","Slimebound:Defend_Slimebound","Slimebound:Split+1","Slimebound:CorrosiveSpit+1","Slimebound:LeechingTouch","Slimebound:LeechLife","Slimebound:TongueLash+1","Slimebound:SamplingLick","Slimebound:Grow+1","Slimebound:Schlurp+1","Slimebound:MegaLick","Slimebound:WasteNot+1","Slimebound:SplitBruiser","RitualDagger+1","Slimebound:Tackle+1","Slimebound:Tackle+1","Slimebound:Tackle+1","Slimebound:Gluttony+1","Slimebound:LeadByExample+1","Slimebound:Schlurp+1","Slimebound:ViciousTackle","Slimebound:SlimeTap","Slimebound:LeadByExample+1","Slimebound:Repurpose+1","Slimebound:OneTwoCombo+1","Slimebound:SamplingLick","Slimebound:DuplicatedForm+1","Slimebound:LevelUp+1","Slimebound:SamplingLick+1","Slimebound:SplitBruiser+1"],"relics":["Slimebound:AbsorbEndCombat","WingedGreaves","downfall:HeartBlessingBlue","Coffee Dripper","downfall:HeartBlessingGreen","downfall:RedIOU","Art of War","Nunchaku","TungstenRod","SlaversCollar","downfall:HeartBlessingRed","Toy Ornithopter","ClockworkSouvenir","Meat on the Bone","Orichalcum"],"acts_visited":["Exordium","TheCity","TheBeyond","TheEnding"],"potions_floor_usage":[33,47,47,48,52],"damage_taken":[{"damage":11.0,"enemies":"2 Louse","floor":2.0,"turns":3.0},{"damage":14.0,"enemies":"downfall:FleeingMerchant","floor":3.0,"turns":4.0},{"damage":13.0,"enemies":"downfall:FleeingMerchant","floor":5.0,"turns":4.0},{"damage":16.0,"enemies":"Small Slimes","floor":6.0,"turns":3.0},{"damage":9.0,"enemies":"Jaw Worm","floor":9.0,"turns":3.0},{"damage":22.0,"enemies":"downfall:FleeingMerchant","floor":10.0,"turns":4.0},{"damage":15.0,"enemies":"2 Fungi Beasts","floor":11.0,"turns":3.0},{"damage":13.0,"enemies":"Red Slaver","floor":12.0,"turns":3.0},{"damage":23.0,"enemies":"3 Sentries","floor":14.0,"turns":6.0},{"damage":15.0,"enemies":"3 Louse","floor":15.0,"turns":3.0},{"damage":70.0,"enemies":"downfall:Ironclad","floor":16.0,"turns":9.0},{"damage":23.0,"enemies":"downfall:FleeingMerchant","floor":22.0,"turns":4.0},{"damage":22.0,"enemies":"Shell Parasite","floor":23.0,"turns":3.0},{"damage":43.0,"enemies":"Gremlin Leader","floor":26.0,"turns":6.0},{"damage":44.0,"enemies":"downfall:FleeingMerchant","floor":27.0,"turns":4.0},{"damage":18.0,"enemies":"3 Byrds","floor":28.0,"turns":4.0},{"damage":0.0,"enemies":"downfall:FleeingMerchant","floor":30.0,"turns":1.0},{"damage":11.0,"enemies":"Shelled Parasite and Fungi","floor":31.0,"turns":3.0},{"damage":29.0,"enemies":"Chosen and Byrds","floor":32.0,"turns":3.0},{"damage":60,"enemies":"downfall:Watcher","floor":33,"turns":10},{"damage":18,"enemies":"3 Darklings","floor":36,"turns":3},{"damage":18,"enemies":"3 Shapes","floor":37,"turns":3},{"damage":26,"enemies":"Spire Growth","floor":38,"turns":4},{"damage":34,"enemies":"Jaw Worm Horde","floor":47,"turns":2},{"damage":48,"enemies":"Giant Head","floor":48,"turns":5},{"damage":36,"enemies":"4 Shapes","floor":49,"turns":5},{"damage":27,"enemies":"downfall:Defect","floor":50,"turns":5},{"damage":79,"enemies":"downfall:CharBossMerchant","floor":52,"turns":6},{"damage":127,"enemies":"downfall:NeowBoss","floor":55,"turns":21}],"seed_played":"-431464587795541292","potions_obtained":[{"floor":11.0,"key":"Energy Potion"},{"floor":12.0,"key":"GamblersBrew"},{"floor":14.0,"key":"SkillPotion"},{"floor":15.0,"key":"SmokeBomb"},{"floor":19.0,"key":"CultistPotion"},{"floor":32.0,"key":"Explosive Potion"},{"floor":38,"key":"champ:CounterPotion"},{"floor":49,"key":"AttackPotion"}],"is_trial":false,"path_per_floor":["R","M","$","?","$","M","T","R","M","$","M","M","R","E","M","B",null,"R","?","?","?","$","M","T","R","E","$","M","R","$","M","M","B",null,"R","M","M","M","?","R","T","R","R","?","$","?","M","E","M","B",null,"E","$","R","B",null],"character_chosen":"SLIMEBOUND","items_purchased":["Slimebound:LeadByExample","TungstenRod","ClockworkSouvenir"],"campfire_rested":0,"item_purchase_floors":[22,30,45],"current_hp_per_floor":[60,57,55,55,56,50,50,50,60,52,51,60,70,63,60,63,70,70,70,70,70,66,60,60,60,51,38,34,34,34,33,30,43,70,70,70,52,46,46,46,46,46,46,46,46,46,44,60,46,49,70,63,63,63,48],"gold":81,"neow_bonus":"ONE_RARE_RELIC","is_daily":false,"chose_seed":false,"campfire_upgraded":10,"win_rate":0.0,"timestamp":1609113115,"path_taken":["R","M","$","?","$","M","T","R","M","$","M","M","R","E","M","BOSS","R","?","?","?","$","M","T","R","E","$","M","R","$","M","M","BOSS","R","M","M","M","?","R","T","R","R","?","$","?","?","E","M","BOSS","E","$","R","BOSS"],"items_purchased_type":["Card","Relic","Relic"],"build_version":"2020-12-22","purchased_purges":2,"victory":true,"max_hp_per_floor":[60,60,60,60,60,60,60,60,60,60,60,60,70,70,70,70,70,70,70,70,70,70,70,70,70,70,70,70,70,70,70,70,70,70,70,70,70,70,70,70,70,70,70,70,70,70,70,70,70,70,70,70,70,70,70],"card_choices":[{"not_picked":["Slimebound:SlimeSpikes","Slimebound:GoopTackle"],"picked":"Slimebound:LeechingTouch","floor":2.0},{"not_picked":["Slimebound:SlimeSpikes","Slimebound:LeechEnergy"],"picked":"Slimebound:LeechLife","floor":3.0},{"not_picked":["Slimebound:SplitLeeching","Slimebound:SlimeSpikes"],"picked":"Slimebound:TongueLash","floor":5.0},{"not_picked":["Slimebound:ComboTackle","Slimebound:SlimeSpikes"],"picked":"Slimebound:SamplingLick","floor":6.0},{"not_picked":["Slimebound:RollThrough","Slimebound:SamplingLick"],"picked":"Slimebound:Grow","floor":9.0},{"not_picked":["Slimebound:DisruptingSlam","Slimebound:Chomp","Slimebound:GoopSpray"],"picked":"SKIP","floor":10.0},{"not_picked":["Slimebound:RollThrough","Slimebound:LeechingTouch"],"picked":"Slimebound:Schlurp","floor":11.0},{"not_picked":["Slimebound:LivingWall","Slimebound:FirmFortitude"],"picked":"Slimebound:MegaLick","floor":12.0},{"not_picked":["Slimebound:FinishingTackle","Slimebound:SlimeTap"],"picked":"Slimebound:WasteNot","floor":14.0},{"not_picked":["Slimebound:LeechEnergy","Slimebound:LivingWall"],"picked":"Slimebound:SplitBruiser","floor":15.0},{"not_picked":["Slimebound:PrepareCrush","Slimebound:RallyTheTroops"],"picked":"Slimebound:WasteNot","floor":16.0},{"not_picked":["Slimebound:SplitMire","Slimebound:RainOfGoop"],"picked":"Slimebound:Gluttony","floor":22.0},{"not_picked":["Slimebound:SlimeSpikes+1","Slimebound:SplitAcid"],"picked":"Slimebound:Schlurp+1","floor":23.0},{"not_picked":["Slimebound:DisruptingSlam","Slimebound:SlimeSpikes"],"picked":"Slimebound:ViciousTackle","floor":26.0},{"not_picked":["Slimebound:BestDefense","Slimebound:ForwardTackle","Slimebound:DouseInSlime"],"picked":"SKIP","floor":27.0},{"not_picked":["Slimebound:GrowthPunch","Slimebound:ProtectTheBoss"],"picked":"Slimebound:SlimeTap","floor":28.0},{"not_picked":["Slimebound:FinishingTackle","Slimebound:DisruptingSlam"],"picked":"Slimebound:LeadByExample+1","floor":31.0},{"not_picked":["Slimebound:SamplingLick","Slimebound:SlimeSpikes"],"picked":"Slimebound:Repurpose+1","floor":32.0},{"not_picked":["Slimebound:DuplicatedForm","Slimebound:SlimeSlap"],"picked":"Slimebound:OneTwoCombo","floor":33},{"not_picked":["Slimebound:FlameTackle","Slimebound:ForwardTackle"],"picked":"Slimebound:SamplingLick","floor":36},{"not_picked":["Slimebound:ViciousTackle+1","Slimebound:LeechEnergy","Slimebound:GoopSpray"],"picked":"SKIP","floor":37},{"not_picked":["Slimebound:SplitLeeching","Slimebound:PressTheAttack+1"],"picked":"Slimebound:DuplicatedForm","floor":38},{"not_picked":["Slimebound:SplitAcid+1","Slimebound:GoopTackle","Slimebound:Dissolve"],"picked":"SKIP","floor":47},{"not_picked":["Slimebound:Chomp+1","Slimebound:PressTheAttack+1"],"picked":"Slimebound:LevelUp+1","floor":48},{"not_picked":["Slimebound:LivingWall+1","Slimebound:SplitMire+1"],"picked":"Slimebound:SamplingLick+1","floor":49},{"not_picked":["Slimebound:GoopSpray","Slimebound:SplitLeeching"],"picked":"Slimebound:SplitBruiser+1","floor":52}],"player_experience":107269,"relics_obtained":[{"floor":14.0,"key":"Darkstone Periapt"},{"floor":24.0,"key":"Art of War"},{"floor":26.0,"key":"Nunchaku"},{"floor":41,"key":"Toy Ornithopter"},{"floor":48,"key":"Meat on the Bone"},{"floor":52,"key":"Orichalcum"}],"event_choices":[{"cards_removed":["Slimebound:WasteNot"],"damage_healed":0,"gold_gain":0,"player_choice":"Removed Skill","damage_taken":0,"max_hp_gain":0,"max_hp_loss":0,"event_name":"Falling","floor":39,"gold_loss":0}],"is_beta":false,"boss_relics":[{"not_picked":["Tiny House","Snecko Eye"],"picked":"Coffee Dripper"},{"not_picked":["Astrolabe","Cursed Key"],"picked":"SlaversCollar"}],"items_purged_floors":[3,30],"is_endless":false,"potions_floor_spawned":[11,12,14,15,23,32,38,49],"ascension_level":0}}