{"host":"vydapxfau6612551","time":1609034416,"event":{"mods":["AchievementEnabler","BaseMod","Minty Spire (QoL Compilation)","StSLib","SuperFastMode"],"gold_per_floor":[114,189,189,139,91,91,126,144,144,30,60,87,99,115,115,213,213,232,244,244,244],"floor_reached":20,"playtime":626,"items_purged":[],"score":290,"play_id":"f30e2daa-dfab-4faf-9bcd-1172abba3515","local_time":"20201227110016","is_ascension_mode":true,"campfire_choices":[{"floor":6.0,"key":"RECALL"},{"floor":15.0,"key":"REST"}],"circlet_count":0,"master_deck":["Strike_R","Strike_R","Strike_R","Strike_R","Strike_R","Defend_R","Defend_R","Defend_R","Bash","Shrug It Off","Wild Strike","Second Wind","Carnage","Evolve","Uppercut","Disarm","Exhume","Burning Pact","Corruption"],"relics":["Burning Blood","NeowsBlessing","Lantern","Matryoshka","Oddly Smooth Stone","Dream Catcher","Snecko Eye"],"acts_visited":["Exordium","TheCity"],"potions_floor_usage":[16],"damage_taken":[{"damage":0.0,"enemies":"Jaw Worm","floor":1.0,"turns":1.0},{"damage":0.0,"enemies":"3 Sentries","floor":7.0,"turns":2.0},{"damage":0.0,"enemies":"Small Slimes","floor":8.0,"turns":1.0},{"damage":13.0,"enemies":"Gremlin Nob","floor":11.0,"turns":4.0},{"damage":0.0,"enemies":"2 Louse","floor":13.0,"turns":1.0},{"damage":8.0,"enemies":"Blue Slaver","floor":14.0,"turns":2.0},{"damage":54,"enemies":"The Guardian","floor":16,"turns":15},{"damage":0,"enemies":"Chosen","floor":18,"turns":3},{"damage":19,"enemies":"3 Byrds","floor":19,"turns":6},{"damage":0,"enemies":"Snake Plant","floor":20,"turns":1}],"seed_played":"6449033483707800318","potions_obtained":[{"floor":7.0,"key":"Ancient Potion"},{"floor":8.0,"key":"ColorlessPotion"},{"floor":14.0,"key":"HeartOfIron"},{"floor":19,"key":"HeartOfIron"}],"is_trial":false,"path_per_floor":["M","?","?","?","$","R","E","M","T","$","E","T","M","M","R","B",null,"M","M","M"],"character_chosen":"IRONCLAD","items_purchased":["Wild Strike","Evolve","Uppercut"],"campfire_rested":1,"item_purchase_floors":[5,10,10],"current_hp_per_floor":[78,67,67,67,67,67,73,79,79,79,72,72,78,76,80,32,68,74,61,61,61],"gold":244,"neow_bonus":"THREE_ENEMY_KILL","is_daily":false,"chose_seed":false,"campfire_upgraded":0,"win_rate":0.0,"timestamp":1609034416,"path_taken":["M","?","?","?","$","R","E","M","T","$","E","?","M","?","R","BOSS","M","?","M"],"items_purchased_type":["Card","Card","Card"],"build_version":"2020-12-22","purchased_purges":0,"victory":false,"max_hp_per_floor":[80,80,80,80,80,80,80,80,80,80,80,80,80,80,80,80,80,80,80,80,80],"card_choices":[{"not_picked":["Thunderclap","Whirlwind"],"picked":"Shrug It Off","floor":1.0},{"not_picked":["Heavy Blade","Sentinel"],"picked":"Second Wind","floor":7.0},{"not_picked":["Ghostly Armor","Pummel"],"picked":"Carnage","floor":8.0},{"not_picked":["Shrug It Off","Pommel Strike"],"picked":"Disarm","floor":11.0},{"not_picked":["Heavy Blade","Warcry","Clash"],"picked":"SKIP","floor":13.0},{"not_picked":["True Grit","Infernal Blade"],"picked":"Exhume","floor":14.0},{"not_picked":["Flex","Dual Wield"],"picked":"Burning Pact","floor":15.0},{"not_picked":["Feed","Berserk"],"picked":"Corruption","floor":16},{"not_picked":["Ghostly Armor+1","Pommel Strike","Twin Strike"],"picked":"SKIP","floor":18},{"not_picked":["Wild Strike","Sword Boomerang","Armaments"],"picked":"SKIP","floor":19}],"player_experience":383135,"relics_obtained":[{"floor":7.0,"key":"Lantern"},{"floor":9.0,"key":"Matryoshka"},{"floor":11.0,"key":"Oddly Smooth Stone"},{"floor":12.0,"key":"Dream Catcher"}],"event_choices":[{"damage_healed":0.0,"max_hp_gain":0.0,"max_hp_loss":0.0,"gold_gain":75.0,"event_name":"World of Goop","player_choice":"Gather Gold","floor":2.0,"gold_loss":0.0,"damage_taken":11.0},{"damage_healed":0.0,"max_hp_gain":0.0,"max_hp_loss":0.0,"gold_gain":0.0,"event_name":"Liars Game","player_choice":"Ignored","floor":3.0,"gold_loss":0.0,"damage_taken":0.0},{"cards_removed":["Defend_R"],"damage_healed":0.0,"max_hp_gain":0.0,"max_hp_loss":0.0,"gold_gain":0.0,"event_name":"The Cleric","player_choice":"Card Removal","floor":4.0,"gold_loss":50.0,"damage_taken":0.0}],"is_beta":false,"boss_relics":[{"not_picked":["Busted Crown","Ectoplasm"],"picked":"Snecko Eye"}],"items_purged_floors":[],"is_endless":false,"potions_floor_spawned":[7,8,14,19],"killed_by":"Snake Plant","ascension_level":8}}