{"host":"6azrrw3tf7wb0f4b","time":1609040910,"event":{"mods":["BaseMod","DeckTracker","Minty Spire (QoL Compilation)","SuperFastMode"],"gold_per_floor":[118,131,131,131,141,141,160,195,195,195,208,221,238,114,114,214,214,226,245,170,13,46,73,73,73,73],"floor_reached":25,"playtime":549,"items_purged":["Defend_B"],"score":312,"play_id":"f111198f-c7dc-40f2-a839-e7d6b4a0f952","local_time":"20201227124830","is_ascension_mode":true,"campfire_choices":[{"data":"Dualcast","floor":6,"key":"SMITH"},{"floor":10,"key":"REST"},{"floor":15,"key":"REST"},{"floor":24,"key":"REST"}],"circlet_count":0,"master_deck":["Strike_B","Strike_B+1","Strike_B","Defend_B","Defend_B","Defend_B","Zap","Dualcast+1","Beam Cell","Redo+1","Conserve Battery","Biased Cognition","Auto Shields","Melter","Sweeping Beam","Coolheaded+1","Conserve Battery+1","Cold Snap","Rainbow+1","Force Field+1"],"relics":["Cracked Core","Dream Catcher","Tiny Chest","Mango","Toxic Egg 2","Snecko Eye","Sling","Red Mask","Sundial"],"acts_visited":["Exordium","TheCity"],"potions_floor_usage":[8,11,16,16,18,23],"damage_taken":[{"damage":0,"enemies":"2 Louse","floor":1,"turns":2},{"damage":2,"enemies":"Jaw Worm","floor":2,"turns":3},{"damage":0,"enemies":"Small Slimes","floor":5,"turns":2},{"damage":9,"enemies":"Exordium Wildlife","floor":7,"turns":3},{"damage":18,"enemies":"3 Sentries","floor":8,"turns":6},{"damage":12,"enemies":"Exordium Thugs","floor":11,"turns":3},{"damage":6,"enemies":"Blue Slaver","floor":12,"turns":3},{"damage":9,"enemies":"3 Louse","floor":13,"turns":2},{"damage":3,"enemies":"Slime Boss","floor":16,"turns":5},{"damage":20,"enemies":"2 Thieves","floor":18,"turns":4},{"damage":0,"enemies":"Spheric Guardian","floor":19,"turns":1},{"damage":21,"enemies":"Masked Bandits","floor":22,"turns":4},{"damage":38,"enemies":"Gremlin Leader","floor":23,"turns":9},{"damage":19,"enemies":"Slavers","floor":25,"turns":2}],"seed_played":"-6301750048736425729","potions_obtained":[{"floor":1,"key":"FearPotion"},{"floor":7,"key":"DuplicationPotion"},{"floor":11,"key":"Swift Potion"},{"floor":16,"key":"PowerPotion"},{"floor":22,"key":"SpeedPotion"}],"is_trial":false,"path_per_floor":["M","M","?","?","M","R","M","E","T","R","M","M","M","$","R","B",null,"M","M","?","$","?","E","R","E"],"character_chosen":"DEFECT","items_purchased":["Fire Potion","Sling"],"campfire_rested":3,"item_purchase_floors":[14,21],"current_hp_per_floor":[68,66,51,44,44,44,35,31,31,57,45,39,30,30,56,53,80,60,60,60,60,39,1,27,8,8],"gold":73,"neow_bonus":"RANDOM_COMMON_RELIC","is_daily":false,"chose_seed":false,"campfire_upgraded":1,"win_rate":0.0,"timestamp":1609040910,"path_taken":["M","M","?","?","M","R","M","E","T","R","M","?","M","$","R","BOSS","M","M","?","$","?","E","R","E"],"items_purchased_type":["Potion","Relic"],"build_version":"2020-12-22","purchased_purges":1,"victory":false,"max_hp_per_floor":[75,75,75,75,75,75,75,89,89,89,89,89,89,89,89,89,89,89,89,89,89,89,89,89,89,89],"card_choices":[{"not_picked":["Reinforced Body","Barrage"],"picked":"Beam Cell","floor":1},{"not_picked":["Reprogram","Compile Driver"],"picked":"Redo","floor":2},{"not_picked":["Streamline","Redo"],"picked":"Conserve Battery","floor":5},{"not_picked":["Gash","Conserve Battery"],"picked":"Biased Cognition","floor":7},{"not_picked":["Biased Cognition","Compile Driver"],"picked":"Auto Shields","floor":8},{"not_picked":["Reprogram+1","Redo+1"],"picked":"Melter","floor":10},{"not_picked":["Go for the Eyes","Stack+1"],"picked":"Sweeping Beam","floor":11},{"not_picked":["Stack+1","Leap+1"],"picked":"Coolheaded+1","floor":12},{"not_picked":["Barrage","Ball Lightning"],"picked":"Conserve Battery+1","floor":13},{"not_picked":["Loop","Hologram+1"],"picked":"Cold Snap","floor":15},{"not_picked":["Thunder Strike","Hyperbeam"],"picked":"Rainbow+1","floor":16},{"not_picked":["Compile Driver","White Noise+1","Sweeping Beam+1"],"picked":"SKIP","floor":18},{"not_picked":["Barrage+1","BootSequence+1","Auto Shields+1"],"picked":"SKIP","floor":19},{"not_picked":["Sweeping Beam+1","Gash","Coolheaded+1"],"picked":"SKIP","floor":23},{"not_picked":["Conserve Battery+1","Gash+1"],"picked":"Force Field+1","floor":24}],"player_experience":645412,"relics_obtained":[{"floor":8,"key":"Mango"},{"floor":9,"key":"Toxic Egg 2"},{"floor":22,"key":"Red Mask"},{"floor":23,"key":"Sundial"}],"event_choices":[{"damage_healed":0,"gold_gain":0,"player_choice":"Entered Light","damage_taken":15,"max_hp_gain":0,"max_hp_loss":0,"event_name":"Shining Light","floor":3,"gold_loss":0,"cards_upgraded":["Redo","Strike_B"]},{"damage_healed":0,"gold_gain":0,"player_choice":"Success","damage_taken":7,"relics_obtained":["Tiny Chest"],"max_hp_gain":0,"max_hp_loss":0,"event_name":"Scrap Ooze","floor":4,"gold_loss":0},{"cards_removed":["Strike_B"],"damage_healed":0,"gold_gain":0,"player_choice":"Gave Gold","damage_taken":0,"max_hp_gain":0,"max_hp_loss":0,"event_name":"Beggar","floor":20,"gold_loss":75},{"damage_healed":0,"gold_gain":0,"player_choice":"Fought Bandits","damage_taken":0,"max_hp_gain":0,"max_hp_loss":0,"event_name":"Masked Bandits","floor":22,"gold_loss":0}],"is_beta":false,"boss_relics":[{"not_picked":["Runic Dome","Inserter"],"picked":"Snecko Eye"}],"items_purged_floors":[14],"is_endless":false,"potions_floor_spawned":[1,7,11,16,22],"killed_by":"Slavers","ascension_level":8}}