{"host":"vc42n08di9czm3e7","time":1609113971,"event":{"mods":["AchievementEnabler","Act Like it!","BaseMod","BetterRewards","Colored Powertips","Downfall","Friendly Minions","GifTheSpireLib","Minty Spire (QoL Compilation)","Quick Restart","Rare Cards Sparkle","StSLib","The Construct","The Jungle"],"gold_per_floor":[113,124,101,111,111,144,144],"floor_reached":6,"playtime":770,"items_purged":[],"score":46,"play_id":"c9419aa5-ae68-430a-94c0-3b097a0cfe9c","local_time":"20201227190611","is_ascension_mode":false,"campfire_choices":[],"circlet_count":0,"master_deck":["construct:Strike_Gold","construct:Strike_Gold","construct:Strike_Gold","construct:Strike_Gold","construct:Strike_Gold","construct:Defend_Gold","construct:Defend_Gold","construct:Defend_Gold","construct:Defend_Gold","construct:Defend_Gold","construct:AttackMode","construct:DefenseMode+2","construct:PowerUp","construct:Analyze","construct:Autoturret","construct:OmegaCannon"],"relics":["construct:Cogwheel","NeowsBlessing","construct:MegaBattery"],"acts_visited":["Exordium"],"potions_floor_usage":[6],"damage_taken":[{"damage":0,"enemies":"2 Louse","floor":1,"turns":1},{"damage":0,"enemies":"Small Slimes","floor":2,"turns":1},{"damage":0,"enemies":"Cultist","floor":4,"turns":1},{"damage":36,"enemies":"Gremlin Nob","floor":6,"turns":5}],"seed_played":"5051453941915699940","potions_obtained":[{"floor":4,"key":"Fruit Juice"}],"is_trial":false,"path_per_floor":["M","M","$","M","?","E"],"character_chosen":"THE_CONSTRUCT_MOD","items_purchased":["construct:Autoturret"],"campfire_rested":0,"item_purchase_floors":[3],"current_hp_per_floor":[85,85,85,85,85,54,54],"gold":144,"neow_bonus":"THREE_ENEMY_KILL","is_daily":false,"chose_seed":false,"campfire_upgraded":0,"win_rate":0.0,"timestamp":1609113971,"path_taken":["M","M","$","M","?","E"],"items_purchased_type":["Card"],"build_version":"2020-12-22","purchased_purges":0,"victory":false,"max_hp_per_floor":[85,85,85,85,85,90,90],"card_choices":[{"not_picked":["construct:SweepLaser","construct:Backfire"],"picked":"construct:PowerUp","floor":1},{"not_picked":["construct:Construct_Overclock","construct:Disrupt"],"picked":"construct:Analyze","floor":2},{"not_picked":["construct:VentSteam","construct:OneWayMirror"],"picked":"construct:OmegaCannon","floor":4}],"player_experience":272977,"relics_obtained":[{"floor":6,"key":"construct:MegaBattery"}],"event_choices":[{"damage_healed":0,"gold_gain":0,"player_choice":"Ignored","damage_taken":0,"max_hp_gain":0,"max_hp_loss":0,"event_name":"Liars Game","floor":5,"gold_loss":0}],"is_beta":false,"boss_relics":[],"items_purged_floors":[],"is_endless":false,"potions_floor_spawned":[4],"killed_by":"Gremlin Nob","ascension_level":0}}