{"host":"ij91kspbsf1i6fsu","time":1609050420,"event":{"mods":["AchievementEnabler","Arknights The Spire","BaseMod","BetterRewards","Colored Map","Minty Spire (QoL Compilation)","MostiFishMod","Rare Cards Sparkle","StSLib","everything is the same but u backflip on backflip","¡¼?Úª?ø«¡½REMEMod"],"gold_per_floor":[112,112,123,123,123,123,123,123,146,146,166,206,218,229,229,333,333,345,3,22,22,40,68,68,88,112,112,124,124,164,176,176,280,280,299,146,156,66,66,66],"floor_reached":39,"playtime":3905,"items_purged":[],"score":395,"play_id":"5758c0d0-4308-4012-8ca6-9a96fb47d139","local_time":"20201226232700","is_ascension_mode":false,"campfire_choices":[{"floor":6,"key":"RECALL"},{"data":"ats:Revitalization","floor":8,"key":"SMITH"},{"data":"ats:Healing Strengthening","floor":10,"key":"SMITH"},{"data":"ats:Healing Drone","floor":15,"key":"SMITH"},{"data":"MostiFishMod:JungleRules","floor":24,"key":"SMITH"},{"floor":27,"key":"REST"},{"data":"ats:Roar Of Ursus","floor":32,"key":"SMITH"}],"circlet_count":0,"master_deck":["ats:Strike G","ats:Strike S","ats:Strike V","ats:Armor Crushing Shot","ats:Defend","ats:Defend","ats:Defend","ats:Emotion Absorption","Combust+1","ats:Healing Strengthening+1","ats:Revitalization+1","ats:Defend Order","ats:Healing Drone","ats:Shadow Raid","ats:Healing Drone+1","ats:Echo Reverb","MostiFishMod:FrostNova","MostiFishMod:WinterMarkForm+1","ats:Composite Medical Shells","MostiFishMod:JungleRules+1","ats:Composite Medical Shells","Iron Wave","ats:Revitalization","ats:Roar Of Ursus+1","ats:Healing Drone","ats:Encircling Forest","ats:Nebulous Foxfire","ats:Curse Doll+1","ats:Shadow Assault","ats:Composite Medical Shells+1","ats:Apocalypse+1"],"relics":["ats:Sanity","REME_ComplimentaryCards","DaveBox","OrangePellets","SynthV:TestCard","ats:MaxSp4","FrostBlade","Ying","ats:Originium","ats:MaxSp1","Potion Belt","xbg","BrkXgEgg"],"acts_visited":["Exordium","TheCity","TheBeyond"],"potions_floor_usage":[12,16,16,30,30],"damage_taken":[{"damage":2,"enemies":"Cultist","floor":1,"turns":4},{"damage":15,"enemies":"Jaw Worm","floor":3,"turns":5},{"damage":2,"enemies":"Small Slimes","floor":11,"turns":3},{"damage":25,"enemies":"Gremlin Gang","floor":12,"turns":5},{"damage":15,"enemies":"2 Fungi Beasts","floor":13,"turns":4},{"damage":22,"enemies":"Lots of Slimes","floor":14,"turns":4},{"damage":110,"enemies":"The Guardian","floor":16,"turns":16},{"damage":40,"enemies":"3 Byrds","floor":18,"turns":5},{"damage":1,"enemies":"Spheric Guardian","floor":20,"turns":3},{"damage":36,"enemies":"Chosen and Byrds","floor":22,"turns":6},{"damage":75,"enemies":"REME_1_Revenger","floor":23,"turns":7},{"damage":115,"enemies":"Shelled Parasite and Fungi","floor":25,"turns":7},{"damage":51,"enemies":"Centurion and Healer","floor":28,"turns":6},{"damage":49,"enemies":"Sentry and Sphere","floor":30,"turns":7},{"damage":31,"enemies":"Snake Plant","floor":31,"turns":7},{"damage":154,"enemies":"Collector","floor":33,"turns":12},{"damage":19,"enemies":"3 Darklings","floor":35,"turns":7},{"damage":58,"enemies":"Orb Walker","floor":37,"turns":5},{"damage":49,"enemies":"4 Shapes","floor":39,"turns":3}],"seed_played":"2565586508779538098","potions_obtained":[{"floor":1,"key":"LiquidBronze"},{"floor":3,"key":"SteroidPotion"},{"floor":11,"key":"REME_GoldPotion"},{"floor":14,"key":"ats:Emergency Sanity Potion"},{"floor":18,"key":"LiquidMemories"},{"floor":20,"key":"Explosive Potion"},{"floor":28,"key":"REME_GoldPotion"},{"floor":30,"key":"FairyPotion"},{"floor":35,"key":"DistilledChaos"}],"is_trial":false,"path_per_floor":["M","$","M","?","$","R","?","R","T","R","M","M","M","M","R","B",null,"M","$","M","?","M","E","R","M","T","R","M","$","M","M","R","B",null,"M","$","M","?","M"],"character_chosen":"DOCTOR_CLASS","items_purchased":["MostiFishMod:JungleRules","Ying","BrkXgEgg"],"campfire_rested":1,"item_purchase_floors":[19,19,36],"current_hp_per_floor":[77,77,62,62,62,62,62,62,62,62,60,48,58,59,59,75,79,77,77,76,76,74,57,57,1,1,24,26,26,54,73,73,79,79,70,70,21,21,0,0],"gold":66,"neow_bonus":"TEN_PERCENT_HP_BONUS","is_daily":false,"chose_seed":false,"campfire_upgraded":5,"win_rate":0.0,"timestamp":1609050420,"path_taken":["M","$","M","?","$","R","?","R","T","R","M","?","M","M","R","BOSS","M","$","M","?","?","E","R","M","T","R","M","$","?","M","R","BOSS","M","$","M","?","?"],"items_purchased_type":["Card","Relic","Relic"],"build_version":"2020-12-22","purchased_purges":0,"victory":false,"max_hp_per_floor":[79,79,79,79,79,79,79,79,79,79,79,79,79,79,79,79,79,79,79,79,79,79,79,79,79,79,79,79,79,79,79,79,79,79,79,79,79,79,79,79],"card_choices":[{"not_picked":["ats:Powerful Strike","ats:Revitalization"],"picked":"ats:Healing Strengthening","floor":1},{"not_picked":["ats:Sword Rain","ats:Burning Ground","ats:Curse Doll","ats:Powerful Strike"],"picked":"ats:Revitalization","floor":3},{"not_picked":["ats:Ignite","ats:Explosion Area Strengthen","ats:Powerful Strike","ats:Poison Spread"],"picked":"ats:Defend Order","floor":11},{"not_picked":["ats:Shadow Raid","ats:Childhood Dance","ats:Closed Bolt Burst Fire","ats:LN2 Cannon"],"picked":"ats:Healing Drone","floor":12},{"not_picked":["ats:Mental Burst","ats:Assault Order","ats:Powerful Strike","ats:Ignite"],"picked":"ats:Shadow Raid","floor":13},{"not_picked":["ats:Thorns","ats:Mental Burst","ats:Revitalization","ats:Collapsing Strike"],"picked":"ats:Healing Drone","floor":14},{"not_picked":["ats:Roar Of Ursus","ats:Soul Rend","ats:Volcano","ats:Dogmatic Field"],"picked":"ats:Echo Reverb","floor":16},{"not_picked":["ats:Directed Diagnosis","ats:Very Hot Blade","ats:Hammer On","ats:Defend Order"],"picked":"ats:Composite Medical Shells","floor":18},{"not_picked":["ats:Charging Defense","ats:Consecutive Shot Auto","ats:Part Time Job+1","ats:Poison Spread+1"],"picked":"ats:Composite Medical Shells","floor":20},{"not_picked":["ats:Apocalypse","ats:Assault Order+1","ats:Sunburst+1","ats:Poison Spread"],"picked":"ats:Revitalization","floor":22},{"not_picked":["ats:Revitalization","ats:Flame Of Heaven","ats:Consecutive Shot Auto","ats:Ignite"],"picked":"ats:Roar Of Ursus","floor":23},{"not_picked":["ats:Childhood Dance+1","ats:Leaping Hammer","ats:Demon Strength","ats:Hammer On+1"],"picked":"ats:Healing Drone","floor":25},{"not_picked":["ats:Ignite","ats:Powerful Strike+1","ats:Consecutive Shot Auto","ats:Revitalization"],"picked":"ats:Encircling Forest","floor":28},{"not_picked":["ats:Assault Order","ats:Blood Oath","ats:Closed Bolt Burst Fire","ats:Powerful Strike"],"picked":"ats:Nebulous Foxfire","floor":30},{"not_picked":["ats:Directed Diagnosis","ats:Hammer On","ats:Ignite+1","ats:Assault Order"],"picked":"ats:Curse Doll+1","floor":31},{"not_picked":["ats:True Silver Slash","ats:Calcification","ats:Volcano","ats:Wolf Pack"],"picked":"ats:Shadow Assault","floor":33},{"not_picked":["ats:Rapid Magazine+1","ats:Cat Scratch+1","ats:Explosion Area Strengthen","ats:Childhood Dance"],"picked":"ats:Composite Medical Shells+1","floor":35},{"not_picked":["ats:Revitalization","ats:Shell Defense","ats:Poison Spread","ats:Assault Order"],"picked":"ats:Apocalypse+1","floor":37}],"player_experience":16057,"relics_obtained":[{"floor":1,"key":"SynthV:TestCard"},{"floor":9,"key":"ats:MaxSp4"},{"floor":23,"key":"ats:Originium"},{"floor":23,"key":"ats:MaxSp1"},{"floor":26,"key":"Potion Belt"}],"event_choices":[{"damage_healed":0,"gold_gain":0,"player_choice":"Grow","damage_taken":0,"max_hp_gain":0,"max_hp_loss":0,"event_name":"Living Wall","floor":4,"gold_loss":0,"cards_upgraded":["Combust"]},{"damage_healed":0,"gold_gain":0,"player_choice":"Bought 0 Potions","damage_taken":0,"max_hp_gain":0,"max_hp_loss":0,"event_name":"The Woman in Blue","floor":7,"gold_loss":0},{"cards_removed":["ats:Defend"],"damage_healed":0,"gold_gain":0,"player_choice":"Took Card","damage_taken":0,"max_hp_gain":0,"max_hp_loss":0,"event_name":"NoteForYourself","floor":21,"gold_loss":0,"cards_obtained":["Iron Wave"]},{"cards_removed":["ats:Strike C"],"damage_healed":0,"gold_gain":0,"player_choice":"Upgrade and Remove","damage_taken":0,"max_hp_gain":0,"max_hp_loss":0,"event_name":"Designer","floor":38,"gold_loss":90,"cards_upgraded":["MostiFishMod:WinterMarkForm"]}],"is_beta":false,"boss_relics":[{"not_picked":["REME_ChargedStone","NightmareShop"],"picked":"FrostBlade"},{"not_picked":["Velvet Choker","RhineFirstAidKit"],"picked":"xbg"}],"items_purged_floors":[],"is_endless":false,"potions_floor_spawned":[1,3,11,14,18,20,28,30,35],"killed_by":"4 Shapes","ascension_level":0}}