{"host":"r2b8ojg4o4pyvjvq","time":1609098163,"event":{"mods":["BaseMod","Colored Map","Downfall","Highlight Path","Hubris","Marisa????????","Minty Spire (QoL Compilation)","Quick Restart","Replay The Spire","StSLib","SuperFastMode"],"gold_per_floor":[110,110,30,30,30,30,58,71,117,131,131,53,53,53,53,129,129,149,6,77,92,105,105,125,125,125,125,125,125,54,2,2,79,79,89,89,89],"floor_reached":36,"playtime":966,"items_purged":[],"score":909,"play_id":"fb386535-9e05-454f-aa6e-0ea004ffa916","local_time":"20201227204243","is_ascension_mode":true,"campfire_choices":[{"data":"Bash","floor":6,"key":"SMITH"},{"data":"Inflame","floor":11,"key":"SMITH"},{"data":"Shrug It Off","floor":13,"key":"SMITH"},{"data":"ReplayTheSpireMod:Limb From Limb","floor":15,"key":"SMITH"},{"data":"Flame Barrier","floor":23,"key":"SMITH"},{"data":"Body Slam","floor":25,"key":"SMITH"},{"data":"Flame Barrier","floor":27,"key":"SMITH"},{"data":"Metallicize","floor":32,"key":"SMITH"}],"circlet_count":0,"master_deck":["AscendersBane","Strike_R","Strike_R","Strike_R","Strike_R","Defend_R","Defend_R","Defend_R","Defend_R","Bash+1","Shrug It Off+1","Inflame+1","ReplayTheSpireMod:Limb From Limb+1","Juggernaut","Feed","Flame Barrier+1","Shrug It Off+1","Flame Barrier+1","Shrug It Off","Body Slam+1","Metallicize+1","True Grit","Disarm"],"relics":["Burning Blood","NeowsBlessing","hubris:TenFootPole","Gremlin Food","Replay:Wax Seal","Ooze Armor","Bag of Marbles","ReplayFunnel","Replay:Bronze Core"],"acts_visited":["Exordium","TheCity","TheBeyond"],"potions_floor_usage":[16,24,29,33],"damage_taken":[{"damage":0,"enemies":"Small Slimes","floor":1,"turns":1},{"damage":0,"enemies":"Lagavulin","floor":7,"turns":1},{"damage":0,"enemies":"2 Louse","floor":8,"turns":1},{"damage":7,"enemies":"Jaw Worm","floor":10,"turns":3},{"damage":21,"enemies":"The Guardian","floor":16,"turns":10},{"damage":19,"enemies":"Shell Parasite","floor":18,"turns":6},{"damage":22,"enemies":"3 Byrds","floor":21,"turns":6},{"damage":8,"enemies":"Centurion and Healer","floor":22,"turns":7},{"damage":10,"enemies":"Snake Plant","floor":24,"turns":4},{"damage":0,"enemies":"Replay:Snechameleon","floor":29,"turns":2},{"damage":41,"enemies":"Pondfish","floor":33,"turns":14},{"damage":0,"enemies":"3 Shapes","floor":35,"turns":7},{"damage":88,"enemies":"2 Orb Walkers","floor":36,"turns":9}],"seed_played":"2221842388406053890","potions_obtained":[{"floor":1,"key":"Venom Potion"},{"floor":8,"key":"AttackPotion"},{"floor":16,"key":"SkillPotion"},{"floor":20,"key":"SmokeBomb"},{"floor":24,"key":"Ancient Potion"}],"is_trial":false,"path_per_floor":["M","?","$","?","$","R","E","M","T","M","R","$","R","?","R","B",null,"M","$","?","M","M","R","M","R","T","R","?","E","$","$","R","B",null,"M","?"],"character_chosen":"IRONCLAD","items_purchased":["Inflame","Replay:Wax Seal","Bag of Marbles","Metallicize","True Grit"],"campfire_rested":0,"item_purchase_floors":[3,12,19,30,31],"current_hp_per_floor":[78,83,83,83,83,83,85,85,85,84,84,84,84,84,84,69,81,68,68,68,55,56,56,52,52,52,52,52,58,58,58,58,23,74,80,0,0],"gold":89,"neow_bonus":"THREE_ENEMY_KILL","is_daily":false,"chose_seed":false,"campfire_upgraded":8,"win_rate":0.0,"timestamp":1609098163,"path_taken":["M","?","$","?","?","R","E","M","T","M","R","$","R","?","R","BOSS","M","?","?","?","M","R","M","R","T","R","?","E","?","$","R","BOSS","M","?"],"items_purchased_type":["Card","Relic","Relic","Card","Card"],"build_version":"2020-12-22","purchased_purges":0,"victory":false,"max_hp_per_floor":[80,85,85,85,85,85,85,85,85,85,85,85,85,85,85,85,85,85,85,85,88,91,91,91,91,91,91,91,91,91,91,91,91,91,91,91,91],"card_choices":[{"not_picked":["Pummel","Life Link"],"picked":"Shrug It Off","floor":1},{"not_picked":["Anger","Perfected Strike","Intimidate"],"picked":"SKIP","floor":7},{"not_picked":["True Grit","Clash","Searing Blow"],"picked":"SKIP","floor":8},{"not_picked":["Warcry","Evolve"],"picked":"ReplayTheSpireMod:Limb From Limb","floor":10},{"not_picked":["Juggernaut","Bludgeon"],"picked":"Feed","floor":16},{"not_picked":["Body Slam","Pommel Strike+1"],"picked":"Flame Barrier","floor":18},{"not_picked":["Anger","Armaments"],"picked":"Shrug It Off","floor":20},{"not_picked":["Battle Trance","hubris:ReadiedAction+1"],"picked":"Flame Barrier","floor":20},{"not_picked":["Reckless Charge","Inflame"],"picked":"Shrug It Off","floor":21},{"not_picked":["Reckless Charge+1","Evolve","Massacre"],"picked":"SKIP","floor":22},{"not_picked":["Clash","Body Slam","Combust"],"picked":"SKIP","floor":24},{"not_picked":["Clash","Combust"],"picked":"Body Slam","floor":24},{"not_picked":["Warcry+1","Flex"],"picked":"Disarm","floor":35}],"player_experience":482680,"relics_obtained":[{"floor":7,"key":"hubris:TenFootPole"},{"floor":9,"key":"Gremlin Food"},{"floor":20,"key":"ReplayFunnel"}],"event_choices":[{"damage_healed":0,"gold_gain":0,"player_choice":"Donut","damage_taken":0,"max_hp_gain":5,"max_hp_loss":0,"event_name":"Big Fish","floor":2,"gold_loss":0},{"damage_healed":0,"gold_gain":0,"player_choice":"1 cards matched","damage_taken":0,"max_hp_gain":0,"max_hp_loss":0,"event_name":"Match and Keep!","floor":14,"gold_loss":0,"cards_obtained":["Juggernaut"]},{"damage_healed":0,"gold_gain":0,"player_choice":"Upgraded","damage_taken":0,"max_hp_gain":0,"max_hp_loss":0,"event_name":"Upgrade Shrine","floor":28,"gold_loss":0,"cards_upgraded":["Shrug It Off"]},{"damage_healed":0,"gold_gain":0,"player_choice":"Fight","damage_taken":0,"max_hp_gain":0,"max_hp_loss":0,"event_name":"Mysterious Sphere","floor":36,"gold_loss":0}],"is_beta":false,"boss_relics":[{"not_picked":["Painkiller Herb","Tiny House"],"picked":"Ooze Armor"},{"not_picked":["hubris:GrandSneckoEye","Honey Jar"],"picked":"Replay:Bronze Core"}],"items_purged_floors":[],"is_endless":false,"potions_floor_spawned":[1,8,16,24,29],"killed_by":"2 Orb Walkers","ascension_level":13}}