{"host":"kvt6erufzkml0l5c","time":1609054435,"event":{"mods":["AchievementEnabler","BaseMod","Colored Powertips","Hubris","Infinite Spire","Minty Spire (QoL Compilation)","StSLib","The Servant 0.9.4"],"gold_per_floor":[110,121,139,214,230,230,230,230,230,260,277,37,37,50,50,153,153,165,345,86,100,118,118,129,129,154,169,0,0,26,39,39,39,39],"floor_reached":33,"playtime":969,"items_purged":["hubris:ReadiedAction"],"score":294,"play_id":"7a5c6cc6-1a8f-4525-84e4-58885c7fa8e7","local_time":"20201227003355","is_ascension_mode":false,"campfire_choices":[{"floor":6,"key":"REST"},{"data":"Twin Strike","floor":8,"key":"SMITH"},{"floor":15,"key":"REST"},{"floor":23,"key":"REST"},{"floor":25,"key":"REST"},{"floor":32,"key":"REST"}],"circlet_count":0,"master_deck":["Strike_R","Strike_R","Strike_R","Strike_R","Strike_R+1","Defend_R","Defend_R","Defend_R","Defend_R","Bash","Twin Strike","Twin Strike+1","Thunderclap+1","Twin Strike","Clothesline","Dual Wield","Double Tap","Thunderclap","Twin Strike+1","Searing Blow"],"relics":["Burning Blood","infinitespire:BottledMercury","infinitespire:CursedDice","Whetstone","Matryoshka","hubris:CrackedHourglass","hubris:TinFlute","Happy Flower","Strawberry","hubris:Metronome","Magic Flower"],"acts_visited":["Exordium","TheCity"],"potions_floor_usage":[10,24,33,33],"damage_taken":[{"damage":2,"enemies":"Small Slimes","floor":1,"turns":4},{"damage":6,"enemies":"2 Louse","floor":2,"turns":2},{"damage":4,"enemies":"Cultist","floor":3,"turns":4},{"damage":10,"enemies":"Exordium Wildlife","floor":5,"turns":6},{"damage":25,"enemies":"3 Sentries","floor":10,"turns":7},{"damage":13,"enemies":"Red Slaver","floor":11,"turns":2},{"damage":12,"enemies":"3 Louse","floor":14,"turns":2},{"damage":83,"enemies":"The Guardian","floor":16,"turns":14},{"damage":7,"enemies":"Chosen","floor":18,"turns":4},{"damage":10,"enemies":"3 Byrds","floor":21,"turns":5},{"damage":19,"enemies":"Cultist and Chosen","floor":22,"turns":5},{"damage":21,"enemies":"Chosen and Byrds","floor":24,"turns":5},{"damage":47,"enemies":"Snake Plant","floor":27,"turns":5},{"damage":31,"enemies":"Book of Stabbing","floor":30,"turns":4},{"damage":7,"enemies":"Centurion and Healer","floor":31,"turns":3},{"damage":52,"enemies":"hubris:MusketHawk","floor":33,"turns":6}],"seed_played":"8826864088218022047","potions_obtained":[{"floor":1,"key":"SteroidPotion"},{"floor":5,"key":"Swift Potion"},{"floor":10,"key":"FearPotion"},{"floor":11,"key":"Weak Potion"},{"floor":18,"key":"SpeedPotion"},{"floor":24,"key":"Fruit Juice"}],"is_trial":false,"path_per_floor":["M","M","M","?","M","R","?","R","T","E","M","$","?","M","R","B",null,"M","?","$","M","M","R","M","R","T","M","?","AVR","E","M","R","B"],"character_chosen":"IRONCLAD","items_purchased":["Matryoshka","hubris:TinFlute"],"campfire_rested":5,"item_purchase_floors":[12,20],"current_hp_per_floor":[80,80,80,69,65,80,80,80,80,61,54,54,54,48,72,35,80,79,60,60,56,43,67,57,82,89,48,48,48,23,25,52,0,0],"gold":39,"neow_bonus":"","is_daily":false,"chose_seed":false,"campfire_upgraded":1,"win_rate":0.0,"timestamp":1609054435,"path_taken":["M","M","M","?","M","R","?","R","T","E","?","$","?","M","R","BOSS","M","?","$","M","M","R","M","R","T","?","?","AVR","E","M","R","BOSS"],"items_purchased_type":["Relic","Relic"],"build_version":"2020-12-22","purchased_purges":1,"victory":false,"max_hp_per_floor":[80,80,80,80,80,80,80,80,80,80,80,80,80,80,80,80,80,80,80,80,80,80,80,85,85,92,92,92,92,92,92,92,92,92],"card_choices":[{"not_picked":["Iron Wave","Shrug It Off"],"picked":"Twin Strike","floor":1},{"not_picked":["Headbutt","Anger"],"picked":"hubris:ReadiedAction","floor":2},{"not_picked":["Perfected Strike","Body Slam"],"picked":"Twin Strike","floor":3},{"not_picked":["Armaments","Metallicize"],"picked":"Thunderclap","floor":5},{"not_picked":["Bloodletting","Hemokinesis"],"picked":"Twin Strike","floor":10},{"not_picked":["Body Slam","Rupture"],"picked":"Clothesline","floor":11},{"not_picked":["Body Slam","Sword Boomerang"],"picked":"Dual Wield","floor":14},{"not_picked":["Corruption","Fiend Fire"],"picked":"Double Tap","floor":16},{"not_picked":["Body Slam","hubris:ReadiedAction","Dark Embrace"],"picked":"SKIP","floor":18},{"not_picked":["Warcry","Headbutt"],"picked":"Thunderclap","floor":21},{"not_picked":["Shrug It Off","Bloodletting"],"picked":"Twin Strike+1","floor":22},{"not_picked":["Thunderclap","hubris:ReadiedAction+1"],"picked":"Searing Blow","floor":24},{"not_picked":["Perfected Strike","Brutality","Second Wind"],"picked":"SKIP","floor":27},{"not_picked":["Brutality","Power Through","Pummel"],"picked":"SKIP","floor":30},{"not_picked":["Warcry+1","Dropkick","Dark Embrace"],"picked":"SKIP","floor":31}],"player_experience":1191,"relics_obtained":[{"floor":9,"key":"infinitespire:CursedDice"},{"floor":10,"key":"Whetstone"},{"floor":26,"key":"Happy Flower"},{"floor":26,"key":"Strawberry"},{"floor":30,"key":"Magic Flower"}],"event_choices":[{"damage_healed":0,"gold_gain":75,"player_choice":"Gather Gold","damage_taken":11,"max_hp_gain":0,"max_hp_loss":0,"event_name":"World of Goop","floor":4,"gold_loss":0},{"damage_healed":0,"gold_gain":0,"player_choice":"Gave Potion","damage_taken":0,"relics_obtained":["infinitespire:BottledMercury"],"max_hp_gain":0,"max_hp_loss":0,"event_name":"WeMeetAgain","floor":7,"gold_loss":0},{"damage_healed":0,"gold_gain":180,"player_choice":"GOLD GOLD ","damage_taken":19,"max_hp_gain":0,"max_hp_loss":0,"event_name":"Knowing Skull","floor":19,"potions_obtained":[],"gold_loss":0,"cards_obtained":[]},{"damage_healed":0,"gold_gain":0,"player_choice":"Paid Fearfully","damage_taken":0,"max_hp_gain":0,"max_hp_loss":0,"event_name":"Masked Bandits","floor":28,"gold_loss":169}],"is_beta":false,"boss_relics":[{"not_picked":["Runic Pyramid","Fusion Hammer"],"picked":"hubris:CrackedHourglass"}],"items_purged_floors":[29],"is_endless":false,"potions_floor_spawned":[1,5,10,11,18,24],"killed_by":"hubris:MusketHawk","ascension_level":0}}