{"host":"Zion","time":1609086595,"event":{"mods":["AchievementEnabler","BaseMod","Colored Map","DeckTracker","Minty Spire (QoL Compilation)","Quick Restart","Rare Cards Sparkle"],"gold_per_floor":[111,131,131,131,10,38,38,65,65,65,84,84,119,138,138,233,233,243,318,328,156,156,156,156],"floor_reached":23,"playtime":859,"items_purged":["Strike_B","Strike_B"],"score":351,"play_id":"26e78cff-1642-4ea6-89b0-c4cf8d8a7bc0","local_time":"20201228012955","is_ascension_mode":true,"campfire_choices":[{"data":"Zap","floor":10.0,"key":"SMITH"},{"data":"Dualcast","floor":12.0,"key":"SMITH"},{"data":"Coolheaded","floor":15.0,"key":"SMITH"}],"circlet_count":0,"master_deck":["Strike_B","Strike_B","Defend_B","Defend_B","Defend_B","Defend_B","Zap+1","Dualcast+1","Cold Snap","Ball Lightning","Coolheaded+1","Chill","Chaos","Buffer","Consume+1","Capacitor"],"relics":["Cracked Core","NeowsBlessing","Bronze Scales","DataDisk","Pear","Happy Flower","Snecko Eye","White Beast Statue"],"acts_visited":["Exordium","TheCity"],"potions_floor_usage":[],"damage_taken":[{"damage":0.0,"enemies":"2 Louse","floor":1.0,"turns":1.0},{"damage":0.0,"enemies":"Jaw Worm","floor":2.0,"turns":1.0},{"damage":0.0,"enemies":"Lagavulin","floor":6.0,"turns":1.0},{"damage":0.0,"enemies":"Cultist","floor":11.0,"turns":3.0},{"damage":9.0,"enemies":"Gremlin Nob","floor":13.0,"turns":3.0},{"damage":6.0,"enemies":"Red Slaver","floor":14.0,"turns":2.0},{"damage":0.0,"enemies":"Slime Boss","floor":16.0,"turns":12.0},{"damage":0.0,"enemies":"Shell Parasite","floor":18.0,"turns":6.0},{"damage":4.0,"enemies":"Chosen","floor":20.0,"turns":5.0},{"damage":25,"enemies":"Gremlin Leader","floor":23,"turns":6}],"seed_played":"8337729118372415147","potions_obtained":[{"floor":1.0,"key":"AttackPotion"},{"floor":2.0,"key":"Weak Potion"},{"floor":13.0,"key":"Dexterity Potion"},{"floor":14.0,"key":"Energy Potion"},{"floor":20.0,"key":"DistilledChaos"}],"is_trial":false,"path_per_floor":["M","M","?","?","$","E","$","T","T","R","M","R","E","M","R","B",null,"M","T","M","$","?","E"],"character_chosen":"DEFECT","items_purchased":["Coolheaded","Capacitor"],"campfire_rested":0,"item_purchase_floors":[5,21],"current_hp_per_floor":[75,75,75,75,75,75,75,75,85,85,85,85,76,70,70,70,85,85,85,81,81,65,40,40],"gold":156,"neow_bonus":"THREE_ENEMY_KILL","is_daily":false,"chose_seed":false,"campfire_upgraded":3,"win_rate":0.0,"timestamp":1609086595,"path_taken":["M","M","?","?","$","E","$","?","T","R","M","R","E","M","R","BOSS","M","?","?","$","?","E"],"items_purchased_type":["Card","Card"],"build_version":"2020-12-18","purchased_purges":2,"victory":false,"max_hp_per_floor":[75,75,75,75,75,75,75,75,85,85,85,85,85,85,85,85,85,85,85,85,85,90,90,90],"card_choices":[{"not_picked":["Doom and Gloom","Hologram"],"picked":"Cold Snap","floor":1.0},{"not_picked":["Steam","Sweeping Beam"],"picked":"Ball Lightning","floor":2.0},{"not_picked":["BootSequence","Fusion","FTL"],"picked":"SKIP","floor":6.0},{"not_picked":["Tempest","Redo","Rebound"],"picked":"SKIP","floor":11.0},{"not_picked":["Streamline","Gash"],"picked":"Chill","floor":13.0},{"not_picked":["Ball Lightning","Stack"],"picked":"Chaos","floor":14.0},{"not_picked":["Fission","Creative AI"],"picked":"Buffer","floor":16.0},{"not_picked":["Coolheaded","Ball Lightning"],"picked":"Consume+1","floor":18.0},{"not_picked":["Turbo","Cold Snap","Stack"],"picked":"SKIP","floor":20.0}],"player_experience":170992,"relics_obtained":[{"floor":6.0,"key":"Bronze Scales"},{"floor":8.0,"key":"DataDisk"},{"floor":9.0,"key":"Pear"},{"floor":13.0,"key":"Happy Flower"},{"floor":19.0,"key":"White Beast Statue"}],"event_choices":[{"damage_healed":0.0,"max_hp_gain":0.0,"max_hp_loss":0.0,"gold_gain":0.0,"event_name":"Scrap Ooze","player_choice":"Fled","floor":3.0,"gold_loss":0.0,"damage_taken":0.0},{"damage_healed":0.0,"max_hp_gain":0.0,"max_hp_loss":0.0,"gold_gain":0.0,"event_name":"Liars Game","player_choice":"Ignored","floor":4.0,"gold_loss":0.0,"damage_taken":0.0},{"damage_healed":0.0,"max_hp_gain":5.0,"max_hp_loss":0.0,"gold_gain":0.0,"event_name":"Forgotten Altar","player_choice":"Shed Blood","floor":22.0,"gold_loss":0.0,"damage_taken":21.0}],"is_beta":true,"boss_relics":[{"not_picked":["Sozu","Velvet Choker"],"picked":"Snecko Eye"}],"items_purged_floors":[5,21],"is_endless":false,"potions_floor_spawned":[1,2,13,14,20],"killed_by":"Gremlin Leader","ascension_level":4}}