{"host":"4nqeo0vu1vuav7gg","time":1609070889,"event":{"mods":["AchievementEnabler","BaseMod","Block Reminder","Colored Map","Colored Powertips","Highlight Path","Minty Spire (QoL Compilation)","Quick Restart","Rare Cards Sparkle","Relic Relevance Reorder","StSLib"],"gold_per_floor":[114,114,11,11,24,24,63,63,63,86,122,146,146,165,165,258,258,274,274,294,308,327,327,327,327],"floor_reached":24,"playtime":1229,"items_purged":[],"score":443,"play_id":"077f12ae-6302-434d-b6c6-32817d6dac4e","local_time":"20201227130809","is_ascension_mode":true,"campfire_choices":[{"data":"Fusion","floor":6.0,"key":"SMITH"},{"data":"Defragment","floor":8.0,"key":"SMITH"},{"data":"Defragment","floor":13.0,"key":"SMITH"},{"floor":15.0,"key":"REST"},{"floor":23.0,"key":"REST"}],"circlet_count":0,"master_deck":["AscendersBane","Strike_B","Strike_B","Strike_B","Strike_B","Defend_B","Defend_B","Defend_B","Defend_B","Zap","Dualcast","Consume","Fusion+1","Compile Driver","Injury","Defragment+1","Defragment+1","Doom and Gloom","Coolheaded","Glacier","Echo Form","BootSequence","Chill","FTL"],"relics":["Cracked Core","Unceasing Top","Inserter","NeowsBlessing","Singing Bowl","Nloth\u0027s Gift","Golden Idol","Meat on the Bone"],"acts_visited":["Exordium","TheCity"],"potions_floor_usage":[],"damage_taken":[{"damage":0.0,"enemies":"Jaw Worm","floor":1.0,"turns":1.0},{"damage":0.0,"enemies":"Small Slimes","floor":5.0,"turns":1.0},{"damage":0.0,"enemies":"Gremlin Nob","floor":7.0,"turns":1.0},{"damage":2.0,"enemies":"Cultist","floor":10.0,"turns":4.0},{"damage":42.0,"enemies":"3 Sentries","floor":11.0,"turns":7.0},{"damage":9.0,"enemies":"Red Slaver","floor":12.0,"turns":3.0},{"damage":18.0,"enemies":"Large Slime","floor":14.0,"turns":4.0},{"damage":23.0,"enemies":"Hexaghost","floor":16.0,"turns":16.0},{"damage":29.0,"enemies":"3 Byrds","floor":18.0,"turns":7.0},{"damage":6.0,"enemies":"Shell Parasite","floor":20.0,"turns":10.0},{"damage":22.0,"enemies":"Chosen and Byrds","floor":21.0,"turns":9.0},{"damage":0.0,"enemies":"Snecko","floor":22.0,"turns":8.0},{"damage":68,"enemies":"Gremlin Leader","floor":24,"turns":6}],"seed_played":"1089661734145943063","potions_obtained":[{"floor":1.0,"key":"Swift Potion"},{"floor":7.0,"key":"BlessingOfTheForge"},{"floor":11.0,"key":"Fire Potion"},{"floor":16.0,"key":"Strength Potion"},{"floor":21.0,"key":"Weak Potion"}],"is_trial":false,"path_per_floor":["M","?","$","?","M","R","E","R","T","M","E","M","R","M","R","B",null,"M","?","M","M","M","R","E"],"character_chosen":"DEFECT","items_purchased":["Fusion","Compile Driver"],"campfire_rested":2,"item_purchase_floors":[3,3],"current_hp_per_floor":[64,53,53,53,53,53,53,53,53,51,21,26,26,20,41,30,62,45,45,39,29,43,65,0,0],"gold":327,"neow_bonus":"THREE_ENEMY_KILL","is_daily":false,"chose_seed":false,"campfire_upgraded":3,"win_rate":0.0,"timestamp":1609070889,"path_taken":["M","?","$","?","M","R","E","R","T","M","E","M","R","M","R","BOSS","M","?","?","M","M","R","E"],"items_purchased_type":["Card","Card"],"build_version":"2020-12-22","purchased_purges":0,"victory":false,"max_hp_per_floor":[71,71,71,71,71,71,71,71,71,71,71,73,73,73,73,73,73,73,73,73,73,75,75,75,75],"card_choices":[{"not_picked":["Recycle","Leap"],"picked":"Consume","floor":1.0},{"not_picked":["Hello World","Cold Snap"],"picked":"Defragment","floor":5.0},{"not_picked":["Gash","Leap"],"picked":"Defragment","floor":7.0},{"not_picked":["Turbo","Streamline"],"picked":"Doom and Gloom","floor":10.0},{"not_picked":["Leap","Gash"],"picked":"Coolheaded","floor":11.0},{"not_picked":["All For One","Redo","Stack"],"picked":"Singing Bowl","floor":12.0},{"not_picked":["Ball Lightning","Rebound"],"picked":"Glacier","floor":14.0},{"not_picked":["Creative AI","Machine Learning"],"picked":"Echo Form","floor":16.0},{"not_picked":["Glacier","Sweeping Beam"],"picked":"BootSequence","floor":18.0},{"not_picked":["Turbo","Stack"],"picked":"Chill","floor":20.0},{"not_picked":["Beam Cell","All For One"],"picked":"FTL","floor":21.0},{"not_picked":["Glacier","Sweeping Beam","Fusion"],"picked":"Singing Bowl","floor":22.0}],"player_experience":1019332,"relics_obtained":[{"floor":7.0,"key":"Meat on the Bone"},{"floor":9.0,"key":"Unceasing Top"},{"floor":11.0,"key":"Kunai"}],"event_choices":[{"damage_healed":0.0,"max_hp_gain":0.0,"max_hp_loss":0.0,"gold_gain":0.0,"event_name":"Scrap Ooze","player_choice":"Success","floor":2.0,"gold_loss":0.0,"damage_taken":11.0,"relics_obtained":["Singing Bowl"]},{"damage_healed":0.0,"max_hp_gain":0.0,"max_hp_loss":0.0,"gold_gain":0.0,"event_name":"Golden Idol","player_choice":"Take Wound","floor":4.0,"gold_loss":0.0,"damage_taken":0.0,"relics_obtained":["Golden Idol"],"cards_obtained":["Injury"]},{"damage_healed":0.0,"max_hp_gain":0.0,"max_hp_loss":0.0,"gold_gain":0.0,"event_name":"N\u0027loth","player_choice":"Traded Relic","floor":19.0,"relics_lost":["Kunai"],"gold_loss":0.0,"damage_taken":0.0,"relics_obtained":["Nloth\u0027s Gift"]}],"is_beta":false,"boss_relics":[{"not_picked":["Runic Dome","SacredBark"],"picked":"Inserter"}],"items_purged_floors":[],"is_endless":false,"potions_floor_spawned":[1,7,10,11,16,21],"killed_by":"Gremlin Leader","ascension_level":18}}