{"host":"w4b7hmige5bnqipq","time":1609103557,"event":{"mods":["BaseMod","Minty Spire (QoL Compilation)","Rare Cards Sparkle","SuperFastMode","everything is the same but u backflip on backflip","slay the spire mod where everything is the same but ironclad has a cowboy hat"],"gold_per_floor":[114,114,126,126,51,51,82,82,107,139,159,170,203,220,220,294,294,313,313,330,141,151,182,25,41,90,0,0,0,0,18,18,95,95,109,126,126,126,142,142,142,142],"floor_reached":41,"playtime":1271,"items_purged":["Strike_G","Strike_G"],"score":912,"play_id":"1ed0469a-d8f6-4a0d-96b5-9f40fb437811","local_time":"20201228061237","is_ascension_mode":true,"campfire_choices":[{"data":"Noxious Fumes","floor":6.0,"key":"SMITH"},{"data":"Neutralize","floor":8.0,"key":"SMITH"},{"data":"Cloak And Dagger","floor":15.0,"key":"SMITH"},{"data":"Adrenaline","floor":28.0,"key":"SMITH"},{"data":"Glass Knife","floor":30.0,"key":"SMITH"},{"floor":32.0,"key":"REST"},{"data":"Blur","floor":40,"key":"SMITH"}],"circlet_count":0,"master_deck":["AscendersBane","Strike_G+1","Strike_G","Strike_G+1","Defend_G","Defend_G+1","Defend_G+1","Defend_G","Defend_G","Survivor","Neutralize+1","Reflex","Noxious Fumes+1","Acrobatics","Cloak And Dagger+1","Dagger Throw","Glass Knife+1","Bouncing Flask","Dodge and Roll+1","Adrenaline+1","Backflip","Blur+1","Discovery"],"relics":["Ring of the Snake","NeowsBlessing","WarpedTongs","Matryoshka","War Paint","Whetstone","Pen Nib","Mercury Hourglass","Busted Crown","Toy Ornithopter","Strawberry","Vajra","WristBlade"],"acts_visited":["Exordium","TheCity","TheBeyond"],"potions_floor_usage":[33,39],"damage_taken":[{"damage":0.0,"enemies":"Small Slimes","floor":1.0,"turns":1.0},{"damage":1.0,"enemies":"Cultist","floor":3.0,"turns":1.0},{"damage":0.0,"enemies":"3 Sentries","floor":7.0,"turns":2.0},{"damage":8.0,"enemies":"Lagavulin","floor":10.0,"turns":7.0},{"damage":0.0,"enemies":"2 Louse","floor":11.0,"turns":3.0},{"damage":0.0,"enemies":"Red Slaver","floor":12.0,"turns":4.0},{"damage":11.0,"enemies":"Gremlin Nob","floor":13.0,"turns":4.0},{"damage":4.0,"enemies":"Gremlin Gang","floor":14.0,"turns":3.0},{"damage":28.0,"enemies":"Hexaghost","floor":16.0,"turns":11.0},{"damage":3.0,"enemies":"2 Thieves","floor":18.0,"turns":3.0},{"damage":0.0,"enemies":"Chosen","floor":20.0,"turns":3.0},{"damage":9.0,"enemies":"Centurion and Healer","floor":22.0,"turns":5.0},{"damage":40.0,"enemies":"Slavers","floor":23.0,"turns":5.0},{"damage":0.0,"enemies":"Snecko","floor":25.0,"turns":3.0},{"damage":6.0,"enemies":"Shelled Parasite and Fungi","floor":31.0,"turns":3.0},{"damage":20,"enemies":"Automaton","floor":33,"turns":10},{"damage":6,"enemies":"Orb Walker","floor":35,"turns":4},{"damage":0,"enemies":"3 Shapes","floor":36,"turns":5},{"damage":14,"enemies":"Transient","floor":39,"turns":6},{"damage":59,"enemies":"Reptomancer","floor":41,"turns":4}],"seed_played":"-6447182895336212873","potions_obtained":[{"floor":1.0,"key":"Explosive Potion"},{"floor":3.0,"key":"Fire Potion"},{"floor":10.0,"key":"EssenceOfSteel"},{"floor":11.0,"key":"LiquidMemories"},{"floor":16.0,"key":"SkillPotion"},{"floor":19.0,"key":"Fruit Juice"},{"floor":19.0,"key":"LiquidBronze"},{"floor":23.0,"key":"Poison Potion"},{"floor":31.0,"key":"Poison Potion"},{"floor":36,"key":"SteroidPotion"}],"is_trial":false,"path_per_floor":["M","?","M","?","$","R","E","R","T","E","M","M","E","M","R","B",null,"M","?","M","$","M","E","$","M","T","?","R","$","R","M","R","B",null,"M","M","?","?","M","R","E"],"character_chosen":"THE_SILENT","items_purchased":["Bouncing Flask","Adrenaline"],"campfire_rested":1,"item_purchase_floors":[21,24],"current_hp_per_floor":[59,59,58,58,58,58,58,58,58,50,50,50,39,35,35,7,51,48,53,53,53,44,4,4,9,16,16,16,16,16,10,33,18,63,57,57,57,57,48,48,0,0],"gold":142,"neow_bonus":"THREE_ENEMY_KILL","is_daily":false,"chose_seed":false,"campfire_upgraded":6,"win_rate":0.0,"timestamp":1609103557,"path_taken":["M","?","?","?","$","R","E","R","T","E","M","?","E","?","R","BOSS","M","?","M","$","M","E","?","M","T","?","R","$","R","M","R","BOSS","M","M","?","?","?","R","E"],"items_purchased_type":["Card","Card"],"build_version":"2020-12-22","purchased_purges":2,"victory":false,"max_hp_per_floor":[66,66,66,66,66,66,66,66,66,66,66,66,66,66,66,66,66,66,71,71,71,71,71,71,71,78,78,78,78,78,78,78,78,78,78,78,78,78,78,78,78,78],"card_choices":[{"not_picked":["Catalyst","Deflect"],"picked":"Reflex","floor":1.0},{"not_picked":["Outmaneuver","Flying Knee"],"picked":"Noxious Fumes","floor":3.0},{"not_picked":["Underhanded Strike","Distraction"],"picked":"Acrobatics","floor":7.0},{"not_picked":["Infinite Blades","Concentrate","Underhanded Strike"],"picked":"SKIP","floor":10.0},{"not_picked":["Outmaneuver","Caltrops","Quick Slash"],"picked":"SKIP","floor":11.0},{"not_picked":["Blade Dance","Dodge and Roll","Deadly Poison"],"picked":"SKIP","floor":12.0},{"not_picked":["Predator","Deflect"],"picked":"Cloak And Dagger","floor":13.0},{"not_picked":["Burst","Sucker Punch"],"picked":"Dagger Throw","floor":14.0},{"not_picked":["Phantasmal Killer","Unload"],"picked":"Glass Knife","floor":16.0},{"not_picked":["Eviscerate"],"picked":"SKIP","floor":18.0},{"not_picked":["Poisoned Stab"],"picked":"SKIP","floor":20.0},{"not_picked":["Sucker Punch"],"picked":"SKIP","floor":22.0},{"not_picked":[],"picked":"Dodge and Roll+1","floor":23.0},{"not_picked":[],"picked":"Backflip","floor":25.0},{"not_picked":[],"picked":"Blur","floor":31.0},{"not_picked":["Cloak And Dagger"],"picked":"SKIP","floor":35},{"not_picked":["Skewer"],"picked":"SKIP","floor":36},{"not_picked":[],"picked":"Discovery","floor":37},{"not_picked":["Underhanded Strike"],"picked":"SKIP","floor":39}],"player_experience":432374,"relics_obtained":[{"floor":7.0,"key":"Matryoshka"},{"floor":9.0,"key":"War Paint"},{"floor":9.0,"key":"Whetstone"},{"floor":10.0,"key":"Pen Nib"},{"floor":13.0,"key":"Mercury Hourglass"},{"floor":23.0,"key":"Toy Ornithopter"},{"floor":26.0,"key":"Strawberry"},{"floor":26.0,"key":"Vajra"}],"event_choices":[{"damage_healed":0.0,"max_hp_gain":0.0,"max_hp_loss":0.0,"gold_gain":0.0,"event_name":"Accursed Blacksmith","player_choice":"Rummage","floor":2.0,"gold_loss":0.0,"damage_taken":0.0,"relics_obtained":["WarpedTongs"],"cards_obtained":["Pain"]},{"cards_removed":["Pain"],"damage_healed":0.0,"max_hp_gain":0.0,"max_hp_loss":0.0,"gold_gain":0.0,"event_name":"Purifier","player_choice":"Purged","floor":4.0,"gold_loss":0.0,"damage_taken":0.0},{"damage_healed":0.0,"max_hp_gain":0.0,"max_hp_loss":0.0,"gold_gain":0.0,"event_name":"Lab","player_choice":"Got Potions","floor":19.0,"gold_loss":0.0,"damage_taken":0.0},{"damage_healed":0.0,"max_hp_gain":0.0,"max_hp_loss":0.0,"gold_gain":0.0,"event_name":"Masked Bandits","player_choice":"Paid Fearfully","floor":27.0,"gold_loss":90.0,"damage_taken":0.0},{"damage_healed":0,"gold_gain":0,"player_choice":"Memory 1","damage_taken":0,"max_hp_gain":0,"max_hp_loss":0,"event_name":"SensoryStone","floor":37,"gold_loss":0},{"damage_healed":0,"gold_gain":0,"player_choice":"Ignored","damage_taken":0,"max_hp_gain":0,"max_hp_loss":0,"event_name":"SecretPortal","floor":38,"gold_loss":0}],"is_beta":false,"boss_relics":[{"not_picked":["HoveringKite","Astrolabe"],"picked":"Busted Crown"},{"not_picked":["Pandora\u0027s Box","Velvet Choker"],"picked":"WristBlade"}],"items_purged_floors":[5,21],"is_endless":false,"potions_floor_spawned":[1,3,10,11,12,16,23,31,36],"killed_by":"Reptomancer","ascension_level":20}}