{"host":"55yei7x27djrlaep","time":1609082411,"event":{"mods":["Act Like it!","Aspiration","BaseMod","Better Altar","Better Match","Better Note","Better Sensory Stone","Better Skull","Better Third Choice","BetterRewards","Colored Map","Conspire","Friendly Minions","GifTheSpireLib","Halation","Hubris","Minty Spire (QoL Compilation)","Pale of the Ancients","Relic Sorter","Replay The Spire","Spikes Relics","StSLib","Stuff the Spire","The Elementalist","The Marked"],"gold_per_floor":[112,112,112,112,125,125,152,45,45,45,57,57,74,89,89,189,189,208,208,208,208,220,220,220],"floor_reached":23,"playtime":1134,"items_purged":["Strike_G","Strike_G"],"score":361,"play_id":"82df429a-282d-4371-8677-97150654fa3e","local_time":"20201227182011","is_ascension_mode":true,"campfire_choices":[{"data":"Beam Cell","floor":6.0,"key":"SMITH"},{"floor":10.0,"key":"REST"},{"data":"Doppelganger","floor":12.0,"key":"SMITH"},{"data":"hubris:TrickCloak","floor":15.0,"key":"SMITH"}],"circlet_count":0,"master_deck":["Strike_G","Strike_G","Strike_G","Defend_G","Defend_G","Defend_G","Defend_G","Defend_G","Panache","Choke+1","Accuracy","Hidden Blade","Deflect","StuffTheSpire:Injection+1","StuffTheSpire:Innocence","Leap","Beam Cell+1","hubris:TrickCloak+1","Doppelganger+1","StuffTheSpire:Python","ReplayTheSpireMod:The Works","Terror","Storm of Steel","Fluid Movement"],"relics":["Ring of the Snake","halation:LettersToHer","Strawberry","StoneCalendar","Ornamental Fan","hubris:TenFootPole","hubris:ToyBattleship","halation:LostSnail","Unceasing Top","halation:MonkeysPaw","halation:PinkSoulGem"],"acts_visited":["Exordium","TheCity"],"potions_floor_usage":[],"damage_taken":[{"damage":0.0,"enemies":"conspire:RoseBush","floor":1.0,"turns":4.0},{"damage":0.0,"enemies":"Jaw Worm","floor":5.0,"turns":2.0},{"damage":12.0,"enemies":"Gremlin Nob","floor":7.0,"turns":3.0},{"damage":0.0,"enemies":"Cultist","floor":11.0,"turns":1.0},{"damage":1.0,"enemies":"2 Fungi Beasts","floor":13.0,"turns":2.0},{"damage":1.0,"enemies":"conspire:2 RoseBushes","floor":14.0,"turns":3.0},{"damage":11.0,"enemies":"Slime Boss","floor":16.0,"turns":7.0},{"damage":12,"enemies":"Chosen","floor":18,"turns":3},{"damage":0,"enemies":"Shell Parasite","floor":22,"turns":4},{"damage":0,"enemies":"conspire:Head Lice","floor":23,"turns":1}],"seed_played":"4164520508914364683","potions_obtained":[{"floor":1.0,"key":"Weak Potion"},{"floor":14.0,"key":"EssenceOfSteel"},{"floor":22,"key":"SpeedPotion"}],"is_trial":false,"path_per_floor":["M","?","?","?","M","R","E","$","T","R","M","R","M","M","R","B",null,"M","?","?","$","M","E"],"character_chosen":"THE_SILENT","items_purchased":["halation:LettersToHer","Strawberry","Panache","Choke+1","Accuracy","Ornamental Fan","Hidden Blade","Deflect","hubris:TenFootPole","halation:LostSnail","StuffTheSpire:Python"],"campfire_rested":1,"item_purchase_floors":[0,0,0,0,0,0,0,0,0,8,8],"current_hp_per_floor":[35,32,32,32,32,32,20,20,20,43,43,43,42,41,41,30,65,53,53,53,53,53,53,53],"gold":220,"neow_bonus":"","is_daily":false,"chose_seed":false,"campfire_upgraded":3,"win_rate":0.0,"timestamp":1609082411,"path_taken":["M","?","?","?","M","R","E","$","T","R","?","R","M","M","R","BOSS","M","?","?","$","M","E"],"items_purchased_type":["Relic","Relic","Card","Card","Card","Relic","Card","Card","Relic","Relic","Card"],"build_version":"2020-12-22","purchased_purges":2,"victory":false,"max_hp_per_floor":[77,77,77,77,77,77,77,77,77,77,77,77,77,77,77,77,77,77,77,77,77,77,77,77],"card_choices":[{"not_picked":["Dodge and Roll","StuffTheSpire:Repulse"],"picked":"StuffTheSpire:Injection","floor":1.0},{"not_picked":["Quick Slash","Deflect"],"picked":"hubris:TrickCloak","floor":5.0},{"not_picked":["Quick Slash","hubris:SlightOfHand"],"picked":"Doppelganger","floor":7.0},{"not_picked":["All Out Attack","hubris:SlightOfHand","Deadly Poison"],"picked":"SKIP","floor":11.0},{"not_picked":["Hidden Blade","Dagger Throw"],"picked":"ReplayTheSpireMod:The Works","floor":13.0},{"not_picked":["Reflex","Deadly Poison"],"picked":"Terror","floor":14.0},{"not_picked":["Doppelganger","Venomology"],"picked":"Storm of Steel","floor":16.0},{"not_picked":["Flying Knee","Bane+1","Poisoned Stab+1"],"picked":"SKIP","floor":18},{"not_picked":["Sucker Punch","Slice"],"picked":"Fluid Movement","floor":22}],"player_experience":379994,"relics_obtained":[{"floor":7.0,"key":"hubris:ToyBattleship"},{"floor":9.0,"key":"halation:LettersToHer"},{"floor":9.0,"key":"Unceasing Top"}],"event_choices":[{"damage_healed":0,"gold_gain":0,"player_choice":"Ignored","damage_taken":0,"max_hp_gain":0,"max_hp_loss":0,"event_name":"Vampires","floor":20,"gold_loss":0}],"is_beta":false,"boss_relics":[{"not_picked":["hubris:Stopwatch","Coffee Dripper"],"picked":"halation:MonkeysPaw"}],"items_purged_floors":[0,0],"is_endless":false,"potions_floor_spawned":[1,14,22],"killed_by":"conspire:Head Lice","ascension_level":5}}