{"host":"dcj2yvrgcvh5dl2s","time":1609055903,"event":{"mods":["BaseMod","Better Note","Block Reminder","Colored Powertips","DeckTracker","Minty Spire (QoL Compilation)","Quick Restart","Rare Cards Sparkle","Relic Stats","StSLib"],"gold_per_floor":[116,116,5,5,20,54,54,89,112,124,124,144,144,144,144,239,239,258,19,19,38,50,75,75,85,85,85,112,2,18,28,28,28,28],"floor_reached":33,"playtime":982,"items_purged":[],"score":601,"play_id":"c78fc51c-b9cc-413e-a4ca-9bd9c84d14d3","local_time":"20201227175823","is_ascension_mode":true,"campfire_choices":[{"data":"Body Slam","floor":7,"key":"SMITH"},{"data":"Body Slam","floor":13,"key":"SMITH"},{"data":"True Grit","floor":15,"key":"SMITH"},{"data":"Uppercut","floor":27,"key":"SMITH"},{"data":"Body Slam","floor":32,"key":"SMITH"}],"circlet_count":0,"master_deck":["AscendersBane","Strike_R","Strike_R","Strike_R","Strike_R","Defend_R","Defend_R","Defend_R","Defend_R","Bash","Body Slam+1","Shrug It Off","Armaments+1","True Grit+1","Disarm","Body Slam+1","Fire Breathing+1","Reaper","Whirlwind","Sword Boomerang+1","Uppercut+1","Body Slam+1","Seeing Red+1","Body Slam+1"],"relics":["Burning Blood","NeowsBlessing","Unceasing Top","Meat on the Bone","Centennial Puzzle","Toy Ornithopter","Bloody Idol","Coffee Dripper","Akabeko","Oddly Smooth Stone","Mummified Hand","Bag of Preparation"],"acts_visited":["Exordium","TheCity"],"potions_floor_usage":[16,16,23,30,33,33],"damage_taken":[{"damage":0,"enemies":"Cultist","floor":1,"turns":1},{"damage":0,"enemies":"Small Slimes","floor":5,"turns":1},{"damage":0,"enemies":"Lagavulin","floor":6,"turns":1},{"damage":73,"enemies":"Gremlin Nob","floor":8,"turns":7},{"damage":1,"enemies":"Jaw Worm","floor":10,"turns":6},{"damage":3,"enemies":"Blue Slaver","floor":12,"turns":3},{"damage":10,"enemies":"Hexaghost","floor":16,"turns":11},{"damage":13,"enemies":"2 Thieves","floor":18,"turns":5},{"damage":26,"enemies":"Shell Parasite","floor":21,"turns":7},{"damage":27,"enemies":"Snake Plant","floor":22,"turns":6},{"damage":38,"enemies":"Slavers","floor":23,"turns":5},{"damage":20,"enemies":"Shelled Parasite and Fungi","floor":25,"turns":5},{"damage":22,"enemies":"Gremlin Leader","floor":28,"turns":6},{"damage":8,"enemies":"Sentry and Sphere","floor":30,"turns":4},{"damage":14,"enemies":"Centurion and Healer","floor":31,"turns":6},{"damage":106,"enemies":"Champ","floor":33,"turns":10}],"seed_played":"-3109177757055295241","potions_obtained":[{"floor":6,"key":"BlessingOfTheForge"},{"floor":8,"key":"CultistPotion"},{"floor":10,"key":"SkillPotion"},{"floor":16,"key":"DuplicationPotion"},{"floor":25,"key":"BloodPotion"},{"floor":28,"key":"SkillPotion"},{"floor":30,"key":"Strength Potion"}],"is_trial":false,"path_per_floor":["M","T","$","?","M","E","R","E","T","M","?","M","R","?","R","B",null,"M","$","?","M","M","E","?","M","T","R","E","?","M","M","R","B"],"character_chosen":"IRONCLAD","items_purchased":["Shrug It Off","Armaments","Whirlwind","Akabeko"],"campfire_rested":0,"item_purchase_floors":[3,3,19,19],"current_hp_per_floor":[74,74,74,74,75,75,75,20,20,37,37,52,52,52,52,58,66,61,61,61,47,48,60,60,57,57,57,46,46,54,59,59,0,0],"gold":28,"neow_bonus":"THREE_ENEMY_KILL","is_daily":false,"chose_seed":false,"campfire_upgraded":5,"win_rate":0.0,"timestamp":1609055903,"path_taken":["M","?","?","?","M","E","R","E","T","?","?","M","R","?","R","BOSS","M","$","?","M","M","E","?","?","T","R","E","?","?","M","R","BOSS"],"items_purchased_type":["Card","Card","Card","Relic"],"build_version":"2020-12-22","purchased_purges":0,"victory":false,"max_hp_per_floor":[75,75,75,75,75,75,75,75,75,75,68,68,68,68,68,68,68,68,68,68,68,68,68,68,68,68,68,68,68,68,68,68,68,68],"relic_stats":{"Centennial Puzzle":[36],"counters":[16,84],"Mummified Hand":[3],"Bloody Idol":35,"Bag of Preparation":[6],"obtain_stats":[{"NeowsBlessing":0,"Golden Idol":11,"Oddly Smooth Stone":23,"Bag of Preparation":28,"Burning Blood":0,"Akabeko":19,"Centennial Puzzle":8,"Mummified Hand":26,"Bloody Idol":20,"Coffee Dripper":17,"Unceasing Top":2,"Toy Ornithopter":9,"Meat on the Bone":6},{"NeowsBlessing":0,"Golden Idol":5,"Oddly Smooth Stone":11,"Bag of Preparation":13,"Burning Blood":0,"Akabeko":8,"Centennial Puzzle":4,"Mummified Hand":12,"Bloody Idol":8,"Coffee Dripper":7,"Unceasing Top":1,"Toy Ornithopter":4,"Meat on the Bone":3},{"NeowsBlessing":0,"Golden Idol":16,"Oddly Smooth Stone":53,"Bag of Preparation":64,"Burning Blood":0,"Akabeko":35,"Centennial Puzzle":10,"Mummified Hand":58,"Bloody Idol":35,"Coffee Dripper":30,"Unceasing Top":1,"Toy Ornithopter":10,"Meat on the Bone":3}],"Burning Blood":79,"Unceasing Top":[14],"Toy Ornithopter":30,"Meat on the Bone":48},"card_choices":[{"not_picked":["Sword Boomerang","Pommel Strike"],"picked":"Body Slam","floor":1},{"not_picked":["Rupture","Burning Pact","True Grit"],"picked":"SKIP","floor":5},{"not_picked":["Rupture","Burning Pact"],"picked":"True Grit","floor":5},{"not_picked":["Cleave","Anger"],"picked":"Disarm","floor":6},{"not_picked":["Seeing Red","Wild Strike"],"picked":"Body Slam","floor":8},{"not_picked":["Fire Breathing","Blood for Blood","Rupture"],"picked":"SKIP","floor":10},{"not_picked":["Blood for Blood","Rupture"],"picked":"Fire Breathing","floor":10},{"not_picked":["Wild Strike","Headbutt","Dark Embrace"],"picked":"SKIP","floor":12},{"not_picked":["Bludgeon","Fiend Fire"],"picked":"Reaper","floor":16},{"not_picked":["True Grit","Havoc","Twin Strike"],"picked":"SKIP","floor":18},{"not_picked":["Iron Wave","Thunderclap"],"picked":"Sword Boomerang+1","floor":21},{"not_picked":["Havoc+1","True Grit"],"picked":"Uppercut","floor":22},{"not_picked":["Perfected Strike","Havoc","Dark Embrace"],"picked":"SKIP","floor":23},{"not_picked":["Feed","Rage","Dropkick"],"picked":"SKIP","floor":25},{"not_picked":["Perfected Strike","Hemokinesis"],"picked":"Seeing Red+1","floor":28},{"not_picked":["Perfected Strike+1","Thunderclap","Clash"],"picked":"SKIP","floor":30},{"not_picked":["Cleave","Reckless Charge"],"picked":"Body Slam","floor":31}],"player_experience":2059033,"relics_obtained":[{"floor":2,"key":"Unceasing Top"},{"floor":6,"key":"Meat on the Bone"},{"floor":8,"key":"Centennial Puzzle"},{"floor":9,"key":"Toy Ornithopter"},{"floor":23,"key":"Oddly Smooth Stone"},{"floor":26,"key":"Mummified Hand"},{"floor":28,"key":"Bag of Preparation"}],"event_choices":[{"damage_healed":0,"gold_gain":0,"player_choice":"Grow","damage_taken":0,"max_hp_gain":0,"max_hp_loss":0,"event_name":"Living Wall","floor":4,"gold_loss":0,"cards_upgraded":["Armaments"]},{"damage_healed":0,"gold_gain":0,"player_choice":"Lose Max HP","damage_taken":0,"relics_obtained":["Golden Idol"],"max_hp_gain":0,"max_hp_loss":7,"event_name":"Golden Idol","floor":11,"gold_loss":0},{"damage_healed":0,"gold_gain":0,"player_choice":"Ignored","damage_taken":0,"max_hp_gain":0,"max_hp_loss":0,"event_name":"Liars Game","floor":14,"gold_loss":0},{"damage_healed":0,"gold_gain":0,"player_choice":"Gave Idol","damage_taken":0,"relics_obtained":["Bloody Idol"],"max_hp_gain":0,"max_hp_loss":0,"event_name":"Forgotten Altar","floor":20,"relics_lost":["Golden Idol"],"gold_loss":0},{"damage_healed":0,"gold_gain":0,"player_choice":"Copied","damage_taken":0,"max_hp_gain":0,"max_hp_loss":0,"event_name":"Duplicator","floor":24,"gold_loss":0,"cards_obtained":["Body Slam"]},{"cards_removed":["Strike_R"],"damage_healed":0,"gold_gain":0,"player_choice":"Upgrade and Remove","damage_taken":0,"max_hp_gain":0,"max_hp_loss":0,"event_name":"Designer","floor":29,"gold_loss":110,"cards_upgraded":["Fire Breathing"]}],"is_beta":false,"boss_relics":[{"not_picked":["Tiny House","Runic Cube"],"picked":"Coffee Dripper"}],"items_purged_floors":[],"is_endless":false,"potions_floor_spawned":[6,8,10,12,16,25,28,30],"killed_by":"Champ","ascension_level":16}}