{"host":"28p8ce41sjwa6lzf","time":1609042675,"event":{"mods":["AchievementEnabler","BaseMod","Colored Map","Colored Powertips","Highlight Path","Minty Spire (QoL Compilation)","Permanent Neow","Quick Restart","Random Character Button","Rare Cards Sparkle","Relic Stats","StSLib"],"gold_per_floor":[362,512,525,149,74,107,107,107,107],"floor_reached":8,"playtime":352,"items_purged":["Doubt"],"score":108,"play_id":"ecafc698-8e2e-4413-a6d0-c4c5ef88cd6c","local_time":"20201226221755","is_ascension_mode":true,"campfire_choices":[{"data":"Blade Dance","floor":7.0,"key":"SMITH"}],"circlet_count":0,"master_deck":["AscendersBane","Strike_G","Strike_G","Strike_G","Strike_G","Strike_G","Defend_G","Defend_G","Defend_G","Defend_G","Defend_G","Survivor","Neutralize","Blade Dance+1","Dagger Throw","Prepared","Madness"],"relics":["Ring of the Snake","Nunchaku","Potion Belt"],"acts_visited":["Exordium"],"potions_floor_usage":[8],"damage_taken":[{"damage":0.0,"enemies":"2 Louse","floor":1.0,"turns":4.0},{"damage":6.0,"enemies":"Small Slimes","floor":3.0,"turns":4.0},{"damage":33.0,"enemies":"Gremlin Nob","floor":6.0,"turns":4.0},{"damage":23,"enemies":"3 Sentries","floor":8,"turns":4}],"seed_played":"4613780773745411550","potions_obtained":[{"floor":1.0,"key":"Strength Potion"},{"floor":6.0,"key":"Dexterity Potion"}],"is_trial":false,"path_per_floor":["M","?","M","$","?","E","R","E"],"character_chosen":"THE_SILENT","items_purchased":["Nunchaku","Prepared","Madness"],"campfire_rested":0,"item_purchase_floors":[4,4,4],"current_hp_per_floor":[59,59,53,53,53,20,20,0,0],"gold":107,"neow_bonus":"TWO_FIFTY_GOLD","is_daily":false,"chose_seed":false,"campfire_upgraded":1,"win_rate":0.0,"timestamp":1609042675,"path_taken":["M","?","M","$","?","E","R","E"],"items_purchased_type":["Relic","Card","Card"],"build_version":"2020-12-22","purchased_purges":1,"victory":false,"max_hp_per_floor":[66,66,66,66,63,63,63,63,63],"relic_stats":{"Nunchaku":[2],"counters":[4,16],"obtain_stats":[{"Potion Belt":6,"Nunchaku":4,"Ring of the Snake":0},{"Potion Belt":3,"Nunchaku":2,"Ring of the Snake":0},{"Potion Belt":12,"Nunchaku":8,"Ring of the Snake":0}],"Ring of the Snake":[8]},"card_choices":[{"not_picked":["Setup","Concentrate"],"picked":"Blade Dance","floor":1.0},{"not_picked":["Flying Knee","Expertise"],"picked":"Dagger Throw","floor":3.0},{"not_picked":["Concentrate","Bane","All Out Attack"],"picked":"SKIP","floor":6.0}],"player_experience":1049790,"relics_obtained":[{"floor":6.0,"key":"Potion Belt"}],"event_choices":[{"damage_healed":0.0,"max_hp_gain":0.0,"max_hp_loss":0.0,"gold_gain":150.0,"event_name":"Liars Game","player_choice":"AGREE","floor":2.0,"gold_loss":0.0,"damage_taken":0.0,"cards_obtained":["Doubt"]},{"cards_removed":["Parasite"],"damage_healed":0.0,"max_hp_gain":0.0,"max_hp_loss":0.0,"gold_gain":0.0,"event_name":"The Cleric","player_choice":"Card Removal","floor":5.0,"gold_loss":75.0,"damage_taken":0.0}],"is_beta":false,"boss_relics":[],"items_purged_floors":[4],"is_endless":false,"potions_floor_spawned":[1,6],"killed_by":"3 Sentries","ascension_level":20}}