{"host":"7k7fhzlbqzyu5ijh","time":1609034812,"event":{"mods":["AchievementEnabler","BaseMod","Bestiary","Colored Powertips","Filter the Spire","Highlight Path","Minty Spire (QoL Compilation)","Potion Indicator Mod","Relic Stats"],"gold_per_floor":[116,116,127,140,156,156,182,182,182,212,6,6,23,56,56,151,151,135,135,162,176,25,60,60,60,60,73,73,89,89,39,39,143,143,155,155,166,441,457,485,485,517,540,570,583,377,377,389,389,389,389,389,116,148,148],"floor_reached":56,"playtime":6115,"items_purged":["Strike_G","Defend_G","Defend_G","Strike_G","Strike_G"],"score":1610,"play_id":"7bd0cde6-fc53-4692-b0d3-4414389668d8","local_time":"20201226210652","is_ascension_mode":true,"campfire_choices":[{"data":"Backstab","floor":6.0,"key":"SMITH"},{"floor":8.0,"key":"REST"},{"data":"Footwork","floor":15.0,"key":"SMITH"},{"data":"Malaise","floor":24,"key":"SMITH"},{"data":"Outmaneuver","floor":28,"key":"SMITH"},{"floor":30,"key":"REST"},{"data":"Well Laid Plans","floor":32,"key":"SMITH"},{"floor":41,"key":"RECALL"},{"data":"After Image","floor":49,"key":"SMITH"},{"data":"Bullet Time","floor":52,"key":"SMITH"}],"circlet_count":0,"master_deck":["Strike_G+1","Strike_G+1","Defend_G","Defend_G","Defend_G+1","Survivor","Neutralize","Backstab+1","Sucker Punch","Footwork+1","Bouncing Flask","Masterful Stab","Dagger Spray","Backflip","Backflip","Deadly Poison","Malaise+1","CurseOfTheBell","Flying Knee","Deflect+1","Predator","PiercingWail+1","Outmaneuver+1","Well Laid Plans+1","Bullet Time+1","Leg Sweep+1","Calculated Gamble+1","Concentrate+1","After Image+1"],"relics":["Ring of the Serpent","Whetstone","Question Card","Tiny Chest","The Courier","Smiling Mask","PreservedInsect","Calipers","Calling Bell","Omamori","Mercury Hourglass","StoneCalendar","Enchiridion","MealTicket","HornCleat","WarpedTongs","Ninja Scroll","Dead Branch","Bag of Marbles","Vajra","War Paint","Medical Kit","White Beast Statue","Bronze Scales","Torii"],"acts_visited":["Exordium","TheCity","TheBeyond","TheEnding"],"potions_floor_usage":[23,23,33,39,45,50,50,54,55,55,55],"damage_taken":[{"damage":6.0,"enemies":"2 Louse","floor":1.0,"turns":2.0},{"damage":0.0,"enemies":"Cultist","floor":3.0,"turns":3.0},{"damage":3.0,"enemies":"Small Slimes","floor":4.0,"turns":3.0},{"damage":0.0,"enemies":"Blue Slaver","floor":5.0,"turns":3.0},{"damage":15.0,"enemies":"Lagavulin","floor":7.0,"turns":6.0},{"damage":16.0,"enemies":"Gremlin Nob","floor":10.0,"turns":4.0},{"damage":1.0,"enemies":"2 Fungi Beasts","floor":13.0,"turns":2.0},{"damage":3.0,"enemies":"3 Sentries","floor":14.0,"turns":7.0},{"damage":15.0,"enemies":"The Guardian","floor":16.0,"turns":10.0},{"damage":12.0,"enemies":"2 Thieves","floor":18.0,"turns":4.0},{"damage":19.0,"enemies":"Chosen","floor":21.0,"turns":4.0},{"damage":4,"enemies":"Gremlin Leader","floor":23,"turns":4},{"damage":2,"enemies":"Centurion and Healer","floor":27,"turns":7},{"damage":3,"enemies":"3 Cultists","floor":29,"turns":5},{"damage":0,"enemies":"Champ","floor":33,"turns":12},{"damage":0,"enemies":"3 Shapes","floor":35,"turns":4},{"damage":0,"enemies":"Orb Walker","floor":37,"turns":3},{"damage":1,"enemies":"Jaw Worm Horde","floor":39,"turns":4},{"damage":10,"enemies":"Nemesis","floor":40,"turns":7},{"damage":0,"enemies":"Reptomancer","floor":42,"turns":4},{"damage":0,"enemies":"Giant Head","floor":44,"turns":6},{"damage":0,"enemies":"Spire Growth","floor":45,"turns":5},{"damage":0,"enemies":"3 Darklings","floor":48,"turns":2},{"damage":3,"enemies":"Awakened One","floor":50,"turns":13},{"damage":1,"enemies":"Shield and Spear","floor":54,"turns":5},{"damage":25,"enemies":"The Heart","floor":55,"turns":9}],"seed_played":"4415111164044671128","potions_obtained":[{"floor":1.0,"key":"Explosive Potion"},{"floor":5.0,"key":"BlessingOfTheForge"},{"floor":10.0,"key":"Weak Potion"},{"floor":18.0,"key":"ColorlessPotion"},{"floor":21.0,"key":"PowerPotion"},{"floor":23,"key":"BlessingOfTheForge"},{"floor":29,"key":"Regen Potion"},{"floor":35,"key":"FearPotion"},{"floor":40,"key":"Regen Potion"},{"floor":48,"key":"ColorlessPotion"},{"floor":54,"key":"Ancient Potion"}],"is_trial":false,"path_per_floor":["M","?","M","M","M","R","E","R","T","E","$","?","M","E","R","B",null,"M","?","T","M","$","E","R","?","T","M","R","M","R","$","R","B",null,"M","T","M","?","M","E","R","E","T","E","M","$","T","M","R","B",null,"R","$","E","B",null],"character_chosen":"THE_SILENT","items_purchased":["PreservedInsect","Backflip","Predator","AttackPotion","Medical Kit","Energy Potion","Bronze Scales","Energy Potion","CunningPotion"],"campfire_rested":2,"item_purchase_floors":[11,11,22,22,46,46,53,53,53],"current_hp_per_floor":[64,64,64,61,61,61,46,67,67,51,51,51,50,47,47,32,61,49,33,33,14,29,25,25,25,25,23,23,20,41,56,56,56,67,67,67,67,67,66,56,56,56,56,56,70,70,70,70,70,67,69,69,70,69,44],"gold":148,"neow_bonus":"RANDOM_COMMON_RELIC","is_daily":false,"chose_seed":false,"campfire_upgraded":7,"win_rate":0.0,"timestamp":1609034812,"path_taken":["M","?","M","M","M","R","E","R","T","E","?","?","M","E","R","BOSS","M","?","?","M","$","E","R","?","T","?","R","M","R","?","R","BOSS","M","?","?","?","M","E","R","E","T","E","?","$","?","M","R","BOSS","R","$","E","BOSS"],"items_purchased_type":["Relic","Card","Card","Potion","Relic","Potion","Relic","Potion","Potion"],"build_version":"2020-12-22","purchased_purges":5,"victory":true,"max_hp_per_floor":[70,70,70,70,70,70,70,70,70,70,70,70,70,70,70,70,70,70,70,70,70,70,70,70,70,70,70,70,70,70,70,70,70,70,70,70,70,70,70,70,70,70,70,70,70,70,70,70,70,70,70,70,70,70,70],"relic_stats":{"Torii":27,"counters":[26,136],"Dead Branch":[108],"StoneCalendar":[142],"PreservedInsect":383,"Whetstone":["Strike_G","Strike_G"],"War Paint":["Defend_G","Calculated Gamble"],"Question Card":24,"Smiling Mask":250,"Medical Kit":[4],"Mercury Hourglass":[319],"WarpedTongs":[84],"Bronze Scales":[105],"Tiny Chest":3,"MealTicket":31,"obtain_stats":[{"Calipers":14,"Torii":54,"Enchiridion":19,"Vajra":42,"StoneCalendar":17,"Whetstone":0,"Smiling Mask":10,"HornCleat":23,"Ninja Scroll":26,"Tiny Chest":7,"MealTicket":20,"Ring of the Snake":0,"Dead Branch":36,"The Courier":9,"PreservedInsect":11,"Omamori":17,"War Paint":44,"Question Card":2,"Medical Kit":46,"White Beast Statue":47,"Mercury Hourglass":17,"WarpedTongs":25,"Calling Bell":17,"Bronze Scales":53,"Bag of Marbles":40,"Ring of the Serpent":34},{"Calipers":8,"Torii":25,"Enchiridion":10,"Vajra":20,"StoneCalendar":9,"Whetstone":0,"Smiling Mask":6,"HornCleat":12,"Ninja Scroll":12,"Tiny Chest":5,"MealTicket":10,"Ring of the Snake":0,"Dead Branch":16,"The Courier":5,"PreservedInsect":6,"Omamori":9,"War Paint":21,"Question Card":1,"Medical Kit":22,"White Beast Statue":22,"Mercury Hourglass":9,"WarpedTongs":12,"Calling Bell":9,"Bronze Scales":24,"Bag of Marbles":19,"Ring of the Serpent":15},{"Calipers":30,"Torii":127,"Enchiridion":44,"Vajra":96,"StoneCalendar":40,"Whetstone":0,"Smiling Mask":21,"HornCleat":52,"Ninja Scroll":52,"Tiny Chest":17,"MealTicket":44,"Ring of the Snake":0,"Dead Branch":79,"The Courier":17,"PreservedInsect":21,"Omamori":40,"War Paint":102,"Question Card":2,"Medical Kit":107,"White Beast Statue":107,"Mercury Hourglass":40,"WarpedTongs":52,"Calling Bell":40,"Bronze Scales":122,"Bag of Marbles":92,"Ring of the Serpent":76}]},"card_choices":[{"not_picked":["Caltrops","Acrobatics"],"picked":"Backstab","floor":1.0},{"not_picked":["Flechettes","Blade Dance","Setup"],"picked":"Sucker Punch","floor":3.0},{"not_picked":["Slice","Deadly Poison","Blur"],"picked":"Footwork","floor":4.0},{"not_picked":["Footwork","Flying Knee","Crippling Poison"],"picked":"Bouncing Flask","floor":5.0},{"not_picked":["Calculated Gamble","Finisher","Backflip"],"picked":"Masterful Stab","floor":7.0},{"not_picked":["Noxious Fumes","Sucker Punch","Underhanded Strike"],"picked":"Dagger Spray","floor":10.0},{"not_picked":["Well Laid Plans","Choke","Flying Knee"],"picked":"Backflip","floor":13.0},{"not_picked":["Wraith Form v2","Finisher","Choke"],"picked":"Deadly Poison","floor":14.0},{"not_picked":["Die Die Die","Glass Knife","A Thousand Cuts"],"picked":"Malaise","floor":16.0},{"not_picked":["Dagger Spray+1","Acrobatics","Poisoned Stab"],"picked":"Flying Knee","floor":18.0},{"not_picked":["A Thousand Cuts","Flying Knee+1","Blade Dance"],"picked":"Deflect+1","floor":21.0},{"not_picked":["Concentrate","Choke","Slice"],"picked":"PiercingWail+1","floor":23},{"not_picked":["Acrobatics","Caltrops","Dodge and Roll"],"picked":"Outmaneuver","floor":27},{"not_picked":["Dagger Spray","Setup","Prepared"],"picked":"Well Laid Plans","floor":29},{"not_picked":["Envenom","Tools of the Trade","Grand Finale"],"picked":"Bullet Time","floor":33},{"not_picked":["Acrobatics","Noxious Fumes+1","Endless Agony+1"],"picked":"Leg Sweep+1","floor":35},{"not_picked":["Dagger Spray+1","Expertise+1","PiercingWail"],"picked":"Calculated Gamble","floor":37},{"not_picked":["Crippling Poison","Dagger Spray+1","Blade Dance","Endless Agony+1"],"picked":"SKIP","floor":39},{"not_picked":["Noxious Fumes","Escape Plan+1","Acrobatics"],"picked":"Concentrate+1","floor":40},{"not_picked":["Quick Slash+1","Dagger Throw+1","Eviscerate","Outmaneuver+1"],"picked":"SKIP","floor":42},{"not_picked":["Distraction+1","PiercingWail","Setup"],"picked":"After Image","floor":44},{"not_picked":["Underhanded Strike+1","Calculated Gamble","Eviscerate+1","Riddle With Holes+1"],"picked":"SKIP","floor":45},{"not_picked":["Acrobatics+1","Poisoned Stab+1","Quick Slash","Backflip+1"],"picked":"SKIP","floor":48},{"not_picked":["Deflect+1","Skewer+1","Bane+1","Backflip+1"],"picked":"SKIP","floor":54}],"player_experience":364455,"relics_obtained":[{"floor":7.0,"key":"Tiny Chest"},{"floor":9.0,"key":"The Courier"},{"floor":10.0,"key":"Smiling Mask"},{"floor":14.0,"key":"Calipers"},{"floor":17.0,"key":"Omamori"},{"floor":17.0,"key":"Mercury Hourglass"},{"floor":17.0,"key":"StoneCalendar"},{"floor":19.0,"key":"Enchiridion"},{"floor":20.0,"key":"MealTicket"},{"floor":23,"key":"HornCleat"},{"floor":26,"key":"Ninja Scroll"},{"floor":36,"key":"Dead Branch"},{"floor":40,"key":"Bag of Marbles"},{"floor":42,"key":"Vajra"},{"floor":44,"key":"War Paint"},{"floor":47,"key":"White Beast Statue"},{"floor":54,"key":"Torii"}],"event_choices":[{"damage_healed":0.0,"max_hp_gain":0.0,"max_hp_loss":0.0,"gold_gain":0.0,"event_name":"WeMeetAgain","player_choice":"Gave Potion","floor":2.0,"gold_loss":0.0,"damage_taken":0.0,"relics_obtained":["Question Card"]},{"damage_healed":0.0,"max_hp_gain":0.0,"max_hp_loss":0.0,"gold_gain":0.0,"event_name":"Liars Game","player_choice":"Ignored","floor":12.0,"gold_loss":0.0,"damage_taken":0.0},{"damage_healed":0.0,"max_hp_gain":0.0,"max_hp_loss":0.0,"gold_gain":0.0,"event_name":"Cursed Tome","player_choice":"Obtained Book","floor":19.0,"gold_loss":0.0,"damage_taken":16.0},{"damage_healed":0,"gold_gain":0,"player_choice":"Rummage","damage_taken":0,"relics_obtained":["WarpedTongs"],"max_hp_gain":0,"max_hp_loss":0,"event_name":"Accursed Blacksmith","floor":25,"gold_loss":0,"cards_obtained":["Pain"]},{"damage_healed":0,"gold_gain":275,"player_choice":"Desecrate","damage_taken":0,"max_hp_gain":0,"max_hp_loss":0,"event_name":"Golden Shrine","floor":38,"gold_loss":0,"cards_obtained":["Regret"]}],"is_beta":false,"boss_relics":[{"not_picked":["Coffee Dripper","WristBlade"],"picked":"Calling Bell"},{"not_picked":["Sozu","Black Star"],"picked":"Ring of the Serpent"}],"items_purged_floors":[11,22,31,46,53],"is_endless":false,"potions_floor_spawned":[1,5,10,18,21,23,29,35,37,40,48,54],"ascension_level":5}}