{"host":"vucub2jtaeo9vgh1","time":1609112826,"event":{"mods":["BaseMod","BetterRewards","Minty Spire (QoL Compilation)","Quick Restart","Slay-I","StSLib"],"gold_per_floor":[111,186,61,73,139,165,182,208,261,271,271,305,305,305,305,405,405,424,456,472,472,46,46,46,46,69,69,118,133,151,121,121,121,121],"floor_reached":33,"playtime":822,"items_purged":["Strike_B","Dualcast"],"score":286,"play_id":"6089ea3b-c9bb-4fd9-8b5a-d8e1f76ef7e7","local_time":"20201228004706","is_ascension_mode":false,"campfire_choices":[{"data":"Chaos","floor":11,"key":"SMITH"},{"floor":13,"key":"REST"},{"data":"Zap","floor":15,"key":"SMITH"},{"floor":23,"key":"REST"},{"data":"Sweeping Beam","floor":25,"key":"SMITH"},{"floor":27,"key":"REST"},{"data":"Go for the Eyes","floor":32,"key":"SMITH"}],"circlet_count":0,"master_deck":["Strike_B","Strike_B+1","Strike_B","Defend_B","Defend_B","Defend_B","Defend_B","Zap+1","Conserve Battery","Streamline+1","Leap","Go for the Eyes+1","Barrage+1","Sweeping Beam+1","Chaos+1","Leap","Echo Form","Go for the Eyes"],"relics":["Cracked Core","NeowsBlessing","StrikeDummy","MealTicket","Whetstone","Bottled Flame","Sozu","Red Mask","Bronze Scales","Sling","Pantograph","Smiling Mask"],"acts_visited":["Exordium","TheCity"],"potions_floor_usage":[18,30],"damage_taken":[{"damage":0,"enemies":"Small Slimes","floor":1,"turns":1},{"damage":0,"enemies":"2 Louse","floor":4,"turns":1},{"damage":0,"enemies":"Lagavulin","floor":6,"turns":1},{"damage":1,"enemies":"Jaw Worm","floor":7,"turns":3},{"damage":23,"enemies":"3 Sentries","floor":8,"turns":8},{"damage":7,"enemies":"Looter","floor":10,"turns":2},{"damage":6,"enemies":"Lagavulin","floor":12,"turns":6},{"damage":5,"enemies":"Slime Boss","floor":16,"turns":10},{"damage":14,"enemies":"3 Byrds","floor":18,"turns":4},{"damage":40,"enemies":"Masked Bandits","floor":19,"turns":5},{"damage":20,"enemies":"2 Thieves","floor":20,"turns":4},{"damage":12,"enemies":"3 Cultists","floor":29,"turns":5},{"damage":5,"enemies":"Snake Plant","floor":30,"turns":4},{"damage":71,"enemies":"Collector","floor":33,"turns":10}],"seed_played":"-2425406632558436093","potions_obtained":[{"floor":6,"key":"Ancient Potion"},{"floor":7,"key":"LiquidBronze"},{"floor":12,"key":"Dexterity Potion"}],"is_trial":false,"path_per_floor":["M","?","$","M","?","E","M","E","T","M","R","E","R","?","R","B",null,"M","?","M","?","$","R","T","R","T","R","T","M","M","?","R","B"],"character_chosen":"DEFECT","items_purchased":["Streamline","Bronze Scales","Sling","Go for the Eyes"],"campfire_rested":3,"item_purchase_floors":[3,22,22,22],"current_hp_per_floor":[75,64,64,64,64,64,63,40,40,33,33,27,49,49,49,44,75,61,21,1,1,16,38,38,38,38,60,60,48,43,43,43,0,0],"gold":121,"neow_bonus":"THREE_ENEMY_KILL","is_daily":false,"chose_seed":false,"campfire_upgraded":4,"win_rate":0.0,"timestamp":1609112826,"path_taken":["M","?","$","M","?","E","M","E","T","M","R","E","R","?","R","BOSS","M","?","M","?","$","R","?","R","T","R","?","M","M","?","R","BOSS"],"items_purchased_type":["Card","Relic","Relic","Card"],"build_version":"2020-12-22","purchased_purges":2,"victory":false,"max_hp_per_floor":[75,75,75,75,75,75,75,75,75,75,75,75,75,75,75,75,75,75,75,75,75,75,75,75,75,75,75,75,75,75,75,75,75,75],"card_choices":[{"not_picked":["Doom and Gloom","Ball Lightning"],"picked":"Conserve Battery","floor":1},{"not_picked":["Hologram","Force Field"],"picked":"Leap","floor":4},{"not_picked":["Sunder","Steam Power"],"picked":"Go for the Eyes","floor":6},{"not_picked":["Doom and Gloom","Coolheaded"],"picked":"Barrage","floor":7},{"not_picked":["Aggregate","Fission"],"picked":"Sweeping Beam","floor":8},{"not_picked":["Go for the Eyes","Rip and Tear"],"picked":"Chaos","floor":10},{"not_picked":["Undo","Melter"],"picked":"Leap","floor":12},{"not_picked":["Amplify","Multi-Cast"],"picked":"Echo Form","floor":16},{"not_picked":["Barrage","Rebound","Streamline"],"picked":"SKIP","floor":18},{"not_picked":["Streamline","Beam Cell","Aggregate+1"],"picked":"SKIP","floor":20},{"not_picked":["Stack","Redo+1","Streamline"],"picked":"SKIP","floor":29},{"not_picked":["FTL","Hologram","Rebound"],"picked":"SKIP","floor":30}],"player_experience":262010,"relics_obtained":[{"floor":6,"key":"StrikeDummy"},{"floor":8,"key":"MealTicket"},{"floor":9,"key":"Whetstone"},{"floor":12,"key":"Bottled Flame"},{"floor":19,"key":"Red Mask"},{"floor":24,"key":"Pantograph"},{"floor":28,"key":"Smiling Mask"}],"event_choices":[{"damage_healed":0,"gold_gain":75,"player_choice":"Gather Gold","damage_taken":11,"max_hp_gain":0,"max_hp_loss":0,"event_name":"World of Goop","floor":2,"gold_loss":0},{"damage_healed":0,"gold_gain":66,"player_choice":"Gained Gold","damage_taken":0,"max_hp_gain":0,"max_hp_loss":0,"event_name":"Golden Wing","floor":5,"gold_loss":0},{"damage_healed":0,"gold_gain":0,"player_choice":"Grow","damage_taken":0,"max_hp_gain":0,"max_hp_loss":0,"event_name":"Living Wall","floor":14,"gold_loss":0,"cards_upgraded":["Barrage"]},{"damage_healed":0,"gold_gain":0,"player_choice":"Fought Bandits","damage_taken":0,"max_hp_gain":0,"max_hp_loss":0,"event_name":"Masked Bandits","floor":19,"gold_loss":0},{"damage_healed":0,"gold_gain":0,"player_choice":"Ignored","damage_taken":0,"max_hp_gain":0,"max_hp_loss":0,"event_name":"Vampires","floor":21,"gold_loss":0},{"damage_healed":0,"gold_gain":0,"player_choice":"Bought 2 Potions","damage_taken":0,"max_hp_gain":0,"max_hp_loss":0,"event_name":"The Woman in Blue","floor":31,"gold_loss":0}],"is_beta":false,"boss_relics":[{"not_picked":["Busted Crown","Runic Pyramid"],"picked":"Sozu"}],"items_purged_floors":[3,22],"is_endless":false,"potions_floor_spawned":[6,7,12,18,30],"killed_by":"Collector","ascension_level":0}}