{"host":"thf604eqjgpaykl0","time":1609092328,"event":{"mods":["AchievementEnabler","BaseMod","Minty Spire (QoL Compilation)","StSLib"],"gold_per_floor":[113,63,13,23,34,60,60,71,95,107,133,162,174,213,225,337,349,379,408,335,362,374,386,398,410,422,434,460,488,532,570,582,696,708,731,72,86,96,96,96,126,201,228,228,243,260,7,39,39,39],"floor_reached":51,"playtime":8363,"items_purged":["Anger"],"score":812,"play_id":"74b81e2c-438b-4ac9-b3ee-a47d693b70c7","local_time":"20201227190528","is_ascension_mode":false,"campfire_choices":[{"data":"Cleave","floor":7.0,"key":"SMITH"},{"data":"Bash","floor":10.0,"key":"SMITH"},{"data":"Sword Boomerang","floor":15.0,"key":"SMITH"},{"data":"Bludgeon","floor":23.0,"key":"SMITH"},{"floor":25.0,"key":"REST"},{"data":"Pommel Strike","floor":27.0,"key":"SMITH"},{"floor":32,"key":"REST"},{"data":"Inflame","floor":40,"key":"SMITH"},{"data":"Whirlwind","floor":44,"key":"SMITH"},{"data":"Fiend Fire","floor":49,"key":"SMITH"}],"circlet_count":0,"master_deck":["Strike_R","Strike_R","Strike_R","Strike_R","Defend_R","Defend_R","Defend_R","Bash+1","Anger","Cleave+1","Warcry","Pommel Strike","Inflame+1","Bludgeon+1","Sword Boomerang+1","Impervious","Offering","Pommel Strike+1","True Grit","Perfected Strike+1","Sword Boomerang","Sword Boomerang+1","Anger+1","Inflame+1","Shrug It Off+1","Reaper","Shrug It Off+1","Barricade","Clothesline","Seeing Red","Whirlwind+1","Carnage+1","Parasite","Second Wind+1","Mayhem","Flame Barrier","Fiend Fire+1"],"relics":["Burning Blood","Strawberry","MawBank","Dream Catcher","Mark of Pain","Incense Burner","Pocketwatch","Letter Opener","Ginger","HornCleat","Red Mask","Snecko Eye","WingedGreaves","Oddly Smooth Stone","Mummified Hand","Red Skull","Mercury Hourglass"],"acts_visited":["Exordium","TheCity","TheBeyond"],"potions_floor_usage":[50],"damage_taken":[{"damage":6.0,"enemies":"Cultist","floor":1.0,"turns":3.0},{"damage":4.0,"enemies":"2 Louse","floor":4.0,"turns":2.0},{"damage":5.0,"enemies":"Small Slimes","floor":5.0,"turns":3.0},{"damage":13.0,"enemies":"3 Sentries","floor":6.0,"turns":3.0},{"damage":9.0,"enemies":"Blue Slaver","floor":8.0,"turns":3.0},{"damage":0.0,"enemies":"2 Fungi Beasts","floor":11.0,"turns":2.0},{"damage":6.0,"enemies":"3 Louse","floor":12.0,"turns":2.0},{"damage":6.0,"enemies":"Gremlin Nob","floor":14.0,"turns":3.0},{"damage":65.0,"enemies":"The Guardian","floor":16.0,"turns":9.0},{"damage":22.0,"enemies":"2 Thieves","floor":18.0,"turns":5.0},{"damage":10.0,"enemies":"3 Byrds","floor":19.0,"turns":4.0},{"damage":6.0,"enemies":"Centurion and Healer","floor":21.0,"turns":4.0},{"damage":16.0,"enemies":"Chosen and Byrds","floor":28.0,"turns":3.0},{"damage":12.0,"enemies":"3 Cultists","floor":29.0,"turns":4.0},{"damage":16.0,"enemies":"Slavers","floor":30.0,"turns":3.0},{"damage":0.0,"enemies":"Masked Bandits","floor":31.0,"turns":3.0},{"damage":52,"enemies":"Champ","floor":33,"turns":7},{"damage":6,"enemies":"Orb Walker","floor":35,"turns":2},{"damage":6,"enemies":"3 Shapes","floor":37,"turns":3},{"damage":0,"enemies":"Spire Growth","floor":38,"turns":3},{"damage":6,"enemies":"Nemesis","floor":41,"turns":5},{"damage":6,"enemies":"Maw","floor":45,"turns":5},{"damage":7,"enemies":"Writhing Mass","floor":46,"turns":4},{"damage":15,"enemies":"Giant Head","floor":48,"turns":5},{"damage":6,"enemies":"Awakened One","floor":50,"turns":6}],"seed_played":"-6034569723342853044","potions_obtained":[{"floor":4.0,"key":"BlessingOfTheForge"},{"floor":5.0,"key":"DuplicationPotion"},{"floor":6.0,"key":"Fire Potion"},{"floor":11.0,"key":"Regen Potion"},{"floor":18.0,"key":"SteroidPotion"},{"floor":21.0,"key":"Fire Potion"},{"floor":29.0,"key":"BloodPotion"},{"floor":31.0,"key":"Explosive Potion"}],"is_trial":false,"path_per_floor":["M","?","$","M","M","E","R","M","T","R","M","M","?","E","R","B",null,"M","M","?","M","?","R","T","R","T","R","M","M","E","?","R","B",null,"M","$","M","M","?","R","E","T","T","R","M","M","$","E","R","B",null],"character_chosen":"IRONCLAD","items_purchased":["Anger","Barricade","Clothesline","HeartOfIron","WingedGreaves","Mayhem","Flame Barrier"],"campfire_rested":2,"item_purchase_floors":[3,36,36,36,36,47,47],"current_hp_per_floor":[80,80,80,80,80,80,80,77,77,77,83,83,83,83,83,39,87,71,67,67,67,67,67,67,87,87,87,77,71,61,67,87,41,87,87,87,87,87,87,87,87,87,87,87,87,87,87,78,78,87],"gold":39,"neow_bonus":"","is_daily":false,"chose_seed":false,"campfire_upgraded":8,"win_rate":0.0,"timestamp":1609092328,"path_taken":["M","?","$","M","M","E","R","M","T","R","M","M","?","E","R","BOSS","M","M","?","M","?","R","?","R","T","R","M","M","E","?","R","BOSS","M","$","M","M","?","R","E","?","T","R","M","M","$","E","R","BOSS"],"items_purchased_type":["Card","Card","Card","Potion","Relic","Card","Card"],"build_version":"2020-12-22","purchased_purges":1,"victory":true,"max_hp_per_floor":[80,80,80,80,80,87,87,87,87,87,87,87,87,87,87,87,87,87,87,87,87,87,87,87,87,87,87,87,87,87,87,87,87,87,87,87,87,87,87,87,87,87,87,87,87,87,87,87,87,87],"card_choices":[{"not_picked":["Twin Strike","Body Slam"],"picked":"Anger","floor":1.0},{"not_picked":["Shrug It Off","Twin Strike"],"picked":"Cleave","floor":4.0},{"not_picked":["Cleave","Flex"],"picked":"Warcry","floor":5.0},{"not_picked":["Entrench","Second Wind"],"picked":"Pommel Strike","floor":6.0},{"not_picked":["Warcry","Intimidate"],"picked":"Inflame","floor":8.0},{"not_picked":["Rupture","Combust"],"picked":"Bludgeon","floor":11.0},{"not_picked":["Flex","Searing Blow"],"picked":"Sword Boomerang","floor":12.0},{"not_picked":["Burning Pact","Cleave"],"picked":"Impervious","floor":14.0},{"not_picked":["Reaper","Bludgeon"],"picked":"Offering","floor":16.0},{"not_picked":["Anger","Cleave"],"picked":"Pommel Strike","floor":18.0},{"not_picked":["Clash+1","Cleave+1"],"picked":"True Grit","floor":19.0},{"not_picked":["Perfected Strike","Rupture","Entrench"],"picked":"SKIP","floor":21.0},{"not_picked":["Dropkick","Shrug It Off"],"picked":"Perfected Strike+1","floor":25.0},{"not_picked":["Impervious","Rampage+1"],"picked":"Sword Boomerang","floor":28.0},{"not_picked":["Flex+1","Twin Strike"],"picked":"Sword Boomerang+1","floor":29.0},{"not_picked":["Offering","Reckless Charge"],"picked":"Anger+1","floor":30.0},{"not_picked":["Shockwave","True Grit+1"],"picked":"Inflame","floor":31.0},{"not_picked":["Dual Wield","Sword Boomerang"],"picked":"Shrug It Off+1","floor":32},{"not_picked":["Barricade","Juggernaut"],"picked":"Reaper","floor":33},{"not_picked":["True Grit+1","Body Slam"],"picked":"Shrug It Off+1","floor":35},{"not_picked":["Burning Pact+1","Clothesline"],"picked":"Seeing Red","floor":37},{"not_picked":["Shrug It Off+1","Pommel Strike+1","True Grit+1"],"picked":"SKIP","floor":38},{"not_picked":["Clash","Brutality"],"picked":"Whirlwind","floor":41},{"not_picked":["Twin Strike","Anger"],"picked":"Carnage+1","floor":45},{"not_picked":["Cleave","Bloodletting+1"],"picked":"Second Wind+1","floor":46},{"not_picked":["Dual Wield","Perfected Strike+1"],"picked":"Fiend Fire","floor":48}],"player_experience":0,"relics_obtained":[{"floor":6.0,"key":"Strawberry"},{"floor":9.0,"key":"MawBank"},{"floor":14.0,"key":"Dream Catcher"},{"floor":24.0,"key":"Letter Opener"},{"floor":26.0,"key":"Ginger"},{"floor":30.0,"key":"HornCleat"},{"floor":31.0,"key":"Red Mask"},{"floor":41,"key":"Oddly Smooth Stone"},{"floor":42,"key":"Mummified Hand"},{"floor":43,"key":"Red Skull"},{"floor":48,"key":"Mercury Hourglass"}],"event_choices":[{"cards_removed":["Strike_R"],"damage_healed":0.0,"max_hp_gain":0.0,"max_hp_loss":0.0,"gold_gain":0.0,"event_name":"The Cleric","player_choice":"Card Removal","floor":2.0,"gold_loss":50.0,"damage_taken":0.0},{"damage_healed":0.0,"max_hp_gain":0.0,"max_hp_loss":0.0,"gold_gain":0.0,"event_name":"Upgrade Shrine","player_choice":"Upgraded","floor":13.0,"gold_loss":0.0,"damage_taken":0.0,"cards_upgraded":["Inflame"]},{"damage_healed":0.0,"max_hp_gain":0.0,"max_hp_loss":0.0,"gold_gain":0.0,"event_name":"Addict","player_choice":"Obtained Relic","floor":20.0,"gold_loss":85.0,"damage_taken":0.0,"relics_obtained":["Incense Burner"]},{"damage_healed":0.0,"max_hp_gain":0.0,"max_hp_loss":0.0,"gold_gain":0.0,"event_name":"The Mausoleum","player_choice":"Opened","floor":22.0,"gold_loss":0.0,"damage_taken":0.0,"relics_obtained":["Pocketwatch"]},{"damage_healed":0.0,"max_hp_gain":0.0,"max_hp_loss":0.0,"gold_gain":0.0,"event_name":"Masked Bandits","player_choice":"Fought Bandits","floor":31.0,"gold_loss":0.0,"damage_taken":0.0},{"cards_removed":["Defend_R"],"damage_healed":0,"gold_gain":0,"player_choice":"Removed Skill","damage_taken":0,"max_hp_gain":0,"max_hp_loss":0,"event_name":"Falling","floor":39,"gold_loss":0}],"is_beta":false,"boss_relics":[{"not_picked":["SlaversCollar","Calling Bell"],"picked":"Mark of Pain"},{"not_picked":["Fusion Hammer","Black Blood"],"picked":"Snecko Eye"}],"items_purged_floors":[36],"is_endless":false,"potions_floor_spawned":[4,5,6,11,18,21,29,31,37,38,41],"ascension_level":0}}