{"host":"uxq2rly8rxtwffuf","time":1609048684,"event":{"mods":["BaseMod","Koishi","Minty Spire (QoL Compilation)","StSLib","The Judge","The Servant 0.9.4"],"gold_per_floor":[109,125,135,135,154,189,189,216,240,240,240,240],"floor_reached":11,"playtime":327,"items_purged":[],"score":145,"play_id":"26b688f9-144c-40ba-9864-8b1a4a2ecb4e","local_time":"20201227085804","is_ascension_mode":true,"campfire_choices":[{"floor":7,"key":"REST"},{"floor":10,"key":"REST"}],"circlet_count":0,"master_deck":["AscendersBane","Strike_B","Strike_B","Strike_B","Strike_B","Defend_B","Defend_B","Defend_B","Defend_B","Zap","Dualcast","Beam Cell","Gash","Gash","Echo Form","Auto Shields"],"relics":["Cracked Core","Bottled Flame","Omamori"],"acts_visited":["Exordium"],"potions_floor_usage":[6,8],"damage_taken":[{"damage":0,"enemies":"2 Louse","floor":1,"turns":2},{"damage":7,"enemies":"Jaw Worm","floor":2,"turns":2},{"damage":8,"enemies":"Small Slimes","floor":3,"turns":3},{"damage":3,"enemies":"Blue Slaver","floor":5,"turns":3},{"damage":35,"enemies":"Lagavulin","floor":6,"turns":5},{"damage":27,"enemies":"3 Sentries","floor":8,"turns":7},{"damage":46,"enemies":"Lagavulin","floor":11,"turns":6}],"seed_played":"6345147524712011529","potions_obtained":[{"floor":2,"key":"Swift Potion"},{"floor":6,"key":"BlessingOfTheForge"}],"is_trial":false,"path_per_floor":["M","M","M","?","M","E","R","E","T","R","E"],"character_chosen":"DEFECT","items_purchased":[],"campfire_rested":2,"item_purchase_floors":[],"current_hp_per_floor":[71,64,56,56,53,18,41,14,14,37,0,0],"gold":240,"neow_bonus":"TEN_PERCENT_HP_BONUS","is_daily":false,"chose_seed":false,"campfire_upgraded":0,"win_rate":0.0,"timestamp":1609048684,"path_taken":["M","M","M","?","M","E","R","E","T","R","E"],"items_purchased_type":[],"build_version":"2020-12-22","purchased_purges":0,"victory":false,"max_hp_per_floor":[78,78,78,78,78,78,78,78,78,78,78,78],"card_choices":[{"not_picked":["Go for the Eyes","Barrage"],"picked":"Beam Cell","floor":1},{"not_picked":["Turbo","Barrage","Skim"],"picked":"SKIP","floor":2},{"not_picked":["Hologram","Reboot"],"picked":"Gash","floor":3},{"not_picked":["Leap","Ball Lightning"],"picked":"Gash","floor":5},{"not_picked":["Fusion","Turbo"],"picked":"Echo Form","floor":6},{"not_picked":["Cold Snap","Aggregate"],"picked":"Auto Shields","floor":8}],"player_experience":1369949,"relics_obtained":[{"floor":6,"key":"Bottled Flame"},{"floor":8,"key":"Omamori"}],"event_choices":[{"damage_healed":0,"gold_gain":0,"player_choice":"Ignored","damage_taken":0,"max_hp_gain":0,"max_hp_loss":0,"event_name":"Liars Game","floor":4,"gold_loss":0}],"is_beta":false,"boss_relics":[],"items_purged_floors":[],"is_endless":false,"potions_floor_spawned":[2,6],"killed_by":"Lagavulin","ascension_level":15}}