{"host":"dpbezu80jg8zk7un","time":1609102848,"event":{"mods":["BaseMod","Colored Map","Colored Powertips","Custom Start","DeckTracker","Minty Spire (QoL Compilation)","Quick Restart","StSLib","SuperFastMode"],"gold_per_floor":[115,40,54,54,64,64,64,84,84,97,130,130,130,164,164,164,164],"floor_reached":16,"playtime":456,"items_purged":["Normality"],"score":220,"play_id":"984131de-66ea-49d5-9ee5-c1826c24896d","local_time":"20201228060048","is_ascension_mode":true,"campfire_choices":[{"data":"PathToVictory","floor":6.0,"key":"SMITH"},{"floor":13,"key":"REST"},{"data":"EmptyMind","floor":15,"key":"SMITH"}],"circlet_count":0,"master_deck":["AscendersBane","Strike_P","Strike_P","Defend_P","Defend_P","Defend_P","Eruption","Vigilance","Perseverance","PathToVictory+1","PathToVictory+1","EmptyMind+1","FearNoEvil"],"relics":["PureWater","HornCleat","Gambling Chip","Question Card","InkBottle"],"acts_visited":["Exordium"],"potions_floor_usage":[11,16],"damage_taken":[{"damage":10.0,"enemies":"Small Slimes","floor":1.0,"turns":5.0},{"damage":2.0,"enemies":"2 Louse","floor":3.0,"turns":2.0},{"damage":0.0,"enemies":"Cultist","floor":5.0,"turns":2.0},{"damage":3.0,"enemies":"Blue Slaver","floor":8.0,"turns":3.0},{"damage":5.0,"enemies":"Gremlin Gang","floor":10.0,"turns":4.0},{"damage":25,"enemies":"3 Sentries","floor":11,"turns":11},{"damage":10,"enemies":"Lagavulin","floor":14,"turns":4},{"damage":31,"enemies":"Slime Boss","floor":16,"turns":7}],"seed_played":"-7294351709690584665","potions_obtained":[{"floor":3.0,"key":"FearPotion"},{"floor":5.0,"key":"Ambrosia"},{"floor":8.0,"key":"PowerPotion"},{"floor":14,"key":"Swift Potion"}],"is_trial":false,"path_per_floor":["M","$","M","?","M","R","?","M","T","M","E","?","R","E","R","B"],"character_chosen":"WATCHER","items_purchased":[],"campfire_rested":1,"item_purchase_floors":[],"current_hp_per_floor":[51,51,49,49,49,49,49,46,46,41,16,16,36,26,26,0,0],"gold":164,"neow_bonus":"TRANSFORM_TWO_CARDS","is_daily":false,"chose_seed":false,"campfire_upgraded":2,"win_rate":0.0,"timestamp":1609102848,"path_taken":["M","$","M","?","M","R","?","?","T","M","E","?","R","E","R","BOSS"],"items_purchased_type":[],"build_version":"2020-12-22","purchased_purges":1,"victory":false,"max_hp_per_floor":[68,68,68,68,68,68,68,68,68,68,68,68,68,68,68,68,68],"card_choices":[{"not_picked":["Prostrate","Study","ThirdEye"],"picked":"SKIP","floor":1.0},{"not_picked":["CutThroughFate","WaveOfTheHand"],"picked":"PathToVictory","floor":3.0},{"not_picked":["BattleHymn","JustLucky","Nirvana"],"picked":"SKIP","floor":5.0},{"not_picked":["ClearTheMind","CrushJoints","Pray"],"picked":"SKIP","floor":8.0},{"not_picked":["Crescendo","FlyingSleeves"],"picked":"FearNoEvil","floor":10.0},{"not_picked":["CutThroughFate","TalkToTheHand","Perseverance"],"picked":"SKIP","floor":11},{"not_picked":["BowlingBash","Meditate","CutThroughFate","ThirdEye"],"picked":"SKIP","floor":14}],"player_experience":2779320,"relics_obtained":[{"floor":9.0,"key":"HornCleat"},{"floor":11,"key":"Gambling Chip"},{"floor":14,"key":"InkBottle"}],"event_choices":[{"damage_healed":0.0,"max_hp_gain":0.0,"max_hp_loss":0.0,"gold_gain":0.0,"cards_transformed":["Strike_P"],"event_name":"Living Wall","player_choice":"Change","floor":4.0,"gold_loss":0.0,"damage_taken":0.0,"cards_obtained":["EmptyMind"]},{"damage_healed":0.0,"max_hp_gain":0.0,"max_hp_loss":0.0,"gold_gain":0.0,"event_name":"Upgrade Shrine","player_choice":"Upgraded","floor":7.0,"gold_loss":0.0,"damage_taken":0.0,"cards_upgraded":["PathToVictory"]},{"damage_healed":0,"gold_gain":0,"player_choice":"Gave Potion","damage_taken":0,"relics_obtained":["Question Card"],"max_hp_gain":0,"max_hp_loss":0,"event_name":"WeMeetAgain","floor":12,"gold_loss":0}],"is_beta":false,"boss_relics":[],"items_purged_floors":[2],"is_endless":false,"potions_floor_spawned":[3,5,8,14],"killed_by":"Slime Boss","ascension_level":20}}