{"host":"eemx8njkng76fu5x","time":1609092920,"event":{"mods":["2.2 Compatiblity","BaseMod","Downfall","Minty Spire (QoL Compilation)","Permanent Neow","StSLib","Unceasing Turn Reminder","Unknown Chances"],"gold_per_floor":[349,364,364,364,97,97,97,108,120,45,63,88,99,130,144,246,246,171,187,187,187,204,204,204,229,154,181,200,200,217,102,121,216,216,216,230,51,61,76,63,63,63,82,82,112,123,123,136,152,152,152,185,10,10,10,10,10],"floor_reached":55,"playtime":3320,"items_purged":["champ:Strike","champ:Strike","champ:Strike","champ:RisingSlash","champ:FanOfKnives"],"score":1345,"play_id":"ac160e42-4c57-43f1-9cbb-52a33f3cdb68","local_time":"20201228021520","is_ascension_mode":true,"campfire_choices":[{"data":"champ:Taunt","floor":1.0,"key":"SMITH"},{"floor":6.0,"key":"RECALL"},{"data":"champ:Lariat","floor":10.0,"key":"SMITH"},{"data":"champ:Devastate","floor":18.0,"key":"SMITH"},{"data":"champ:TornadoPunch","floor":23.0,"key":"SMITH"},{"data":"champ:Lariat","floor":26.0,"key":"SMITH"},{"data":"champ:GutPunch","floor":29.0,"key":"SMITH"},{"data":"champ:Backstep","floor":35.0,"key":"SMITH"},{"data":"champ:Encircle","floor":42.0,"key":"SMITH"},{"data":"champ:Backstep","floor":54,"key":"SMITH"}],"circlet_count":0,"master_deck":["champ:Defend","champ:Defend","champ:Defend","champ:Defend+1","champ:Execute","champ:Taunt+1","champ:SwordSigil","champ:BringItOn+1","champ:DefensiveStyle","champ:TornadoPunch+1","champ:Lariat+1","champ:Backstep+1","champ:Encircle+1","champ:GutPunch+1","champ:Devastate+1","champ:AdrenalArmor","champ:Lariat+1","champ:AdrenalArmor","champ:HeartStrike","champ:Control+1","champ:AdrenalArmor+1","champ:AdrenalArmor","champ:ArenaPreparation+1","champ:AdrenalArmor+1","champ:Backstep+1","champ:BerserkersShout"],"relics":["champ:ChampionCrown","HornCleat","downfall:HeartBlessingRed","Orichalcum","FossilizedHelix","Sozu","downfall:HeartBlessingGreen","Oddly Smooth Stone","downfall:HeartBlessingBlue","Pantograph","Coffee Dripper","champ:BerserkersGuideToSlaughter","CaptainsWheel","Dream Catcher","War Paint"],"acts_visited":["Exordium","TheCity","TheBeyond","TheEnding"],"potions_floor_usage":[],"damage_taken":[{"damage":9.0,"enemies":"Small Slimes","floor":2.0,"turns":3.0},{"damage":15.0,"enemies":"downfall:FleeingMerchant","floor":5.0,"turns":4.0},{"damage":0.0,"enemies":"2 Louse","floor":8.0,"turns":3.0},{"damage":14.0,"enemies":"Cultist","floor":9.0,"turns":3.0},{"damage":5.0,"enemies":"2 Fungi Beasts","floor":11.0,"turns":3.0},{"damage":0.0,"enemies":"3 Sentries","floor":12.0,"turns":4.0},{"damage":5.0,"enemies":"Gremlin Gang","floor":13.0,"turns":4.0},{"damage":11.0,"enemies":"Lagavulin","floor":14.0,"turns":7.0},{"damage":7.0,"enemies":"3 Louse","floor":15.0,"turns":2.0},{"damage":46.0,"enemies":"downfall:Watcher","floor":16.0,"turns":9.0},{"damage":18.0,"enemies":"3 Byrds","floor":19.0,"turns":4.0},{"damage":18.0,"enemies":"3 Cultists","floor":22.0,"turns":6.0},{"damage":20.0,"enemies":"Slavers","floor":25.0,"turns":4.0},{"damage":13.0,"enemies":"Gremlin Leader","floor":27.0,"turns":8.0},{"damage":15.0,"enemies":"Snecko","floor":28.0,"turns":3.0},{"damage":6.0,"enemies":"Centurion and Healer","floor":30.0,"turns":4.0},{"damage":31.0,"enemies":"downfall:FleeingMerchant","floor":31.0,"turns":4.0},{"damage":13.0,"enemies":"3 Cultists","floor":32.0,"turns":3.0},{"damage":62.0,"enemies":"downfall:Ironclad","floor":33.0,"turns":8.0},{"damage":0.0,"enemies":"Orb Walker","floor":36.0,"turns":3.0},{"damage":4.0,"enemies":"downfall:FleeingMerchant","floor":37.0,"turns":4.0},{"damage":36.0,"enemies":"3 Darklings","floor":38.0,"turns":7.0},{"damage":57.0,"enemies":"Transient","floor":39.0,"turns":5.0},{"damage":2.0,"enemies":"downfall:FleeingMerchant","floor":40.0,"turns":3.0},{"damage":18.0,"enemies":"Jaw Worm Horde","floor":43.0,"turns":5.0},{"damage":54.0,"enemies":"Reptomancer","floor":45.0,"turns":7.0},{"damage":35.0,"enemies":"Sphere and 2 Shapes","floor":46.0,"turns":7.0},{"damage":73.0,"enemies":"Writhing Mass","floor":48.0,"turns":6.0},{"damage":55,"enemies":"Jaw Worm Horde","floor":49,"turns":4},{"damage":77,"enemies":"downfall:Defect","floor":50,"turns":7},{"damage":166,"enemies":"downfall:CharBossMerchant","floor":52,"turns":11},{"damage":139,"enemies":"downfall:NeowBoss","floor":55,"turns":12}],"seed_played":"7940263156787213696","potions_obtained":[{"floor":2.0,"key":"LiquidMemories"},{"floor":4.0,"key":"AttackPotion"},{"floor":4.0,"key":"Slimebound:ThreeZeroPotion"}],"is_trial":false,"path_per_floor":["R","M","?","?","$","R","T","M","M","R","M","E","M","E","M","B",null,"R","M","?","?","M","R","T","E","R","E","M","R","M","$","M","B",null,"R","M","$","M","M","$","T","R","M","?","E","M","$","M","M","B",null,"E","$","R","B"],"character_chosen":"THE_CHAMP","items_purchased":["champ:BringItOn","champ:DefensiveStyle","champ:TornadoPunch","champ:FightOn","champ:BerserkersGuideToSlaughter","champ:AdrenalArmor"],"campfire_rested":0,"item_purchase_floors":[5,5,5,37,40,40],"current_hp_per_floor":[57,53,63,63,58,58,58,58,58,58,58,58,58,53,46,28,82,82,85,85,85,78,78,78,83,93,95,95,95,97,101,110,105,109,109,110,110,110,109,111,111,111,115,115,115,93,93,91,93,115,115,59,59,59,0,0,0],"gold":10,"neow_bonus":"TWO_FIFTY_GOLD","is_daily":false,"chose_seed":false,"campfire_upgraded":9,"win_rate":0.0,"timestamp":1609092920,"path_taken":["R","M","?","?","$","R","T","M","M","R","M","E","?","E","M","BOSS","R","M","?","?","M","R","T","E","R","E","M","R","M","$","M","BOSS","R","M","$","M","?","$","T","R","M","?","E","M","$","M","M","BOSS","E","$","R","BOSS"],"items_purchased_type":["Card","Card","Card","Card","Relic","Card"],"build_version":"2020-12-22","purchased_purges":5,"victory":false,"max_hp_per_floor":[90,90,100,100,100,100,100,100,100,100,100,100,100,100,100,100,100,100,100,100,100,100,100,100,100,110,110,110,110,110,110,110,110,110,110,110,110,110,115,115,115,115,115,115,115,115,115,115,115,115,115,115,115,115,115,115,115],"card_choices":[{"not_picked":["champ:AdrenalArmor","champ:FocusedBerserking"],"picked":"champ:FanOfKnives","floor":2.0},{"not_picked":["champ:RageSigil","champ:RisingSlash"],"picked":"champ:SwordSigil","floor":5.0},{"not_picked":["champ:Shatter","champ:BerserkerStyle","champ:GladiatorsShout"],"picked":"SKIP","floor":8.0},{"not_picked":["champ:BerserkersShout","champ:ShieldSigil"],"picked":"champ:Lariat","floor":9.0},{"not_picked":["champ:FocusedGladiator","champ:Balance"],"picked":"champ:Backstep","floor":11.0},{"not_picked":["champ:SwordThrow","champ:PreciseThrust","champ:CrookedStrike"],"picked":"SKIP","floor":12.0},{"not_picked":["champ:EnragedBash","champ:BringItOn"],"picked":"champ:RisingSlash","floor":13.0},{"not_picked":["champ:BerserkersShout","champ:EnragedBash"],"picked":"champ:Encircle","floor":14.0},{"not_picked":["champ:BladeFlurry","champ:FlashCut"],"picked":"champ:GutPunch","floor":15.0},{"not_picked":["champ:StrikeOfGenius","champ:IgnorePain"],"picked":"champ:Devastate","floor":16.0},{"not_picked":["champ:BladeFlurry","champ:CrookedStrike","champ:FanOfKnives"],"picked":"SKIP","floor":19.0},{"not_picked":["champ:CrookedStrike","champ:RageSigil","champ:Riposte"],"picked":"SKIP","floor":22.0},{"not_picked":["champ:GladiatorsShout","champ:BladeFlurry+1"],"picked":"champ:Lariat","floor":25.0},{"not_picked":["champ:StanceDance","champ:FocusedDefense","champ:EnGarde"],"picked":"SKIP","floor":27.0},{"not_picked":["champ:Circumvent","champ:BladeFlurry"],"picked":"champ:AdrenalArmor","floor":28.0},{"not_picked":["champ:StanceDance","champ:FanOfKnives+1"],"picked":"champ:HeartStrike","floor":30.0},{"not_picked":["champ:FlashCut","champ:ShieldSlam","champ:Circumvent"],"picked":"SKIP","floor":31.0},{"not_picked":["champ:Balance+1","champ:ShieldSigil","champ:SkillfulDodge"],"picked":"SKIP","floor":32.0},{"not_picked":["champ:StrikeOfGenius","champ:DancingMaster"],"picked":"champ:LastStand","floor":33.0},{"not_picked":["champ:BringItOn","champ:PerfectedStrike","champ:ShieldSigil+1"],"picked":"SKIP","floor":36.0},{"not_picked":["champ:BladeFlurry","champ:AdrenalArmor+1"],"picked":"champ:Control+1","floor":37.0},{"not_picked":["champ:Backstep+1","champ:RapidStrikes"],"picked":"champ:AdrenalArmor+1","floor":38.0},{"not_picked":["champ:DefensiveShout+1","champ:Balance","champ:Circumvent"],"picked":"SKIP","floor":39.0},{"not_picked":["champ:Haymaker","champ:DefensiveStyle+1","champ:GladiatorsShout+1"],"picked":"SKIP","floor":40.0},{"not_picked":["champ:Lariat","champ:GutPunch+1","champ:RisingSlash+1"],"picked":"SKIP","floor":43.0},{"not_picked":["champ:GladiatorsShout+1","champ:ShieldSigil+1","champ:DefensiveStyle"],"picked":"SKIP","floor":45.0},{"not_picked":["champ:FlashCut+1","champ:BladeFlurry"],"picked":"champ:ArenaPreparation+1","floor":46.0},{"not_picked":["champ:BringItOn+1","champ:SteelEdge"],"picked":"champ:AdrenalArmor+1","floor":48.0},{"not_picked":["champ:FightOn","champ:StanceDance+1"],"picked":"champ:Backstep","floor":49},{"not_picked":["champ:BringItOn+1","champ:GladiatorsShout"],"picked":"champ:BerserkersShout","floor":52}],"player_experience":398363,"relics_obtained":[{"floor":7.0,"key":"HornCleat"},{"floor":12.0,"key":"Orichalcum"},{"floor":14.0,"key":"FossilizedHelix"},{"floor":25.0,"key":"Oddly Smooth Stone"},{"floor":27.0,"key":"Pantograph"},{"floor":41.0,"key":"CaptainsWheel"},{"floor":45.0,"key":"Dream Catcher"},{"floor":52,"key":"War Paint"}],"event_choices":[{"damage_healed":0.0,"max_hp_gain":0.0,"max_hp_loss":0.0,"gold_gain":0.0,"event_name":"Lab","player_choice":"Got Potions","floor":4.0,"gold_loss":0.0,"damage_taken":0.0},{"cards_removed":["champ:LastStand"],"damage_healed":0.0,"max_hp_gain":0.0,"max_hp_loss":0.0,"gold_gain":0.0,"event_name":"Falling","player_choice":"Removed Power","floor":44.0,"gold_loss":0.0,"damage_taken":0.0}],"is_beta":false,"boss_relics":[{"not_picked":["SacredBark","Pandora\u0027s Box"],"picked":"Sozu"},{"not_picked":["champ:PowerArmor","Runic Dome"],"picked":"Coffee Dripper"}],"items_purged_floors":[5,31,37,40,53],"is_endless":false,"potions_floor_spawned":[2,9,11,12,13,14,19,25,27,33,39,43,45,48,52],"killed_by":"downfall:NeowBoss","ascension_level":9}}