{"host":"nsxzlb359hv0da5z","time":1609112409,"event":{"mods":["BaseMod","Bestiary","Colored Map","Minty Spire (QoL Compilation)","Permanent Neow","Relic Stats","Slay the Relics Exporter","ojb\u0027s Info Mod"],"gold_per_floor":[114,126,126,143,154,154,189,201,228,246,246,280,280,299,299,375,375,388,152,169,169,187,187,187],"floor_reached":23,"playtime":2599,"items_purged":["Strike_R"],"score":435,"play_id":"38b5a86f-1337-44bb-9ce2-5e89aa4b1de8","local_time":"20201227154009","is_ascension_mode":true,"campfire_choices":[{"data":"Bash","floor":6,"key":"SMITH"},{"floor":11,"key":"REST"},{"data":"Perfected Strike","floor":13,"key":"SMITH"},{"data":"Wild Strike","floor":15,"key":"SMITH"}],"circlet_count":0,"master_deck":["AscendersBane","Defend_R","Defend_R","Defend_R","Defend_R","Bash+1","Double Tap","Perfected Strike+1","Twin Strike","True Grit","Wild Strike+1","Carnage","Shrug It Off","Shrug It Off","Demon Form","Disarm","Whirlwind","Bite","Bite","Bite","Bite","Bite","Havoc"],"relics":["Burning Blood","InkBottle","Oddly Smooth Stone","Coffee Dripper","Lee\u0027s Waffle"],"acts_visited":["Exordium","TheCity"],"potions_floor_usage":[7,12,16],"damage_taken":[{"damage":12,"enemies":"Jaw Worm","floor":1,"turns":2},{"damage":1,"enemies":"Cultist","floor":2,"turns":3},{"damage":16,"enemies":"2 Louse","floor":4,"turns":2},{"damage":7,"enemies":"Large Slime","floor":5,"turns":5},{"damage":20,"enemies":"Lagavulin","floor":7,"turns":4},{"damage":7,"enemies":"3 Louse","floor":8,"turns":3},{"damage":9,"enemies":"2 Fungi Beasts","floor":10,"turns":3},{"damage":21,"enemies":"3 Sentries","floor":12,"turns":7},{"damage":8,"enemies":"Blue Slaver","floor":14,"turns":4},{"damage":12,"enemies":"Slime Boss","floor":16,"turns":11},{"damage":19,"enemies":"2 Thieves","floor":18,"turns":4},{"damage":16,"enemies":"Spheric Guardian","floor":20,"turns":4},{"damage":30,"enemies":"Shelled Parasite and Fungi","floor":22,"turns":6},{"damage":64,"enemies":"Book of Stabbing","floor":23,"turns":5}],"seed_played":"1858227797878203969","potions_obtained":[{"floor":2,"key":"AttackPotion"},{"floor":7,"key":"Strength Potion"},{"floor":10,"key":"Fire Potion"},{"floor":16,"key":"SpeedPotion"}],"is_trial":false,"path_per_floor":["M","M","?","M","M","R","E","M","T","M","R","E","R","M","R","B",null,"M","$","M","?","M","E"],"character_chosen":"IRONCLAD","items_purchased":["Lee\u0027s Waffle"],"campfire_rested":1,"item_purchase_floors":[19],"current_hp_per_floor":[44,49,49,39,38,38,24,23,23,20,42,27,27,25,25,19,61,48,82,72,57,45,0,0],"gold":187,"neow_bonus":"THREE_RARE_CARDS","is_daily":false,"chose_seed":false,"campfire_upgraded":3,"win_rate":0.0,"timestamp":1609112409,"path_taken":["M","M","?","M","?","R","E","M","T","M","R","E","R","M","R","BOSS","M","$","M","?","M","E"],"items_purchased_type":["Relic"],"build_version":"2020-12-22","purchased_purges":1,"victory":false,"max_hp_per_floor":[75,75,75,75,75,75,75,75,75,75,75,75,75,75,75,75,75,75,82,82,57,57,57,57],"relic_stats":{"Lee\u0027s Waffle":34,"counters":[14,63],"obtain_stats":[{"Lee\u0027s Waffle":19,"Oddly Smooth Stone":12,"Coffee Dripper":17,"Burning Blood":0,"InkBottle":7},{"Lee\u0027s Waffle":11,"Oddly Smooth Stone":8,"Coffee Dripper":10,"Burning Blood":0,"InkBottle":5},{"Lee\u0027s Waffle":48,"Oddly Smooth Stone":29,"Coffee Dripper":44,"Burning Blood":0,"InkBottle":16}],"Burning Blood":78,"InkBottle":[13]},"card_choices":[{"not_picked":["Berserk","Limit Break"],"picked":"Double Tap","floor":0},{"not_picked":["Clothesline","Pommel Strike"],"picked":"Perfected Strike","floor":1},{"not_picked":["Sword Boomerang","Dark Embrace"],"picked":"Twin Strike","floor":2},{"not_picked":["Burning Pact","Perfected Strike"],"picked":"True Grit","floor":4},{"not_picked":["Infernal Blade","Clothesline"],"picked":"Wild Strike","floor":5},{"not_picked":["Sword Boomerang","Anger","Twin Strike"],"picked":"SKIP","floor":7},{"not_picked":["Rage","Brutality"],"picked":"Carnage","floor":8},{"not_picked":["Headbutt","Hemokinesis","Flex"],"picked":"SKIP","floor":10},{"not_picked":["Headbutt","Hemokinesis","Flex"],"picked":"SKIP","floor":10},{"not_picked":["Dual Wield","Flex"],"picked":"Shrug It Off","floor":12},{"not_picked":["Limit Break","Searing Blow"],"picked":"Shrug It Off","floor":14},{"not_picked":["Brutality","Exhume"],"picked":"Demon Form","floor":16},{"not_picked":["Evolve","Flex"],"picked":"Disarm","floor":18},{"not_picked":["Burning Pact","Body Slam"],"picked":"Whirlwind","floor":20},{"not_picked":["Headbutt","Twin Strike"],"picked":"Havoc","floor":22}],"player_experience":1863769,"relics_obtained":[{"floor":7,"key":"InkBottle"},{"floor":12,"key":"Oddly Smooth Stone"}],"event_choices":[{"damage_healed":0,"gold_gain":0,"player_choice":"Ignored","damage_taken":0,"max_hp_gain":0,"max_hp_loss":0,"event_name":"Purifier","floor":3,"gold_loss":0},{"damage_healed":0,"gold_gain":0,"player_choice":"Became a vampire","damage_taken":0,"max_hp_gain":0,"max_hp_loss":25,"event_name":"Vampires","floor":21,"gold_loss":0,"cards_obtained":["Bite","Bite","Bite","Bite","Bite"]}],"is_beta":false,"boss_relics":[{"not_picked":["Black Blood","Astrolabe"],"picked":"Coffee Dripper"}],"items_purged_floors":[19],"is_endless":false,"potions_floor_spawned":[2,7,10,16],"killed_by":"Book of Stabbing","ascension_level":20}}