{"host":"bq4pt811tk9yrmjl","time":1609083785,"event":{"mods":["AchievementEnabler","BaseMod","Colored Map","Colored Powertips","Defuse TimeMaze Blight","Hermit","Minty Spire (QoL Compilation)","StSLib","SuperFastMode"],"gold_per_floor":[110,130,130,205,277,277,292,292,292],"floor_reached":8,"playtime":53,"items_purged":[],"score":48,"play_id":"14c25e3c-da01-48f8-899d-92135261ca55","local_time":"20201227134305","is_ascension_mode":true,"campfire_choices":[{"data":"hermit:ItchyTrigger","floor":6,"key":"SMITH"}],"circlet_count":0,"master_deck":["hermit:Strike_Hermit","hermit:Strike_Hermit","hermit:Strike_Hermit","hermit:Strike_Hermit","hermit:Defend_Hermit","hermit:Defend_Hermit","hermit:Defend_Hermit","hermit:Defend_Hermit","hermit:Snapshot","hermit:Covet","hermit:Coalescence","hermit:ItchyTrigger+1"],"relics":["hermit:Momento","NeowsBlessing"],"acts_visited":["Exordium"],"potions_floor_usage":[],"damage_taken":[{"damage":0,"enemies":"Cultist","floor":1,"turns":1},{"damage":0,"enemies":"Jaw Worm","floor":2,"turns":1},{"damage":0,"enemies":"2 Louse","floor":7,"turns":1},{"damage":0,"enemies":"Lagavulin","floor":8,"turns":1}],"seed_played":"-9018783445572250796","potions_obtained":[{"floor":1,"key":"Regen Potion"},{"floor":7,"key":"Ancient Potion"}],"is_trial":false,"path_per_floor":["M","M","$","?","?","R","M","E"],"character_chosen":"HERMIT","items_purchased":[],"campfire_rested":0,"item_purchase_floors":[],"current_hp_per_floor":[75,75,75,64,64,64,64,64,64],"gold":292,"neow_bonus":"THREE_ENEMY_KILL","is_daily":false,"chose_seed":false,"campfire_upgraded":1,"win_rate":0.0,"timestamp":1609083785,"path_taken":["M","M","$","?","?","R","?","E"],"items_purchased_type":[],"build_version":"2020-12-22","purchased_purges":0,"victory":false,"max_hp_per_floor":[75,75,75,75,75,75,75,75,75],"card_choices":[{"not_picked":["hermit:Horror","hermit:Coalescence","hermit:HighCaliber"],"picked":"SKIP","floor":1},{"not_picked":["hermit:Horror","hermit:HighCaliber"],"picked":"hermit:Coalescence","floor":1},{"not_picked":["hermit:HighCaliber","hermit:LoneWolf"],"picked":"hermit:ItchyTrigger","floor":2},{"not_picked":["hermit:Dive","hermit:Misfire","hermit:Manifest"],"picked":"SKIP","floor":7}],"player_experience":128459,"relics_obtained":[],"event_choices":[{"damage_healed":0,"gold_gain":75,"player_choice":"Gather Gold","damage_taken":11,"max_hp_gain":0,"max_hp_loss":0,"event_name":"World of Goop","floor":4,"gold_loss":0},{"damage_healed":0,"gold_gain":72,"player_choice":"Gained Gold","damage_taken":0,"max_hp_gain":0,"max_hp_loss":0,"event_name":"Golden Wing","floor":5,"gold_loss":0}],"is_beta":false,"boss_relics":[],"items_purged_floors":[],"is_endless":false,"potions_floor_spawned":[1,7],"killed_by":"Lagavulin","ascension_level":1}}