{"host":"gttgmv2wah99hzdm","time":1609033191,"event":{"mods":["AchievementEnabler","BaseMod","Bestiary","Block Reminder","Filter the Spire","Highlight Path","Minty Spire (QoL Compilation)","Permanent Neow","Random Character Button","Relic Stats","StSLib"],"gold_per_floor":[112,112,77,77,77,77,92,106,106,132,132,149,149,180,180,180,180],"floor_reached":16,"playtime":561,"items_purged":[],"score":211,"play_id":"d6f2f366-7db0-4470-b019-9f17c19c72b7","local_time":"20201226193951","is_ascension_mode":true,"campfire_choices":[{"data":"Cold Snap","floor":6,"key":"SMITH"},{"data":"Defragment","floor":13,"key":"SMITH"},{"data":"Sweeping Beam","floor":15,"key":"SMITH"}],"circlet_count":0,"master_deck":["AscendersBane","Strike_B","Strike_B","Strike_B+1","Defend_B","Defend_B+1","Defend_B","Zap","Dualcast","Cold Snap+1","Sweeping Beam+1","Ball Lightning","Defragment+1","Ball Lightning"],"relics":["Empty Cage","Potion Belt","Toxic Egg 2","Symbiotic Virus","Meat on the Bone","Gremlin Horn"],"acts_visited":["Exordium"],"potions_floor_usage":[14,14],"damage_taken":[{"damage":5,"enemies":"2 Louse","floor":1,"turns":4},{"damage":2,"enemies":"Jaw Worm","floor":7,"turns":4},{"damage":0,"enemies":"Small Slimes","floor":8,"turns":4},{"damage":30,"enemies":"Lagavulin","floor":10,"turns":8},{"damage":9,"enemies":"3 Louse","floor":12,"turns":3},{"damage":9,"enemies":"3 Sentries","floor":14,"turns":5},{"damage":34,"enemies":"Hexaghost","floor":16,"turns":7}],"seed_played":"3296374248795889921","potions_obtained":[{"floor":7,"key":"EssenceOfSteel"},{"floor":12,"key":"Regen Potion"}],"is_trial":false,"path_per_floor":["M","?","?","?","?","R","M","M","T","E","T","M","R","E","R","B"],"character_chosen":"DEFECT","items_purchased":[],"campfire_rested":0,"item_purchase_floors":[],"current_hp_per_floor":[59,24,41,64,43,43,41,41,41,11,11,14,14,31,31,0,0],"gold":180,"neow_bonus":"BOSS_RELIC","is_daily":false,"chose_seed":false,"campfire_upgraded":3,"win_rate":0.0,"timestamp":1609033191,"path_taken":["M","?","?","?","?","R","M","M","T","E","?","M","R","E","R","BOSS"],"items_purchased_type":[],"build_version":"2020-12-22","purchased_purges":0,"victory":false,"max_hp_per_floor":[71,71,71,71,71,71,71,71,71,71,71,71,71,71,71,71,71],"relic_stats":{"Gremlin Horn":[0,0],"counters":[7,35],"obtain_stats":[{"Potion Belt":2,"Gremlin Horn":14,"Toxic Egg 2":9,"Cracked Core":0,"Empty Cage":0,"Symbiotic Virus":10,"Meat on the Bone":11},{"Potion Belt":1,"Gremlin Horn":6,"Toxic Egg 2":3,"Cracked Core":0,"Empty Cage":0,"Symbiotic Virus":4,"Meat on the Bone":4},{"Potion Belt":4,"Gremlin Horn":28,"Toxic Egg 2":12,"Cracked Core":0,"Empty Cage":0,"Symbiotic Virus":20,"Meat on the Bone":20}],"Meat on the Bone":24},"card_choices":[{"not_picked":["Hologram","Barrage"],"picked":"Cold Snap","floor":1},{"not_picked":["Rebound","Streamline"],"picked":"Sweeping Beam","floor":7},{"not_picked":["Compile Driver","Sweeping Beam"],"picked":"Ball Lightning","floor":8},{"not_picked":["Rebound","BootSequence+1"],"picked":"Defragment","floor":10},{"not_picked":["Barrage","Rebound"],"picked":"Ball Lightning","floor":12},{"not_picked":["Rebound","Gash","Ball Lightning"],"picked":"SKIP","floor":14}],"player_experience":975753,"relics_obtained":[{"floor":9,"key":"Toxic Egg 2"},{"floor":10,"key":"Symbiotic Virus"},{"floor":11,"key":"Meat on the Bone"},{"floor":14,"key":"Gremlin Horn"}],"event_choices":[{"damage_healed":0,"gold_gain":0,"player_choice":"Success","damage_taken":35,"relics_obtained":["Potion Belt"],"max_hp_gain":0,"max_hp_loss":0,"event_name":"Scrap Ooze","floor":2,"gold_loss":0},{"damage_healed":17,"gold_gain":0,"player_choice":"Healed","damage_taken":0,"max_hp_gain":0,"max_hp_loss":0,"event_name":"The Cleric","floor":3,"gold_loss":35},{"damage_healed":23,"gold_gain":0,"player_choice":"Banana","damage_taken":0,"max_hp_gain":0,"max_hp_loss":0,"event_name":"Big Fish","floor":4,"gold_loss":0},{"damage_healed":0,"gold_gain":0,"player_choice":"Entered Light","damage_taken":21,"max_hp_gain":0,"max_hp_loss":0,"event_name":"Shining Light","floor":5,"gold_loss":0,"cards_upgraded":["Strike_B","Defend_B"]}],"is_beta":false,"boss_relics":[],"items_purged_floors":[],"is_endless":false,"potions_floor_spawned":[7,12],"killed_by":"Hexaghost","ascension_level":19}}