{"host":"hqvh779b89tfrjxy","time":1609086361,"event":{"mods":["Act Like it!","BaseMod","Better Third Choice","Downfall","Elementarium","Filter the Spire","GifTheSpireLib","Minty Spire (QoL Compilation)","Replay The Spire","Spicy Shops","StSLib"],"gold_per_floor":[109,109,124,143,159,187,187,213,213,213,227,255,255,269,269,365,365,382,332,345,345,345,361,378,413,425,453,507,526,150,183,199,233,233,332,332,351,54,70,70,70,95,115,150,150,181,0,0,33,33,33,33,33,33,33,59,59],"floor_reached":58,"playtime":2780,"items_purged":["Strike_R"],"score":1661,"play_id":"2ee07e5d-4475-42e4-b078-542b78ad8015","local_time":"20201227172601","is_ascension_mode":true,"campfire_choices":[{"data":"Cleave","floor":7,"key":"SMITH"},{"data":"Reaper","floor":10,"key":"SMITH"},{"data":"Spot Weakness","floor":13,"key":"SMITH"},{"floor":15,"key":"DIG"},{"data":"Rupture","floor":34,"key":"SMITH"},{"floor":48,"key":"RECALL"},{"data":"Heavy Blade","floor":51,"key":"SMITH"},{"data":"Disarm","floor":54,"key":"SMITH"}],"circlet_count":0,"master_deck":["Strike_R","Strike_R+1","Strike_R","Strike_R+1","Defend_R","Defend_R","Defend_R+1","Defend_R","Bash","Cleave+1","Heavy Blade+1","Reaper+1","Spot Weakness+1","Reaper","Rupture+1","Corruption","Disarm+1","Heavy Blade","Uppercut","Barricade","Hemokinesis+1","Pot Of Greed+1","Pot Of Greed+1","Dark Embrace","Combust","Pot Of Greed+1","Spot Weakness+1","ReplayTheSpireMod:Limb From Limb+1","Shrug It Off+1"],"relics":["Snecko Eye","Shuriken","White Beast Statue","Meat on the Bone","Self Forming Clay","King of Hearts","Snecko Heart","Prayer Wheel","StrikeDummy","Grinning Jar","Bag of Marbles","HandDrill","Replay:Multitool","Gremlin Horn","Philosopher\u0027s Stone","Dead Branch","Replay:Bottled Eggs","Du-Vu Doll","Gremlin Food","Red Mask","Whetstone","Bottled Lightning"],"acts_visited":["Exordium","TheCity","TheBeyond","TheEnding"],"potions_floor_usage":[11,16,23,31,33,35,56,57,57,57,57,57,57],"damage_taken":[{"damage":7.0,"enemies":"Small Slimes","floor":1.0,"turns":3.0},{"damage":0.0,"enemies":"Cultist","floor":3.0,"turns":2.0},{"damage":0.0,"enemies":"2 Louse","floor":4.0,"turns":2.0},{"damage":11,"enemies":"Looter","floor":5,"turns":3},{"damage":14,"enemies":"3 Sentries","floor":6,"turns":5},{"damage":27,"enemies":"Lagavulin","floor":8,"turns":5},{"damage":0,"enemies":"3 Louse","floor":11,"turns":2},{"damage":34,"enemies":"Gremlin Nob","floor":12,"turns":5},{"damage":3,"enemies":"Large Slime","floor":14,"turns":3},{"damage":0,"enemies":"Slime Boss","floor":16,"turns":5},{"damage":0,"enemies":"Spheric Guardian","floor":18,"turns":3},{"damage":0,"enemies":"Chosen","floor":20,"turns":4},{"damage":11,"enemies":"Centurion and Healer","floor":23,"turns":4},{"damage":2,"enemies":"Chosen and Byrds","floor":24,"turns":3},{"damage":13,"enemies":"Replay:Snechameleon","floor":25,"turns":4},{"damage":0,"enemies":"Snecko","floor":26,"turns":4},{"damage":25,"enemies":"Gremlin Leader","floor":27,"turns":4},{"damage":24,"enemies":"Snake Plant","floor":29,"turns":3},{"damage":8,"enemies":"Replay:Snechameleon","floor":31,"turns":3},{"damage":10,"enemies":"Cultist and Chosen","floor":32,"turns":4},{"damage":9,"enemies":"Book of Stabbing","floor":33,"turns":3},{"damage":25,"enemies":"Champ","floor":35,"turns":5},{"damage":8,"enemies":"3 Darklings","floor":37,"turns":2},{"damage":5,"enemies":"3 Shapes","floor":39,"turns":2},{"damage":3,"enemies":"Reptomancer","floor":42,"turns":2},{"damage":2,"enemies":"Maw","floor":43,"turns":3},{"damage":7,"enemies":"R_Hoarder","floor":44,"turns":5},{"damage":3,"enemies":"Nemesis","floor":46,"turns":3},{"damage":11,"enemies":"R_Hoarder","floor":49,"turns":3},{"damage":20,"enemies":"Replay:Hell Engine","floor":52,"turns":4},{"damage":19,"enemies":"Shield and Spear","floor":56,"turns":2},{"damage":53,"enemies":"The Heart","floor":57,"turns":6}],"seed_played":"7482625147508593310","potions_obtained":[{"floor":1.0,"key":"Explosive Potion"},{"floor":6,"key":"FearPotion"},{"floor":11,"key":"Toxic Potion"},{"floor":12,"key":"SkillPotion"},{"floor":14,"key":"Adrenaline Potion"},{"floor":16,"key":"PowerPotion"},{"floor":18,"key":"AttackPotion"},{"floor":23,"key":"Swift Potion"},{"floor":31,"key":"AttackPotion"},{"floor":33,"key":"Fire Potion"},{"floor":35,"key":"Slimebound:ThreeZeroPotion"},{"floor":44,"key":"EntropicBrew"},{"floor":56,"key":"Elixir"}],"is_trial":false,"path_per_floor":["M","?","M","M","M","E","R","E","T","R","M","E","R","M","R","B",null,"M","?","M","PTL","PTL","M","M","E","M","E","T","M","$","E","M","E","R","B",null,"M","$","M","$","?","E","M","E","T","E","?","R","E","$","R","B",null,"R","$","E","B",null],"character_chosen":"IRONCLAD","items_purchased":["Bag of Marbles","HandDrill","Dead Branch"],"campfire_rested":0,"item_purchase_floors":[30,30,38],"current_hp_per_floor":[65,65,65,65,54,40,40,22,22,22,39,24,24,53,53,68,77,80,80,80,80,80,80,80,67,80,55,55,52,52,57,80,80,80,62,76,74,74,79,79,79,80,80,74,74,71,71,71,66,66,66,77,79,79,79,63,51],"gold":59,"neow_bonus":"BOSS_RELIC","is_daily":false,"chose_seed":false,"campfire_upgraded":6,"win_rate":0.0,"timestamp":1609086361,"path_taken":["M","?","M","M","M","E","R","E","T","R","M","E","R","M","R","BOSS","M","?","M","PTL","PTL","M","M","E","M","E","T","M","$","E","M","E","R","BOSS","M","?","M","?","?","E","M","E","T","E","?","R","E","?","R","BOSS","R","$","E","BOSS"],"items_purchased_type":["Relic","Relic","Relic"],"build_version":"2020-12-22","purchased_purges":1,"victory":true,"max_hp_per_floor":[80,80,80,80,80,80,80,80,80,80,80,80,80,80,80,80,80,80,80,80,80,80,80,80,80,80,80,80,80,80,80,80,80,80,80,80,80,80,80,80,80,80,80,80,80,80,80,80,80,80,80,80,80,80,80,80,80],"card_choices":[{"not_picked":["Second Wind","Armaments"],"picked":"Cleave","floor":1.0},{"not_picked":["Iron Wave","Run Through","Clash"],"picked":"SKIP","floor":3.0},{"not_picked":["Armaments","Body Slam"],"picked":"Heavy Blade","floor":4},{"not_picked":["Replay:Undeath\u0027s Touch","Iron Wave","Thunderclap"],"picked":"SKIP","floor":5},{"not_picked":["Body Slam","Intimidate"],"picked":"Reaper","floor":6},{"not_picked":["Brutality","Wild Strike","Thunderclap"],"picked":"SKIP","floor":8},{"not_picked":["Rage","Spot Weakness","Clash"],"picked":"SKIP","floor":11},{"not_picked":["Rage","Clash"],"picked":"Spot Weakness","floor":11},{"not_picked":["Burning Pact","ReplayTheSpireMod:Strike From Hell"],"picked":"Reaper","floor":12},{"not_picked":["Defy Death","Armaments"],"picked":"Rupture","floor":14},{"not_picked":["Hemogenesis","Reaper"],"picked":"Corruption","floor":16},{"not_picked":["Headbutt+1","Cleave"],"picked":"Disarm","floor":18},{"not_picked":["Cleave+1","Perfected Strike+1"],"picked":"Heavy Blade","floor":20},{"not_picked":["Clash+1","Cleave"],"picked":"Uppercut","floor":23},{"not_picked":["Flex+1","Inflame"],"picked":"Barricade","floor":24},{"not_picked":["Shrug It Off","Ghostly Armor","Dropkick+1"],"picked":"SKIP","floor":25},{"not_picked":["Dual Wield","ReplayTheSpireMod:Limb From Limb+1"],"picked":"Hemokinesis+1","floor":26},{"not_picked":["Wild Strike+1","Abandon+1","Battle Trance"],"picked":"SKIP","floor":26},{"not_picked":["Massacre","Iron Wave","Reckless Charge+1"],"picked":"SKIP","floor":27},{"not_picked":["Clash","ReplayTheSpireMod:Strike From Hell+1"],"picked":"Dark Embrace","floor":29},{"not_picked":["Searing Blow","Wild Strike","Clash"],"picked":"SKIP","floor":29},{"not_picked":["Fire Breathing","Flex","Replay:Undeath\u0027s Touch"],"picked":"SKIP","floor":31},{"not_picked":["Run Through+1","Iron Wave+1"],"picked":"Combust","floor":32},{"not_picked":["Sentinel","Sword Boomerang","Pommel Strike"],"picked":"SKIP","floor":32},{"not_picked":["Fire Breathing+1","ReplayTheSpireMod:Strike From Hell"],"picked":"Spot Weakness+1","floor":33},{"not_picked":["Havoc+1","Anger"],"picked":"ReplayTheSpireMod:Limb From Limb+1","floor":37},{"not_picked":["Reckless Charge+1","Clothesline","Replay:Undeath\u0027s Touch+1"],"picked":"SKIP","floor":37},{"not_picked":["Dark Embrace","Twin Strike+1"],"picked":"Shrug It Off+1","floor":39},{"not_picked":["Perfected Strike","ReplayReversal","Infernal Blade"],"picked":"SKIP","floor":39},{"not_picked":["Reckless Charge+1","Shrug It Off+1","Infernal Blade"],"picked":"SKIP","floor":42},{"not_picked":["Twin Strike","Cleave+1","Flex"],"picked":"SKIP","floor":43},{"not_picked":["ReplayTheSpireMod:Corrosion Curse","Pummel","Clash"],"picked":"SKIP","floor":43},{"not_picked":["ReplayTheSpireMod:Corrosion Curse+1","Body Slam","Pummel+1"],"picked":"SKIP","floor":44},{"not_picked":["ReplayTheSpireMod:Limb From Limb","Defy Death+1","Immolate"],"picked":"SKIP","floor":46},{"not_picked":["Iron Wave+1","Life Link+1","Abandon"],"picked":"SKIP","floor":49},{"not_picked":["Cleave","Wild Strike+1","Armaments+1"],"picked":"SKIP","floor":56}],"player_experience":185371,"relics_obtained":[{"floor":6,"key":"Shuriken"},{"floor":8,"key":"White Beast Statue"},{"floor":9,"key":"Meat on the Bone"},{"floor":12,"key":"Self Forming Clay"},{"floor":15,"key":"King of Hearts"},{"floor":25,"key":"Prayer Wheel"},{"floor":27,"key":"StrikeDummy"},{"floor":28,"key":"Grinning Jar"},{"floor":31,"key":"Replay:Multitool"},{"floor":33,"key":"Gremlin Horn"},{"floor":42,"key":"Replay:Bottled Eggs"},{"floor":44,"key":"Du-Vu Doll"},{"floor":46,"key":"Gremlin Food"},{"floor":49,"key":"Whetstone"},{"floor":56,"key":"Bottled Lightning"}],"event_choices":[{"damage_healed":0,"gold_gain":0,"player_choice":"Bet on Murderer","damage_taken":0,"max_hp_gain":0,"max_hp_loss":0,"event_name":"The Joust","floor":19,"gold_loss":50},{"damage_healed":0,"gold_gain":0,"player_choice":"Paid","damage_taken":0,"relics_obtained":["Red Mask"],"max_hp_gain":0,"max_hp_loss":0,"event_name":"Tomb of Lord Red Mask","floor":47,"gold_loss":181}],"is_beta":false,"boss_relics":[{"not_picked":["Kintsugi","ReplayTheSpireMod:DimensionalGlitch"],"picked":"Snecko Heart"},{"not_picked":["Replay:Ancient Bell","Astrolabe"],"picked":"Philosopher\u0027s Stone"}],"items_purged_floors":[30],"is_endless":false,"potions_floor_spawned":[1,6,11,12,14,16,18,20,23,24,25,26,27,29,31,32,33,35,37,39,42,43,44,46,49,56],"ascension_level":7}}