{"host":"9tfjjwpnoasyvwkt","time":1609102417,"event":{"mods":["AchievementEnabler","Aspiration","Bard","BaseMod","Beaked The Cultist","Better Altar","Better Match","Better Note","Better Sensory Stone","Better Skull","Better Third Choice","BetterRewards","CCEM","Clawfect","Colored Map","Conspire","Downfall","GifTheSpireLib","Googly Eyes","Gremlin Mod","Halation","Hermit","Highlight Path","Hubris","Hunter ??","Infinite Spire","Jedi Mod","Jorbs\u0027s Wanderer Trilogy","Mad Scientist","Marisa????????","Mimic Mod","Minty Spire (QoL Compilation)","Permanent Neow","Replay The Spire","Shade Mod","Shop Mod","Spicy Shops","StSLib","Stuff the Spire","The Administrix","The Blackbeard","The Bug Knight","The Construct","The Cursed","The Disciple","The Gatherer","The Hierophant","The IronCluck","The Judge","The Jungle","The Mystic","The Necromancer","The Problem Sleuth","The Runesmith","The Senshi","The Servant 0.9.4","The Spell Scribe","The Witch","TheArtist","Unceasing Turn Reminder","[IsaacMod]????","everything is the same but u backflip on backflip","slay the spire mod where everything is the same but ironclad has a cowboy hat"],"gold_per_floor":[99,99,99,99,123,123,123,123,123,147,167,231,231,52,79,177,177,177],"floor_reached":16,"playtime":1629,"items_purged":[],"score":88,"play_id":"f24a4e2a-0f03-40f3-b952-00d34b51e649","local_time":"20201228095337","is_ascension_mode":false,"campfire_choices":[{"data":"Guardian:CurlUp","floor":1,"key":"SMITH"},{"data":"Guardian:RollAttack","floor":6,"key":"SMITH"},{"data":"Guardian:ArmoredProtocol","floor":9,"key":"SMITH"},{"floor":13,"key":"REST"}],"circlet_count":0,"master_deck":["Guardian:Strike_Guardian","Guardian:Strike_Guardian","Guardian:Strike_Guardian","Guardian:Strike_Guardian","Guardian:Defend_Guardian","Guardian:Defend_Guardian","Guardian:Defend_Guardian","Guardian:Defend_Guardian","Guardian:CurlUp+1","Guardian:TwinSlam","Guardian:ArmoredProtocol+1","Guardian:Recover","Guardian:RollAttack+1","Guardian:TemporalStrike","Guardian:Emergency","Guardian:Gem_Blue","ReplayTheSpireMod:Brewmster"],"relics":["Guardian:ModeShifter","HushsDoor","downfall:HeartsMalice","SalivaCoin","hubris:Metronome","Replay:Ringing Soul","HollowMod:PaleOreRelic"],"acts_visited":["Exordium"],"potions_floor_usage":[12,15,15,16],"damage_taken":[{"damage":0,"enemies":"conspire:RoseBush","floor":2,"turns":1},{"damage":0,"enemies":"Small Slimes","floor":3,"turns":1},{"damage":0,"enemies":"Cultist","floor":4,"turns":1},{"damage":6,"enemies":"Large Slime","floor":5,"turns":4},{"damage":9,"enemies":"Exordium Wildlife","floor":10,"turns":4},{"damage":5,"enemies":"Lots of Slimes","floor":11,"turns":2},{"damage":13,"enemies":"Hiden Room Battle","floor":12,"turns":5},{"damage":0,"enemies":"downfall:FleeingMerchant","floor":14,"turns":4},{"damage":13,"enemies":"Large Slime","floor":15,"turns":7},{"damage":68,"enemies":"downfall:Defect","floor":16,"turns":11}],"seed_played":"6275000787399267840","potions_obtained":[{"floor":5,"key":"Guardian:DefensiveModePotion"},{"floor":12,"key":"AttackPotion"}],"is_trial":false,"path_per_floor":["R","M","M","M","M","R","T","?","R","M","M","?","R","$","M","B"],"character_chosen":"GUARDIAN","items_purchased":["ReplayTheSpireMod:Brewmster"],"campfire_rested":1,"item_purchase_floors":[14],"current_hp_per_floor":[80,80,80,80,74,74,74,74,74,65,60,50,74,77,67,0,0,0],"gold":177,"neow_bonus":"THREE_ENEMY_KILL","is_daily":false,"chose_seed":false,"campfire_upgraded":3,"win_rate":0.0,"timestamp":1609102417,"path_taken":["R","M","M","M","M","R","T","?","R","M","M","?","R","$","M","BOSS"],"items_purchased_type":["Card"],"build_version":"2020-12-22","purchased_purges":0,"victory":false,"max_hp_per_floor":[80,80,80,80,80,80,80,80,80,80,80,83,83,86,89,89,89,89],"card_choices":[{"not_picked":[],"picked":"Bomb","floor":0},{"not_picked":["Guardian:Repulse","Guardian:Harden"],"picked":"Guardian:ArmoredProtocol","floor":2},{"not_picked":["Guardian:MultiBeam","Guardian:Harden"],"picked":"Guardian:Recover","floor":3},{"not_picked":["Guardian:CrystalBeam","Guardian:Emergency"],"picked":"Guardian:RollAttack","floor":4},{"not_picked":["Guardian:WalkerClaw","Guardian:Reroute"],"picked":"Bomb","floor":5},{"not_picked":["Guardian:RollAttack","Guardian:VentSteam"],"picked":"Guardian:TemporalStrike","floor":10},{"not_picked":["Guardian:RollAttack","Guardian:Gem_Lightblue"],"picked":"Guardian:Gem_Red","floor":11},{"not_picked":["Guardian:TimeCapacitor","Guardian:PrimingBeam"],"picked":"Guardian:Emergency","floor":12},{"not_picked":["Guardian:ChargeCore","Guardian:ArmoredProtocol"],"picked":"Guardian:Gem_Blue","floor":14},{"not_picked":["Guardian:AncientConstruct","Guardian:Planning"],"picked":"Bomb","floor":15}],"player_experience":251254,"relics_obtained":[{"floor":7,"key":"hubris:Metronome"},{"floor":12,"key":"Replay:Ringing Soul"},{"floor":12,"key":"HollowMod:PaleOreRelic"}],"event_choices":[{"damage_healed":0,"gold_gain":0,"player_choice":"Leave","damage_taken":0,"max_hp_gain":0,"max_hp_loss":0,"event_name":"conspire:Investor","floor":8,"gold_loss":0},{"damage_healed":0,"gold_gain":0,"player_choice":"Fight","damage_taken":0,"max_hp_gain":0,"max_hp_loss":0,"event_name":"HidenRoomEvent","floor":12,"gold_loss":0}],"is_beta":false,"boss_relics":[],"items_purged_floors":[],"is_endless":false,"potions_floor_spawned":[5,12],"killed_by":"downfall:Defect","ascension_level":0}}