{"host":"yo9wwslrag05lh37","time":1609090056,"event":{"mods":["AchievementEnabler","BaseMod","Block Reminder","Colored Map","Colored Powertips","GifTheSpireLib","HexUI Lib","Highlight Path","Minty Spire (QoL Compilation)","Rare Cards Sparkle","Relic Stats","StSLib","everything is the same but u backflip on backflip"],"gold_per_floor":[19,34,54,72,91,91,120,120,120,120,155,155,155,180,180,259,259,271,251,261,280,292,292,242,242,242,242,142,170,189,204,204,204,204],"floor_reached":33,"playtime":1208,"items_purged":["Strike_R"],"score":578,"play_id":"052ae18c-1037-4211-9141-9128477d33e5","local_time":"20201227182736","is_ascension_mode":true,"campfire_choices":[{"data":"Inflame","floor":6.0,"key":"SMITH"},{"data":"Bash","floor":8.0,"key":"SMITH"},{"data":"Twin Strike","floor":10.0,"key":"SMITH"},{"data":"Power Through","floor":13.0,"key":"SMITH"},{"data":"Second Wind","floor":15.0,"key":"SMITH"},{"data":"Immolate","floor":23.0,"key":"SMITH"},{"data":"Dual Wield","floor":25.0,"key":"SMITH"},{"data":"Rampage","floor":27.0,"key":"SMITH"},{"data":"True Grit","floor":32.0,"key":"SMITH"}],"circlet_count":0,"master_deck":["AscendersBane","Strike_R","Strike_R","Strike_R","Strike_R","Defend_R","Defend_R","Defend_R","Defend_R","Bash+1","Anger","Twin Strike+1","Power Through+1","Inflame+1","Dropkick","Second Wind+1","Immolate+1","Dual Wield+1","Battle Trance","Rampage+1","True Grit+1","Hemokinesis+1","Headbutt","Havoc"],"relics":["Black Blood","Kunai","Meat on the Bone","Mercury Hourglass","Darkstone Periapt","HornCleat","Du-Vu Doll","Matryoshka"],"acts_visited":["Exordium","TheCity"],"potions_floor_usage":[33,33],"damage_taken":[{"damage":2.0,"enemies":"Cultist","floor":1.0,"turns":4.0},{"damage":11.0,"enemies":"Jaw Worm","floor":2.0,"turns":5.0},{"damage":5.0,"enemies":"2 Louse","floor":3.0,"turns":3.0},{"damage":16.0,"enemies":"Looter","floor":4.0,"turns":4.0},{"damage":13.0,"enemies":"Blue Slaver","floor":5.0,"turns":4.0},{"damage":30.0,"enemies":"3 Sentries","floor":7.0,"turns":8.0},{"damage":8.0,"enemies":"Gremlin Nob","floor":11.0,"turns":3.0},{"damage":20.0,"enemies":"3 Sentries","floor":14.0,"turns":6.0},{"damage":31.0,"enemies":"The Guardian","floor":16.0,"turns":9.0},{"damage":29.0,"enemies":"Spheric Guardian","floor":18.0,"turns":5.0},{"damage":16.0,"enemies":"2 Thieves","floor":19.0,"turns":4.0},{"damage":8.0,"enemies":"Centurion and Healer","floor":20.0,"turns":5.0},{"damage":28.0,"enemies":"Snake Plant","floor":21.0,"turns":4.0},{"damage":0.0,"enemies":"3 Cultists","floor":22.0,"turns":4.0},{"damage":13.0,"enemies":"Gremlin Leader","floor":29.0,"turns":5.0},{"damage":2.0,"enemies":"Cultist and Chosen","floor":30.0,"turns":3.0},{"damage":9.0,"enemies":"Centurion and Healer","floor":31.0,"turns":4.0},{"damage":101,"enemies":"Champ","floor":33,"turns":14}],"seed_played":"4435284366784519695","potions_obtained":[{"floor":2.0,"key":"LiquidMemories"},{"floor":7.0,"key":"FearPotion"},{"floor":11.0,"key":"BloodPotion"},{"floor":20.0,"key":"LiquidBronze"},{"floor":21.0,"key":"SpeedPotion"},{"floor":30.0,"key":"SpeedPotion"}],"is_trial":false,"path_per_floor":["M","M","M","M","M","R","E","R","T","R","E","T","R","E","R","B",null,"M","M","M","M","M","R","?","R","T","R","$","E","M","M","R","B"],"character_chosen":"IRONCLAD","items_purchased":["True Grit"],"campfire_rested":0,"item_purchase_floors":[28],"current_hp_per_floor":[86,81,82,72,65,65,41,41,41,41,51,51,51,49,49,36,76,59,67,88,72,84,84,84,84,84,84,84,83,89,89,89,0,0],"gold":204,"neow_bonus":"TWENTY_PERCENT_HP_BONUS","is_daily":false,"chose_seed":false,"campfire_upgraded":9,"win_rate":0.0,"timestamp":1609090056,"path_taken":["M","M","M","?","?","R","E","R","T","R","E","?","R","E","R","BOSS","M","M","M","M","M","R","?","R","T","R","$","E","M","M","R","BOSS"],"items_purchased_type":["Card"],"build_version":"2020-12-22","purchased_purges":1,"victory":false,"max_hp_per_floor":[89,89,89,89,89,89,89,89,89,89,89,89,89,89,89,89,89,89,89,89,89,89,89,89,89,89,89,89,89,89,89,89,89,89],"relic_stats":{"Darkstone Periapt":0,"counters":[18,93],"Black Blood":143,"Kunai":[16],"obtain_stats":[{"Darkstone Periapt":12,"Du-Vu Doll":26,"HornCleat":14,"Matryoshka":29,"Black Blood":17,"Kunai":7,"Burning Blood":0,"Meat on the Bone":9,"Mercury Hourglass":11},{"Darkstone Periapt":7,"Du-Vu Doll":14,"HornCleat":8,"Matryoshka":15,"Black Blood":9,"Kunai":6,"Burning Blood":0,"Meat on the Bone":6,"Mercury Hourglass":7},{"Darkstone Periapt":31,"Du-Vu Doll":67,"HornCleat":37,"Matryoshka":72,"Black Blood":46,"Kunai":28,"Burning Blood":0,"Meat on the Bone":28,"Mercury Hourglass":31}],"Meat on the Bone":48,"Mercury Hourglass":[203]},"card_choices":[{"not_picked":["Headbutt","Flex"],"picked":"Anger","floor":1.0},{"not_picked":["Armaments","Shrug It Off"],"picked":"Twin Strike","floor":2.0},{"not_picked":["Flex","Pommel Strike","Thunderclap"],"picked":"SKIP","floor":3.0},{"not_picked":["Sword Boomerang","Dark Embrace"],"picked":"Power Through","floor":4.0},{"not_picked":["Sword Boomerang","Second Wind"],"picked":"Inflame","floor":5.0},{"not_picked":["Pommel Strike","Rage","Headbutt"],"picked":"SKIP","floor":7.0},{"not_picked":["Reckless Charge","Evolve"],"picked":"Dropkick","floor":11.0},{"not_picked":["Anger","Pommel Strike"],"picked":"Second Wind","floor":14.0},{"not_picked":["Juggernaut","Bludgeon"],"picked":"Immolate","floor":16.0},{"not_picked":["Sever Soul","Wild Strike"],"picked":"Dual Wield","floor":18.0},{"not_picked":["Havoc","Anger","Cleave"],"picked":"SKIP","floor":19.0},{"not_picked":["Sword Boomerang","Havoc"],"picked":"Battle Trance","floor":20.0},{"not_picked":["Seeing Red","Clothesline"],"picked":"Rampage","floor":21.0},{"not_picked":["Heavy Blade","Clothesline","Flex"],"picked":"SKIP","floor":22.0},{"not_picked":["Pummel","Blood for Blood"],"picked":"Hemokinesis+1","floor":29.0},{"not_picked":["Ghostly Armor","Second Wind"],"picked":"Headbutt","floor":30.0},{"not_picked":["Blood for Blood","Cleave"],"picked":"Havoc","floor":31.0}],"player_experience":1383854,"relics_obtained":[{"floor":7.0,"key":"Kunai"},{"floor":9.0,"key":"Meat on the Bone"},{"floor":11.0,"key":"Mercury Hourglass"},{"floor":12.0,"key":"Darkstone Periapt"},{"floor":14.0,"key":"HornCleat"},{"floor":26.0,"key":"Du-Vu Doll"},{"floor":29.0,"key":"Matryoshka"}],"event_choices":[{"damage_healed":0.0,"max_hp_gain":0.0,"max_hp_loss":0.0,"gold_gain":0.0,"event_name":"The Joust","player_choice":"Bet on Owner","floor":24.0,"gold_loss":50.0,"damage_taken":0.0}],"is_beta":false,"boss_relics":[{"not_picked":["SacredBark","Velvet Choker"],"picked":"Black Blood"}],"items_purged_floors":[28],"is_endless":false,"potions_floor_spawned":[2,7,11,20,21,30,31],"killed_by":"Champ","ascension_level":20}}