{"host":"91blwi3hgehj6ch9","time":1609086346,"event":{"mods":["2.2 Compatiblity","AchievementEnabler","BaseMod","Colored Map","DeckTracker","Keyboard Shortcuts","Minty Spire (QoL Compilation)","Permanent Neow","Quick Restart","StSLib","SuperFastMode"],"gold_per_floor":[13,13,24,43,56,56,131,131,131,131,164,164,190,37,37,135,135,147,167,67,67,87,121,121,121,148,259,92,92,126,142,142,247,297,316,363,376,376,376,376,409,409,459,476,253,283,383,399,399,399,399],"floor_reached":50,"playtime":3603,"items_purged":["Strike_G","Strike_G","Strike_G","Strike_G"],"score":972,"play_id":"dd67c55d-a504-4fd7-9853-8937596d1067","local_time":"20201228012546","is_ascension_mode":true,"campfire_choices":[{"data":"Bouncing Flask","floor":6.0,"key":"SMITH"},{"data":"Reflex","floor":8.0,"key":"SMITH"},{"data":"Neutralize","floor":12.0,"key":"SMITH"},{"floor":15.0,"key":"REST"},{"data":"Well Laid Plans","floor":24.0,"key":"SMITH"},{"floor":29.0,"key":"REST"},{"data":"Survivor","floor":32.0,"key":"SMITH"},{"data":"A Thousand Cuts","floor":40.0,"key":"SMITH"},{"data":"Dagger Throw","floor":42.0,"key":"SMITH"},{"floor":49.0,"key":"RECALL"}],"circlet_count":0,"master_deck":["Defend_G","Defend_G+1","Defend_G","Survivor+1","Neutralize+1","Reflex+1","Bouncing Flask+1","Dagger Throw+1","Tactician+1","Acrobatics+1","Tactician+1","Burst+1","Deadly Poison+1","Well Laid Plans+1","Acrobatics+1","Concentrate+1","A Thousand Cuts+1","Tactician+1","Prepared+1","Deep Breath+1","Deadly Poison+1","Catalyst+1","Flechettes","Reflex+1","Calculated Gamble+1"],"relics":["Ring of the Snake","FossilizedHelix","Toxic Egg 2","Odd Mushroom","HoveringKite","Kunai","HornCleat","MawBank","Boot","Tiny House","The Specimen","Bottled Flame","StrikeDummy"],"acts_visited":["Exordium","TheCity","TheBeyond"],"potions_floor_usage":[],"damage_taken":[{"damage":9.0,"enemies":"Jaw Worm","floor":1.0,"turns":3.0},{"damage":0.0,"enemies":"Small Slimes","floor":3.0,"turns":3.0},{"damage":0.0,"enemies":"2 Louse","floor":4.0,"turns":2.0},{"damage":20.0,"enemies":"Large Slime","floor":5.0,"turns":8.0},{"damage":7.0,"enemies":"Lagavulin","floor":11.0,"turns":5.0},{"damage":15.0,"enemies":"The Mushroom Lair","floor":13.0,"turns":4.0},{"damage":8.0,"enemies":"The Guardian","floor":16.0,"turns":6.0},{"damage":0.0,"enemies":"Spheric Guardian","floor":18.0,"turns":3.0},{"damage":3.0,"enemies":"3 Byrds","floor":19.0,"turns":3.0},{"damage":4.0,"enemies":"Shelled Parasite and Fungi","floor":22.0,"turns":4.0},{"damage":25.0,"enemies":"Book of Stabbing","floor":23.0,"turns":6.0},{"damage":0.0,"enemies":"Slavers","floor":30.0,"turns":4.0},{"damage":0.0,"enemies":"Sentry and Sphere","floor":31.0,"turns":3.0},{"damage":0.0,"enemies":"Automaton","floor":33.0,"turns":4.0},{"damage":0.0,"enemies":"Orb Walker","floor":35.0,"turns":2.0},{"damage":25.0,"enemies":"2 Orb Walkers","floor":36.0,"turns":4.0},{"damage":0.0,"enemies":"3 Darklings","floor":37.0,"turns":3.0},{"damage":0.0,"enemies":"Reptomancer","floor":41.0,"turns":2.0},{"damage":0.0,"enemies":"Sphere and 2 Shapes","floor":44.0,"turns":2.0},{"damage":0.0,"enemies":"Nemesis","floor":46.0,"turns":3.0},{"damage":0.0,"enemies":"Maw","floor":48.0,"turns":3.0},{"damage":47,"enemies":"Time Eater","floor":50,"turns":3}],"seed_played":"-2699551366575341435","potions_obtained":[{"floor":3.0,"key":"DistilledChaos"},{"floor":30.0,"key":"Poison Potion"},{"floor":33.0,"key":"EssenceOfSteel"},{"floor":34.0,"key":"Ancient Potion"},{"floor":36.0,"key":"BlessingOfTheForge"}],"is_trial":false,"path_per_floor":["M","?","M","M","M","R","?","R","T","?","E","R","?","$","R","B",null,"M","M","$","?","M","E","R","?","T","?","$","R","E","M","R","B",null,"M","?","M","?","?","R","E","R","T","M","$","E","?","M","R","B"],"character_chosen":"THE_SILENT","items_purchased":["Tactician+1","Acrobatics+1","Flechettes"],"campfire_rested":2,"item_purchase_floors":[14,28,45],"current_hp_per_floor":[54,54,54,54,34,34,23,23,23,46,39,39,24,24,45,37,62,62,59,59,59,55,30,30,30,30,30,30,51,51,51,51,51,70,70,45,45,45,45,45,45,45,45,45,45,45,45,45,45,0,0],"gold":399,"neow_bonus":"REMOVE_TWO","is_daily":false,"chose_seed":false,"campfire_upgraded":7,"win_rate":0.0,"timestamp":1609086346,"path_taken":["M","?","M","M","M","R","?","R","T","?","E","R","?","?","R","BOSS","M","?","$","?","M","E","R","?","T","?","?","R","E","M","R","BOSS","M","?","M","?","?","R","E","R","T","M","$","E","?","?","R","BOSS"],"items_purchased_type":["Card","Card","Card"],"build_version":"2020-12-22","purchased_purges":4,"victory":false,"max_hp_per_floor":[70,70,70,70,70,70,70,70,70,70,70,70,70,70,70,70,70,70,70,70,70,70,70,70,70,70,70,70,70,70,70,70,70,75,75,75,75,75,71,71,71,71,71,71,71,71,71,71,71,71,71],"card_choices":[{"not_picked":["Underhanded Strike","Quick Slash","Flying Knee"],"picked":"SKIP","floor":1.0},{"not_picked":["Dodge and Roll","Backstab"],"picked":"Reflex","floor":3.0},{"not_picked":["Outmaneuver","Choke"],"picked":"Bouncing Flask","floor":4.0},{"not_picked":["Predator","Underhanded Strike"],"picked":"Dagger Throw","floor":5.0},{"not_picked":["Choke","Outmaneuver+1"],"picked":"Tactician+1","floor":11.0},{"not_picked":["Reflex+1","Backflip+1"],"picked":"Acrobatics+1","floor":13.0},{"not_picked":["After Image","Die Die Die"],"picked":"Burst+1","floor":16.0},{"not_picked":["Poisoned Stab+1","Masterful Stab"],"picked":"Deadly Poison+1","floor":18.0},{"not_picked":["Caltrops","Heel Hook+1","Outmaneuver+1"],"picked":"SKIP","floor":19.0},{"not_picked":["Quick Slash","Setup+1","Sucker Punch+1"],"picked":"SKIP","floor":22.0},{"not_picked":["Caltrops","Dodge and Roll+1"],"picked":"Well Laid Plans","floor":23.0},{"not_picked":["Quick Slash","Backflip+1"],"picked":"Concentrate+1","floor":30.0},{"not_picked":["Bane","Slice+1","Flying Knee+1"],"picked":"SKIP","floor":31.0},{"not_picked":["Tools of the Trade","Glass Knife"],"picked":"A Thousand Cuts","floor":33.0},{"not_picked":["Dagger Throw+1","Well Laid Plans+1","Sucker Punch"],"picked":"SKIP","floor":35.0},{"not_picked":["Expertise+1","Dodge and Roll+1"],"picked":"Tactician+1","floor":36.0},{"not_picked":["Flying Knee","Poisoned Stab"],"picked":"Prepared+1","floor":37.0},{"not_picked":["Good Instincts+1","Metamorphosis+1"],"picked":"Deep Breath+1","floor":38.0},{"not_picked":["Blade Dance+1","Well Laid Plans+1"],"picked":"Deadly Poison+1","floor":41.0},{"not_picked":["Quick Slash+1","Backstab+1"],"picked":"Catalyst+1","floor":44.0},{"not_picked":["Quick Slash","Escape Plan+1"],"picked":"Reflex+1","floor":46.0},{"not_picked":["Blade Dance+1","PiercingWail+1"],"picked":"Calculated Gamble+1","floor":48.0}],"player_experience":107756,"relics_obtained":[{"floor":9.0,"key":"FossilizedHelix"},{"floor":11.0,"key":"Toxic Egg 2"},{"floor":13.0,"key":"Odd Mushroom"},{"floor":23.0,"key":"Kunai"},{"floor":26.0,"key":"MawBank"},{"floor":30.0,"key":"Boot"},{"floor":36.0,"key":"The Specimen"},{"floor":41.0,"key":"Bottled Flame"},{"floor":46.0,"key":"StrikeDummy"}],"event_choices":[{"cards_removed":["Defend_G"],"damage_healed":0.0,"max_hp_gain":0.0,"max_hp_loss":0.0,"gold_gain":0.0,"event_name":"Living Wall","player_choice":"Forget","floor":2.0,"gold_loss":0.0,"damage_taken":0.0},{"damage_healed":0.0,"max_hp_gain":0.0,"max_hp_loss":0.0,"gold_gain":75.0,"event_name":"World of Goop","player_choice":"Gather Gold","floor":7.0,"gold_loss":0.0,"damage_taken":11.0},{"damage_healed":23.0,"max_hp_gain":0.0,"max_hp_loss":0.0,"gold_gain":0.0,"event_name":"Big Fish","player_choice":"Banana","floor":10.0,"gold_loss":0.0,"damage_taken":0.0},{"damage_healed":0.0,"max_hp_gain":0.0,"max_hp_loss":0.0,"gold_gain":0.0,"event_name":"Mushrooms","player_choice":"Fought Mushrooms","floor":13.0,"gold_loss":0.0,"damage_taken":0.0},{"damage_healed":0.0,"max_hp_gain":0.0,"max_hp_loss":0.0,"gold_gain":0.0,"event_name":"Vampires","player_choice":"Ignored","floor":21.0,"gold_loss":0.0,"damage_taken":0.0},{"damage_healed":0.0,"max_hp_gain":0.0,"max_hp_loss":0.0,"gold_gain":0.0,"event_name":"The Mausoleum","player_choice":"Opened","floor":25.0,"gold_loss":0.0,"damage_taken":0.0,"relics_obtained":["HornCleat"]},{"damage_healed":0.0,"max_hp_gain":0.0,"max_hp_loss":0.0,"gold_gain":99.0,"event_name":"Nest","player_choice":"Stole From Cult","floor":27.0,"gold_loss":0.0,"damage_taken":0.0},{"damage_healed":0.0,"max_hp_gain":0.0,"max_hp_loss":0.0,"gold_gain":0.0,"event_name":"Mysterious Sphere","player_choice":"Fight","floor":36.0,"gold_loss":0.0,"damage_taken":0.0},{"damage_healed":0.0,"max_hp_gain":0.0,"max_hp_loss":0.0,"gold_gain":0.0,"event_name":"SensoryStone","player_choice":"Memory 1","floor":38.0,"gold_loss":0.0,"damage_taken":0.0},{"damage_healed":0.0,"max_hp_gain":0.0,"max_hp_loss":4.0,"gold_gain":0.0,"event_name":"Winding Halls","player_choice":"Max HP","floor":39.0,"gold_loss":0.0,"damage_taken":0.0},{"damage_healed":0.0,"max_hp_gain":0.0,"max_hp_loss":0.0,"gold_gain":100.0,"event_name":"Golden Shrine","player_choice":"Pray","floor":47.0,"gold_loss":0.0,"damage_taken":0.0}],"is_beta":false,"boss_relics":[{"not_picked":["Fusion Hammer","WristBlade"],"picked":"HoveringKite"},{"not_picked":["Runic Dome","Calling Bell"],"picked":"Tiny House"}],"items_purged_floors":[14,20,28,45],"is_endless":false,"potions_floor_spawned":[3,16,30,33,36,41,48],"killed_by":"Time Eater","ascension_level":6}}