{"host":"202rh853cfmsp27s","time":1609061373,"event":{"mods":["2.2 Compatiblity","AchievementEnabler","BaseMod","Bestiary","Better Altar","Better Match","Better Note","Better Sensory Stone","Better Skull","Better Third Choice","Better Vampires","BetterRewards","Colored Map","Colored Powertips","Curses Come First","Decade(???)","DeckTracker","Displayed Cursed Tome","Downfall","GifTheSpireLib","Gold Saver","Googly Eyes","Gremlin Mod","Hermit","Highlight Path","Infinite Spire","Minty Spire (QoL Compilation)","Permanent Neow","Random Character Button","Rare Cards Sparkle","Relic Stats","Replay The Spire","Shade Mod","Spicy Shops","StSLib","The Animator","The Bug Knight","The Wild Card","Transform Curses","Unceasing Turn Reminder"],"gold_per_floor":[170,180,195,213,4,4,32,45,45,45,83,103,103,210,210,338,338,354,378,402,415,429,429,453,453,453],"floor_reached":25,"playtime":1846,"items_purged":["Strike_B"],"score":241,"play_id":"8c7dd31a-a1f9-408e-8010-fe0b1d65ae78","local_time":"20201227022932","is_ascension_mode":true,"campfire_choices":[{"data":"ReplayTheSpireMod:Calculation Training","floor":6,"key":"SMITH"},{"data":"ReplayTheSpireMod:Calculation Training","floor":13,"key":"SMITH"},{"floor":15,"key":"REST"},{"floor":23,"key":"REST"}],"circlet_count":0,"master_deck":["Strike_B","Strike_B","Strike_B","Defend_B+2","Defend_B","Defend_B","Defend_B+1","Zap","Dualcast","Beam Cell","Compile Driver","Hello World","Heatsinks","Mirror Shield","ReplayTheSpireMod:Calculation Training+1","ReplayTheSpireMod:Calculation Training+1","Glacier","Steam Power","Ball Lightning","Injury","Darkness","Time Bomb","Creative AI","Doom and Gloom","Genetic Algorithm","BootSequence+1","Fission","Consume+1","Cold Snap"],"relics":["Cracked Core","Philosopher\u0027s Stone","Tiny House","Bronze Scales","infinitespire:Eraser","Golden Idol","Simple Rune","Blue Doll","Honey Jar"],"acts_visited":["Exordium","TheCity"],"potions_floor_usage":[11,16,16,24,25],"damage_taken":[{"damage":3.0,"enemies":"Jaw Worm","floor":1.0,"turns":3.0},{"damage":0.0,"enemies":"Small Slimes","floor":2.0,"turns":3.0},{"damage":0.0,"enemies":"Cultist","floor":3.0,"turns":3.0},{"damage":2,"enemies":"2 Fungi Beasts","floor":4,"turns":3},{"damage":9,"enemies":"Gremlin Nob","floor":7,"turns":5},{"damage":18,"enemies":"Lots of Slimes","floor":8,"turns":4},{"damage":5,"enemies":"3 Sentries","floor":11,"turns":5},{"damage":0,"enemies":"Blue Slaver","floor":12,"turns":3},{"damage":18,"enemies":"Hexaghost","floor":16,"turns":7},{"damage":11,"enemies":"Shell Parasite","floor":18,"turns":5},{"damage":5,"enemies":"Spheric Guardian","floor":19,"turns":4},{"damage":24,"enemies":"Centurion and Healer","floor":20,"turns":9},{"damage":15,"enemies":"3 Cultists","floor":21,"turns":5},{"damage":0,"enemies":"Snecko","floor":22,"turns":5},{"damage":44,"enemies":"Centurion and Healer","floor":24,"turns":9},{"damage":13,"enemies":"Slavers","floor":25,"turns":1}],"seed_played":"6332040321700788647","potions_obtained":[{"floor":0.0,"key":"Block Potion"},{"floor":2.0,"key":"SkillPotion"},{"floor":4,"key":"sneckomod:MuddlingPotion"},{"floor":21,"key":"Milkshake"},{"floor":22,"key":"BlessingOfTheForge"},{"floor":24,"key":"champ:CounterPotion"}],"is_trial":false,"path_per_floor":["M","M","M","M","$","R","E","M","T","?","E","M","R","?","R","B",null,"M","M","M","M","M","R","M","E"],"character_chosen":"DEFECT","items_purchased":["ReplayTheSpireMod:Calculation Training","Glacier"],"campfire_rested":2,"item_purchase_floors":[5,5],"current_hp_per_floor":[77,77,77,75,75,75,66,48,48,48,43,43,43,19,43,25,80,69,64,40,25,25,49,5,0,0],"gold":453,"neow_bonus":"DOUBLE_BOSS_RELIC","is_daily":false,"chose_seed":false,"campfire_upgraded":2,"win_rate":0.0,"timestamp":1609061372,"path_taken":["M","M","M","M","$","R","E","M","T","?","E","M","R","?","R","BOSS","M","M","?","M","M","R","M","E"],"items_purchased_type":["Card","Card"],"build_version":"2020-12-22","purchased_purges":1,"victory":false,"max_hp_per_floor":[80,80,80,80,80,80,80,80,80,80,80,80,80,80,80,80,80,80,80,80,80,80,80,80,80,80],"relic_stats":{"counters":[16,74],"Golden Idol":62,"Bronze Scales":[149],"obtain_stats":[{"Tiny House":0,"Golden Idol":10,"Bronze Scales":7,"Honey Jar":17,"Philosopher\u0027s Stone":0,"Simple Rune":11,"Blue Doll":14,"infinitespire:Eraser":9,"Cracked Core":0},{"Tiny House":0,"Golden Idol":6,"Bronze Scales":5,"Honey Jar":9,"Philosopher\u0027s Stone":0,"Simple Rune":7,"Blue Doll":8,"infinitespire:Eraser":6,"Cracked Core":0},{"Tiny House":0,"Golden Idol":21,"Bronze Scales":17,"Honey Jar":36,"Philosopher\u0027s Stone":0,"Simple Rune":26,"Blue Doll":29,"infinitespire:Eraser":21,"Cracked Core":0}]},"card_choices":[{"not_picked":["Barrage","Stack"],"picked":"Beam Cell","floor":0.0},{"not_picked":["ReplaySolidLightProjector","Static Discharge"],"picked":"Compile Driver","floor":1.0},{"not_picked":["Turbo","Sweeping Beam"],"picked":"Hello World","floor":2.0},{"not_picked":["Sweeping Beam","Go for the Eyes"],"picked":"Heatsinks","floor":3.0},{"not_picked":["Compile Driver","Sweeping Beam"],"picked":"Mirror Shield","floor":4},{"not_picked":["Go for the Eyes","Sweeping Beam"],"picked":"Steam Power","floor":7},{"not_picked":["Rip and Tear","ReplayTheSpireMod:GoodbyeWorld"],"picked":"Ball Lightning","floor":8},{"not_picked":["Sunder","Turbo"],"picked":"Darkness","floor":11},{"not_picked":["Double Energy","Skim"],"picked":"Time Bomb","floor":12},{"not_picked":["Seek","Multi-Cast"],"picked":"Creative AI","floor":16},{"not_picked":["Go for the Eyes","ReplayTheSpireMod:Reroute Power","Panic Button"],"picked":"Doom and Gloom","floor":18},{"not_picked":["Rebound+1","Turbo","Steam"],"picked":"Genetic Algorithm","floor":19},{"not_picked":["Glacier","Compile Driver","Sunder"],"picked":"BootSequence+1","floor":20},{"not_picked":["Gash+1","BasicCrystalCard","Coolheaded"],"picked":"Fission","floor":21},{"not_picked":["Chill+1","Streamline+1","Go for the Eyes"],"picked":"Consume+1","floor":22},{"not_picked":["Panic Button","Redo","Rebound"],"picked":"Cold Snap","floor":24}],"player_experience":114931,"relics_obtained":[{"floor":7,"key":"Bronze Scales"},{"floor":9,"key":"infinitespire:Eraser"},{"floor":11,"key":"Simple Rune"}],"event_choices":[{"damage_healed":0,"gold_gain":0,"player_choice":"Take Wound","damage_taken":0,"relics_obtained":["Golden Idol"],"max_hp_gain":0,"max_hp_loss":0,"event_name":"Golden Idol","floor":10,"gold_loss":0,"cards_obtained":["Injury"]},{"damage_healed":0,"gold_gain":107,"player_choice":"GO RE ","damage_taken":27,"relics_obtained":["Blue Doll"],"max_hp_gain":0,"max_hp_loss":0,"event_name":"betterSkull:BetterSkull","floor":14,"gold_loss":0,"cards_upgraded":[]}],"is_beta":false,"boss_relics":[{"not_picked":["Replay:Drink Me","Astrolabe"],"picked":"Honey Jar"}],"items_purged_floors":[5],"is_endless":false,"potions_floor_spawned":[2,4,7,8,21,22,24],"killed_by":"Slavers","ascension_level":2}}