{"host":"vjkx177ju3wjmzef","time":1609032782,"event":{"mods":["BaseMod","Block Reminder","Colored Map","Colored Powertips","DeckTracker","Googly Eyes","Highlight Path","Minty Spire (QoL Compilation)","Quick Restart","Random Character Button","Relic Stats","Replay The Spire","StSLib"],"gold_per_floor":[112,112,130,130,155,155,155,155],"floor_reached":7,"playtime":237,"items_purged":[],"score":39,"play_id":"4056717a-059e-4b30-afdf-3cd6532bd958","local_time":"20201226193302","is_ascension_mode":false,"campfire_choices":[{"data":"Seeing Red","floor":6,"key":"SMITH"}],"circlet_count":0,"master_deck":["Strike_R+1","Strike_R","Strike_R","Strike_R","Strike_R","Defend_R","Defend_R","Defend_R","Defend_R+1","Bash","Thunderclap+1","Seeing Red+1","Spot Weakness"],"relics":["Burning Blood","Replay:Mystery Machine","Simple Rune"],"acts_visited":["Exordium"],"potions_floor_usage":[3],"damage_taken":[{"damage":0,"enemies":"Small Slimes","floor":1,"turns":3},{"damage":11,"enemies":"Jaw Worm","floor":3,"turns":5},{"damage":71,"enemies":"Gremlin Nob","floor":7,"turns":5}],"seed_played":"-5330626493050267441","potions_obtained":[{"floor":1,"key":"SkillPotion"}],"is_trial":false,"path_per_floor":["M","?","M","?","T","R","E"],"character_chosen":"IRONCLAD","items_purchased":[],"campfire_rested":0,"item_purchase_floors":[],"current_hp_per_floor":[80,80,75,68,68,68,0,0],"gold":155,"neow_bonus":"THREE_CARDS","is_daily":false,"chose_seed":false,"campfire_upgraded":1,"win_rate":0.0,"timestamp":1609032782,"path_taken":["M","?","M","?","?","R","E"],"items_purchased_type":[],"build_version":"2020-12-22","purchased_purges":0,"victory":false,"max_hp_per_floor":[80,80,80,80,80,80,80,80],"relic_stats":{"counters":[3,13],"obtain_stats":[{"Simple Rune":5,"Replay:Mystery Machine":4,"Burning Blood":0},{"Simple Rune":2,"Replay:Mystery Machine":2,"Burning Blood":0},{"Simple Rune":8,"Replay:Mystery Machine":8,"Burning Blood":0}],"Burning Blood":6},"card_choices":[{"not_picked":["ReplayTheSpireMod:Strike From Hell","Pommel Strike"],"picked":"Thunderclap","floor":0},{"not_picked":["Dropkick","Sentinel"],"picked":"Seeing Red","floor":1},{"not_picked":["Rupture","Intimidate"],"picked":"Spot Weakness","floor":3}],"player_experience":149432,"relics_obtained":[{"floor":5,"key":"Simple Rune"}],"event_choices":[{"damage_healed":0,"gold_gain":0,"player_choice":"Success","damage_taken":7,"relics_obtained":["Replay:Mystery Machine"],"max_hp_gain":0,"max_hp_loss":0,"event_name":"Scrap Ooze","floor":4,"gold_loss":0}],"is_beta":false,"boss_relics":[],"items_purged_floors":[],"is_endless":false,"potions_floor_spawned":[1],"killed_by":"Gremlin Nob","ascension_level":0}}