{"host":"4izqype2b9ama7cy","time":1609081723,"event":{"mods":["AchievementEnabler","BaseMod","Better Altar","Better Match","Better Note","Better Sensory Stone","Better Skull","Better Third Choice","Better Vampires","Block Reminder","Challenge The Spire","Conspire","Gremlin Skip","Highlight Path","Infinite Spire","Marked Mod","Minty Spire (QoL Compilation)","Replay The Spire","Spicy Shops","StSLib","Wandering Minibosses","everything is the same but u backflip on backflip"],"gold_per_floor":[117,117,316,334,334,334,348,366,366,378,394,394,11,21,21,126,126,143,143,49,66,66,66,5,35,35,88,88,117,117,132,132,235,235,250,266,266,266],"floor_reached":37,"playtime":2410,"items_purged":[],"score":464,"play_id":"f5bb8d8e-bcc0-43a6-9451-495c2d9a5a52","local_time":"20201227070843","is_ascension_mode":true,"campfire_choices":[{"data":"Dagger Spray","floor":6,"key":"SMITH"},{"data":"conspire:PoisonWeapons","floor":15,"key":"SMITH"},{"floor":23,"key":"REST"},{"floor":30,"key":"REST"},{"floor":32,"key":"REST"}],"circlet_count":0,"master_deck":["Strike_G","Strike_G","Strike_G","Strike_G","Strike_G","Defend_G","Defend_G","Defend_G+1","Defend_G","Defend_G","Survivor","Neutralize+1","Dodge and Roll+1","Sucker Punch","Dagger Spray+1","Prepared","Slice","Dagger Spray","Flying Knee","Flying Knee","Deadly Poison","Skewer","Calculated Gamble","conspire:PoisonWeapons+1","Adrenaline","Dagger Throw","Slice","Concentrate","Deadly Poison+1","Quick Slash","Deflect+1","Crippling Poison","Sucker Punch","Atom Bomb","Bouncing Flask+1","Poisoned Stab+1"],"relics":["Ring of the Snake","Anchor","TheAbacus","conspire:SpecialSausage","Blood Vial","Bloody Idol","PreservedInsect","infinitespire:Satchel","Happy Flower","Gremlin Food","ReplayFunnel","ChewingGum"],"acts_visited":["Exordium","TheCity","TheBeyond"],"potions_floor_usage":[16,33,33,33,37,37],"damage_taken":[{"damage":1,"enemies":"conspire:RoseBush","floor":1,"turns":6},{"damage":0,"enemies":"2 Louse","floor":4,"turns":3},{"damage":0,"enemies":"Cultist","floor":7,"turns":4},{"damage":0,"enemies":"3 Louse","floor":8,"turns":1},{"damage":3,"enemies":"Blue Slaver","floor":10,"turns":4},{"damage":0,"enemies":"Exordium Wildlife","floor":11,"turns":5},{"damage":0,"enemies":"2 Fungi Beasts","floor":14,"turns":2},{"damage":35,"enemies":"The Guardian","floor":16,"turns":9},{"damage":9,"enemies":"Shell Parasite","floor":18,"turns":3},{"damage":3,"enemies":"conspire:FuzzyDice","floor":21,"turns":6},{"damage":2,"enemies":"Replay:Snechameleon","floor":25,"turns":4},{"damage":21,"enemies":"Nightmare","floor":29,"turns":6},{"damage":6,"enemies":"Centurion and Healer","floor":31,"turns":5},{"damage":21,"enemies":"Champ","floor":33,"turns":9},{"damage":12,"enemies":"Orb Walker","floor":35,"turns":4},{"damage":24,"enemies":"3 Shapes","floor":36,"turns":2},{"damage":21,"enemies":"infinitespire:Three Voidlings","floor":37,"turns":4},{"damage":38,"enemies":"Nightmare_Alpha","floor":37,"turns":5}],"seed_played":"6153590875482725146","potions_obtained":[{"floor":4,"key":"Dexterity Potion"},{"floor":8,"key":"Elixir"},{"floor":11,"key":"Poison Potion"},{"floor":16,"key":"FearPotion"},{"floor":21,"key":"SteroidPotion"},{"floor":31,"key":"AttackPotion"},{"floor":35,"key":"Poison Potion"},{"floor":36,"key":"Explosive Potion"}],"is_trial":false,"path_per_floor":["M","?","?","M","?","R","M","M","T","M","M","?","$","M","R","B",null,"M","?","$","M","T","R","$","E","T","T","?","NM","R","M","R","B",null,"M","M","?"],"character_chosen":"THE_SILENT","items_purchased":["Flying Knee","Deadly Poison","TheAbacus","Skewer","Calculated Gamble","Slice","Concentrate","Quick Slash"],"campfire_rested":3,"item_purchase_floors":[13,13,13,13,13,20,20,24],"current_hp_per_floor":[69,69,41,41,41,41,41,41,41,38,38,61,61,61,61,26,70,61,8,8,12,12,33,33,38,38,43,43,29,50,51,70,54,70,63,46,0,0],"gold":266,"neow_bonus":"RANDOM_EVENT","is_daily":false,"chose_seed":false,"campfire_upgraded":2,"win_rate":0.0,"timestamp":1609081723,"path_taken":["M","?","?","M","?","R","M","?","T","M","M","?","$","M","R","BOSS","M","?","$","M","?","R","?","E","T","?","?","NM","R","M","R","BOSS","M","M","?"],"items_purchased_type":["Card","Card","Relic","Card","Card","Card","Card","Card"],"build_version":"2020-12-22","purchased_purges":0,"victory":false,"max_hp_per_floor":[70,70,70,70,70,70,70,70,70,70,70,70,70,70,70,70,70,70,70,70,70,70,70,70,70,70,70,70,70,70,70,70,70,70,70,70,70,70],"card_choices":[{"not_picked":["PiercingWail","Masterful Stab"],"picked":"Dodge and Roll","floor":1},{"not_picked":["Cloak And Dagger","Dash"],"picked":"Choke","floor":3},{"not_picked":["ReplayTheSpireMod:Exploit Weakness","ReplayTheSpireMod:Tripwire"],"picked":"Sucker Punch","floor":4},{"not_picked":["PiercingWail","Underhanded Strike"],"picked":"Prepared","floor":7},{"not_picked":["Flying Knee","Fluid Movement"],"picked":"Slice","floor":8},{"not_picked":["Reflex","Setup"],"picked":"Dagger Spray","floor":10},{"not_picked":["Heel Hook","Terror"],"picked":"Flying Knee","floor":11},{"not_picked":["Well Laid Plans","Hidden Blade"],"picked":"conspire:PoisonWeapons","floor":14},{"not_picked":["ReplayTheSpireMod:From All Sides","Glass Knife"],"picked":"Adrenaline","floor":16},{"not_picked":["Setup","Replay:Poison Smokescreen"],"picked":"Dagger Throw","floor":18},{"not_picked":["Acrobatics","Bane"],"picked":"Deadly Poison+1","floor":21},{"not_picked":["Tactician","Sucker Punch"],"picked":"Deflect","floor":25},{"not_picked":["ReplayTheSpireMod:Shiv Toss","Terror"],"picked":"Crippling Poison","floor":29},{"not_picked":["Cloak And Dagger","Dodge and Roll"],"picked":"Sucker Punch","floor":31},{"not_picked":["Night Terror","Bullet Time"],"picked":"Atom Bomb","floor":33},{"not_picked":["Deflect","Heel Hook+1"],"picked":"Bouncing Flask+1","floor":35},{"not_picked":["Heel Hook+1","Outmaneuver+1"],"picked":"Poisoned Stab+1","floor":36}],"player_experience":286081,"relics_obtained":[{"floor":9,"key":"Anchor"},{"floor":22,"key":"PreservedInsect"},{"floor":25,"key":"infinitespire:Satchel"},{"floor":26,"key":"Happy Flower"},{"floor":27,"key":"Gremlin Food"},{"floor":29,"key":"ReplayFunnel"}],"event_choices":[{"damage_healed":0,"gold_gain":0,"cards_transformed":["Choke"],"player_choice":"Transformed","damage_taken":0,"max_hp_gain":0,"max_hp_loss":0,"event_name":"Transmorgrifier","floor":5,"gold_loss":0,"cards_obtained":["Dagger Spray"]},{"damage_healed":23,"gold_gain":0,"player_choice":"Banana","damage_taken":0,"max_hp_gain":0,"max_hp_loss":0,"event_name":"Big Fish","floor":12,"gold_loss":0},{"damage_healed":0,"gold_gain":0,"player_choice":" Vial Idol ","damage_taken":53,"relics_obtained":["Blood Vial","Bloody Idol"],"max_hp_gain":61,"max_hp_loss":8,"event_name":"betterAltar:BetterAltar","floor":19,"potions_obtained":[],"relics_lost":[],"gold_loss":0},{"damage_healed":0,"gold_gain":0,"player_choice":"Ignored","damage_taken":0,"max_hp_gain":0,"max_hp_loss":0,"event_name":"Beggar","floor":28,"gold_loss":0}],"is_beta":false,"boss_relics":[{"not_picked":["Tiny House","Coffee Dripper"],"picked":"conspire:SpecialSausage"},{"not_picked":["Replay:Bronze Core","Fusion Hammer"],"picked":"ChewingGum"}],"items_purged_floors":[],"is_endless":true,"potions_floor_spawned":[4,8,11,16,21,31,35,36],"killed_by":"Nightmare_Alpha","ascension_level":2}}