{"host":"da4a6z8aof69aasy","time":1609095144,"event":{"mods":["AchievementEnabler","BaseMod","Block Reminder","Colored Powertips","DeckTracker","Highlight Path","Minty Spire (QoL Compilation)","Permanent Neow","Relic Stats","StSLib"],"gold_per_floor":[209,17,36,56,72,72,87,119,189,189,206,241,241,258,258,331,331,347,363,296,313,329,329,329,329],"floor_reached":24,"playtime":3406,"items_purged":["Strike_G"],"score":415,"play_id":"ff7d741e-d4b2-48b3-9654-6c9c47b4e288","local_time":"20201227205224","is_ascension_mode":true,"campfire_choices":[{"data":"Deadly Poison","floor":6.0,"key":"SMITH"},{"floor":13.0,"key":"REST"},{"data":"Catalyst","floor":15.0,"key":"SMITH"},{"floor":23.0,"key":"REST"}],"circlet_count":0,"master_deck":["AscendersBane","Strike_G","Strike_G","Defend_G","Defend_G","Defend_G","Defend_G","Survivor","Neutralize","Deadly Poison","Well Laid Plans","Deadly Poison+1","Catalyst+1","Dash","Backflip","Wraith Form v2","Dagger Throw+1","Concentrate+1","Adrenaline+1","Crippling Poison","Leg Sweep","Deflect"],"relics":["Ring of the Snake","StrikeDummy","Sundial","FaceOfCleric","Ice Cream","Astrolabe"],"acts_visited":["Exordium","TheCity"],"potions_floor_usage":[],"damage_taken":[{"damage":2.0,"enemies":"Cultist","floor":1.0,"turns":4.0},{"damage":0.0,"enemies":"Jaw Worm","floor":3.0,"turns":5.0},{"damage":2.0,"enemies":"2 Louse","floor":4.0,"turns":3.0},{"damage":13.0,"enemies":"Lots of Slimes","floor":5.0,"turns":7.0},{"damage":0.0,"enemies":"Exordium Wildlife","floor":7.0,"turns":6.0},{"damage":22.0,"enemies":"3 Sentries","floor":8.0,"turns":9.0},{"damage":5.0,"enemies":"Red Slaver","floor":11.0,"turns":3.0},{"damage":0.0,"enemies":"Gremlin Nob","floor":12.0,"turns":3.0},{"damage":4.0,"enemies":"3 Louse","floor":14.0,"turns":5.0},{"damage":8.0,"enemies":"The Guardian","floor":16.0,"turns":9.0},{"damage":2.0,"enemies":"Shell Parasite","floor":18.0,"turns":4.0},{"damage":7.0,"enemies":"3 Byrds","floor":19.0,"turns":6.0},{"damage":29.0,"enemies":"Shelled Parasite and Fungi","floor":21.0,"turns":7.0},{"damage":20.0,"enemies":"3 Cultists","floor":22.0,"turns":7.0},{"damage":27,"enemies":"Slavers","floor":24,"turns":6}],"seed_played":"-4794639231380434003","potions_obtained":[{"floor":5.0,"key":"SpeedPotion"},{"floor":8.0,"key":"CunningPotion"},{"floor":11.0,"key":"LiquidMemories"}],"is_trial":false,"path_per_floor":["M","$","M","M","M","R","M","E","T","?","M","E","R","M","R","B",null,"M","M","$","M","M","R","E"],"character_chosen":"THE_SILENT","items_purchased":["Deadly Poison","Well Laid Plans","Leg Sweep"],"campfire_rested":2,"item_purchase_floors":[2,2,20],"current_hp_per_floor":[57,57,57,55,42,42,42,20,20,20,16,17,37,34,34,27,59,58,52,52,24,5,27,0,0],"gold":329,"neow_bonus":"HUNDRED_GOLD","is_daily":false,"chose_seed":false,"campfire_upgraded":2,"win_rate":0.0,"timestamp":1609095144,"path_taken":["M","$","M","M","M","R","M","E","T","?","M","E","R","?","R","BOSS","M","M","$","M","M","R","E"],"items_purchased_type":["Card","Card","Card"],"build_version":"2020-12-22","purchased_purges":1,"victory":false,"max_hp_per_floor":[66,66,66,66,66,66,66,66,66,66,67,68,68,69,69,70,70,71,72,72,73,74,74,74,74],"relic_stats":{"FaceOfCleric":8,"counters":[15,84],"Sundial":[8],"Astrolabe":["Dagger Throw","Concentrate","Adrenaline"],"obtain_stats":[{"Ice Cream":12,"FaceOfCleric":10,"Sundial":9,"Astrolabe":17,"StrikeDummy":8,"Ring of the Snake":0},{"Ice Cream":8,"FaceOfCleric":6,"Sundial":6,"Astrolabe":10,"StrikeDummy":6,"Ring of the Snake":0},{"Ice Cream":40,"FaceOfCleric":34,"Sundial":34,"Astrolabe":54,"StrikeDummy":34,"Ring of the Snake":0}],"Ring of the Snake":[30]},"card_choices":[{"not_picked":["Acrobatics","Heel Hook","Outmaneuver"],"picked":"SKIP","floor":1.0},{"not_picked":["Heel Hook","PiercingWail"],"picked":"Deadly Poison","floor":3.0},{"not_picked":["Flechettes","Finisher","Accuracy"],"picked":"SKIP","floor":4.0},{"not_picked":["PiercingWail","Endless Agony"],"picked":"Catalyst","floor":5.0},{"not_picked":["Slice","Bane"],"picked":"Dash","floor":7.0},{"not_picked":["Blade Dance","Unload","Accuracy"],"picked":"SKIP","floor":8.0},{"not_picked":["Tactician","Outmaneuver","Eviscerate"],"picked":"SKIP","floor":11.0},{"not_picked":["Bullet Time","Quick Slash"],"picked":"Backflip","floor":12.0},{"not_picked":["Deadly Poison","Dagger Spray","Sucker Punch"],"picked":"SKIP","floor":14.0},{"not_picked":["Bullet Time","Burst"],"picked":"Wraith Form v2","floor":16.0},{"not_picked":["Outmaneuver","Concentrate","Accuracy"],"picked":"SKIP","floor":18.0},{"not_picked":["Masterful Stab","Finisher"],"picked":"Crippling Poison","floor":19.0},{"not_picked":["Cloak And Dagger","Setup"],"picked":"Deflect","floor":21.0},{"not_picked":["Acrobatics","Eviscerate","Cloak And Dagger"],"picked":"SKIP","floor":22.0}],"player_experience":1939051,"relics_obtained":[{"floor":8.0,"key":"StrikeDummy"},{"floor":9.0,"key":"Sundial"},{"floor":12.0,"key":"Ice Cream"}],"event_choices":[{"damage_healed":0.0,"max_hp_gain":0.0,"max_hp_loss":0.0,"gold_gain":0.0,"event_name":"FaceTrader","player_choice":"Trade","floor":10.0,"gold_loss":0.0,"damage_taken":0.0,"relics_obtained":["FaceOfCleric"]}],"is_beta":false,"boss_relics":[{"not_picked":["WristBlade","HoveringKite"],"picked":"Astrolabe"}],"items_purged_floors":[2],"is_endless":false,"potions_floor_spawned":[5,8,11],"killed_by":"Slavers","ascension_level":15}}