{"host":"mxyu30643x34zc6i","time":1609062540,"event":{"mods":["AchievementEnabler","Astrologer","BaseMod","Better Match","Better Note","Better Third Choice","Block Reminder","Colored Map","Colored Powertips","Hermit","Minty Spire (QoL Compilation)","Rare Cards Sparkle","Relic Stats","Replay The Spire","Shade Mod","Spicy Shops","StSLib","The Blackbeard","The Blue Laboratory","The Cursed","The Hierophant","The Mystic","The Runesmith","The Servant 0.9.4","The Spell Scribe"],"gold_per_floor":[110,110,110,9,284,284,312,325,351,367,13,13,9,53,53,164,236,248,208,219,240,268,340,352,410,422,482,90,30,30,69,69,195,204,235,304,304,112,151,151,151,151,177,177,250,18,56,91,91,121],"floor_reached":51,"playtime":6011,"items_purged":["Regret"],"score":775,"play_id":"bb6cb9a3-db36-4d47-93ac-9cf2c187adf5","local_time":"20201227014900","daily_mods":["Specialized","Vintage","Binary"],"is_ascension_mode":false,"campfire_choices":[{"floor":6,"key":"REST"},{"floor":12,"key":"REST"},{"data":"Rewind","floor":15,"key":"SMITH"},{"floor":24,"key":"REST"},{"floor":32,"key":"REST"},{"floor":42,"key":"REST"},{"data":"Spin","floor":44,"key":"SMITH"},{"floor":49,"key":"REST"}],"circlet_count":0,"master_deck":["KidneyShot+1","Exchange","ShatteredReality","ShatteredReality+1","ShatteredReality","ShatteredReality","ShatteredReality+1","WasteNot+1","Rewind+1","Read","Unruled+1","Desolation+1","StarChef+1","Misdirection+1","Enlightenment","Spin+1","SoulSculpture+1","BottledTime","Rewind","MoonPhase","LightFlow+1","Foresight","Revamp","Contraction","BestPractice","Ghostly Armor+1","Starlight+1","Apotheosis+1","Enlightenment+1","PendulumOfEternity+1","Desolation+1","Defy+1","SpecialFormula+1","Luminosity+1","TheWorld+1","CurseOfTheBell","TimeWarp+1","FanOfKnives+1","Alleviate+1","FastForward+1","Luminosity+1","Pot Of Greed","Pot Of Greed","Pot Of Greed","Pot Of Greed","Contraction+1","Contraction+1","Transmutation+1"],"relics":["Uniform","Replay:Rubber Ducky","ReplayTheSpireMod:Shallot","CeramicFish","Nunchaku","Golden Egg","Membership Card","StrikeDummy","Shuriken","Pandora\u0027s Box","Letter Opener","MawBank","Replay:Bandana","Meat on the Bone","Whetstone","Smiling Mask","Tiny Chest","BargainBundle","Frozen Eye","Replay:Bottled Flurry","Oddly Smooth Stone","Question Card","Gremlin Food","Calling Bell","Pen Nib","Replay:Bottled Steam","Bird Faced Urn","Quantum Egg","Boot","Chameleon Ring","PrismaticShard","Strawberry","Bag of Preparation","Grinning Jar","Incense Burner","HandDrill","Replay:Baseball","Centennial Puzzle","Anchor"],"acts_visited":["Exordium","TheCity","TheBeyond"],"potions_floor_usage":[14,16,16,20,20,22,25,27,31,31,33,41,45,47,48],"damage_taken":[{"damage":0,"enemies":"Small Slimes","floor":1,"turns":2},{"damage":18,"enemies":"3 Sentries","floor":7,"turns":8},{"damage":0,"enemies":"Jaw Worm","floor":8,"turns":2},{"damage":1,"enemies":"2 Louse","floor":10,"turns":2},{"damage":3,"enemies":"Gremlin Nob","floor":14,"turns":4},{"damage":7,"enemies":"Fading Forest","floor":16,"turns":11},{"damage":14,"enemies":"3 Byrds","floor":18,"turns":5},{"damage":12,"enemies":"2 Thieves","floor":20,"turns":2},{"damage":0,"enemies":"Cultist and Chosen","floor":22,"turns":4},{"damage":17,"enemies":"Slavers","floor":23,"turns":6},{"damage":0,"enemies":"3 Cultists","floor":25,"turns":3},{"damage":14,"enemies":"Centurion and Healer","floor":27,"turns":5},{"damage":13,"enemies":"Sentry and Sphere","floor":31,"turns":4},{"damage":47,"enemies":"Automaton","floor":33,"turns":10},{"damage":19,"enemies":"3 Shapes","floor":35,"turns":3},{"damage":0,"enemies":"Orb Walker","floor":39,"turns":2},{"damage":0,"enemies":"Spire Growth","floor":41,"turns":1},{"damage":1,"enemies":"Maw","floor":45,"turns":7},{"damage":20,"enemies":"3 Darklings","floor":47,"turns":4},{"damage":20,"enemies":"Spire Growth","floor":48,"turns":5},{"damage":26,"enemies":"Time Eater","floor":50,"turns":14}],"seed_played":"-6042727571496610040","potions_obtained":[{"floor":1,"key":"Regen Potion"},{"floor":7,"key":"Block Potion"},{"floor":8,"key":"LifebloodPotion"},{"floor":19,"key":"Fire Potion"},{"floor":19,"key":"AttackPotion"},{"floor":19,"key":"BlessingOfTheForge"},{"floor":20,"key":"Energy Potion"},{"floor":22,"key":"blueLaboratory:Moonshine"},{"floor":23,"key":"Explosive Potion"},{"floor":25,"key":"blueLaboratory:AbyssPotion"},{"floor":31,"key":"blueLaboratory:PyrophylliteBrew"},{"floor":36,"key":"GamblersBrew"},{"floor":36,"key":"blueLaboratory:EmptyBottle"},{"floor":47,"key":"blueLaboratory:PhilterOfMotion"}],"is_trial":true,"path_per_floor":["M","?","?","$","?","R","E","M","T","M","$","R","?","E","R","B",null,"M","?","M","?","M","E","R","M","T","M","$","?","?","M","R","B",null,"M","?","T","$","M","R","M","R","T","R","M","$","M","M","R_BF","B",null],"character_chosen":"THE_SERVANT","items_purchased":["WasteNot","Rewind","Membership Card","Unruled","Desolation","StarChef","Misdirection","StrikeDummy","BargainBundle","Frozen Eye","Replay:Bottled Flurry","Apotheosis","Enlightenment","PendulumOfEternity","Desolation","Defy","SpecialFormula","Luminosity","Oddly Smooth Stone","Question Card","blueLaboratory:LouseDecoction","SmokeBomb","FanOfKnives","Alleviate","PrismaticShard","FastForward","Luminosity","Incense Burner","HandDrill","Replay:Baseball","Contraction","Transmutation"],"campfire_rested":6,"item_purchase_floors":[4,4,11,11,11,11,11,11,28,28,28,28,28,28,28,28,28,28,28,28,28,28,38,38,38,38,38,46,46,46,46,46],"current_hp_per_floor":[65,52,52,52,52,65,47,47,47,46,46,65,71,68,68,71,71,57,57,45,45,45,28,49,49,49,47,47,47,47,42,62,43,68,53,53,53,53,62,62,62,75,75,75,75,75,61,57,75,69],"gold":121,"neow_bonus":"","is_daily":false,"chose_seed":false,"campfire_upgraded":2,"win_rate":0.0,"timestamp":1609062540,"path_taken":["M","?","?","$","?","R","E","M","T","?","$","R","?","E","R","BOSS","M","?","M","?","M","E","R","M","T","M","$","?","?","M","R","BOSS","M","?","?","$","M","R","M","R","T","R","M","$","M","?","R_BF","BOSS"],"items_purchased_type":["Card","Card","Relic","Card","Card","Card","Card","Relic","Relic","Relic","Relic","Card","Card","Card","Card","Card","Card","Card","Relic","Relic","Potion","Potion","Card","Card","Relic","Card","Card","Relic","Relic","Relic","Card","Card"],"build_version":"2020-12-22","purchased_purges":1,"victory":true,"max_hp_per_floor":[65,65,65,65,65,65,65,65,65,65,65,65,71,71,71,71,71,71,71,71,71,71,71,71,71,71,71,71,71,68,68,68,68,68,68,68,68,68,75,75,75,75,75,75,75,75,75,75,75,75],"relic_stats":{"counters":[21,104],"CeramicFish":351,"Pen Nib":[7],"Bag of Preparation":[8],"Letter Opener":[139],"Whetstone":["Starlight","ShatteredReality"],"MawBank":96,"Smiling Mask":-12,"Question Card":3,"Boot":[32],"Nunchaku":[20],"Centennial Puzzle":[6],"Shuriken":[40],"Bird Faced Urn":[21],"Pandora\u0027s Box":["BottledTime","Rewind","MoonPhase","LightFlow","Foresight","Revamp","Contraction","BestPractice"],"Tiny Chest":1,"HandDrill":[4],"obtain_stats":[{"Golden Egg":10,"CeramicFish":8,"Uniform":0,"Bag of Preparation":43,"Incense Burner":46,"Whetstone":25,"Smiling Mask":26,"Boot":36,"PrismaticShard":38,"Replay:Rubber Ducky":1,"Frozen Eye":28,"Nunchaku":9,"Replay:Bandana":22,"Centennial Puzzle":47,"Chameleon Ring":37,"Strawberry":39,"Tiny Chest":27,"Replay:Bottled Flurry":28,"HandDrill":46,"Replay:Bottled Steam":34,"Gremlin Food":31,"BargainBundle":28,"Quantum Egg":35,"Oddly Smooth Stone":28,"Pen Nib":34,"Letter Opener":18,"MawBank":20,"Question Card":28,"Calling Bell":34,"Replay:Baseball":46,"Anchor":48,"ReplayTheSpireMod:Shallot":7,"Shuriken":14,"Bird Faced Urn":34,"Pandora\u0027s Box":17,"Membership Card":11,"Grinning Jar":45,"StrikeDummy":11,"Meat on the Bone":23},{"Golden Egg":4,"CeramicFish":3,"Uniform":0,"Bag of Preparation":17,"Incense Burner":18,"Whetstone":11,"Smiling Mask":11,"Boot":15,"PrismaticShard":15,"Replay:Rubber Ducky":1,"Frozen Eye":12,"Nunchaku":3,"Replay:Bandana":9,"Centennial Puzzle":19,"Chameleon Ring":15,"Strawberry":16,"Tiny Chest":12,"Replay:Bottled Flurry":12,"HandDrill":18,"Replay:Bottled Steam":14,"Gremlin Food":13,"BargainBundle":12,"Quantum Egg":15,"Oddly Smooth Stone":12,"Pen Nib":14,"Letter Opener":7,"MawBank":8,"Question Card":12,"Calling Bell":14,"Replay:Baseball":18,"Anchor":20,"ReplayTheSpireMod:Shallot":2,"Shuriken":5,"Bird Faced Urn":14,"Pandora\u0027s Box":6,"Membership Card":4,"Grinning Jar":18,"StrikeDummy":4,"Meat on the Bone":10},{"Golden Egg":14,"CeramicFish":12,"Uniform":0,"Bag of Preparation":74,"Incense Burner":81,"Whetstone":49,"Smiling Mask":49,"Boot":71,"PrismaticShard":71,"Replay:Rubber Ducky":2,"Frozen Eye":54,"Nunchaku":12,"Replay:Bandana":40,"Centennial Puzzle":85,"Chameleon Ring":71,"Strawberry":73,"Tiny Chest":54,"Replay:Bottled Flurry":54,"HandDrill":81,"Replay:Bottled Steam":68,"Gremlin Food":58,"BargainBundle":54,"Quantum Egg":71,"Oddly Smooth Stone":54,"Pen Nib":68,"Letter Opener":34,"MawBank":36,"Question Card":54,"Calling Bell":68,"Replay:Baseball":81,"Anchor":90,"ReplayTheSpireMod:Shallot":10,"Shuriken":18,"Bird Faced Urn":68,"Pandora\u0027s Box":29,"Membership Card":14,"Grinning Jar":81,"StrikeDummy":14,"Meat on the Bone":46}],"Meat on the Bone":24},"card_choices":[{"not_picked":["Rearm"],"picked":"Read","floor":7},{"not_picked":["TimeWarp"],"picked":"Spin","floor":14},{"not_picked":["MurderousAura"],"picked":"SoulSculpture","floor":16},{"not_picked":["Dilation"],"picked":"Starlight","floor":23},{"not_picked":["Deny","Solidify"],"picked":"TheWorld","floor":33},{"not_picked":["Defy","ShatteredReality"],"picked":"TimeWarp+1","floor":36}],"player_experience":371814,"relics_obtained":[{"floor":1,"key":"Replay:Rubber Ducky"},{"floor":7,"key":"ReplayTheSpireMod:Shallot"},{"floor":8,"key":"CeramicFish"},{"floor":9,"key":"Nunchaku"},{"floor":10,"key":"Golden Egg"},{"floor":14,"key":"Shuriken"},{"floor":18,"key":"Letter Opener"},{"floor":20,"key":"MawBank"},{"floor":22,"key":"Replay:Bandana"},{"floor":23,"key":"Meat on the Bone"},{"floor":25,"key":"Whetstone"},{"floor":26,"key":"Smiling Mask"},{"floor":27,"key":"Tiny Chest"},{"floor":31,"key":"Gremlin Food"},{"floor":34,"key":"Pen Nib"},{"floor":34,"key":"Replay:Bottled Steam"},{"floor":34,"key":"Bird Faced Urn"},{"floor":35,"key":"Quantum Egg"},{"floor":36,"key":"Boot"},{"floor":37,"key":"Chameleon Ring"},{"floor":39,"key":"Strawberry"},{"floor":43,"key":"Bag of Preparation"},{"floor":45,"key":"Grinning Jar"},{"floor":47,"key":"Centennial Puzzle"},{"floor":48,"key":"Anchor"}],"event_choices":[{"damage_healed":65,"gold_gain":0,"player_choice":"Upgrade","damage_taken":13,"max_hp_gain":0,"max_hp_loss":65,"event_name":"betterThird:BetterShining","floor":2,"gold_loss":0,"cards_upgraded":["Strike_S","Defend_S"]},{"damage_healed":0,"gold_gain":275,"player_choice":"Desecrate","damage_taken":0,"max_hp_gain":0,"max_hp_loss":0,"event_name":"Golden Shrine","floor":5,"gold_loss":0,"cards_obtained":["Regret"]},{"damage_healed":0,"gold_gain":0,"player_choice":"RENOUNCE","damage_taken":13,"max_hp_gain":0,"max_hp_loss":0,"event_name":"betterThird:BetterSerpent","floor":13,"gold_loss":13,"cards_obtained":["Enlightenment"]},{"damage_healed":0,"gold_gain":0,"player_choice":"Bought 3 Potions","damage_taken":0,"max_hp_gain":0,"max_hp_loss":0,"event_name":"The Woman in Blue","floor":19,"gold_loss":0},{"cards_removed":["ShatteredReality"],"damage_healed":0,"gold_gain":0,"player_choice":"Take \u0026 Give","damage_taken":0,"max_hp_gain":0,"max_hp_loss":0,"event_name":"betterNote:BetterNote","floor":21,"gold_loss":0,"cards_obtained":["Ghostly Armor"]},{"cards_removed":["Parasite"],"damage_healed":0,"gold_gain":0,"player_choice":"Removed Curses","damage_taken":0,"max_hp_gain":0,"max_hp_loss":0,"event_name":"Fountain of Cleansing","floor":30,"gold_loss":0}],"is_beta":false,"boss_relics":[{"not_picked":["ReplayTheSpireMod:DimensionalGlitch","Kintsugi"],"picked":"Pandora\u0027s Box"},{"not_picked":["Astrolabe","Empty Cage"],"picked":"Calling Bell"}],"items_purged_floors":[28],"is_endless":false,"potions_floor_spawned":[1,7,8,20,22,23,25,31,41,47],"ascension_level":0}}