{"host":"873t0y8ybyo38pfq","time":1609028455,"event":{"mods":["BaseMod","Bestiary","Colored Map","Colored Powertips","Highlight Path","Minty Spire (QoL Compilation)","Quick Restart","RNG Fix","Rare Cards Sparkle","Relic Stats","StSLib"],"gold_per_floor":[112,187,33,50,61,93,93,126,152,152,167,167,180,2,2,78,78,94,94,109,159,177,177,189,200,200,217,227,247,277,78,78,154,204,217,217,228,228,246,281,606,606,606,635,648,665,665,5,5,5,5,5],"floor_reached":51,"playtime":2431,"items_purged":["Defend_G","Pain","Bite"],"score":1507,"play_id":"446065b9-2a3b-4865-9b12-33c04465dc53","local_time":"20201226192055","is_ascension_mode":true,"campfire_choices":[{"data":"Predator","floor":7.0,"key":"SMITH"},{"floor":12.0,"key":"REST"},{"data":"Noxious Fumes","floor":15.0,"key":"SMITH"},{"data":"Footwork","floor":23.0,"key":"SMITH"},{"data":"Footwork","floor":32.0,"key":"SMITH"},{"floor":42.0,"key":"RECALL"},{"data":"Catalyst","floor":49,"key":"SMITH"}],"circlet_count":0,"master_deck":["AscendersBane","Defend_G","Defend_G","Defend_G","Defend_G","Survivor","Neutralize","Predator+1","Footwork+1","Deflect","Leg Sweep","Deflect","Deadly Poison","Acrobatics","Noxious Fumes+1","Corpse Explosion","Bite","Bite+1","Bite","Bite","PiercingWail","PiercingWail","Escape Plan","Dash","Footwork+1","Doppelganger","Noxious Fumes","Madness","Madness","Flechettes+1","Well Laid Plans","Footwork","Catalyst+1","Chrysalis","Noxious Fumes","Acrobatics"],"relics":["Ring of the Snake","NeowsBlessing","Lantern","Ginger","Nunchaku","WarpedTongs","Busted Crown","White Beast Statue","Pantograph","Orrery","Tiny House","Anchor","Old Coin","Smiling Mask","Medical Kit"],"acts_visited":["Exordium","TheCity","TheBeyond"],"potions_floor_usage":[44,44,45,50,50],"damage_taken":[{"damage":0.0,"enemies":"Small Slimes","floor":1.0,"turns":1.0},{"damage":0.0,"enemies":"2 Louse","floor":4.0,"turns":1.0},{"damage":0.0,"enemies":"Jaw Worm","floor":5.0,"turns":1.0},{"damage":24.0,"enemies":"3 Sentries","floor":6.0,"turns":15.0},{"damage":31.0,"enemies":"Gremlin Nob","floor":8.0,"turns":6.0},{"damage":1.0,"enemies":"2 Fungi Beasts","floor":11.0,"turns":6.0},{"damage":3.0,"enemies":"Lots of Slimes","floor":13.0,"turns":2.0},{"damage":6.0,"enemies":"The Guardian","floor":16.0,"turns":10.0},{"damage":0.0,"enemies":"Shell Parasite","floor":18.0,"turns":5.0},{"damage":17.0,"enemies":"Chosen","floor":20.0,"turns":5.0},{"damage":6.0,"enemies":"Sentry and Sphere","floor":22.0,"turns":5.0},{"damage":12.0,"enemies":"Snecko","floor":24.0,"turns":6.0},{"damage":10.0,"enemies":"Shelled Parasite and Fungi","floor":25.0,"turns":5.0},{"damage":0.0,"enemies":"Snake Plant","floor":27.0,"turns":5.0},{"damage":6.0,"enemies":"Snecko","floor":28.0,"turns":4.0},{"damage":27.0,"enemies":"Cultist and Chosen","floor":29.0,"turns":6.0},{"damage":24.0,"enemies":"Gremlin Leader","floor":30.0,"turns":7.0},{"damage":21.0,"enemies":"Automaton","floor":33.0,"turns":13.0},{"damage":6.0,"enemies":"Orb Walker","floor":35.0,"turns":6.0},{"damage":5.0,"enemies":"3 Darklings","floor":37.0,"turns":5.0},{"damage":5.0,"enemies":"Sphere and 2 Shapes","floor":39.0,"turns":6.0},{"damage":44.0,"enemies":"Nemesis","floor":40.0,"turns":13.0},{"damage":2.0,"enemies":"Mind Bloom Boss Battle","floor":41.0,"turns":7.0},{"damage":50,"enemies":"Reptomancer","floor":44,"turns":8},{"damage":7,"enemies":"Maw","floor":45,"turns":9},{"damage":9,"enemies":"Writhing Mass","floor":46,"turns":10},{"damage":31,"enemies":"Donu and Deca","floor":50,"turns":7},{"damage":70,"enemies":"Time Eater","floor":51,"turns":4}],"seed_played":"3430070495785805637","potions_obtained":[{"floor":1.0,"key":"DuplicationPotion"},{"floor":4.0,"key":"Dexterity Potion"},{"floor":6.0,"key":"Explosive Potion"},{"floor":8.0,"key":"Block Potion"},{"floor":18.0,"key":"SpeedPotion"},{"floor":20.0,"key":"Energy Potion"},{"floor":24.0,"key":"Weak Potion"},{"floor":27.0,"key":"SkillPotion"},{"floor":28.0,"key":"SteroidPotion"},{"floor":29.0,"key":"Energy Potion"},{"floor":30.0,"key":"Weak Potion"},{"floor":33.0,"key":"Explosive Potion"},{"floor":34.0,"key":"SkillPotion"},{"floor":35.0,"key":"SmokeBomb"},{"floor":37.0,"key":"ColorlessPotion"},{"floor":38.0,"key":"EssenceOfSteel"},{"floor":40.0,"key":"Energy Potion"},{"floor":44,"key":"Fruit Juice"},{"floor":45,"key":"AttackPotion"},{"floor":46,"key":"Block Potion"}],"is_trial":false,"path_per_floor":["M","?","$","M","M","E","R","E","T","?","M","R","M","$","R","B",null,"M","?","M","?","M","R","M","M","T","M","M","M","E","$","R","B",null,"M","?","M","?","M","E","?","R","T","E","M","M","?","$","R","B","B"],"character_chosen":"THE_SILENT","items_purchased":["Footwork","Noxious Fumes","Orrery","Footwork","Catalyst","Chrysalis","Medical Kit","Noxious Fumes","Acrobatics","EssenceOfSteel"],"campfire_rested":1,"item_purchase_floors":[3,14,31,31,48,48,48,48,48,48],"current_hp_per_floor":[59,59,59,59,59,35,35,4,4,4,3,22,19,19,19,13,53,53,46,34,34,39,39,37,40,40,46,46,24,28,28,28,35,48,49,40,44,44,49,30,51,51,51,15,33,46,46,46,46,30,0,0],"gold":5,"neow_bonus":"THREE_ENEMY_KILL","is_daily":false,"chose_seed":false,"campfire_upgraded":5,"win_rate":0.0,"timestamp":1609028455,"path_taken":["M","?","$","M","M","E","R","E","T","?","M","R","M","$","R","BOSS","M","?","?","?","M","R","M","M","T","M","M","M","E","$","R","BOSS","M","?","M","?","M","E","?","R","T","E","M","?","?","$","R","BOSS","BOSS"],"items_purchased_type":["Card","Card","Relic","Card","Card","Card","Relic","Card","Card","Potion"],"build_version":"2020-12-22","purchased_purges":3,"victory":false,"max_hp_per_floor":[66,66,66,66,66,66,66,66,66,66,66,66,66,66,66,66,66,66,46,46,46,46,46,46,46,46,46,46,46,46,46,46,46,51,51,51,51,51,51,51,51,51,51,51,56,56,56,56,56,56,56,56],"relic_stats":{"Nunchaku":[21],"Busted Crown":48,"counters":[28,178],"Pantograph":74,"Ginger":[38],"Smiling Mask":75,"Medical Kit":[0],"obtain_stats":[{"Lantern":6,"Tiny House":34,"NeowsBlessing":0,"Ginger":8,"Smiling Mask":44,"Medical Kit":48,"White Beast Statue":26,"WarpedTongs":10,"Old Coin":41,"Nunchaku":9,"Anchor":40,"Busted Crown":17,"Pantograph":30,"Orrery":31,"Ring of the Snake":0},{"Lantern":4,"Tiny House":18,"NeowsBlessing":0,"Ginger":5,"Smiling Mask":24,"Medical Kit":26,"White Beast Statue":13,"WarpedTongs":5,"Old Coin":23,"Nunchaku":5,"Anchor":22,"Busted Crown":8,"Pantograph":17,"Orrery":17,"Ring of the Snake":0},{"Lantern":18,"Tiny House":103,"NeowsBlessing":0,"Ginger":24,"Smiling Mask":148,"Medical Kit":167,"White Beast Statue":68,"WarpedTongs":24,"Old Coin":140,"Nunchaku":24,"Anchor":133,"Busted Crown":42,"Pantograph":90,"Orrery":90,"Ring of the Snake":0}],"Ring of the Snake":[56],"WarpedTongs":[154]},"card_choices":[{"not_picked":["PiercingWail","Accuracy"],"picked":"Predator","floor":1.0},{"not_picked":["Finisher","Expertise"],"picked":"Deflect","floor":4.0},{"not_picked":["Acrobatics","Quick Slash"],"picked":"Leg Sweep","floor":5.0},{"not_picked":["Choke","Envenom"],"picked":"Deflect","floor":6.0},{"not_picked":["Dodge and Roll","Doppelganger"],"picked":"Deadly Poison","floor":8.0},{"not_picked":["Bane","Sucker Punch","Expertise"],"picked":"SKIP","floor":11.0},{"not_picked":["Bane","Deadly Poison"],"picked":"Acrobatics","floor":13.0},{"not_picked":["Malaise","Glass Knife"],"picked":"Corpse Explosion","floor":16.0},{"not_picked":["Deflect"],"picked":"SKIP","floor":18.0},{"not_picked":[],"picked":"PiercingWail","floor":20.0},{"not_picked":[],"picked":"PiercingWail","floor":22.0},{"not_picked":["Slice"],"picked":"SKIP","floor":24.0},{"not_picked":[],"picked":"Escape Plan","floor":25.0},{"not_picked":["Deadly Poison"],"picked":"SKIP","floor":27.0},{"not_picked":["Endless Agony"],"picked":"SKIP","floor":28.0},{"not_picked":["Deadly Poison"],"picked":"SKIP","floor":29.0},{"not_picked":["Poisoned Stab"],"picked":"SKIP","floor":30.0},{"not_picked":[],"picked":"Dash","floor":31.0},{"not_picked":[],"picked":"Doppelganger","floor":33.0},{"not_picked":[],"picked":"Noxious Fumes","floor":34.0},{"not_picked":["Slice+1"],"picked":"SKIP","floor":35.0},{"not_picked":["Blade Dance"],"picked":"SKIP","floor":37.0},{"not_picked":[],"picked":"Flechettes+1","floor":39.0},{"not_picked":[],"picked":"Well Laid Plans","floor":40.0},{"not_picked":[],"picked":"Footwork","floor":41.0},{"not_picked":["Dagger Spray"],"picked":"SKIP","floor":44},{"not_picked":["Accuracy"],"picked":"SKIP","floor":45},{"not_picked":["Masterful Stab+1"],"picked":"SKIP","floor":46}],"player_experience":1358342,"relics_obtained":[{"floor":6.0,"key":"Lantern"},{"floor":8.0,"key":"Ginger"},{"floor":9.0,"key":"Nunchaku"},{"floor":26.0,"key":"White Beast Statue"},{"floor":30.0,"key":"Pantograph"},{"floor":40.0,"key":"Anchor"},{"floor":41.0,"key":"Old Coin"},{"floor":44,"key":"Smiling Mask"}],"event_choices":[{"damage_healed":0.0,"max_hp_gain":0.0,"max_hp_loss":0.0,"gold_gain":75.0,"event_name":"Golden Wing","player_choice":"Gained Gold","floor":2.0,"gold_loss":0.0,"damage_taken":0.0},{"damage_healed":0.0,"max_hp_gain":0.0,"max_hp_loss":0.0,"gold_gain":0.0,"event_name":"Accursed Blacksmith","player_choice":"Rummage","floor":10.0,"gold_loss":0.0,"damage_taken":0.0,"relics_obtained":["WarpedTongs"],"cards_obtained":["Pain"]},{"damage_healed":0.0,"max_hp_gain":0.0,"max_hp_loss":20.0,"gold_gain":0.0,"event_name":"Vampires","player_choice":"Became a vampire","floor":19.0,"gold_loss":0.0,"damage_taken":0.0,"cards_obtained":["Bite","Bite","Bite","Bite","Bite"]},{"damage_healed":0.0,"max_hp_gain":0.0,"max_hp_loss":0.0,"gold_gain":50.0,"event_name":"Nest","player_choice":"Stole From Cult","floor":21.0,"gold_loss":0.0,"damage_taken":0.0},{"damage_healed":0.0,"max_hp_gain":0.0,"max_hp_loss":0.0,"gold_gain":0.0,"event_name":"Winding Halls","player_choice":"Embrace Madness","floor":36.0,"gold_loss":0.0,"damage_taken":9.0,"cards_obtained":["Madness","Madness"]},{"damage_healed":0.0,"max_hp_gain":0.0,"max_hp_loss":0.0,"gold_gain":0.0,"event_name":"Lab","player_choice":"Got Potions","floor":38.0,"gold_loss":0.0,"damage_taken":0.0},{"damage_healed":0.0,"max_hp_gain":0.0,"max_hp_loss":0.0,"gold_gain":0.0,"event_name":"MindBloom","player_choice":"Fight","floor":41.0,"gold_loss":0.0,"damage_taken":0.0},{"damage_healed":0,"gold_gain":0,"player_choice":"Ignored","damage_taken":0,"max_hp_gain":0,"max_hp_loss":0,"event_name":"Tomb of Lord Red Mask","floor":47,"gold_loss":0}],"is_beta":false,"boss_relics":[{"not_picked":["HoveringKite","Coffee Dripper"],"picked":"Busted Crown"},{"not_picked":["Philosopher\u0027s Stone","SlaversCollar"],"picked":"Tiny House"}],"items_purged_floors":[3,14,48],"is_endless":false,"potions_floor_spawned":[1,4,6,8,18,20,24,27,28,29,30,33,35,37,39,40,41,44,45,46],"killed_by":"Time Eater","ascension_level":20}}