{"host":"4xofjiq1r0ijxx24","time":1609028132,"event":{"mods":["BaseMod","Colored Map","Infinite Spire","Minty Spire (QoL Compilation)","StSLib","The Bug Knight","The Cursed","The Servant 0.9.4"],"gold_per_floor":[112,112,132,93,93,93,136,152,222,222,240,240,263,281,281,407,407,393,409,6,6,6,6],"floor_reached":22,"playtime":2224,"items_purged":["Injury"],"score":136,"play_id":"55060a9b-d36c-4eba-9e15-61ba10f2674c","local_time":"20201226181532","is_ascension_mode":false,"campfire_choices":[{"data":"Eruption","floor":6,"key":"SMITH"},{"floor":10,"key":"REST"},{"floor":12,"key":"REST"},{"data":"Wallop","floor":15,"key":"SMITH"}],"circlet_count":0,"master_deck":["Strike_P","Strike_P","Strike_P","Strike_P","Defend_P","Defend_P+1","Defend_P","Defend_P+1","Eruption+1","Vigilance","Wallop+1","Halt","Vengeance","DevaForm","Scrawl+1","DeceiveReality+1","Protect+1","DeusExMachina+1","Halt+1","ReachHeaven","BowlingBash","Crescendo+1"],"relics":["PureWater","Bloody Idol","Pen Nib","Toxic Egg 2","SlaversCollar","Membership Card","Calipers"],"acts_visited":["TheCity"],"potions_floor_usage":[7,14,16,18],"damage_taken":[{"damage":1.0,"enemies":"2 Louse","floor":1.0,"turns":3.0},{"damage":0,"enemies":"Jaw Worm","floor":3,"turns":3},{"damage":45,"enemies":"3 Sentries","floor":7,"turns":13},{"damage":0,"enemies":"Small Slimes","floor":8,"turns":3},{"damage":15,"enemies":"Exordium Wildlife","floor":11,"turns":4},{"damage":0,"enemies":"Blue Slaver","floor":13,"turns":2},{"damage":5,"enemies":"Red Slaver","floor":14,"turns":6},{"damage":0,"enemies":"Slime Boss","floor":16,"turns":3},{"damage":4,"enemies":"2 Thieves","floor":18,"turns":4},{"damage":0,"enemies":"Snecko","floor":19,"turns":6},{"damage":80,"enemies":"Chosen and Byrds","floor":22,"turns":10}],"seed_played":"-510428297517537166","potions_obtained":[{"floor":1,"key":"PowerPotion"},{"floor":7,"key":"Ancient Potion"},{"floor":11,"key":"infinitespire:BlackPotion"},{"floor":13,"key":"DistilledChaos"}],"is_trial":false,"path_per_floor":["M","?","M","?","?","R","E","M","T","R","M","R","M","M","R","B",null,"M","M","$","?","M"],"character_chosen":"WATCHER","items_purchased":["BowlingBash","Crescendo+1","Membership Card","Calipers"],"campfire_rested":2,"item_purchase_floors":[20,20,20,20],"current_hp_per_floor":[78,62,62,62,62,62,17,17,17,40,25,48,48,43,43,43,79,75,75,75,75,0,0],"gold":6,"neow_bonus":"TEN_PERCENT_HP_BONUS","is_daily":false,"chose_seed":false,"campfire_upgraded":2,"win_rate":0.0,"timestamp":1609028132,"path_taken":["M","?","M","?","?","R","E","M","T","R","M","R","M","M","R","BOSS","M","M","$","?","M"],"items_purchased_type":["Card","Card","Relic","Relic"],"build_version":"2020-12-22","purchased_purges":1,"victory":false,"max_hp_per_floor":[79,79,79,79,79,79,79,79,79,79,79,79,79,79,79,79,79,79,79,79,79,79,79],"card_choices":[{"not_picked":["Vengeance","ThirdEye"],"picked":"Wallop","floor":1},{"not_picked":["Consecrate","PathToVictory"],"picked":"Halt","floor":3},{"not_picked":["Perseverance","Crescendo"],"picked":"Vengeance","floor":7},{"not_picked":["Halt","CrushJoints"],"picked":"DevaForm","floor":8},{"not_picked":["BowlingBash","Wallop"],"picked":"Scrawl+1","floor":11},{"not_picked":["JustLucky","FollowUp"],"picked":"DeceiveReality+1","floor":13},{"not_picked":["BowlingBash","Consecrate"],"picked":"Protect+1","floor":14},{"not_picked":["Establishment","LessonLearned"],"picked":"DeusExMachina+1","floor":16},{"not_picked":["WindmillStrike","Consecrate"],"picked":"Halt+1","floor":18},{"not_picked":["EmptyBody+1","Wallop"],"picked":"ReachHeaven","floor":19}],"player_experience":94681,"relics_obtained":[{"floor":7,"key":"Pen Nib"},{"floor":9,"key":"Toxic Egg 2"}],"event_choices":[{"damage_healed":0,"gold_gain":0,"player_choice":"Entered Light","damage_taken":16,"max_hp_gain":0,"max_hp_loss":0,"event_name":"Shining Light","floor":2,"gold_loss":0,"cards_upgraded":["Defend_P","Defend_P"]},{"damage_healed":0,"gold_gain":0,"player_choice":"Left Gold","damage_taken":0,"max_hp_gain":0,"max_hp_loss":0,"event_name":"World of Goop","floor":4,"gold_loss":39},{"damage_healed":0,"gold_gain":0,"player_choice":"Take Wound","damage_taken":0,"relics_obtained":["Golden Idol"],"max_hp_gain":0,"max_hp_loss":0,"event_name":"Golden Idol","floor":5,"gold_loss":0,"cards_obtained":["Injury"]},{"damage_healed":0,"gold_gain":0,"player_choice":"Gave Idol","damage_taken":0,"relics_obtained":["Bloody Idol"],"max_hp_gain":0,"max_hp_loss":0,"event_name":"Forgotten Altar","floor":21,"relics_lost":["Golden Idol"],"gold_loss":0}],"is_beta":false,"boss_relics":[{"not_picked":["Philosopher\u0027s Stone","Velvet Choker"],"picked":"SlaversCollar"}],"items_purged_floors":[20],"is_endless":false,"potions_floor_spawned":[1,7,11,13],"killed_by":"Chosen and Byrds","ascension_level":0}}