{"host":"7h92ovu14wtbhddo","time":1609058615,"event":{"mods":["AchievementEnabler","BaseMod","Downfall","Minty Spire (QoL Compilation)","StSLib","SuperFastMode"],"gold_per_floor":[0,16,29,49,69,69,116,149,166,166,184,201,201,301,317,415,415,415,432,447,460,471,456,482,482,497,497,511,511,511,529,547,652,652,652,672,690,24,35,46,46,78,78,78,94,106,11,26,42,42],"floor_reached":51,"playtime":3007,"items_purged":["Guardian:Strike_Guardian","Guardian:Strike_Guardian"],"score":700,"play_id":"46f46e64-84c2-4e55-958c-db1f7e30fb22","local_time":"20201227164335","is_ascension_mode":true,"campfire_choices":[{"data":"Guardian:TwinSlam","floor":1.0,"key":"SMITH"},{"data":"Guardian:ChargeCore","floor":6.0,"key":"SMITH"},{"data":"Guardian:CurlUp","floor":10.0,"key":"SMITH"},{"data":"Guardian:Orbwalk","floor":13.0,"key":"SMITH"},{"data":"Guardian:Suspension","floor":18.0,"key":"SMITH"},{"data":"Guardian:TimeCapacitor","floor":25.0,"key":"SMITH"},{"data":"Guardian:BronzeArmor","floor":29.0,"key":"SMITH"},{"data":"Guardian:StasisField","floor":35.0,"key":"SMITH"},{"data":"Guardian:PolyBeam","floor":44,"key":"SMITH"}],"circlet_count":0,"master_deck":["Guardian:Strike_Guardian","Guardian:Defend_Guardian","Guardian:Defend_Guardian","Guardian:Defend_Guardian","Guardian:Defend_Guardian","Guardian:CurlUp+1","Guardian:TwinSlam+1","Guardian:ChargeCore+1","Guardian:Planning","Guardian:GatlingBeam","Guardian:PrimingBeam","Guardian:Suspension+1","Guardian:Orbwalk+1","CurseOfTheBell","Guardian:TimeCapacitor+1","Guardian:ShieldCharger","Guardian:PrimingBeam+1","Guardian:StasisEngine","Guardian:BronzeArmor+1","Guardian:TemporalStrike","Guardian:StasisField+1","Guardian:EvasiveProtocol+1","Guardian:PolyBeam+1","Guardian:Suspension+1","Guardian:Preprogram","Guardian:SentryBeam+1","Guardian:RevengeProtocol","Guardian:MultiBeam"],"relics":["Guardian:ModeShifter","Thread and Needle","Nunchaku","Boot","Calling Bell","Potion Belt","The Courier","Du-Vu Doll","Omamori","WarpedTongs","Cursed Key","Ice Cream","Guardian:StasisUpgradeRelic","Matryoshka","Guardian:DefensiveModeMoreBlock","Bottled Tornado"],"acts_visited":["TheCity","TheBeyond"],"potions_floor_usage":[42],"damage_taken":[{"damage":0.0,"enemies":"Jaw Worm","floor":2.0,"turns":3.0},{"damage":0.0,"enemies":"Cultist","floor":3.0,"turns":3.0},{"damage":0.0,"enemies":"Small Slimes","floor":4.0,"turns":2.0},{"damage":0.0,"enemies":"Red Slaver","floor":5.0,"turns":3.0},{"damage":4.0,"enemies":"Lagavulin","floor":8.0,"turns":6.0},{"damage":0.0,"enemies":"Exordium Wildlife","floor":9.0,"turns":3.0},{"damage":0.0,"enemies":"Large Slime","floor":11.0,"turns":4.0},{"damage":3.0,"enemies":"Blue Slaver","floor":12.0,"turns":3.0},{"damage":0.0,"enemies":"2 Fungi Beasts","floor":15.0,"turns":4.0},{"damage":28.0,"enemies":"downfall:Ironclad","floor":16.0,"turns":9.0},{"damage":1.0,"enemies":"3 Byrds","floor":19.0,"turns":3.0},{"damage":9.0,"enemies":"Chosen","floor":20.0,"turns":5.0},{"damage":13.0,"enemies":"Snecko","floor":21.0,"turns":6.0},{"damage":14.0,"enemies":"3 Cultists","floor":22.0,"turns":5.0},{"damage":0.0,"enemies":"downfall:FleeingMerchant","floor":23.0,"turns":4.0},{"damage":8.0,"enemies":"Snake Plant","floor":26.0,"turns":4.0},{"damage":0.0,"enemies":"Snecko","floor":28.0,"turns":5.0},{"damage":3.0,"enemies":"3 Cultists","floor":31.0,"turns":4.0},{"damage":3.0,"enemies":"Centurion and Healer","floor":32.0,"turns":7.0},{"damage":17.0,"enemies":"downfall:Watcher","floor":33.0,"turns":8.0},{"damage":2.0,"enemies":"Orb Walker","floor":36.0,"turns":6.0},{"damage":27.0,"enemies":"3 Darklings","floor":37.0,"turns":5.0},{"damage":0.0,"enemies":"downfall:FleeingMerchant","floor":38.0,"turns":4.0},{"damage":0.0,"enemies":"Transient","floor":39.0,"turns":5.0},{"damage":7.0,"enemies":"4 Shapes","floor":40.0,"turns":8.0},{"damage":21,"enemies":"Reptomancer","floor":42,"turns":6},{"damage":0,"enemies":"Maw","floor":45,"turns":6},{"damage":0,"enemies":"Jaw Worm Horde","floor":46,"turns":4},{"damage":0,"enemies":"downfall:FleeingMerchant","floor":47,"turns":4},{"damage":12,"enemies":"4 Shapes","floor":48,"turns":4},{"damage":0,"enemies":"Maw","floor":49,"turns":6},{"damage":16,"enemies":"downfall:Defect","floor":50,"turns":6}],"seed_played":"5662133150546517470","potions_obtained":[{"floor":4.0,"key":"Fire Potion"},{"floor":5.0,"key":"hexamod:EctoCoolerPotion"},{"floor":11.0,"key":"AttackPotion"},{"floor":12.0,"key":"AttackPotion"},{"floor":21.0,"key":"Fire Potion"},{"floor":28.0,"key":"hexamod:EctoCoolerPotion"},{"floor":31.0,"key":"Block Potion"},{"floor":32.0,"key":"FairyPotion"},{"floor":33.0,"key":"hexamod:EctoCoolerPotion"},{"floor":36.0,"key":"DistilledChaos"},{"floor":37.0,"key":"Guardian:BlockOnCardUsePotion"},{"floor":39.0,"key":"Fire Potion"},{"floor":40.0,"key":"Energy Potion"},{"floor":43,"key":"Fire Potion"},{"floor":48,"key":"Energy Potion"}],"is_trial":false,"path_per_floor":["R","M","M","M","M","R","T","E","M","R","M","M","R","?","M","B",null,"R","M","M","M","M","$","T","R","M","?","M","R","?","M","M","B",null,"R","M","M","$","M","M","T","E","?","R","M","M","$","M","M","B",null],"character_chosen":"GUARDIAN","items_purchased":["Ice Cream","Guardian:StasisUpgradeRelic","Guardian:Preprogram","Matryoshka"],"campfire_rested":0,"item_purchase_floors":[38,38,38,38],"current_hp_per_floor":[80,80,80,80,80,80,80,76,76,76,76,73,73,73,73,45,80,80,79,70,57,43,43,43,43,35,35,35,35,35,32,29,12,80,80,78,51,51,51,44,44,23,23,23,23,23,23,11,11,21],"gold":42,"neow_bonus":"ONE_RARE_RELIC","is_daily":false,"chose_seed":false,"campfire_upgraded":9,"win_rate":0.0,"timestamp":1609058615,"path_taken":["R","M","M","M","M","R","T","E","M","R","M","M","R","?","M","BOSS","R","M","?","M","M","$","T","R","M","?","?","R","?","M","M","BOSS","R","M","M","$","M","M","T","E","?","R","?","M","$","M","M","BOSS"],"items_purchased_type":["Relic","Relic","Card","Relic"],"build_version":"2020-12-22","purchased_purges":2,"victory":true,"max_hp_per_floor":[80,80,80,80,80,80,80,80,80,80,80,80,80,80,80,80,80,80,80,80,80,80,80,80,80,80,80,80,80,80,80,80,80,80,80,80,80,80,80,80,80,80,80,80,80,80,80,80,80,80],"card_choices":[{"not_picked":["Guardian:Gem_Lightblue","Guardian:Reroute"],"picked":"Guardian:ChargeCore","floor":2.0},{"not_picked":["Guardian:WalkerClaw","Guardian:Gem_Lightblue"],"picked":"Guardian:Planning","floor":3.0},{"not_picked":["Guardian:Planning","Guardian:Suspension"],"picked":"Guardian:GatlingBeam","floor":4.0},{"not_picked":["Guardian:VentSteam","Guardian:Recover","Guardian:CrystalBeam"],"picked":"SKIP","floor":5.0},{"not_picked":["Guardian:PiercingHide","Guardian:ChargeCore"],"picked":"Guardian:PrimingBeam","floor":8.0},{"not_picked":["Guardian:Reroute","Guardian:Gem_White"],"picked":"Guardian:Gem_Yellow","floor":9.0},{"not_picked":["Guardian:GatlingBeam","Guardian:ShieldCharger"],"picked":"Guardian:Suspension","floor":11.0},{"not_picked":["Guardian:ShieldSpikes","Guardian:Gem_White"],"picked":"Guardian:Orbwalk","floor":12.0},{"not_picked":["Guardian:VentSteam","Guardian:Gem_Cyan","Guardian:ArmoredProtocol"],"picked":"SKIP","floor":15.0},{"not_picked":["Guardian:RevengeProtocol","Guardian:GatlingBeam"],"picked":"Guardian:Gem_Orange","floor":16.0},{"not_picked":["Guardian:ChargeCore","Guardian:Reroute"],"picked":"Guardian:TimeCapacitor","floor":19.0},{"not_picked":["Guardian:Incinerate","Guardian:Gem_Red"],"picked":"Guardian:ShieldCharger","floor":20.0},{"not_picked":["Guardian:SpikerProtocol","Guardian:VentSteam","Guardian:Gem_Cyan"],"picked":"SKIP","floor":21.0},{"not_picked":["Guardian:PiercingHide+1","Guardian:RefractedBeam+1"],"picked":"Guardian:PrimingBeam+1","floor":22.0},{"not_picked":["Guardian:Gem_Purple","Guardian:ChargeCore"],"picked":"Guardian:StasisEngine","floor":23.0},{"not_picked":["Guardian:Gem_Green","Guardian:ArmoredProtocol"],"picked":"Guardian:BronzeArmor","floor":26.0},{"not_picked":["Guardian:VentSteam","Guardian:Gem_Blue","Guardian:PrimingBeam+1"],"picked":"SKIP","floor":28.0},{"not_picked":["Guardian:Suspension","Guardian:Orbwalk+1"],"picked":"Guardian:TemporalStrike","floor":31.0},{"not_picked":["Guardian:Reroute","Guardian:PiercingHide"],"picked":"Guardian:Gem_Synthetic","floor":32.0},{"not_picked":["Guardian:BaubleBeam","Guardian:AncientConstruct"],"picked":"Guardian:StasisField","floor":33.0},{"not_picked":["Guardian:DonusPower","Guardian:BronzeOrb"],"picked":"Guardian:EvasiveProtocol+1","floor":36.0},{"not_picked":["Guardian:ShieldCharger","Guardian:DecasProtection+1"],"picked":"Guardian:PolyBeam","floor":37.0},{"not_picked":["Guardian:Incinerate","Guardian:TemporalShield"],"picked":"Guardian:Suspension+1","floor":38.0},{"not_picked":["Guardian:PiercingHide+1","Guardian:Suspension"],"picked":"Guardian:Gem_Red","floor":39.0},{"not_picked":["Guardian:Planning+1","Guardian:ShieldCharger","Guardian:PrimingBeam"],"picked":"SKIP","floor":40.0},{"not_picked":["Guardian:SpikerProtocol","Guardian:PiercingHide+1"],"picked":"Guardian:SentryBeam+1","floor":42},{"not_picked":["Guardian:ShieldCharger+1","Guardian:Recover+1"],"picked":"Guardian:RevengeProtocol","floor":45},{"not_picked":["Guardian:Incinerate","Guardian:Gem_Red"],"picked":"Guardian:MultiBeam","floor":46},{"not_picked":["Guardian:Gem_Cyan","Guardian:ChargeCore+1","Guardian:TemporalStrike+1"],"picked":"SKIP","floor":47},{"not_picked":["Guardian:Gem_Green","Guardian:RevengeProtocol","Guardian:TemporalShield"],"picked":"SKIP","floor":48},{"not_picked":["Guardian:Gem_Green","Guardian:Recover+1","Guardian:ChargeCore+1"],"picked":"SKIP","floor":49}],"player_experience":321757,"relics_obtained":[{"floor":7.0,"key":"Nunchaku"},{"floor":8.0,"key":"Boot"},{"floor":17.0,"key":"Potion Belt"},{"floor":17.0,"key":"The Courier"},{"floor":17.0,"key":"Du-Vu Doll"},{"floor":24.0,"key":"Omamori"},{"floor":41.0,"key":"Guardian:DefensiveModeMoreBlock"},{"floor":42,"key":"Bottled Tornado"}],"event_choices":[{"cards_removed":["Guardian:Strike_Guardian"],"damage_healed":0.0,"max_hp_gain":0.0,"max_hp_loss":0.0,"gold_gain":0.0,"event_name":"Back to Basics","player_choice":"Elegance","floor":30.0,"gold_loss":0.0,"damage_taken":0.0},{"damage_healed":0,"gold_gain":0,"player_choice":"Got Potions","damage_taken":0,"max_hp_gain":0,"max_hp_loss":0,"event_name":"Lab","floor":43,"gold_loss":0}],"is_beta":false,"boss_relics":[{"not_picked":["SacredBark","downfall:Hecktoplasm"],"picked":"Calling Bell"},{"not_picked":["SlaversCollar","Runic Pyramid"],"picked":"Cursed Key"}],"items_purged_floors":[38,47],"is_endless":false,"potions_floor_spawned":[4,5,11,12,16,21,28,31,32,33,36,37,39,40,45,48],"ascension_level":1}}