{"host":"bjzqjr1ycgj8gt55","time":1609040473,"event":{"mods":["BaseMod","Block Reminder","Colored Map","Colored Powertips","Downfall","GifTheSpireLib","Minty Spire (QoL Compilation)","Rare Cards Sparkle","Spicy Shops","StSLib","Waifu the Spire"],"gold_per_floor":[99,99,99,99,99,128,155,167,52,116,134,40,40,54,74,173,173,173,173,44,44,54,88,88,88,102,27,27,73,73,104,122,225,225,225,275,288,27,39,57,57,88,13,29,42,42,69,69,87,87],"floor_reached":51,"playtime":1773,"items_purged":["Guardian:Strike_Guardian"],"score":927,"play_id":"d21ff4c3-f4cf-4c37-ad97-2c0e9df58906","local_time":"20201226214113","is_ascension_mode":true,"campfire_choices":[{"floor":1,"key":"RECALL"},{"floor":13,"key":"REST"},{"data":"Guardian:ExploitGems","floor":18,"key":"SMITH"},{"floor":30,"key":"REST"},{"floor":43,"key":"REST"},{"floor":46,"key":"REST"},{"floor":48,"key":"REST"}],"circlet_count":0,"master_deck":["Guardian:Strike_Guardian+1","Guardian:Strike_Guardian+1","Guardian:Defend_Guardian","Guardian:Defend_Guardian","Guardian:CurlUp","Guardian:TwinSlam","Guardian:BronzeArmor","Guardian:PiercingHide","Guardian:ArmoredProtocol","Guardian:GemFire+1","Guardian:Orbwalk","Guardian:CrystalBeam+1","Guardian:ExploitGems+1","Guardian:Orbwalk","Guardian:SpikerProtocol","Guardian:ExploitGems","Guardian:Harden+1","Guardian:Planning+1","Guardian:RevengeProtocol","Guardian:Harden","Guardian:EvasiveProtocol","Guardian:GemFinder","Guardian:Gem_Purple","Guardian:Gem_Lightblue","Guardian:TimeCapacitor+1","Guardian:Gem_Red","Guardian:Gem_Purple","Guardian:Gem_Red","Guardian:Gem_Red","Guardian:Gem_Green","Guardian:Planning","Guardian:Gem_Lightblue","Guardian:Gem_Red","Guardian:Gem_Red","Guardian:Gem_Red","Guardian:RevengeProtocol","Guardian:Gem_Red","Guardian:Planning+1"],"relics":["Guardian:ModeShifterPlus","downfall:HeartsMalice","Molten Egg 2","PreservedInsect","Question Card","Pantograph","Lizard Tail","Enchiridion","Guardian:PickAxe","downfall:HeartBlessingRed","Whetstone","Empty Cage","CaptainsWheel","Bottled Tornado","Blood Vial","White Beast Statue","downfall:HeartBlessingBlue","Mercury Hourglass"],"acts_visited":["Exordium","TheCity","TheBeyond"],"potions_floor_usage":[16,33,33,37,45],"damage_taken":[{"damage":0,"enemies":"Small Slimes","floor":2,"turns":1},{"damage":0,"enemies":"2 Louse","floor":4,"turns":1},{"damage":0,"enemies":"3 Sentries","floor":6,"turns":1},{"damage":0,"enemies":"Jaw Worm","floor":8,"turns":3},{"damage":0,"enemies":"downfall:FleeingMerchant","floor":9,"turns":4},{"damage":21,"enemies":"Lagavulin Event","floor":10,"turns":9},{"damage":0,"enemies":"2 Fungi Beasts","floor":11,"turns":4},{"damage":0,"enemies":"downfall:FleeingMerchant","floor":12,"turns":4},{"damage":0,"enemies":"Blue Slaver","floor":14,"turns":2},{"damage":0,"enemies":"Exordium Wildlife","floor":15,"turns":1},{"damage":29,"enemies":"downfall:Silent","floor":16,"turns":8},{"damage":0,"enemies":"Chosen","floor":19,"turns":1},{"damage":6,"enemies":"downfall:FleeingMerchant","floor":20,"turns":4},{"damage":3,"enemies":"Centurion and Healer","floor":22,"turns":6},{"damage":7,"enemies":"Book of Stabbing","floor":23,"turns":3},{"damage":0,"enemies":"downfall:FleeingMerchant","floor":26,"turns":3},{"damage":12,"enemies":"Slavers","floor":31,"turns":3},{"damage":0,"enemies":"Chosen and Byrds","floor":32,"turns":3},{"damage":29,"enemies":"downfall:Ironclad","floor":33,"turns":4},{"damage":0,"enemies":"Mind Bloom Boss Battle","floor":36,"turns":5},{"damage":0,"enemies":"3 Darklings","floor":37,"turns":1},{"damage":21,"enemies":"3 Shapes","floor":39,"turns":4},{"damage":0,"enemies":"Jaw Worm Horde","floor":40,"turns":1},{"damage":48,"enemies":"Reptomancer","floor":42,"turns":3},{"damage":4,"enemies":"3 Darklings","floor":44,"turns":2},{"damage":1,"enemies":"Sphere and 2 Shapes","floor":45,"turns":2},{"damage":40,"enemies":"Nemesis","floor":47,"turns":5},{"damage":10,"enemies":"Maw","floor":49,"turns":6},{"damage":0,"enemies":"downfall:Defect","floor":50,"turns":4}],"seed_played":"-3430045281016768911","potions_obtained":[{"floor":6,"key":"Guardian:AcceleratePotion"},{"floor":11,"key":"DistilledChaos"},{"floor":14,"key":"Dexterity Potion"},{"floor":16,"key":"BlessingOfTheForge"},{"floor":31,"key":"Explosive Potion"},{"floor":42,"key":"sneckomod:MuddlingPotion"},{"floor":44,"key":"Swift Potion"},{"floor":45,"key":"Ancient Potion"},{"floor":47,"key":"SteroidPotion"}],"is_trial":false,"path_per_floor":["R","M","?","M","?","E","T","M","$","?","M","$","R","M","M","B",null,"R","M","$","?","M","E","T","?","$","R","$","T","R","E","M","B",null,"R","?","M","?","M","M","T","E","R","M","M","R","E","R","M","B",null],"character_chosen":"GUARDIAN","items_purchased":["Guardian:Gem_Red","Guardian:Gem_Crimson","Guardian:Orbwalk","Guardian:Gem_White","Guardian:PickAxe","Guardian:RevengeProtocol","Guardian:Harden","Bottled Tornado"],"campfire_rested":5,"item_purchase_floors":[9,9,12,20,26,26,26,38],"current_hp_per_floor":[80,80,80,80,80,80,80,80,80,59,59,59,80,80,80,51,80,80,80,74,74,71,64,64,48,48,48,48,48,72,60,60,51,80,80,80,80,80,59,59,59,13,50,48,49,76,38,65,57,84],"gold":87,"neow_bonus":"THREE_ENEMY_KILL","is_daily":false,"chose_seed":false,"campfire_upgraded":1,"win_rate":0.0,"timestamp":1609040473,"path_taken":["R","M","?","M","?","E","T","M","$","?","M","$","R","M","M","BOSS","R","M","$","?","M","E","T","?","$","R","$","?","R","E","M","BOSS","R","?","M","?","M","M","T","E","R","M","M","R","E","R","M","BOSS"],"items_purchased_type":["Card","Card","Card","Card","Relic","Card","Card","Relic"],"build_version":"2020-12-22","purchased_purges":1,"victory":true,"max_hp_per_floor":[80,80,80,80,80,80,80,80,80,80,80,80,80,80,80,80,80,80,80,80,80,80,80,80,80,80,80,80,80,80,80,80,80,80,80,80,80,80,80,80,80,80,90,90,90,90,90,90,90,90],"card_choices":[{"not_picked":["Guardian:TimeCapacitor","Guardian:ShieldCharger"],"picked":"Guardian:BronzeArmor","floor":2},{"not_picked":["Guardian:Suspension","Guardian:BronzeOrb"],"picked":"Guardian:PiercingHide","floor":4},{"not_picked":["Guardian:Recover","Guardian:Gem_Red"],"picked":"Guardian:Gem_Fragmented","floor":6},{"not_picked":["Guardian:Recover","Guardian:Suspension"],"picked":"Guardian:ArmoredProtocol","floor":8},{"not_picked":["Guardian:TimeBomb","Guardian:Recover"],"picked":"Guardian:Gem_Yellow","floor":9},{"not_picked":["Guardian:AncientConstruct","Guardian:Recover"],"picked":"Guardian:Gem_Lightblue","floor":10},{"not_picked":["Guardian:TimeCapacitor","Guardian:BronzeOrb+1","Guardian:TemporalStrike+1","Guardian:TemporalShield"],"picked":"SKIP","floor":11},{"not_picked":["Guardian:RollAttack+1","Guardian:Recover","Guardian:TemporalStrike+1"],"picked":"Guardian:GemFire+1","floor":12},{"not_picked":["Guardian:PolyBeam+1","Guardian:PiercingHide","Guardian:Gem_Yellow"],"picked":"Guardian:Gem_Red","floor":14},{"not_picked":["Guardian:Suspension","Guardian:ChargeCore+1","Guardian:Gem_Green"],"picked":"Guardian:CrystalBeam+1","floor":15},{"not_picked":["Guardian:SphericShield","Guardian:GatlingBeam+1","Guardian:GemFire+1"],"picked":"Guardian:ExploitGems","floor":16},{"not_picked":["Guardian:Gem_Red","Guardian:TemporalShield","Guardian:Planning"],"picked":"Guardian:Orbwalk","floor":19},{"not_picked":["Guardian:Gem_Red","Guardian:ChargeCore+1","Guardian:MultiBeam+1"],"picked":"Guardian:SpikerProtocol","floor":20},{"not_picked":["Guardian:Incinerate+1","Guardian:Planning","Guardian:PrismaticBeam+1"],"picked":"Guardian:ExploitGems","floor":22},{"not_picked":["Guardian:WalkerClaw+1","Guardian:Recover","Guardian:DecasProtection"],"picked":"Guardian:Harden+1","floor":23},{"not_picked":["Guardian:Recover","Guardian:Harden","Guardian:SentryBeam+1"],"picked":"Guardian:Planning+1","floor":26},{"not_picked":["Guardian:TemporalStrike+1","Guardian:Gem_Red","Guardian:Gem_Lightblue"],"picked":"Guardian:EvasiveProtocol","floor":31},{"not_picked":["Guardian:Clone","Guardian:Emergency","Guardian:ShieldCharger","Guardian:VentSteam"],"picked":"SKIP","floor":32},{"not_picked":["Guardian:StasisEngine","Guardian:StasisStrike+1","Guardian:GatlingBeam+1"],"picked":"Guardian:GemFinder","floor":33},{"not_picked":["Guardian:Harden","Guardian:Gem_Cyan","Guardian:PolyBeam+1"],"picked":"Guardian:Gem_Lightblue","floor":36},{"not_picked":["Guardian:Planning+1","Guardian:Incinerate+1","Guardian:BronzeOrb+1"],"picked":"Guardian:TimeCapacitor+1","floor":37},{"not_picked":["Guardian:Gem_Lightblue","Guardian:Gem_Green"],"picked":"Guardian:Gem_Red","floor":39},{"not_picked":["Guardian:RefractedBeam+1","Guardian:Gem_Lightblue","Guardian:BronzeArmor"],"picked":"Guardian:Gem_Purple","floor":39},{"not_picked":["Guardian:Gem_Lightblue","Guardian:Gem_Green"],"picked":"Guardian:Gem_Red","floor":40},{"not_picked":["Guardian:BronzeArmor+1","Guardian:Preprogram","Guardian:WalkerClaw+1"],"picked":"Guardian:Gem_Red","floor":40},{"not_picked":["Guardian:Gem_Lightblue","Guardian:Gem_Cyan"],"picked":"Guardian:Gem_Green","floor":42},{"not_picked":["Guardian:Reroute+1","Guardian:PolyBeam+1","Guardian:Suspension+1"],"picked":"Guardian:Planning","floor":42},{"not_picked":["Guardian:Gem_Cyan","Guardian:Gem_Green"],"picked":"Guardian:Gem_Lightblue","floor":44},{"not_picked":["Guardian:RollAttack+1","Guardian:TemporalShield+1","Guardian:WalkerClaw+1","Guardian:EvasiveProtocol"],"picked":"SKIP","floor":44},{"not_picked":["Guardian:Gem_Lightblue","Guardian:Gem_Green"],"picked":"Guardian:Gem_Red","floor":45},{"not_picked":["Guardian:TemporalShield","Guardian:PiercingHide","Guardian:StasisStrike+1"],"picked":"Guardian:Gem_Red","floor":45},{"not_picked":["Guardian:Gem_Green","Guardian:Gem_Lightblue"],"picked":"Guardian:Gem_Red","floor":47},{"not_picked":["Guardian:RollAttack+1","Guardian:ChargeCore+1","Guardian:TemporalStrike+1"],"picked":"Guardian:RevengeProtocol","floor":47},{"not_picked":["Guardian:Gem_Cyan","Guardian:Gem_Green"],"picked":"Guardian:Gem_Red","floor":49},{"not_picked":["Guardian:FuturePlans+1","Guardian:Gem_Yellow","Guardian:Recover"],"picked":"Guardian:Planning+1","floor":49}],"player_experience":109307,"relics_obtained":[{"floor":6,"key":"Molten Egg 2"},{"floor":7,"key":"PreservedInsect"},{"floor":10,"key":"Question Card"},{"floor":23,"key":"Pantograph"},{"floor":24,"key":"Lizard Tail"},{"floor":25,"key":"Enchiridion"},{"floor":31,"key":"Whetstone"},{"floor":36,"key":"CaptainsWheel"},{"floor":41,"key":"Blood Vial"},{"floor":42,"key":"White Beast Statue"},{"floor":47,"key":"Mercury Hourglass"}],"event_choices":[{"damage_healed":0,"gold_gain":0,"player_choice":"Ignored","damage_taken":0,"max_hp_gain":0,"max_hp_loss":0,"event_name":"Vampires","floor":21,"gold_loss":0}],"is_beta":false,"boss_relics":[{"not_picked":["Guardian:StasisSlotReductionRelic","Fusion Hammer"],"picked":"Guardian:ModeShifterPlus"},{"not_picked":["Astrolabe","Velvet Choker"],"picked":"Empty Cage"}],"items_purged_floors":[20],"is_endless":false,"potions_floor_spawned":[6,11,14,15,16,22,23,31,32,42,44,45,47,49],"ascension_level":1}}