{"host":"9l2xd2qbyxfqdc97","time":1609092354,"event":{"mods":["BaseMod","Colored Map","Highlight Path","Minty Spire (QoL Compilation)","Quick Restart"],"gold_per_floor":[365,375,82,82,92,92,123,123,123,139,59,59,37,51,51,51,51],"floor_reached":16,"playtime":560,"items_purged":["Defend_P"],"score":115,"play_id":"9a520ef9-86e2-4f3e-a9da-138f4b7f2f8d","local_time":"20201228030554","is_ascension_mode":true,"campfire_choices":[{"data":"Eruption","floor":6.0,"key":"SMITH"},{"data":"Adaptation","floor":8.0,"key":"SMITH"},{"data":"Adaptation","floor":12.0,"key":"SMITH"},{"floor":15.0,"key":"REST"}],"circlet_count":0,"master_deck":["Strike_P","Strike_P","Strike_P","Defend_P","Defend_P","Defend_P","Eruption+1","Vigilance","Crescendo","Adaptation+1","Adaptation+1","ClearTheMind"],"relics":["PureWater","Anchor","Lizard Tail","Girya"],"acts_visited":["Exordium"],"potions_floor_usage":[16,16],"damage_taken":[{"damage":6.0,"enemies":"Small Slimes","floor":1.0,"turns":3.0},{"damage":0.0,"enemies":"Jaw Worm","floor":2.0,"turns":2.0},{"damage":0.0,"enemies":"Cultist","floor":5.0,"turns":2.0},{"damage":19.0,"enemies":"Lagavulin","floor":7.0,"turns":7.0},{"damage":0.0,"enemies":"2 Fungi Beasts","floor":10.0,"turns":2.0},{"damage":9.0,"enemies":"Lots of Slimes","floor":14.0,"turns":4.0},{"damage":76,"enemies":"Hexaghost","floor":16,"turns":13}],"seed_played":"-4575627150225304243","potions_obtained":[{"floor":2.0,"key":"SpeedPotion"},{"floor":7.0,"key":"Fire Potion"},{"floor":14.0,"key":"Weak Potion"}],"is_trial":false,"path_per_floor":["M","M","$","?","M","R","E","R","T","M","$","R","$","M","R","B"],"character_chosen":"WATCHER","items_purchased":["Adaptation","Anchor","Adaptation","ClearTheMind"],"campfire_rested":1,"item_purchase_floors":[3,3,11,13],"current_hp_per_floor":[59,59,59,52,52,52,33,33,33,33,33,33,33,24,43,0,0],"gold":51,"neow_bonus":"TWO_FIFTY_GOLD","is_daily":false,"chose_seed":false,"campfire_upgraded":3,"win_rate":0.0,"timestamp":1609092354,"path_taken":["M","M","$","?","M","R","E","R","T","M","$","R","?","M","R","BOSS"],"items_purchased_type":["Card","Relic","Card","Card"],"build_version":"2020-12-22","purchased_purges":1,"victory":false,"max_hp_per_floor":[65,65,65,65,65,65,65,65,65,65,65,65,65,65,65,65,65],"card_choices":[{"not_picked":["FlyingSleeves","Prostrate"],"picked":"Crescendo","floor":1.0},{"not_picked":["Conclude","Prostrate","EmptyFist"],"picked":"SKIP","floor":2.0},{"not_picked":["BattleHymn","Consecrate","Meditate"],"picked":"SKIP","floor":5.0},{"not_picked":["BowlingBash","Protect","ConjureBlade"],"picked":"SKIP","floor":7.0},{"not_picked":["Prostrate","Swivel","BattleHymn"],"picked":"SKIP","floor":10.0},{"not_picked":["BattleHymn","Prostrate","Nirvana"],"picked":"SKIP","floor":14.0}],"player_experience":193125,"relics_obtained":[{"floor":7.0,"key":"Lizard Tail"},{"floor":9.0,"key":"Girya"}],"event_choices":[{"cards_removed":["Strike_P"],"damage_healed":0.0,"max_hp_gain":0.0,"max_hp_loss":0.0,"gold_gain":0.0,"event_name":"Golden Wing","player_choice":"Card Removal","floor":4.0,"gold_loss":0.0,"damage_taken":7.0}],"is_beta":false,"boss_relics":[],"items_purged_floors":[3],"is_endless":false,"potions_floor_spawned":[2,7,14],"killed_by":"Hexaghost","ascension_level":3}}