{"host":"vhvm1b4sel61ztfv","time":1609031430,"event":{"mods":["BaseMod","BetterRewards","Displayed Cursed Tome","Minty Spire (QoL Compilation)","Replay The Spire","StSLib","The Blue Laboratory"],"gold_per_floor":[441,474,40,88,88,172,202,256,256,256,57,105,159,219,219,507,507,552,552,44,80,80,80,80,80,80,80,80,161,197,299,299,611,611,662,812,866,12,42,42,42,132,159,44,44,122,5,110,0,309,309,342,387,417,261,19,100,100,136,212,212,272,272,179,263,263,578,578,614,552,597,126,126,228,303,303,405,444,531,531,636,711,711,1008,1008,1062,11,11],"floor_reached":87,"playtime":4030,"items_purged":["Dual Wield"],"score":2918,"play_id":"6d3fa258-ca99-4ef5-af79-827e2dcdf8a5","local_time":"20201226201030","daily_mods":["Draft","Vintage","Heirloom","Time Dilation","Flight","DeadlyEvents","Elite Swarm","Lethality","Midas"],"is_ascension_mode":true,"campfire_choices":[{"floor":10,"key":"REST"},{"floor":15,"key":"REST"},{"floor":23,"key":"REST"},{"floor":24,"key":"REST"},{"floor":25,"key":"REST"},{"floor":27,"key":"REST"},{"floor":28,"key":"REST"},{"floor":32,"key":"REST"},{"floor":40,"key":"REST"},{"floor":41,"key":"REST"},{"floor":45,"key":"REST"},{"data":"1","floor":58,"key":"LIFT"},{"data":"2","floor":61,"key":"LIFT"},{"floor":63,"key":"REST"},{"data":"3","floor":66,"key":"LIFT"},{"floor":80,"key":"REST"},{"floor":83,"key":"REST"}],"circlet_count":0,"master_deck":["Massacre+1","Shrug It Off+1","Armaments+1","Clash+1","Iron Wave+1","Flex+1","Anger+1","Uppercut+1","Hemokinesis","Ghostly Armor+1","Headbutt+1","Rupture+1","Pummel+1","Flex+1","Shrug It Off+1","Metallicize+1","Demon Form+1","Cleave+1","Mayhem+1","Pot Of Greed+1","Pot Of Greed+1","Inflame+1","Combust+1","Rupture+1","Bloodletting","ReplayTheSpireMod:Muscle Training","Pot Of Greed","Immolate+1","Bloodletting","Dramatic Entrance+1","Heavy Blade","Brutality+1","Bludgeon"],"relics":["Burning Blood","replay:Trail_Library","Old Coin","Replay:Bottled Flurry","Replay:Ringing Soul","BargainBundle","Replay:WaspNest","Strawberry","Gremlin Food","Happy Flower","The Courier","Garlic","Guide Book","Toy Ornithopter","Shuriken","Singing Bowl","Busted Crown","Frozen Egg 2","Orrery","Grinning Jar","Replay:Rubber Ducky","Pear","Prayer Wheel","Art of War","Mercury Hourglass","SlaversCollar","Letter Opener","Calipers","Anchor","War Paint","Ornamental Fan","Vajra","Oddly Smooth Stone","ReplayTheSpireMod:Ninjato","Omamori","Replay:Accelerometer","Akabeko","Bronze Scales","Membership Card","Blood Vial","Red Mask","Replay:Bronze Core","replay:Trail_Library","ReplayTheSpireMod:TigerMarble","ReplayTheSpireMod:Spearhead","Replay:Multitool","Replay:Kaleidoscope","Ginger","Girya","Orichalcum","Meat on the Bone","Pen Nib","Ring of Chaos","Gremlin Horn","ReplayFunnel","Brimstone","Onion Ring","King of Hearts","StrikeDummy","Potion Belt","Whetstone","MealTicket","Runic Pyramid","Bag of Marbles","Incense Burner","Tiny Chest","Snack Pack","Ice Cream","Toxic Egg 2","TheAbacus","Bottled Lightning","Charon\u0027s Ashes","Bottled Tornado","Replay:Wax Seal","Sundial","Pet Ghost"],"acts_visited":["Exordium","TheCity","TheBeyond","Exordium","TheCity","TheBeyond"],"potions_floor_usage":[8,8,16,33,33,37,50,67,84,84],"damage_taken":[{"damage":0,"enemies":"2 Louse","floor":1,"turns":1},{"damage":0,"enemies":"Cultist","floor":2,"turns":2},{"damage":3,"enemies":"Small Slimes","floor":4,"turns":2},{"damage":10,"enemies":"Lagavulin","floor":6,"turns":3},{"damage":16,"enemies":"Blue Slaver","floor":7,"turns":2},{"damage":0,"enemies":"Looter","floor":8,"turns":1},{"damage":6,"enemies":"2 Fungi Beasts","floor":12,"turns":3},{"damage":0,"enemies":"3 Louse","floor":13,"turns":1},{"damage":0,"enemies":"Lots of Slimes","floor":14,"turns":1},{"damage":2,"enemies":"Fading Forest","floor":16,"turns":11},{"damage":0,"enemies":"Shell Parasite","floor":18,"turns":1},{"damage":0,"enemies":"3 Byrds","floor":21,"turns":2},{"damage":0,"enemies":"Slavers","floor":29,"turns":3},{"damage":0,"enemies":"Snake Plant","floor":30,"turns":2},{"damage":7,"enemies":"Book of Stabbing","floor":31,"turns":3},{"damage":37,"enemies":"Collector","floor":33,"turns":5},{"damage":0,"enemies":"3 Shapes","floor":35,"turns":4},{"damage":2,"enemies":"Mind Bloom Boss Battle","floor":36,"turns":2},{"damage":0,"enemies":"3 Darklings","floor":37,"turns":2},{"damage":5,"enemies":"Writhing Mass","floor":39,"turns":3},{"damage":4,"enemies":"R_Hoarder","floor":42,"turns":3},{"damage":14,"enemies":"Nemesis","floor":46,"turns":5},{"damage":0,"enemies":"R_Hoarder","floor":48,"turns":3},{"damage":26,"enemies":"Replay:Hell Engine","floor":50,"turns":6},{"damage":0,"enemies":"2 Louse","floor":52,"turns":2},{"damage":7,"enemies":"Cultist","floor":53,"turns":2},{"damage":0,"enemies":"Small Slimes","floor":54,"turns":2},{"damage":0,"enemies":"Lagavulin","floor":57,"turns":3},{"damage":6,"enemies":"Exordium Wildlife","floor":59,"turns":2},{"damage":4,"enemies":"Looter","floor":62,"turns":2},{"damage":5,"enemies":"Gremlin Nob","floor":65,"turns":3},{"damage":8,"enemies":"The Guardian","floor":67,"turns":4},{"damage":3,"enemies":"3 Byrds","floor":69,"turns":1},{"damage":0,"enemies":"Chosen","floor":71,"turns":1},{"damage":0,"enemies":"Slavers","floor":74,"turns":1},{"damage":14,"enemies":"Book of Stabbing","floor":75,"turns":3},{"damage":4,"enemies":"Gremlin Leader","floor":77,"turns":1},{"damage":1,"enemies":"Snecko","floor":78,"turns":1},{"damage":7,"enemies":"Book of Stabbing","floor":79,"turns":2},{"damage":10,"enemies":"Slavers","floor":81,"turns":1},{"damage":3,"enemies":"Book of Stabbing","floor":82,"turns":1},{"damage":14,"enemies":"Pondfish","floor":84,"turns":4},{"damage":1,"enemies":"3 Shapes","floor":86,"turns":1}],"seed_played":"6584392157474441224","potions_obtained":[{"floor":1,"key":"blueLaboratory:SmithPotion"},{"floor":8,"key":"Regen Potion"},{"floor":12,"key":"Venom Potion"},{"floor":29,"key":"FearPotion"},{"floor":33,"key":"SteroidPotion"},{"floor":35,"key":"blueLaboratory:FruitPunch"},{"floor":50,"key":"Reflective Coating"},{"floor":67,"key":"Flashbang"},{"floor":71,"key":"PowerPotion"},{"floor":74,"key":"BloodPotion"},{"floor":86,"key":"Reflective Coating"}],"is_trial":true,"path_per_floor":["M","M","$","M","?","E","M","M","T","R","$","M","M","M","R","B",null,"M","$","$","M","?","R","R","R","T","R","R","E","M","E","R","B",null,"M","?","M","$","M","R","R","E","T","$","R","E","$","E","R","B",null,"M","M","M","$","$","E","R","M","T","R","M","R","$","E","R","B",null,"M","$","M","$","?","E","E","?","E","M","E","R","E","E","R","B",null,"M","$"],"character_chosen":"IRONCLAD","items_purchased":["BargainBundle","Replay:WaspNest","DistilledChaos","Block Potion","Metallicize+1","Guide Book","blueLaboratory:Moonshine","Strength Potion","Orrery","Mayhem+1","Grinning Jar","Replay:Rubber Ducky","Combust+1","War Paint","Ornamental Fan","Vajra","Oddly Smooth Stone","ReplayTheSpireMod:Ninjato","DuplicationPotion","Rupture+1","Membership Card","Bloodletting","Replay:Kaleidoscope","Ginger","Girya","Immolate","DistilledChaos","Bloodletting","Dramatic Entrance","Brimstone","Onion Ring","King of Hearts","StrikeDummy","Potion Belt","Whetstone","Dexterity Potion","Swift Potion","Incense Burner","Tiny Chest","Snack Pack","Ice Cream","Toxic Egg 2","TheAbacus","Bottled Lightning","Charon\u0027s Ashes","Bottled Tornado","Replay:Wax Seal","Sundial","Pet Ghost"],"campfire_rested":14,"item_purchase_floors":[3,3,3,3,3,11,11,11,20,20,20,20,38,38,38,38,38,38,38,44,47,55,55,56,56,64,64,70,70,72,72,72,72,72,72,72,72,87,87,87,87,87,87,87,87,87,87,87,87],"current_hp_per_floor":[80,80,83,90,90,89,79,85,85,96,96,96,96,96,96,98,98,98,98,111,111,111,111,111,111,121,124,124,126,126,127,128,99,130,130,132,132,135,135,135,135,140,140,143,143,137,137,145,145,131,151,151,150,154,157,157,159,159,159,159,162,162,162,165,167,167,168,169,169,172,172,172,175,177,171,154,182,182,183,184,183,189,189,187,194,197,197,197],"gold":11,"neow_bonus":"","is_daily":false,"chose_seed":false,"campfire_upgraded":0,"win_rate":0.0,"timestamp":1609031430,"path_taken":["M","M","$","M","?","E","M","M","T","R","$","M","M","M","R","BOSS","M","$","$","M","?","R","R","R","T","R","R","E","M","E","R","BOSS","M","?","M","$","M","R","R","E","T","?","R","E","$","E","R","BOSS","M","M","M","$","$","E","R","M","T","R","M","R","$","E","R","BOSS","M","$","M","$","?","E","E","?","E","M","E","R","E","?","R","BOSS","M","$"],"items_purchased_type":["Relic","Relic","Potion","Potion","Card","Relic","Potion","Potion","Relic","Card","Relic","Relic","Card","Relic","Relic","Relic","Relic","Relic","Potion","Card","Relic","Card","Relic","Relic","Relic","Card","Potion","Card","Card","Relic","Relic","Relic","Relic","Relic","Relic","Potion","Potion","Relic","Relic","Relic","Relic","Relic","Relic","Relic","Relic","Relic","Relic","Relic","Relic"],"build_version":"2020-12-22","purchased_purges":1,"victory":false,"max_hp_per_floor":[80,80,83,90,90,93,93,93,93,96,96,96,96,96,96,98,98,98,98,111,111,111,111,111,111,121,124,124,126,126,128,128,130,130,130,132,132,135,135,135,135,140,140,143,143,145,145,147,147,151,151,151,151,154,157,157,159,159,159,159,162,162,162,165,167,167,169,169,169,172,172,172,175,177,179,179,182,182,184,184,187,189,189,194,194,197,197,197],"card_choices":[{"not_picked":["Ghostly Armor","Wild Strike"],"picked":"Massacre","floor":0},{"not_picked":["ReplayTheSpireMod:Strike From Hell","Headbutt"],"picked":"Shrug It Off","floor":0},{"not_picked":["Iron Wave","ReplayTheSpireMod:Stacked"],"picked":"Armaments","floor":0},{"not_picked":["Burning Pact","Heavy Blade"],"picked":"Clash","floor":0},{"not_picked":["ReplayTheSpireMod:Strike From Hell","Shrug It Off"],"picked":"Iron Wave","floor":0},{"not_picked":["Defy Death","Pummel"],"picked":"Flex","floor":0},{"not_picked":["Armaments","Shrug It Off"],"picked":"Anger","floor":0},{"not_picked":["Searing Blow","Shrug It Off"],"picked":"Uppercut","floor":0},{"not_picked":["Feel No Pain","Headbutt"],"picked":"Hemokinesis","floor":0},{"not_picked":["Run Through","Abandon"],"picked":"Ghostly Armor","floor":0},{"not_picked":["ReplayTheSpireMod:Corrosion Curse","True Grit"],"picked":"Headbutt","floor":0},{"not_picked":["Combust","Body Slam"],"picked":"Rupture","floor":0},{"not_picked":["Iron Wave","Clothesline"],"picked":"Pummel","floor":0},{"not_picked":["Perfected Strike","Searing Blow"],"picked":"Flex","floor":0},{"not_picked":["Thunderclap","Clothesline"],"picked":"Shrug It Off","floor":0},{"not_picked":["Eclipse","Exhume"],"picked":"Demon Form","floor":6},{"not_picked":["Double Tap","Barricade","Demon Form"],"picked":"Singing Bowl","floor":16},{"not_picked":["Shrug It Off"],"picked":"Singing Bowl","floor":20},{"not_picked":["ReplayTheSpireMod:Strike From Hell"],"picked":"Singing Bowl","floor":20},{"not_picked":["Cleave"],"picked":"Singing Bowl","floor":20},{"not_picked":["Sentinel+1"],"picked":"Singing Bowl","floor":20},{"not_picked":["Clash"],"picked":"Singing Bowl","floor":20},{"not_picked":["Brutality+1"],"picked":"Singing Bowl","floor":29},{"not_picked":["Demon Form+1"],"picked":"Singing Bowl","floor":31},{"not_picked":["Double Tap"],"picked":"Singing Bowl","floor":33},{"not_picked":["Wild Strike+1"],"picked":"Singing Bowl","floor":36},{"not_picked":["Bludgeon"],"picked":"Singing Bowl","floor":42},{"not_picked":["Barricade+1"],"picked":"Singing Bowl","floor":46},{"not_picked":["Replay:Many Hands"],"picked":"Singing Bowl","floor":48},{"not_picked":["Fiend Fire"],"picked":"Singing Bowl","floor":50},{"not_picked":["Offering"],"picked":"Singing Bowl","floor":57},{"not_picked":["Double Tap"],"picked":"Singing Bowl","floor":65},{"not_picked":["Feed"],"picked":"Singing Bowl","floor":67},{"not_picked":["Fiend Fire"],"picked":"Singing Bowl","floor":74},{"not_picked":["Corruption+1"],"picked":"Singing Bowl","floor":75},{"not_picked":[],"picked":"Brutality+1","floor":77},{"not_picked":["Immolate"],"picked":"Singing Bowl","floor":79},{"not_picked":[],"picked":"Bludgeon","floor":81},{"not_picked":["Hemogenesis"],"picked":"Singing Bowl","floor":82},{"not_picked":["Barricade+1"],"picked":"Singing Bowl","floor":84}],"player_experience":80833,"relics_obtained":[{"floor":1,"key":"Replay:Bottled Flurry"},{"floor":2,"key":"Replay:Ringing Soul"},{"floor":4,"key":"Strawberry"},{"floor":6,"key":"Gremlin Food"},{"floor":7,"key":"Happy Flower"},{"floor":8,"key":"The Courier"},{"floor":9,"key":"Garlic"},{"floor":12,"key":"Toy Ornithopter"},{"floor":13,"key":"Shuriken"},{"floor":14,"key":"Singing Bowl"},{"floor":18,"key":"Frozen Egg 2"},{"floor":26,"key":"Pear"},{"floor":29,"key":"Prayer Wheel"},{"floor":30,"key":"Art of War"},{"floor":31,"key":"Mercury Hourglass"},{"floor":35,"key":"Letter Opener"},{"floor":36,"key":"Calipers"},{"floor":37,"key":"Anchor"},{"floor":39,"key":"Omamori"},{"floor":42,"key":"Replay:Accelerometer"},{"floor":43,"key":"Akabeko"},{"floor":46,"key":"Bronze Scales"},{"floor":48,"key":"Blood Vial"},{"floor":52,"key":"ReplayTheSpireMod:TigerMarble"},{"floor":53,"key":"ReplayTheSpireMod:Spearhead"},{"floor":54,"key":"Replay:Multitool"},{"floor":59,"key":"Orichalcum"},{"floor":60,"key":"Meat on the Bone"},{"floor":62,"key":"Pen Nib"},{"floor":69,"key":"Gremlin Horn"},{"floor":71,"key":"ReplayFunnel"},{"floor":78,"key":"MealTicket"},{"floor":86,"key":"Bag of Marbles"}],"event_choices":[{"damage_healed":0,"gold_gain":0,"player_choice":"Ignored","damage_taken":0,"max_hp_gain":0,"max_hp_loss":0,"event_name":"Purifier","floor":5,"gold_loss":0},{"damage_healed":0,"gold_gain":0,"player_choice":"Simplicity","damage_taken":0,"max_hp_gain":0,"max_hp_loss":0,"event_name":"Back to Basics","floor":22,"gold_loss":0,"cards_upgraded":[]},{"damage_healed":0,"gold_gain":0,"player_choice":"Fight","damage_taken":0,"max_hp_gain":0,"max_hp_loss":0,"event_name":"MindBloom","floor":36,"gold_loss":0},{"damage_healed":0,"gold_gain":0,"player_choice":"Paid","damage_taken":0,"relics_obtained":["Red Mask"],"max_hp_gain":0,"max_hp_loss":0,"event_name":"Tomb of Lord Red Mask","floor":49,"gold_loss":110},{"damage_healed":0,"gold_gain":0,"player_choice":"Damaged","damage_taken":17,"max_hp_gain":0,"max_hp_loss":0,"event_name":"Wheel of Change","floor":76,"gold_loss":0}],"is_beta":false,"boss_relics":[{"not_picked":["Electric Blood","SacredBark"],"picked":"Busted Crown"},{"not_picked":["Replay:Drink Me","Runic Dome"],"picked":"SlaversCollar"},{"not_picked":["Cursed Key","Replay:Ancient Bell"],"picked":"Replay:Bronze Core"},{"not_picked":["Fusion Hammer","Runic Cube"],"picked":"Ring of Chaos"},{"not_picked":["Sozu","SacredBark"],"picked":"Runic Pyramid"}],"items_purged_floors":[44],"is_endless":true,"potions_floor_spawned":[1,8,12,14,29,31,33,35,36,42,50,52,57,65,67,69,71,74,78,79,86],"ascension_level":4}}