{"host":"bybgqjd8qfo8zazn","time":1609061563,"event":{"mods":["BaseMod","Marisa£®ÏF”Í°°ƒß¿Ì…≥£©","Minty Spire (QoL Compilation)","StSLib","The Gatherer"],"gold_per_floor":[118,0,12,12,12,45,45,45,45,84,9,32,53,96,96,226,226,240,240,258,282,297,297,297,297,322,322,285,301,301,337,337,467,467,488,821,839,852,434,434,465,465,465,499,91,108,108,57,57,57,57],"floor_reached":50,"playtime":2675,"items_purged":["Defend_G","Strike_G"],"score":640,"play_id":"453376b9-6341-4394-a68b-41f4c5163b1e","local_time":"20201227173243","is_ascension_mode":true,"campfire_choices":[{"data":"Accuracy","floor":7.0,"key":"SMITH"},{"data":"Blade Dance","floor":15.0,"key":"SMITH"},{"data":"Venomology","floor":23,"key":"SMITH"},{"data":"Backflip","floor":25,"key":"SMITH"},{"data":"Caltrops","floor":27,"key":"SMITH"},{"floor":32,"key":"REST"},{"data":"After Image","floor":40,"key":"SMITH"},{"data":"Caltrops","floor":42,"key":"SMITH"},{"data":"Apotheosis","floor":49,"key":"SMITH"}],"circlet_count":0,"master_deck":["Strike_G+1","Strike_G","Strike_G","Defend_G","Defend_G","Defend_G","Survivor+1","Neutralize","Cloak And Dagger","Accuracy+1","Blade Dance","Blade Dance+1","Prepared+1","Caltrops+1","Leg Sweep+1","Caltrops+1","Venomology+1","Accuracy","Survivor+1","Backflip+1","Infinite Blades","Concentrate+1","Outmaneuver","After Image+1","Tactician+1","Footwork","Apotheosis+1","Poisoned Stab"],"relics":["Ring of the Snake","NeowsBlessing","Bronze Scales","TungstenRod","Nunchaku","Gremlin Horn","Black Star","Orichalcum","Oddly Smooth Stone","Art of War","WristBlade","War Paint","Mercury Hourglass","Bird Faced Urn","CaptainsWheel","Snake Skull","Boot","Sling"],"acts_visited":["Exordium","TheCity","TheBeyond"],"potions_floor_usage":[20,21,22,22,29,31,33,33,33,37,38,41,41,50,50,50,50],"damage_taken":[{"damage":0.0,"enemies":"Jaw Worm","floor":1.0,"turns":1.0},{"damage":0.0,"enemies":"Small Slimes","floor":3.0,"turns":1.0},{"damage":0.0,"enemies":"Gremlin Nob","floor":6.0,"turns":1.0},{"damage":6.0,"enemies":"3 Sentries","floor":10.0,"turns":5.0},{"damage":0.0,"enemies":"Cultist","floor":12.0,"turns":2.0},{"damage":7.0,"enemies":"Exordium Wildlife","floor":13.0,"turns":3.0},{"damage":0.0,"enemies":"Gremlin Nob","floor":14.0,"turns":3.0},{"damage":5.0,"enemies":"The Guardian","floor":16.0,"turns":8.0},{"damage":4.0,"enemies":"Chosen","floor":18.0,"turns":4.0},{"damage":1,"enemies":"3 Byrds","floor":20,"turns":3},{"damage":17,"enemies":"Snake Plant","floor":21,"turns":4},{"damage":0,"enemies":"3 Cultists","floor":22,"turns":4},{"damage":9,"enemies":"Snecko","floor":29,"turns":4},{"damage":13,"enemies":"Book of Stabbing","floor":31,"turns":5},{"damage":23,"enemies":"Champ","floor":33,"turns":10},{"damage":0,"enemies":"3 Shapes","floor":35,"turns":3},{"damage":10,"enemies":"3 Darklings","floor":37,"turns":5},{"damage":2,"enemies":"Maw","floor":38,"turns":7},{"damage":24,"enemies":"Reptomancer","floor":41,"turns":5},{"damage":10,"enemies":"Giant Head","floor":44,"turns":8},{"damage":9,"enemies":"Spire Growth","floor":46,"turns":4},{"damage":62,"enemies":"Time Eater","floor":50,"turns":10}],"seed_played":"4630462478087456978","potions_obtained":[{"floor":6.0,"key":"Fire Potion"},{"floor":10.0,"key":"SpeedPotion"},{"floor":12.0,"key":"EssenceOfSteel"},{"floor":18.0,"key":"SteroidPotion"},{"floor":21,"key":"Poison Potion"},{"floor":35,"key":"CultistPotion"},{"floor":38,"key":"Regen Potion"},{"floor":44,"key":"Weak Potion"}],"is_trial":false,"path_per_floor":["M","$","M","?","$","E","R","?","T","E","$","M","M","E","R","B",null,"M","?","M","M","M","R","?","R","T","R","$","M","?","E","R","B",null,"M","?","M","M","$","R","E","R","T","E","$","M","?","$","R","B"],"character_chosen":"THE_SILENT","items_purchased":["Accuracy","Blade Dance","Infinite Blades","After Image","War Paint","Footwork","Sling","Apotheosis","Poisoned Stab"],"campfire_rested":1,"item_purchase_floors":[2,2,28,39,39,45,45,45,48],"current_hp_per_floor":[70,70,70,56,56,56,56,56,56,50,50,50,43,43,43,38,65,61,61,60,43,43,43,43,43,43,43,43,34,34,21,40,17,65,65,65,55,53,53,53,41,41,41,43,43,46,46,46,46,0,0],"gold":57,"neow_bonus":"THREE_ENEMY_KILL","is_daily":false,"chose_seed":false,"campfire_upgraded":8,"win_rate":0.0,"timestamp":1609061563,"path_taken":["M","$","M","?","$","E","R","?","T","E","$","M","M","E","R","BOSS","M","?","M","M","?","R","?","R","T","R","$","?","?","E","R","BOSS","M","?","M","M","$","R","E","R","T","E","$","M","?","$","R","BOSS"],"items_purchased_type":["Card","Card","Card","Card","Relic","Card","Relic","Card","Card"],"build_version":"2020-12-22","purchased_purges":2,"victory":false,"max_hp_per_floor":[70,70,70,70,70,70,70,65,65,65,65,65,65,65,65,65,65,65,65,65,65,65,65,65,65,65,65,65,65,65,65,65,65,65,65,65,65,65,65,65,65,65,65,65,65,65,65,65,65,65,65],"card_choices":[{"not_picked":["Dagger Throw","Poisoned Stab"],"picked":"Cloak And Dagger","floor":1.0},{"not_picked":["Outmaneuver","Underhanded Strike"],"picked":"Blade Dance","floor":3.0},{"not_picked":["Skewer","Distraction"],"picked":"Prepared","floor":6.0},{"not_picked":["Catalyst","Wraith Form v2","Underhanded Strike"],"picked":"SKIP","floor":10.0},{"not_picked":["Eviscerate","Deadly Poison"],"picked":"Caltrops","floor":12.0},{"not_picked":["Poisoned Stab","Dagger Throw"],"picked":"Leg Sweep","floor":13.0},{"not_picked":["Flying Knee","Sucker Punch"],"picked":"Caltrops","floor":14.0},{"not_picked":["Grand Finale","Night Terror"],"picked":"Venomology","floor":16.0},{"not_picked":["Dodge and Roll","Quick Slash"],"picked":"Accuracy","floor":18.0},{"not_picked":["Skewer","Deflect"],"picked":"Backflip","floor":20},{"not_picked":["Cloak And Dagger","Choke+1","Expertise"],"picked":"SKIP","floor":21},{"not_picked":["Cloak And Dagger","Slice","Deflect"],"picked":"SKIP","floor":22},{"not_picked":["Catalyst+1","Heel Hook"],"picked":"Concentrate+1","floor":29},{"not_picked":["Choke","Burst","Infinite Blades+1"],"picked":"SKIP","floor":31},{"not_picked":["Sucker Punch","Finisher+1"],"picked":"Outmaneuver","floor":35},{"not_picked":["Caltrops","Bane","Outmaneuver"],"picked":"SKIP","floor":37},{"not_picked":["Endless Agony+1","Poisoned Stab","Dodge and Roll+1"],"picked":"SKIP","floor":38},{"not_picked":["Terror+1","Prepared"],"picked":"Tactician+1","floor":41},{"not_picked":["Distraction+1","Tactician+1","Bane+1"],"picked":"SKIP","floor":44},{"not_picked":["Infinite Blades+1","Predator+1","Quick Slash+1"],"picked":"SKIP","floor":46}],"player_experience":263873,"relics_obtained":[{"floor":6.0,"key":"Bronze Scales"},{"floor":9.0,"key":"TungstenRod"},{"floor":10.0,"key":"Nunchaku"},{"floor":14.0,"key":"Gremlin Horn"},{"floor":26,"key":"Orichalcum"},{"floor":31,"key":"Oddly Smooth Stone"},{"floor":31,"key":"Art of War"},{"floor":41,"key":"Mercury Hourglass"},{"floor":41,"key":"Bird Faced Urn"},{"floor":43,"key":"CaptainsWheel"},{"floor":44,"key":"Snake Skull"},{"floor":44,"key":"Boot"}],"event_choices":[{"damage_healed":0.0,"max_hp_gain":0.0,"max_hp_loss":0.0,"gold_gain":0.0,"event_name":"Shining Light","player_choice":"Entered Light","floor":4.0,"gold_loss":0.0,"damage_taken":14.0,"cards_upgraded":["Survivor","Strike_G"]},{"damage_healed":0.0,"max_hp_gain":0.0,"max_hp_loss":5.0,"gold_gain":0.0,"event_name":"Golden Idol","player_choice":"Lose Max HP","floor":8.0,"gold_loss":0.0,"damage_taken":0.0,"relics_obtained":["Golden Idol"]},{"damage_healed":0,"gold_gain":0,"player_choice":"Copied","damage_taken":0,"max_hp_gain":0,"max_hp_loss":0,"event_name":"Duplicator","floor":19,"gold_loss":0,"cards_obtained":["Survivor"]},{"cards_removed":["Defend_G"],"damage_healed":0,"gold_gain":0,"player_choice":"Offered Basic","damage_taken":0,"max_hp_gain":0,"max_hp_loss":0,"event_name":"Bonfire Elementals","floor":24,"gold_loss":0},{"damage_healed":0,"gold_gain":0,"player_choice":"Ignored","damage_taken":0,"max_hp_gain":0,"max_hp_loss":0,"event_name":"Vampires","floor":30,"gold_loss":0},{"damage_healed":0,"gold_gain":333,"player_choice":"Gave Idol","damage_taken":0,"max_hp_gain":0,"max_hp_loss":0,"event_name":"The Moai Head","floor":36,"relics_lost":["Golden Idol"],"gold_loss":0},{"cards_removed":["Strike_G"],"damage_healed":0,"gold_gain":0,"player_choice":"Purged","damage_taken":0,"max_hp_gain":0,"max_hp_loss":0,"event_name":"Purifier","floor":47,"gold_loss":0}],"is_beta":false,"boss_relics":[{"not_picked":["Runic Dome","Busted Crown"],"picked":"Black Star"},{"not_picked":["Ring of the Serpent","Calling Bell"],"picked":"WristBlade"}],"items_purged_floors":[11,39],"is_endless":false,"potions_floor_spawned":[6,10,12,18,21,35,38,44],"killed_by":"Time Eater","ascension_level":1}}