{"host":"qjr2x8lg4bxz99yh","time":1609036260,"event":{"mods":["Act Like it!","BaseMod","Colored Powertips","Downfall","Friendly Minions","Hallownest","Hermit","Minty Spire (QoL Compilation)","Replay The Spire","StSLib","The Bug Knight","The Cursed","The Disciple","The Hierophant","The Jungle","The Necromancer","The Runesmith","everything is the same but u backflip on backflip"],"gold_per_floor":[115,11,113,130,130,130,163,163,163,187,108,108,3,19,19,139,139,152,176,176,194,218,218,218,218,232,17,17,17,17,57,57,57,57,157,157,174,19,19,38,55,81,95,108,132,132,132,151,151,151,151,151,151],"floor_reached":52,"playtime":3815,"items_purged":[],"score":525,"play_id":"0032645c-3de2-4121-8e3e-42229a587531","local_time":"20201226203100","is_ascension_mode":false,"campfire_choices":[{"floor":6,"key":"REST"},{"floor":12,"key":"REST"},{"floor":15,"key":"REST"},{"floor":25,"key":"REST"},{"floor":32,"key":"REST"},{"floor":34,"key":"REST"},{"floor":47,"key":"REST"},{"floor":49,"key":"REST"},{"data":"Madness","floor":51,"key":"SMITH"}],"circlet_count":0,"master_deck":["Strike_R","Strike_R+1","Strike_R","Strike_R","Strike_R","Defend_R","Defend_R","Defend_R","Defend_R","Bash","Double Tap","Ghostly Armor+1","Shrug It Off","Carnage+1","Clothesline","Clash","ReplayTheSpireMod:Strike From Hell","Disarm","Run Through+1","Twin Strike","Rupture","Intimidate","Sever Soul","Heavy Blade","Demon Form+1","Armaments+1","Dual Wield","Run Through+1","Perfected Strike+1","Anger","Burning Pact","Disarm","Dark Embrace","Reaper","Bludgeon","CurseOfTheBell","Cleave+1","Bloodletting","Headbutt+1","Power Through","Headbutt","Defy Death+1","Madness","Madness+1","Flex","Perfected Strike+1","Flex+1","Pain"],"relics":["Burning Blood","Kunai","Bloody Idol","Self Forming Clay","Velvet Choker","Orichalcum","Dream Catcher","Bag of Marbles","Whetstone","Calling Bell","ReplayFunnel","Shuriken","Thread and Needle","Membership Card","Replay:Rubber Ducky","ReplayTheSpireMod:Spearhead","WarpedTongs"],"acts_visited":["Exordium","TheCity","TheBeyond"],"potions_floor_usage":[16,19,31,35,40,41,43,52,52,52],"damage_taken":[{"damage":0,"enemies":"Small Slimes","floor":1,"turns":3},{"damage":5,"enemies":"2 Louse","floor":4,"turns":3},{"damage":30,"enemies":"Gremlin Nob","floor":7,"turns":5},{"damage":0,"enemies":"Cultist","floor":10,"turns":2},{"damage":8,"enemies":"Large Slime","floor":14,"turns":6},{"damage":18,"enemies":"Slime Boss","floor":16,"turns":13},{"damage":14,"enemies":"3 Byrds","floor":18,"turns":6},{"damage":19,"enemies":"Snake Plant","floor":19,"turns":5},{"damage":13,"enemies":"Chosen and Byrds","floor":21,"turns":9},{"damage":8,"enemies":"Cultist and Chosen","floor":22,"turns":5},{"damage":16,"enemies":"Snake Plant","floor":26,"turns":4},{"damage":26,"enemies":"Gremlin Leader","floor":31,"turns":6},{"damage":58,"enemies":"Champ","floor":35,"turns":11},{"damage":9,"enemies":"3 Shapes","floor":37,"turns":3},{"damage":0,"enemies":"Orb Walker","floor":40,"turns":1},{"damage":21,"enemies":"Transient","floor":41,"turns":5},{"damage":31,"enemies":"Nemesis","floor":42,"turns":5},{"damage":13,"enemies":"Writhing Mass","floor":43,"turns":4},{"damage":23,"enemies":"Spire Growth","floor":44,"turns":5},{"damage":23,"enemies":"3 Darklings","floor":48,"turns":8},{"damage":107,"enemies":"Donu and Deca","floor":52,"turns":10}],"seed_played":"-4455570990883618128","potions_obtained":[{"floor":10,"key":"Fire Potion"},{"floor":14,"key":"Energy Potion"},{"floor":18,"key":"Strength Potion"},{"floor":19,"key":"SmokeBomb"},{"floor":21,"key":"Elixir"},{"floor":22,"key":"Block Potion"},{"floor":35,"key":"AttackPotion"},{"floor":40,"key":"Swift Potion"},{"floor":42,"key":"hexamod:EctoCoolerPotion"},{"floor":44,"key":"Fire Potion"},{"floor":48,"key":"Explosive Potion"}],"is_trial":false,"path_per_floor":["M","$","?","M","?","R","E","?","T","M","$","R","$","M","R","B",null,"M","M","?","M","M","PTL","PTL","R","M","$","T","?","$","E","R","?","R","B",null,"M","$","?","M","M","E","M","M","T","?","R","M","R","?","R","B"],"character_chosen":"IRONCLAD","items_purchased":["Shrug It Off","Carnage","Rupture","Intimidate","Sever Soul","Orichalcum","Burning Pact","Membership Card"],"campfire_rested":8,"item_purchase_floors":[2,2,11,13,13,27,27,38],"current_hp_per_floor":[72,72,54,55,41,62,38,20,20,26,26,47,47,45,66,54,72,64,51,51,44,42,42,42,63,53,53,53,53,53,33,54,54,72,40,72,72,72,72,72,62,42,40,28,33,24,45,55,72,72,72,0,0],"gold":151,"neow_bonus":"THREE_RARE_CARDS","is_daily":false,"chose_seed":false,"campfire_upgraded":1,"win_rate":0.0,"timestamp":1609036260,"path_taken":["M","$","?","M","?","R","E","?","T","M","$","R","$","M","R","BOSS","M","M","?","M","?","PTL","PTL","R","M","$","T","?","$","E","R","?","R","BOSS","M","$","?","M","?","E","M","M","T","?","R","M","R","?","R","BOSS"],"items_purchased_type":["Card","Card","Card","Card","Card","Relic","Card","Relic"],"build_version":"2020-12-22","purchased_purges":0,"victory":false,"max_hp_per_floor":[72,72,72,72,72,72,72,72,72,72,72,72,72,72,72,72,72,72,72,72,72,72,72,72,72,72,72,72,72,72,72,72,72,72,72,72,72,72,72,72,72,72,72,72,72,72,72,72,72,72,72,72,72],"card_choices":[{"not_picked":["Offering","Fiend Fire"],"picked":"Double Tap","floor":0},{"not_picked":["Shrug It Off","True Grit"],"picked":"Ghostly Armor","floor":1},{"not_picked":["Massacre","Second Wind"],"picked":"Clothesline","floor":3},{"not_picked":["Battle Trance","Uppercut"],"picked":"Clash","floor":3},{"not_picked":["Shrug It Off","Replay:Undeath\u0027s Touch"],"picked":"ReplayTheSpireMod:Strike From Hell","floor":3},{"not_picked":["Abandon","Heavy Blade"],"picked":"Disarm","floor":4},{"not_picked":["ReplayTheSpireMod:Limb From Limb","Rupture"],"picked":"Run Through","floor":7},{"not_picked":["Heavy Blade","Run Through"],"picked":"Twin Strike","floor":10},{"not_picked":["Twin Strike","Replay:Many Hands"],"picked":"Heavy Blade","floor":14},{"not_picked":["Reaper","Offering"],"picked":"Demon Form","floor":16},{"not_picked":["Whirlwind+1","Headbutt"],"picked":"Armaments","floor":18},{"not_picked":["Warcry","Massacre"],"picked":"Dual Wield","floor":19},{"not_picked":["Whirlwind","Clothesline"],"picked":"Run Through+1","floor":21},{"not_picked":["Pommel Strike","Body Slam"],"picked":"Perfected Strike+1","floor":22},{"not_picked":["Power Through","True Grit+1"],"picked":"Anger","floor":26},{"not_picked":["Sword Boomerang","Heavy Blade+1"],"picked":"Disarm","floor":31},{"not_picked":["Reckless Charge+1","True Grit"],"picked":"Dark Embrace","floor":32},{"not_picked":["Pommel Strike","Replay:Undeath\u0027s Touch+1"],"picked":"Reaper","floor":34},{"not_picked":["Double Tap","Impervious"],"picked":"Bludgeon","floor":35},{"not_picked":["Run Through+1","Heavy Blade+1"],"picked":"Cleave+1","floor":37},{"not_picked":["Carnage+1","True Grit"],"picked":"Bloodletting","floor":40},{"not_picked":["Reckless Charge+1","Clash"],"picked":"Headbutt+1","floor":41},{"not_picked":["Searing Blow+1","ReplayTheSpireMod:Corrosion Curse+1"],"picked":"Power Through","floor":42},{"not_picked":["Burning Pact+1","Bloodletting"],"picked":"Headbutt","floor":43},{"not_picked":["Armaments","Impervious"],"picked":"Defy Death+1","floor":44},{"not_picked":["Entrench","Cleave"],"picked":"Flex","floor":47},{"not_picked":["Intimidate","Cleave"],"picked":"Perfected Strike+1","floor":48},{"not_picked":["Perfected Strike","Life Link+1"],"picked":"Flex+1","floor":49}],"player_experience":61372,"relics_obtained":[{"floor":7,"key":"Kunai"},{"floor":9,"key":"Self Forming Clay"},{"floor":28,"key":"Dream Catcher"},{"floor":31,"key":"Whetstone"},{"floor":36,"key":"ReplayFunnel"},{"floor":36,"key":"Shuriken"},{"floor":36,"key":"Thread and Needle"},{"floor":42,"key":"Replay:Rubber Ducky"},{"floor":45,"key":"ReplayTheSpireMod:Spearhead"}],"event_choices":[{"damage_healed":0,"gold_gain":0,"player_choice":"Entered Light","damage_taken":14,"max_hp_gain":0,"max_hp_loss":0,"event_name":"Shining Light","floor":5,"gold_loss":0,"cards_upgraded":["Carnage","Ghostly Armor"]},{"damage_healed":0,"gold_gain":0,"player_choice":"Take Damage","damage_taken":18,"relics_obtained":["Golden Idol"],"max_hp_gain":0,"max_hp_loss":0,"event_name":"Golden Idol","floor":8,"gold_loss":0},{"damage_healed":0,"gold_gain":0,"player_choice":"Upgraded","damage_taken":0,"max_hp_gain":0,"max_hp_loss":0,"event_name":"Upgrade Shrine","floor":20,"gold_loss":0,"cards_upgraded":["Armaments"]},{"damage_healed":0,"gold_gain":0,"player_choice":"Opened","damage_taken":0,"relics_obtained":["Bag of Marbles"],"max_hp_gain":0,"max_hp_loss":0,"event_name":"The Mausoleum","floor":29,"gold_loss":0},{"damage_healed":0,"gold_gain":0,"player_choice":"Gave Idol","damage_taken":0,"relics_obtained":["Bloody Idol"],"max_hp_gain":0,"max_hp_loss":0,"event_name":"Forgotten Altar","floor":33,"relics_lost":["Golden Idol"],"gold_loss":0},{"damage_healed":0,"gold_gain":0,"player_choice":"Upgraded","damage_taken":0,"max_hp_gain":0,"max_hp_loss":0,"event_name":"Upgrade Shrine","floor":39,"gold_loss":0,"cards_upgraded":["Demon Form"]},{"damage_healed":0,"gold_gain":0,"player_choice":"Embrace Madness","damage_taken":9,"max_hp_gain":0,"max_hp_loss":0,"event_name":"Winding Halls","floor":46,"gold_loss":0,"cards_obtained":["Madness","Madness"]},{"damage_healed":0,"gold_gain":0,"player_choice":"Rummage","damage_taken":0,"relics_obtained":["WarpedTongs"],"max_hp_gain":0,"max_hp_loss":0,"event_name":"Accursed Blacksmith","floor":50,"gold_loss":0,"cards_obtained":["Pain"]}],"is_beta":false,"boss_relics":[{"not_picked":["Runic Cube","Sozu"],"picked":"Velvet Choker"},{"not_picked":["Ring of Chaos","Runic Pyramid"],"picked":"Calling Bell"}],"items_purged_floors":[],"is_endless":false,"potions_floor_spawned":[10,14,18,19,21,22,35,40,42,44,48],"killed_by":"Donu and Deca","ascension_level":0}}