{"host":"yo9wwslrag05lh37","time":1609094225,"event":{"mods":["AchievementEnabler","BaseMod","Block Reminder","Colored Map","Colored Powertips","GifTheSpireLib","HexUI Lib","Highlight Path","Minty Spire (QoL Compilation)","Rare Cards Sparkle","Relic Stats","StSLib","everything is the same but u backflip on backflip"],"gold_per_floor":[111,124,69,69,15,15,44,94,94,126,142,142,152,163,163,238,238,248,10,27,27,27,27,27],"floor_reached":23,"playtime":512,"items_purged":["Strike_B"],"score":548,"play_id":"c741d953-d987-4506-9732-6bbb825338f1","local_time":"20201227193705","is_ascension_mode":true,"campfire_choices":[{"data":"Zap","floor":6.0,"key":"SMITH"},{"data":"Sunder","floor":12.0,"key":"SMITH"},{"data":"Lockon","floor":15.0,"key":"SMITH"}],"circlet_count":0,"master_deck":["AscendersBane","Strike_B","Strike_B","Strike_B","Defend_B","Defend_B","Defend_B","Defend_B","Zap+1","Dualcast","Sweeping Beam","Lockon+1","FTL","Sunder+1","Buffer","White Noise","Self Repair","Decay"],"relics":["Cracked Core","NeowsBlessing","Torii","Strawberry","StoneCalendar","Happy Flower","Inserter","Strange Spoon"],"acts_visited":["Exordium","TheCity"],"potions_floor_usage":[23],"damage_taken":[{"damage":0.0,"enemies":"Cultist","floor":1.0,"turns":1.0},{"damage":0.0,"enemies":"Small Slimes","floor":2.0,"turns":1.0},{"damage":0.0,"enemies":"Lagavulin","floor":7.0,"turns":1.0},{"damage":8.0,"enemies":"Gremlin Nob","floor":10.0,"turns":3.0},{"damage":0.0,"enemies":"2 Louse","floor":11.0,"turns":2.0},{"damage":0.0,"enemies":"Gremlin Gang","floor":13.0,"turns":3.0},{"damage":7.0,"enemies":"Lots of Slimes","floor":14.0,"turns":3.0},{"damage":0.0,"enemies":"Slime Boss","floor":16.0,"turns":5.0},{"damage":22.0,"enemies":"Chosen","floor":18.0,"turns":4.0},{"damage":11.0,"enemies":"Spheric Guardian","floor":20.0,"turns":3.0},{"damage":38,"enemies":"Slavers","floor":23,"turns":3}],"seed_played":"5554312545282383222","potions_obtained":[{"floor":2.0,"key":"GamblersBrew"},{"floor":11.0,"key":"GamblersBrew"},{"floor":13.0,"key":"AttackPotion"}],"is_trial":false,"path_per_floor":["M","M","$","?","$","R","E","?","T","E","M","R","M","M","R","B",null,"M","$","M","?","?","E"],"character_chosen":"DEFECT","items_purchased":["Fire Potion","Fire Potion","Strange Spoon"],"campfire_rested":0,"item_purchase_floors":[3,5,19],"current_hp_per_floor":[64,64,64,46,46,46,53,53,53,45,45,45,45,38,38,38,68,46,46,35,35,35,0,0],"gold":27,"neow_bonus":"THREE_ENEMY_KILL","is_daily":false,"chose_seed":false,"campfire_upgraded":3,"win_rate":0.0,"timestamp":1609094225,"path_taken":["M","M","?","?","$","R","E","?","T","E","M","R","M","?","R","BOSS","M","?","M","?","?","E"],"items_purchased_type":["Potion","Potion","Relic"],"build_version":"2020-12-22","purchased_purges":1,"victory":false,"max_hp_per_floor":[71,71,71,71,71,71,78,78,78,78,78,78,78,78,78,78,78,78,78,78,78,78,78,78],"relic_stats":{"Strange Spoon":[1],"Inserter":[5],"Torii":9,"Happy Flower":[7],"counters":[11,29],"StoneCalendar":[0],"obtain_stats":[{"Strange Spoon":19,"Inserter":17,"NeowsBlessing":0,"Torii":4,"Happy Flower":10,"Strawberry":7,"StoneCalendar":9,"Cracked Core":0},{"Strange Spoon":9,"Inserter":8,"NeowsBlessing":0,"Torii":2,"Happy Flower":4,"Strawberry":3,"StoneCalendar":3,"Cracked Core":0},{"Strange Spoon":23,"Inserter":19,"NeowsBlessing":0,"Torii":2,"Happy Flower":6,"Strawberry":3,"StoneCalendar":3,"Cracked Core":0}]},"card_choices":[{"not_picked":["Redo","Cold Snap"],"picked":"Sweeping Beam","floor":1.0},{"not_picked":["Self Repair","Cold Snap"],"picked":"Lockon","floor":2.0},{"not_picked":["Conserve Battery","Cold Snap"],"picked":"FTL","floor":7.0},{"not_picked":["Reinforced Body","Fusion","Blizzard"],"picked":"SKIP","floor":10.0},{"not_picked":["Stack","Barrage"],"picked":"Sunder","floor":11.0},{"not_picked":["Cold Snap","Thunder Strike","Go for the Eyes"],"picked":"SKIP","floor":13.0},{"not_picked":["Turbo","Hologram","Cold Snap"],"picked":"SKIP","floor":14.0},{"not_picked":["Multi-Cast","Fission"],"picked":"Buffer","floor":16.0},{"not_picked":["Hologram","Redo"],"picked":"White Noise","floor":18.0},{"not_picked":["Heatsinks","Beam Cell"],"picked":"Self Repair","floor":20.0}],"player_experience":1388181,"relics_obtained":[{"floor":7.0,"key":"Strawberry"},{"floor":9.0,"key":"StoneCalendar"},{"floor":10.0,"key":"Happy Flower"}],"event_choices":[{"damage_healed":0.0,"max_hp_gain":0.0,"max_hp_loss":0.0,"gold_gain":0.0,"event_name":"Scrap Ooze","player_choice":"Success","floor":4.0,"gold_loss":0.0,"damage_taken":18.0,"relics_obtained":["Torii"]},{"damage_healed":0.0,"max_hp_gain":0.0,"max_hp_loss":0.0,"gold_gain":50.0,"event_name":"Golden Shrine","player_choice":"Pray","floor":8.0,"gold_loss":0.0,"damage_taken":0.0},{"damage_healed":0.0,"max_hp_gain":0.0,"max_hp_loss":0.0,"gold_gain":0.0,"event_name":"Forgotten Altar","player_choice":"Smashed Altar","floor":22.0,"gold_loss":0.0,"damage_taken":0.0,"cards_obtained":["Decay"]}],"is_beta":false,"boss_relics":[{"not_picked":["Fusion Hammer","Ectoplasm"],"picked":"Inserter"}],"items_purged_floors":[19],"is_endless":false,"potions_floor_spawned":[2,7,11,13],"killed_by":"Slavers","ascension_level":20}}