{"host":"30jsp143e4v19aze","time":1609111704,"event":{"mods":["BaseMod","Colored Map","Colored Powertips","Curses Come First","DeckTracker","Highlight Path","Minty Spire (QoL Compilation)","Quick Restart","Relic Stats","StSLib","everything is the same but u backflip on backflip","slay the spire mod where everything is the same but ironclad has a cowboy hat"],"gold_per_floor":[209,209,7,22,22,22,58,58,81,119,119,140,163,163,163],"floor_reached":14,"playtime":328,"items_purged":[],"score":162,"play_id":"57e6c793-7c43-48d0-8bc3-dbe8e160dae6","local_time":"20201228002824","is_ascension_mode":true,"campfire_choices":[{"data":"Sweeping Beam","floor":6,"key":"SMITH"},{"data":"Capacitor","floor":8,"key":"SMITH"}],"circlet_count":0,"master_deck":["AscendersBane","Strike_B","Strike_B","Strike_B","Defend_B+1","Defend_B","Defend_B+1","Defend_B","Zap","Dualcast","Sunder","Gash","Cold Snap","Echo Form","Ball Lightning","Coolheaded","Go for the Eyes+1","Sweeping Beam+1","Capacitor+1","Biased Cognition+1","Gash"],"relics":["Cracked Core","Orrery","Golden Idol","Akabeko","War Paint","Frozen Egg 2"],"acts_visited":["Exordium"],"potions_floor_usage":[],"damage_taken":[{"damage":3,"enemies":"2 Louse","floor":1,"turns":3},{"damage":9,"enemies":"Jaw Worm","floor":4,"turns":2},{"damage":9,"enemies":"Lagavulin","floor":7,"turns":5},{"damage":20,"enemies":"Gremlin Nob","floor":10,"turns":4},{"damage":0,"enemies":"Small Slimes","floor":12,"turns":1},{"damage":0,"enemies":"3 Louse","floor":13,"turns":1},{"damage":20,"enemies":"Lagavulin","floor":14,"turns":3}],"seed_played":"2051552058467609758","potions_obtained":[{"floor":1,"key":"ColorlessPotion"},{"floor":10,"key":"SteroidPotion"}],"is_trial":false,"path_per_floor":["M","?","$","M","?","R","E","R","T","E","?","M","M","E"],"character_chosen":"DEFECT","items_purchased":["Orrery","Go for the Eyes"],"campfire_rested":0,"item_purchase_floors":[3,3],"current_hp_per_floor":[65,58,58,49,49,49,40,40,40,20,20,20,20,0,0],"gold":163,"neow_bonus":"HUNDRED_GOLD","is_daily":false,"chose_seed":false,"campfire_upgraded":2,"win_rate":0.0,"timestamp":1609111704,"path_taken":["M","?","?","M","?","R","E","R","T","E","?","M","?","E"],"items_purchased_type":["Relic","Card"],"build_version":"2020-12-22","purchased_purges":0,"victory":false,"max_hp_per_floor":[75,75,75,75,69,69,69,69,69,69,69,69,69,69,69],"relic_stats":{"counters":[7,19],"Golden Idol":24,"War Paint":["Defend_B","Defend_B"],"obtain_stats":[{"Golden Idol":5,"Orrery":3,"War Paint":9,"Frozen Egg 2":10,"Cracked Core":0,"Akabeko":7},{"Golden Idol":2,"Orrery":1,"War Paint":3,"Frozen Egg 2":4,"Cracked Core":0,"Akabeko":3},{"Golden Idol":5,"Orrery":3,"War Paint":10,"Frozen Egg 2":14,"Cracked Core":0,"Akabeko":10}]},"card_choices":[{"not_picked":["FTL","Melter"],"picked":"Sunder","floor":1},{"not_picked":["Loop","Conserve Battery"],"picked":"Gash","floor":3},{"not_picked":["Steam","Conserve Battery"],"picked":"Cold Snap","floor":3},{"not_picked":["Recycle","Steam"],"picked":"Echo Form","floor":3},{"not_picked":["Heatsinks","Go for the Eyes"],"picked":"Ball Lightning","floor":3},{"not_picked":["Redo","Compile Driver"],"picked":"Coolheaded","floor":3},{"not_picked":["Turbo","Beam Cell"],"picked":"Sweeping Beam","floor":4},{"not_picked":["Melter","Coolheaded"],"picked":"Capacitor","floor":7},{"not_picked":["Genetic Algorithm","Steam"],"picked":"Biased Cognition+1","floor":10},{"not_picked":["Sunder","Redo"],"picked":"Gash","floor":12},{"not_picked":["Cold Snap","Compile Driver","Stack"],"picked":"SKIP","floor":13}],"player_experience":3280053,"relics_obtained":[{"floor":7,"key":"Akabeko"},{"floor":9,"key":"War Paint"},{"floor":10,"key":"Frozen Egg 2"}],"event_choices":[{"cards_removed":["Strike_B"],"damage_healed":0,"gold_gain":0,"player_choice":"Card Removal","damage_taken":7,"max_hp_gain":0,"max_hp_loss":0,"event_name":"Golden Wing","floor":2,"gold_loss":0},{"damage_healed":0,"gold_gain":0,"player_choice":"Lose Max HP","damage_taken":0,"relics_obtained":["Golden Idol"],"max_hp_gain":0,"max_hp_loss":6,"event_name":"Golden Idol","floor":5,"gold_loss":0},{"damage_healed":0,"gold_gain":0,"player_choice":"Upgraded","damage_taken":0,"max_hp_gain":0,"max_hp_loss":0,"event_name":"Upgrade Shrine","floor":11,"gold_loss":0,"cards_upgraded":["Go for the Eyes"]}],"is_beta":false,"boss_relics":[],"items_purged_floors":[],"is_endless":false,"potions_floor_spawned":[1,10],"killed_by":"Lagavulin","ascension_level":13}}