{"host":"rqr5ppifgk2pyouj","time":1609109450,"event":{"mods":["AchievementEnabler","Act Like it!","BaseMod","Better Match","Better Note","Better Vampires","Better-Laid Plans","BetterRewards","Block Reminder","Clawfect","Colored Map","Colored Powertips","Curses Come First","Custom Start","Elementarium","Energized Spire","GifTheSpireLib","Minty Spire (QoL Compilation)","Rare Cards Sparkle","Reworked Bosses","Shop Mod","StSLib","Unceasing Turn Reminder","Waifu the Spire"],"gold_per_floor":[156,231,231,150,150,192,288,288,338,422,422,803,878,729,729,1020,1020,1053,943,724,784,826,826,880,805,850,949,982,1066,1066,1141,1141,1447,1447,1480,953,986,986,555,555,645,657,669,786,879,945,1047,1047],"floor_reached":47,"playtime":2879,"items_purged":[],"score":1318,"play_id":"8c43855c-d6ec-42dd-8e30-9033367ced63","local_time":"20201227165050","daily_mods":["Hoarder","Specialized","Heirloom","DeadlyEvents","Elite Swarm","Lethality","Midas"],"is_ascension_mode":true,"campfire_choices":[{"data":"1","floor":8,"key":"LIFT"},{"data":"2","floor":11,"key":"LIFT"},{"data":"3","floor":15,"key":"LIFT"},{"floor":23,"key":"REST"},{"floor":30,"key":"REST"},{"floor":32,"key":"REST"},{"floor":40,"key":"DIG"},{"floor":42,"key":"DIG"}],"circlet_count":0,"master_deck":["Leap+1","Leap","Leap","Leap","Leap","Leap","Leap","Leap","Leap","Leap","Leap","Leap","Leap+1","Leap","Leap","Core Surge","Core Surge","Core Surge","Gash","Gash","Gash","Gash","Gash","Gash+1","Gash","Gash","Gash","Gash","Gash+1","Gash","Gash","Gash+1","Gash","Self Repair","Self Repair","Self Repair","Clawfect:ScrapingClaw","Clawfect:ScrapingClaw","Clawfect:ScrapingClaw","Machine Learning+1","Machine Learning+1","Machine Learning+1","Creative AI+1","Creative AI+1","Creative AI+1","Echo Form+1","Echo Form+1","Echo Form+1","Clawfect:ClawForOne+1","Clawfect:ClawForOne","Clawfect:ClawForOne","Amplify","Amplify","Amplify","Clawfect:ClawCell","Clawfect:ClawCell","Clawfect:ClawCell","Static Discharge+1","Static Discharge+1","Static Discharge+1","Aggregate+1","Aggregate+1","Aggregate+1","Clawfect:ClawForTheEyes","Clawfect:ClawForTheEyes","Clawfect:ClawForTheEyes","Trip+1","Trip+1","Trip+1","Echo Form+1","Echo Form+1","Echo Form+1","CurseOfTheBell","CurseOfTheBell","CurseOfTheBell"],"relics":["Unceasing Top","Girya","Akabeko","Bag of Preparation","Black Star","Brimstone","WristBlade","White Beast Statue","Shuriken","Potion Belt","MerchantsRug","Frozen Egg 2","WingedGreaves","Blood Vial","Cables","DataDisk","Mercury Hourglass","Old Coin","Ancient Tea Set","Eternal Feather","ClockworkSouvenir","energizedSpire:MagnifyingGlass","Elementarium:HuntersSling","Bronze Scales","Orichalcum","Pear","Whetstone","Oddly Smooth Stone","Matryoshka","MealTicket","Anchor","Elementarium:ElementariumTrophy","Calling Bell","Vajra","Question Card","Torii","Shovel","Ornamental Fan","Bag of Marbles","Nunchaku","Boot","War Paint","Prayer Wheel","CeramicFish","MawBank","Letter Opener","Lantern","Mummified Hand","Calipers","Bottled Tornado","Centennial Puzzle","Darkstone Periapt","InkBottle","Pantograph"],"acts_visited":["Exordium","Elementarium:Elementarium","TheBeyond"],"potions_floor_usage":[13,24,27,27,39,46,47],"damage_taken":[{"damage":0,"enemies":"Jaw Worm","floor":1,"turns":1},{"damage":0,"enemies":"2 Louse","floor":6,"turns":1},{"damage":6,"enemies":"Gremlin Nob","floor":7,"turns":4},{"damage":0,"enemies":"Lagavulin","floor":10,"turns":3},{"damage":7,"enemies":"Gremlin Nob","floor":12,"turns":3},{"damage":0,"enemies":"Lagavulin","floor":13,"turns":2},{"damage":66,"enemies":"Hexaghost","floor":16,"turns":4},{"damage":0,"enemies":"Elementarium:VoidCorruption","floor":18,"turns":3},{"damage":0,"enemies":"Elementarium:2_ELEMENTALS","floor":21,"turns":3},{"damage":32,"enemies":"Elementarium:VoidBeast","floor":22,"turns":3},{"damage":7,"enemies":"Elementarium:Hydrostalker","floor":24,"turns":2},{"damage":46,"enemies":"Elementarium:FIRE_NOBILITY","floor":27,"turns":4},{"damage":0,"enemies":"Elementarium:CYCLONE_AND_LIVING_STORMCLOUD","floor":28,"turns":4},{"damage":28,"enemies":"Elementarium:WarGolem","floor":29,"turns":3},{"damage":21,"enemies":"Elementarium:ElementalPortal","floor":31,"turns":3},{"damage":9,"enemies":"Elementarium:GoldenDragon","floor":33,"turns":3},{"damage":40,"enemies":"3 Darklings","floor":35,"turns":3},{"damage":18,"enemies":"Orb Walker","floor":37,"turns":4},{"damage":19,"enemies":"Giant Head","floor":41,"turns":3},{"damage":41,"enemies":"Reptomancer","floor":44,"turns":4},{"damage":0,"enemies":"Giant Head","floor":45,"turns":4},{"damage":0,"enemies":"Transient","floor":46,"turns":4},{"damage":9,"enemies":"Nemesis","floor":47,"turns":3}],"seed_played":"3395827531601201939","potions_obtained":[{"floor":1,"key":"Fire Potion"},{"floor":6,"key":"Block Potion"},{"floor":7,"key":"CultistPotion"},{"floor":10,"key":"Strength Potion"},{"floor":12,"key":"ColorlessPotion"},{"floor":13,"key":"DistilledChaos"},{"floor":18,"key":"Energy Potion"},{"floor":24,"key":"PowerPotion"},{"floor":27,"key":"SteroidPotion"},{"floor":28,"key":"Regen Potion"},{"floor":33,"key":"PowerPotion"},{"floor":46,"key":"Fire Potion"},{"floor":47,"key":"DuplicationPotion"}],"is_trial":true,"path_per_floor":["M","?","?","$","?","M","E","R","T","E","R","E","E","$","R","B",null,"M","?","$","M","M","R","M","?","T","E","M","E","R","E","R","B",null,"M","$","M","T","$","R","E","R","T","E","E","M","E"],"character_chosen":"DEFECT","items_purchased":["MerchantsRug","ClockworkSouvenir","Bronze Scales","Static Discharge+1","Shovel","Ornamental Fan","Boot","War Paint","Fruit Juice","SteroidPotion"],"campfire_rested":3,"item_purchase_floors":[4,14,20,20,36,36,39,39,39,39],"current_hp_per_floor":[75,64,49,49,54,54,69,69,69,71,71,73,75,75,80,14,80,80,80,80,80,48,80,80,80,80,58,88,69,90,90,90,88,90,57,72,56,56,76,95,83,95,95,68,91,95,93,93],"gold":1047,"neow_bonus":"","is_daily":false,"chose_seed":false,"campfire_upgraded":0,"win_rate":0.0,"timestamp":1609109450,"path_taken":["M","?","?","$","?","?","E","R","T","E","R","E","?","?","R","BOSS","M","?","$","M","M","R","M","?","T","E","?","E","R","E","R","BOSS","M","$","M","?","$","R","E","R","T","E","?","?","E"],"items_purchased_type":["Relic","Relic","Relic","Card","Relic","Relic","Relic","Relic","Potion","Potion"],"build_version":"2020-12-22","purchased_purges":0,"victory":false,"max_hp_per_floor":[75,75,75,75,80,80,80,80,80,80,80,80,80,80,80,80,80,80,80,80,80,80,80,80,80,80,90,90,90,90,90,90,90,90,90,90,90,90,95,95,95,95,95,95,95,95,95,95],"card_choices":[{"not_picked":["Chaos","Leap"],"picked":"Self Repair","floor":1},{"not_picked":["Static Discharge","Clawfect:ClawForTheEyes"],"picked":"Clawfect:ScrapingClaw","floor":6},{"not_picked":["Hyperbeam","Rainbow"],"picked":"Machine Learning+1","floor":7},{"not_picked":["Electrodynamics+1","Meteor Strike"],"picked":"Creative AI+1","floor":10},{"not_picked":["Biased Cognition+1","Reboot"],"picked":"Echo Form+1","floor":12},{"not_picked":["Seek","Multi-Cast"],"picked":"Clawfect:ClawForOne","floor":13},{"not_picked":["Reboot","Biased Cognition+1"],"picked":"Amplify","floor":16},{"not_picked":["Redo","Recycle"],"picked":"Clawfect:ClawCell","floor":18},{"not_picked":["Blizzard","Tempest+1","Clawfect:ScrapingClaw"],"picked":"SKIP","floor":21},{"not_picked":["Auto Shields","Clawfect:ClawAndGloom"],"picked":"Aggregate+1","floor":22},{"not_picked":["Hello World+1","Hologram+1"],"picked":"Clawfect:ClawForTheEyes","floor":24},{"not_picked":["Forethought+1","Jack Of All Trades+1"],"picked":"Trip+1","floor":25},{"not_picked":["Echo Form+1","Multi-Cast","Meteor Strike"],"picked":"SKIP","floor":27},{"not_picked":["Aggregate","Clawfect:ClawpileDriver","Steam+1"],"picked":"SKIP","floor":28},{"not_picked":["Reboot","Rainbow","Electrodynamics+1"],"picked":"SKIP","floor":29},{"not_picked":["Electrodynamics+1","Meteor Strike","Creative AI+1"],"picked":"SKIP","floor":31},{"not_picked":["Reboot","Rainbow"],"picked":"Echo Form+1","floor":33},{"not_picked":["Recycle","Heatsinks+1","Clawfect:Clawrage+1","Clawfect:Clawline+1"],"picked":"SKIP","floor":35},{"not_picked":["Conserve Battery","Redo+1","Coolheaded+1","Clawfect:Clawter"],"picked":"SKIP","floor":37},{"not_picked":["Clawfect:ClawForOne","Seek","Meteor Strike","Hyperbeam"],"picked":"SKIP","floor":41},{"not_picked":["Meteor Strike","Creative AI+1","Multi-Cast","Clawfect:ClawForOne"],"picked":"SKIP","floor":44},{"not_picked":["Electrodynamics+1","Thunder Strike","Rainbow","Core Surge"],"picked":"SKIP","floor":45},{"not_picked":["Skim+1","Turbo+1","Rebound+1","Gash"],"picked":"SKIP","floor":46},{"not_picked":["Storm+1","Clawfect:ClawingBeam","Lockon+1","Gash+1"],"picked":"SKIP","floor":46},{"not_picked":["Thunder Strike","Machine Learning+1","Clawfect:ClawForOne","Amplify"],"picked":"SKIP","floor":47}],"player_experience":666930,"relics_obtained":[{"floor":7,"key":"Frozen Egg 2"},{"floor":7,"key":"WingedGreaves"},{"floor":9,"key":"Blood Vial"},{"floor":10,"key":"Cables"},{"floor":10,"key":"DataDisk"},{"floor":12,"key":"Mercury Hourglass"},{"floor":12,"key":"Old Coin"},{"floor":13,"key":"Ancient Tea Set"},{"floor":13,"key":"Eternal Feather"},{"floor":26,"key":"Orichalcum"},{"floor":27,"key":"Pear"},{"floor":27,"key":"Whetstone"},{"floor":29,"key":"Oddly Smooth Stone"},{"floor":29,"key":"Matryoshka"},{"floor":31,"key":"MealTicket"},{"floor":31,"key":"Anchor"},{"floor":34,"key":"Vajra"},{"floor":34,"key":"Question Card"},{"floor":34,"key":"Torii"},{"floor":38,"key":"Bag of Marbles"},{"floor":38,"key":"Nunchaku"},{"floor":40,"key":"Prayer Wheel"},{"floor":41,"key":"CeramicFish"},{"floor":41,"key":"MawBank"},{"floor":42,"key":"Letter Opener"},{"floor":43,"key":"Lantern"},{"floor":43,"key":"Mummified Hand"},{"floor":44,"key":"Calipers"},{"floor":44,"key":"Bottled Tornado"},{"floor":45,"key":"Centennial Puzzle"},{"floor":45,"key":"Darkstone Periapt"},{"floor":47,"key":"InkBottle"},{"floor":47,"key":"Pantograph"}],"event_choices":[{"damage_healed":0,"gold_gain":75,"player_choice":"Gather Gold","damage_taken":11,"max_hp_gain":0,"max_hp_loss":0,"event_name":"World of Goop","floor":2,"gold_loss":0},{"damage_healed":0,"gold_gain":0,"player_choice":"Entered Light","damage_taken":15,"max_hp_gain":0,"max_hp_loss":0,"event_name":"Shining Light","floor":3,"gold_loss":0,"cards_upgraded":["Gash","Gash"]},{"damage_healed":0,"gold_gain":0,"player_choice":"Donut","damage_taken":0,"max_hp_gain":5,"max_hp_loss":0,"event_name":"Big Fish","floor":5,"gold_loss":0},{"damage_healed":0,"gold_gain":0,"player_choice":"Sling","damage_taken":0,"relics_obtained":["Elementarium:HuntersSling"],"max_hp_gain":0,"max_hp_loss":0,"event_name":"Elementarium:BigGameHunter","floor":19,"gold_loss":110},{"damage_healed":0,"gold_gain":0,"player_choice":"2","damage_taken":0,"max_hp_gain":0,"max_hp_loss":0,"event_name":"betterMatch:BetterMatch","floor":25,"gold_loss":0,"cards_obtained":["betterMatch:ColorlessUncommonCard"]}],"is_beta":false,"boss_relics":[{"not_picked":["Sozu","energizedSpire:UnstableMolecules"],"picked":"energizedSpire:MagnifyingGlass"},{"not_picked":["Fusion Hammer","Snecko Eye"],"picked":"Calling Bell"}],"items_purged_floors":[],"is_endless":true,"potions_floor_spawned":[1,6,7,10,12,13,16,18,21,22,24,27,28,29,31,33,35,37,41,44,45,46,47],"killed_by":"Nemesis","ascension_level":4}}