{"host":"uae2ry9d6rl7cq98","time":1609038142,"event":{"mods":["AchievementEnabler","BaseMod","BetterRewards","Colored Map","Custom Start","Hermit","Hubris","Infinite Spire","Minty Spire (QoL Compilation)","Replay The Spire","Shop Mod","StSLib","SuperFastMode","The Animator","The Hierophant","The Servant 0.9.4"],"gold_per_floor":[119,128,312,321,343,386,411,440,467,467,495,495,534,559,559,559,559],"floor_reached":16,"playtime":860,"items_purged":[],"score":143,"play_id":"c58111f6-ac60-4224-90d7-d4565b82f6a7","local_time":"20201226190222","is_ascension_mode":false,"campfire_choices":[{"floor":10,"key":"RECALL"},{"floor":15,"key":"REST"}],"circlet_count":0,"master_deck":["Strike_S","Strike_S","Strike_S","Strike_S","Defend_S","Defend_S","Defend_S","KidneyShot","Exchange","ShatteredReality","Regret","Doubt","SurpressingFire+1","Ricochet","SurpressingFire","Sabotage","StarChef","Potential"],"relics":["Uniform","NeowsBlessing","CeramicFish","Replay:Mystery Machine","Potion Belt","infinitespire:WardingShard","Smiling Mask","Blood Vial"],"acts_visited":["Exordium"],"potions_floor_usage":[16,16],"damage_taken":[{"damage":0,"enemies":"Small Slimes","floor":1,"turns":1},{"damage":0,"enemies":"Jaw Worm","floor":5,"turns":1},{"damage":0,"enemies":"Gremlin Nob","floor":6,"turns":1},{"damage":0,"enemies":"2 Louse","floor":8,"turns":1},{"damage":16,"enemies":"Lagavulin","floor":11,"turns":9},{"damage":28,"enemies":"Replay:BlueRogue","floor":13,"turns":13},{"damage":15,"enemies":"Looter","floor":14,"turns":3},{"damage":29,"enemies":"The Guardian","floor":16,"turns":4}],"seed_played":"7274061748689235158","potions_obtained":[{"floor":5,"key":"DuplicationPotion"},{"floor":8,"key":"Ancient Potion"},{"floor":14,"key":"Dexterity Potion"}],"is_trial":false,"path_per_floor":["M","?","?","?","M","E","T","M","T","R","E","?","E","M","R","B"],"character_chosen":"THE_SERVANT","items_purchased":[],"campfire_rested":1,"item_purchase_floors":[],"current_hp_per_floor":[65,65,65,65,65,65,65,65,65,65,49,42,14,1,20,0,0],"gold":559,"neow_bonus":"THREE_ENEMY_KILL","is_daily":false,"chose_seed":false,"campfire_upgraded":0,"win_rate":0.0,"timestamp":1609038142,"path_taken":["M","?","?","?","M","E","?","M","T","R","E","?","E","M","R","BOSS"],"items_purchased_type":[],"build_version":"2020-12-22","purchased_purges":0,"victory":false,"max_hp_per_floor":[65,65,65,65,65,65,65,65,65,65,65,65,65,65,65,65,65],"card_choices":[{"not_picked":["Rewind","ReturningBlade"],"picked":"ShatteredReality","floor":1},{"not_picked":["Potential","Defy"],"picked":"Ricochet","floor":5},{"not_picked":["Shuttle","Rewind"],"picked":"SurpressingFire","floor":6},{"not_picked":["ShatteredReality","FastForward"],"picked":"Sabotage","floor":8},{"not_picked":["FastForward","Rewind","Barrier"],"picked":"SKIP","floor":11},{"not_picked":["SoulSculpture","Ricochet"],"picked":"StarChef","floor":13},{"not_picked":["BottledTime","DoubleEdge"],"picked":"Potential","floor":14}],"player_experience":267943,"relics_obtained":[{"floor":6,"key":"Replay:Mystery Machine"},{"floor":9,"key":"Potion Belt"},{"floor":11,"key":"infinitespire:WardingShard"},{"floor":13,"key":"Blood Vial"}],"event_choices":[{"damage_healed":0,"gold_gain":0,"player_choice":"Box","damage_taken":0,"relics_obtained":["CeramicFish"],"max_hp_gain":0,"max_hp_loss":0,"event_name":"Big Fish","floor":2,"gold_loss":0,"cards_obtained":["Regret"]},{"damage_healed":0,"gold_gain":175,"player_choice":"AGREE","damage_taken":0,"max_hp_gain":0,"max_hp_loss":0,"event_name":"Liars Game","floor":3,"gold_loss":0,"cards_obtained":["Doubt"]},{"damage_healed":0,"gold_gain":0,"player_choice":"Success","damage_taken":7,"relics_obtained":["Smiling Mask"],"max_hp_gain":0,"max_hp_loss":0,"event_name":"Scrap Ooze","floor":12,"gold_loss":0}],"is_beta":false,"boss_relics":[],"items_purged_floors":[],"is_endless":false,"potions_floor_spawned":[5,8,14],"killed_by":"The Guardian","ascension_level":0}}