{"host":"1tl36azeqm6yhdgj","time":1609071071,"event":{"mods":["AchievementEnabler","BaseMod","Minty Spire (QoL Compilation)","StSLib","The IronCluck","everything is the same but u backflip on backflip"],"gold_per_floor":[116,166,184,200,35,35,65,81,81,81,100,134,134,134,134,134,134],"floor_reached":16,"playtime":399,"items_purged":[],"score":198,"play_id":"880e9d7f-743a-464c-ad53-60ca73f2bb42","local_time":"20201227071111","is_ascension_mode":true,"campfire_choices":[{"data":"Body Slam","floor":6.0,"key":"SMITH"},{"floor":10.0,"key":"REST"},{"data":"Swivel","floor":13.0,"key":"SMITH"},{"data":"Sweeping Beam","floor":15.0,"key":"SMITH"}],"circlet_count":0,"master_deck":["AscendersBane","Strike_R","Strike_R","Strike_R","Strike_R","Strike_R","Defend_R","Defend_R","Defend_R","Defend_R","Bash","Carnage+1","Body Slam+1","Reckless Charge","Thunderclap","Sweeping Beam+1","Swivel+1","Master of Strategy"],"relics":["Burning Blood","NeowsBlessing","PrismaticShard","Pantograph","Orichalcum"],"acts_visited":["Exordium"],"potions_floor_usage":[],"damage_taken":[{"damage":0.0,"enemies":"Cultist","floor":1.0,"turns":1.0},{"damage":0.0,"enemies":"Jaw Worm","floor":3.0,"turns":1.0},{"damage":0.0,"enemies":"2 Louse","floor":4.0,"turns":1.0},{"damage":30.0,"enemies":"Gremlin Nob","floor":7.0,"turns":4.0},{"damage":11.0,"enemies":"Exordium Thugs","floor":8.0,"turns":4.0},{"damage":0.0,"enemies":"Lots of Slimes","floor":11.0,"turns":1.0},{"damage":46.0,"enemies":"3 Sentries","floor":12.0,"turns":8.0},{"damage":64,"enemies":"The Guardian","floor":16,"turns":9}],"seed_played":"2515456029410543115","potions_obtained":[{"floor":4.0,"key":"SpeedPotion"}],"is_trial":false,"path_per_floor":["M","?","M","M","$","R","E","M","T","R","M","E","R","?","R","B"],"character_chosen":"IRONCLAD","items_purchased":["PrismaticShard"],"campfire_rested":1,"item_purchase_floors":[5],"current_hp_per_floor":[74,67,73,75,75,75,51,46,46,68,74,34,34,34,34,0,0],"gold":134,"neow_bonus":"THREE_ENEMY_KILL","is_daily":false,"chose_seed":false,"campfire_upgraded":3,"win_rate":0.0,"timestamp":1609071071,"path_taken":["M","?","M","?","$","R","E","M","T","R","M","E","R","?","R","BOSS"],"items_purchased_type":["Relic"],"build_version":"2020-12-22","purchased_purges":0,"victory":false,"max_hp_per_floor":[75,75,75,75,75,75,75,75,75,75,75,75,75,75,75,75,75],"card_choices":[{"not_picked":["Clash","Blood for Blood"],"picked":"Carnage","floor":1.0},{"not_picked":["Warcry","Headbutt"],"picked":"Body Slam","floor":3.0},{"not_picked":["Body Slam","Pommel Strike"],"picked":"Reckless Charge","floor":4.0},{"not_picked":["Amplify","EmptyBody"],"picked":"Thunderclap","floor":7.0},{"not_picked":["Dodge and Roll","True Grit"],"picked":"Sweeping Beam","floor":8.0},{"not_picked":["Study","Perfected Strike"],"picked":"Swivel","floor":11.0},{"not_picked":["Spot Weakness","Second Wind"],"picked":"Master of Strategy","floor":12.0}],"player_experience":1976207,"relics_obtained":[{"floor":7.0,"key":"Pantograph"},{"floor":12.0,"key":"Orichalcum"}],"event_choices":[{"damage_healed":0.0,"max_hp_gain":0.0,"max_hp_loss":0.0,"gold_gain":50.0,"event_name":"FaceTrader","player_choice":"Touch","floor":2.0,"gold_loss":0.0,"damage_taken":7.0},{"damage_healed":0.0,"max_hp_gain":0.0,"max_hp_loss":0.0,"gold_gain":0.0,"event_name":"Accursed Blacksmith","player_choice":"Forge","floor":14.0,"gold_loss":0.0,"damage_taken":0.0,"cards_upgraded":["Carnage"]}],"is_beta":false,"boss_relics":[],"items_purged_floors":[],"is_endless":false,"potions_floor_spawned":[4],"killed_by":"The Guardian","ascension_level":16}}