{"host":"9l2xd2qbyxfqdc97","time":1609089166,"event":{"mods":["BaseMod","Colored Map","Highlight Path","Minty Spire (QoL Compilation)","Quick Restart"],"gold_per_floor":[131,131,11,11,46,130,130,130,130,130,30,30,105,125,125,226,226,267,310,379,379,19,19,72,112,112,112,112,150,186,226,226,331,331,349,423,124,124,0,0,33,33,56,100,100,33,53,2,2,27],"floor_reached":51,"playtime":1899,"items_purged":["Strike_B","Defend_B","Strike_B","Static Discharge"],"score":862,"play_id":"2384937e-6aa3-4981-a352-4a97bd7d315a","local_time":"20201228021246","is_ascension_mode":true,"campfire_choices":[{"data":"Dualcast","floor":10.0,"key":"SMITH"},{"data":"Zap","floor":12.0,"key":"SMITH"},{"floor":15.0,"key":"REST"},{"floor":23,"key":"REST"},{"data":"Seek","floor":27,"key":"SMITH"},{"floor":32,"key":"REST"},{"floor":40,"key":"REST"},{"data":"Aggregate","floor":45,"key":"SMITH"},{"floor":49,"key":"REST"}],"circlet_count":0,"master_deck":["Zap+1","Dualcast+1","HandOfGreed+1","Gash","Steam","Go for the Eyes","Seek+1","Capacitor","Gash","Gash","Necronomicurse","Scrape","Gash","Steam+1","Hologram","Gash","Echo Form","Core Surge","Aggregate+1","Gash","Redo+1","Master of Strategy","White Noise+1","Scrape"],"relics":["FrozenCore","Bottled Lightning","Question Card","Singing Bowl","Necronomicon","Strawberry","Blood Vial","Bag of Preparation","Pandora\u0027s Box","TungstenRod","Runic Capacitor","Red Mask","MealTicket","Mummified Hand","Pen Nib"],"acts_visited":["Exordium","TheCity","TheBeyond"],"potions_floor_usage":[24,24,33,36,41,50],"damage_taken":[{"damage":3.0,"enemies":"Jaw Worm","floor":1.0,"turns":4.0},{"damage":0.0,"enemies":"2 Louse","floor":5.0,"turns":1.0},{"damage":20.0,"enemies":"3 Sentries","floor":6.0,"turns":7.0},{"damage":0.0,"enemies":"Cultist","floor":14.0,"turns":3.0},{"damage":27.0,"enemies":"Hexaghost","floor":16.0,"turns":10.0},{"damage":14.0,"enemies":"3 Byrds","floor":18.0,"turns":4.0},{"damage":5.0,"enemies":"Chosen","floor":19.0,"turns":4.0},{"damage":15.0,"enemies":"Shelled Parasite and Fungi","floor":20.0,"turns":8.0},{"damage":12,"enemies":"Book of Stabbing","floor":24,"turns":3},{"damage":0,"enemies":"Centurion and Healer","floor":25,"turns":4},{"damage":10,"enemies":"Cultist and Chosen","floor":29,"turns":8},{"damage":13,"enemies":"Snake Plant","floor":30,"turns":3},{"damage":0,"enemies":"Centurion and Healer","floor":31,"turns":3},{"damage":33,"enemies":"Collector","floor":33,"turns":6},{"damage":18,"enemies":"3 Darklings","floor":35,"turns":5},{"damage":31,"enemies":"2 Orb Walkers","floor":36,"turns":4},{"damage":23,"enemies":"Nemesis","floor":41,"turns":7},{"damage":5,"enemies":"Orb Walker","floor":44,"turns":2},{"damage":18,"enemies":"Maw","floor":47,"turns":5},{"damage":37,"enemies":"Awakened One","floor":50,"turns":8}],"seed_played":"8094136201063486409","potions_obtained":[{"floor":5.0,"key":"FocusPotion"},{"floor":6.0,"key":"LiquidBronze"},{"floor":14.0,"key":"LiquidMemories"},{"floor":18.0,"key":"AttackPotion"},{"floor":19.0,"key":"Regen Potion"},{"floor":29,"key":"SpeedPotion"},{"floor":31,"key":"AttackPotion"},{"floor":33,"key":"FocusPotion"},{"floor":36,"key":"Regen Potion"}],"is_trial":false,"path_per_floor":["M","?","$","?","M","E","?","?","T","R","$","R","?","M","R","B",null,"M","M","M","?","$","R","E","M","T","R","?","M","M","M","R","B",null,"M","?","$","?","?","R","E","T","T","M","R","$","M","$","R","B",null],"character_chosen":"DEFECT","items_purchased":["Steam","Scrape","Gash","Strawberry","Runic Capacitor","Scrape","Fire Potion"],"campfire_rested":5,"item_purchase_floors":[3,22,22,22,37,46,48],"current_hp_per_floor":[65,51,51,51,51,31,24,24,24,24,24,24,18,20,41,14,70,56,51,36,20,27,50,47,51,51,51,51,43,34,36,60,29,81,65,36,36,36,36,60,56,56,56,53,53,68,54,69,87,50],"gold":27,"neow_bonus":"RANDOM_COLORLESS_2","is_daily":false,"chose_seed":false,"campfire_upgraded":4,"win_rate":0.0,"timestamp":1609089166,"path_taken":["M","?","$","?","?","E","?","?","T","R","$","R","?","?","R","BOSS","M","M","M","?","$","R","E","M","T","R","?","M","M","M","R","BOSS","M","?","$","?","?","R","E","?","T","M","R","$","?","?","R","BOSS"],"items_purchased_type":["Card","Card","Card","Relic","Relic","Card","Potion"],"build_version":"2020-12-22","purchased_purges":4,"victory":true,"max_hp_per_floor":[68,68,68,68,68,68,68,68,68,68,68,68,68,70,70,70,70,70,70,70,70,77,77,77,79,79,79,79,79,81,81,81,81,81,83,83,83,83,83,83,85,85,85,85,85,85,87,87,87,87],"card_choices":[{"not_picked":["Chrysalis","Mayhem"],"picked":"HandOfGreed","floor":0.0},{"not_picked":["Streamline","Ball Lightning"],"picked":"Gash","floor":1.0},{"not_picked":["Coolheaded","Capacitor"],"picked":"Go for the Eyes","floor":5.0},{"not_picked":["Biased Cognition","Coolheaded","Go for the Eyes"],"picked":"SKIP","floor":6.0},{"not_picked":["Chill","Leap","Redo","Rip and Tear"],"picked":"Singing Bowl","floor":14.0},{"not_picked":["Thunder Strike","Reboot","Electrodynamics"],"picked":"Seek","floor":16.0},{"not_picked":["Leap","Static Discharge","Go for the Eyes"],"picked":"Capacitor","floor":18.0},{"not_picked":["Ball Lightning","Heatsinks","Genetic Algorithm+1"],"picked":"Gash","floor":19.0},{"not_picked":["Loop","Reprogram","Melter+1"],"picked":"Gash","floor":20.0},{"not_picked":["Tempest","Defragment","Static Discharge"],"picked":"Steam+1","floor":24},{"not_picked":["Auto Shields","Go for the Eyes","Ball Lightning","Defragment"],"picked":"Singing Bowl","floor":25},{"not_picked":["Aggregate","Redo","Rebound"],"picked":"Hologram","floor":29},{"not_picked":["Lockon","Force Field","Hologram","Blizzard"],"picked":"Singing Bowl","floor":30},{"not_picked":["Chill+1","Thunder Strike","Go for the Eyes"],"picked":"Gash","floor":31},{"not_picked":["Amplify","Biased Cognition","Machine Learning"],"picked":"Echo Form","floor":33},{"not_picked":["Conserve Battery","Cold Snap","Coolheaded","Redo+1"],"picked":"Singing Bowl","floor":35},{"not_picked":["Go for the Eyes","Leap+1","Hello World"],"picked":"Redo+1","floor":36},{"not_picked":["Dark Shackles","Deep Breath","Blind"],"picked":"Master of Strategy","floor":38},{"not_picked":["Turbo","Leap+1","Sweeping Beam","Rebound"],"picked":"Singing Bowl","floor":41},{"not_picked":["Force Field","Double Energy","Go for the Eyes+1"],"picked":"White Noise+1","floor":44},{"not_picked":["Chill","Go for the Eyes+1","Streamline+1","Ball Lightning+1"],"picked":"Singing Bowl","floor":47}],"player_experience":191217,"relics_obtained":[{"floor":6.0,"key":"Bottled Lightning"},{"floor":9.0,"key":"Singing Bowl"},{"floor":21,"key":"Necronomicon"},{"floor":24,"key":"Blood Vial"},{"floor":26,"key":"Bag of Preparation"},{"floor":36,"key":"TungstenRod"},{"floor":41,"key":"MealTicket"},{"floor":42,"key":"Mummified Hand"},{"floor":43,"key":"Pen Nib"}],"event_choices":[{"damage_healed":0.0,"max_hp_gain":0.0,"max_hp_loss":0.0,"gold_gain":0.0,"event_name":"Shining Light","player_choice":"Entered Light","floor":2.0,"gold_loss":0.0,"damage_taken":14.0,"cards_upgraded":["Strike_B","HandOfGreed"]},{"cards_removed":["Strike_B"],"damage_healed":0.0,"max_hp_gain":0.0,"max_hp_loss":0.0,"gold_gain":0.0,"event_name":"Purifier","player_choice":"Purged","floor":4.0,"gold_loss":0.0,"damage_taken":0.0},{"damage_healed":0.0,"max_hp_gain":0.0,"max_hp_loss":0.0,"gold_gain":0.0,"event_name":"Scrap Ooze","player_choice":"Success","floor":7.0,"gold_loss":0.0,"damage_taken":7.0,"relics_obtained":["Question Card"]},{"damage_healed":0.0,"max_hp_gain":0.0,"max_hp_loss":0.0,"gold_gain":0.0,"event_name":"Dead Adventurer","player_choice":"Searched \u00271\u0027 times","floor":8.0,"gold_loss":0.0,"damage_taken":0.0},{"damage_healed":0.0,"max_hp_gain":0.0,"max_hp_loss":0.0,"gold_gain":75.0,"event_name":"FaceTrader","player_choice":"Touch","floor":13.0,"gold_loss":0.0,"damage_taken":6.0},{"damage_healed":0,"gold_gain":0,"player_choice":"Obtained Book","damage_taken":16,"max_hp_gain":0,"max_hp_loss":0,"event_name":"Cursed Tome","floor":21,"gold_loss":0},{"damage_healed":0,"gold_gain":0,"player_choice":"Ignored","damage_taken":0,"max_hp_gain":0,"max_hp_loss":0,"event_name":"Ghosts","floor":28,"gold_loss":0},{"damage_healed":0,"gold_gain":0,"player_choice":"Fight","damage_taken":0,"max_hp_gain":0,"max_hp_loss":0,"event_name":"Mysterious Sphere","floor":36,"gold_loss":0},{"damage_healed":0,"gold_gain":0,"player_choice":"Memory 1","damage_taken":0,"max_hp_gain":0,"max_hp_loss":0,"event_name":"SensoryStone","floor":38,"gold_loss":0},{"damage_healed":0,"gold_gain":0,"player_choice":"Paid","damage_taken":0,"relics_obtained":["Red Mask"],"max_hp_gain":0,"max_hp_loss":0,"event_name":"Tomb of Lord Red Mask","floor":39,"gold_loss":124}],"is_beta":false,"boss_relics":[{"not_picked":["SlaversCollar","Tiny House"],"picked":"FrozenCore"},{"not_picked":["Black Star","Runic Dome"],"picked":"Pandora\u0027s Box"}],"items_purged_floors":[3,11,22,37],"is_endless":false,"potions_floor_spawned":[5,6,14,18,19,29,31,33,35,36],"ascension_level":3}}