{"host":"ssbj2e5691x5ub3h","time":1609111986,"event":{"mods":["BaseMod","Duelist Mod","Minty Spire (QoL Compilation)","StSLib"],"gold_per_floor":[143,143,160,180,192,192,192],"floor_reached":6,"playtime":413,"items_purged":[],"score":59,"play_id":"60fbf834-cd77-4977-9d5f-ca68b2b29f2f","local_time":"20201227213306","is_ascension_mode":true,"campfire_choices":[],"circlet_count":0,"master_deck":["AscendersBane","theDuelist:CastleWalls","theDuelist:CastleWalls","theDuelist:ColossalFighter","theDuelist:CommandKnight","theDuelist:FeedbackWarrior","theDuelist:FeedbackWarrior","theDuelist:MightyWarrior","theDuelist:Sparks","theDuelist:Sparks","theDuelist:SuperheavySoulbuster","theDuelist:BattleWarrior","theDuelist:SuperheavySwordsman","theDuelist:SuperheavySwordsman","theDuelist:CombinationAttack"],"relics":["theDuelist:MillenniumPuzzle","theDuelist:CardPoolRelic","theDuelist:CardPoolBasicRelic","theDuelist:BoosterPackPoolRelic","theDuelist:CardPoolAddRelic","theDuelist:CardPoolMinusRelic","theDuelist:CardPoolSaveRelic","theDuelist:CardPoolOptionsRelic"],"acts_visited":["Exordium"],"potions_floor_usage":[5],"damage_taken":[{"damage":15,"enemies":"2 Louse","floor":1,"turns":2},{"damage":12,"enemies":"Small Slimes","floor":3,"turns":2},{"damage":0,"enemies":"Cultist","floor":4,"turns":3},{"damage":32,"enemies":"Gremlin Gang","floor":5,"turns":4},{"damage":1,"enemies":"3 Sentries","floor":6,"turns":2}],"seed_played":"1636529737769814034","potions_obtained":[{"floor":3,"key":"AttackPotion"},{"floor":5,"key":"Block Potion"}],"is_trial":false,"path_per_floor":["M","?","M","M","M","E"],"character_chosen":"THE_DUELIST","items_purchased":[],"campfire_rested":0,"item_purchase_floors":[],"current_hp_per_floor":[65,65,53,53,21,20,20],"gold":192,"neow_bonus":"TEN_PERCENT_HP_BONUS","is_daily":false,"chose_seed":false,"campfire_upgraded":0,"win_rate":0.0,"timestamp":1609111986,"path_taken":["M","?","M","M","M","E"],"items_purchased_type":[],"build_version":"2020-12-22","purchased_purges":0,"victory":false,"max_hp_per_floor":[88,88,88,88,88,88,88],"card_choices":[{"not_picked":["theDuelist:Hayate","theDuelist:BullBlader","theDuelist:GaiaFierce","theDuelist:GravityWarrior"],"picked":"theDuelist:BattleWarrior","floor":1},{"not_picked":["theDuelist:AfterTheStorm","theDuelist:BullBlader","theDuelist:BattleWarrior","theDuelist:Flint"],"picked":"theDuelist:SuperheavySwordsman","floor":3},{"not_picked":["theDuelist:JudgeMan","theDuelist:Zombyra","theDuelist:BattleWarrior","theDuelist:MightyWarrior"],"picked":"theDuelist:SuperheavySwordsman","floor":4},{"not_picked":["theDuelist:MeteorDestruction","theDuelist:AgainstTheWind","theDuelist:EgoBoost","theDuelist:AdvanceForce"],"picked":"theDuelist:CombinationAttack","floor":5}],"player_experience":254809,"relics_obtained":[],"event_choices":[{"damage_healed":0,"gold_gain":0,"player_choice":"Leave","duelist":true,"damage_taken":0,"max_hp_gain":0,"max_hp_loss":0,"event_name":"Battle City","floor":2,"gold_loss":0}],"is_beta":false,"boss_relics":[],"items_purged_floors":[],"is_endless":false,"potions_floor_spawned":[3,5],"killed_by":"3 Sentries","ascension_level":11}}