{"host":"zivz6e0vf73jivdq","time":1609056989,"event":{"mods":["ATMod(°¢èªMod)","Act Like it!","BaseMod","Friendly Minions","Gensokyo","HololiveMod","Koishi","Marisa£¨ìFÓê¡¡Ä§ÀíÉ³£©","Minty Spire (QoL Compilation)","MostiFishMod","Pale of the Ancients","Prisma Mod","Reimu£¨²©ÀöÁéÃÎ£©","Remilia£¨ÀÙÃ×ÀòÑÇ£©","Replay The Spire","RumiaBox-Â¶Ã×æ«µÄÉñÃØºÐ×Ó","StSLib","The Jungle","The Servant 0.9.4","Yakumo Yukari mod","Youmu£¨»êÆÇÑýÃÎ£©","¡¾ÒÅÎï¿¨ÅÆ¡¿REMEMod"],"gold_per_floor":[118,134,147,161,177,206,206,206,206,236,236,251,286,298,298,394,394,408,508,358,378,396,396,421,436,488,520,536,563,563,577,577,710,710,728,449,467,482,482,512,512,324,324,359,21,36,36,107,107,107,107,107,57,88,88],"floor_reached":56,"playtime":4158,"items_purged":["AT_MachinaRedman","Defend_B","Strike_B","Strike_B","Defend_B"],"score":1821,"play_id":"6e7ca03a-44cc-4710-8398-32ef2d2ad734","local_time":"20201227161629","is_ascension_mode":true,"campfire_choices":[{"data":"Coolheaded","floor":8.0,"key":"SMITH"},{"data":"ReplayTheSpireMod:Calculation Training","floor":11.0,"key":"SMITH"},{"data":"MostiFishMod:SeaWaves","floor":23.0,"key":"SMITH"},{"data":"AT_ThreeBodyProblem","floor":30,"key":"SMITH"},{"data":"Strike_B","floor":32,"key":"PURGE"},{"data":"MostiFishMod:Prepare","floor":41,"key":"SMITH"},{"data":"MostiFishMod:SeaWaves","floor":47,"key":"SMITH"},{"data":"AT_ThunderBolt","floor":47,"key":"SMITH"},{"floor":49,"key":"RECALL"},{"data":"Skim","floor":52,"key":"SMITH"},{"data":"Coolheaded","floor":52,"key":"SMITH"}],"circlet_count":0,"master_deck":["AscendersBane","Defend_B","Defend_B","Zap","Dualcast","Dilation","Hologram","Skim+1","Go for the Eyes","MostiFishMod:SeaWaves+1","Coolheaded+1","Coolheaded+1","ReplayTheSpireMod:Calculation Training+1","AT_ThreeBodyProblem+1","MostiFishMod:ActiveDefenseSystem","MostiFishMod:Prepare+1","Recycle+1","AT_ThunderBolt+1","Tempest","MostiFishMod:GatherIntelligence+1","AT_DarkMatter+1","Storm+1","MostiFishMod:SeaWaves+1","Ball Lightning+1","FIFO Queue","Echo Form","Chill+1"],"relics":["DaveBox","REME_ComplimentaryCards","AT_ATBox","xbg","ChiXiaoBlade","SynthV:TestCard","Blood Vial","Bag of Preparation","Replay:Towering Pillar of Hats","JellyFishMachine","AT_EbonyIvory","Smiling Mask","Replay:Ringing Soul","PreservedInsect","Coffee Dripper","SSSystem","Art of War","Anchor","MawBank","Replay:Arrowhead","Omamori","Bottled Tornado"],"acts_visited":["Exordium","TheCity","TheBeyond","TheEnding"],"potions_floor_usage":[33,55,55],"damage_taken":[{"damage":0.0,"enemies":"2 Louse","floor":1.0,"turns":1.0},{"damage":0.0,"enemies":"Cultist","floor":2.0,"turns":3.0},{"damage":0.0,"enemies":"Small Slimes","floor":3.0,"turns":2.0},{"damage":4.0,"enemies":"Red Slaver","floor":4.0,"turns":2.0},{"damage":3.0,"enemies":"Looter","floor":5.0,"turns":2.0},{"damage":16.0,"enemies":"3 Sentries","floor":6.0,"turns":5.0},{"damage":25.0,"enemies":"Lagavulin","floor":10.0,"turns":5.0},{"damage":3.0,"enemies":"Blue Slaver","floor":12.0,"turns":3.0},{"damage":0.0,"enemies":"Replay:BlueRogue","floor":13.0,"turns":4.0},{"damage":0.0,"enemies":"3 Louse","floor":14.0,"turns":3.0},{"damage":0.0,"enemies":"Fading Forest","floor":16.0,"turns":11.0},{"damage":11.0,"enemies":"2 Thieves","floor":18.0,"turns":4.0},{"damage":0.0,"enemies":"Spheric Guardian","floor":21.0,"turns":5.0},{"damage":2.0,"enemies":"3 Cultists","floor":22.0,"turns":7.0},{"damage":0.0,"enemies":"REME_1_Revenger","floor":24.0,"turns":5.0},{"damage":1,"enemies":"Shelled Parasite and Fungi","floor":25,"turns":6},{"damage":4,"enemies":"Gremlin Leader","floor":27,"turns":7},{"damage":0,"enemies":"Snecko","floor":28,"turns":4},{"damage":5,"enemies":"Book of Stabbing","floor":29,"turns":4},{"damage":0,"enemies":"Cultist and Chosen","floor":31,"turns":7},{"damage":0,"enemies":"Automaton","floor":33,"turns":3},{"damage":2,"enemies":"Orb Walker","floor":35,"turns":3},{"damage":0,"enemies":"3 Darklings","floor":37,"turns":3},{"damage":10,"enemies":"Sphere and 2 Shapes","floor":38,"turns":3},{"damage":0,"enemies":"Reptomancer","floor":40,"turns":3},{"damage":0,"enemies":"R_Hoarder","floor":44,"turns":3},{"damage":0,"enemies":"4 Shapes","floor":46,"turns":3},{"damage":0,"enemies":"Replay:Hell Engine","floor":50,"turns":2},{"damage":0,"enemies":"Shield and Spear","floor":54,"turns":3},{"damage":4,"enemies":"The Heart","floor":55,"turns":4}],"seed_played":"-8335775215979877450","potions_obtained":[{"floor":3.0,"key":"GamblersBrew"},{"floor":5.0,"key":"Fire Potion"},{"floor":7.0,"key":"FairyPotion"},{"floor":21.0,"key":"DuplicationPotion"},{"floor":27,"key":"REME_GoldPotion"},{"floor":35,"key":"FocusPotion"}],"is_trial":false,"path_per_floor":["M","M","M","M","M","E","?","R","T","E","R","M","E","M","R","B",null,"M","?","$","M","M","R","E","M","T","E","M","E","R","M","R","B",null,"M","$","M","M","?","E","R","$","T","E","$","M","R","?","R","B",null,"R","$","E","B",null],"character_chosen":"DEFECT","items_purchased":["AT_ThunderBolt","FIFO Queue","SSSystem","Echo Form","Replay:Arrowhead"],"campfire_rested":0,"item_purchase_floors":[20,36,36,42,45],"current_hp_per_floor":[68,68,68,64,61,45,45,45,45,22,22,21,23,25,25,35,65,56,56,56,58,58,58,60,61,61,62,64,61,61,66,66,71,81,84,87,89,80,80,82,82,85,85,87,87,89,89,92,92,94,96,96,96,96,92],"gold":88,"neow_bonus":"BOSS_RELIC","is_daily":false,"chose_seed":false,"campfire_upgraded":9,"win_rate":0.0,"timestamp":1609056989,"path_taken":["M","M","M","M","M","E","?","R","T","E","R","M","E","?","R","BOSS","M","?","$","M","M","R","E","M","T","E","M","E","R","?","R","BOSS","M","$","M","M","?","E","R","$","T","E","$","M","R","?","R","BOSS","R","$","E","BOSS"],"items_purchased_type":["Card","Card","Relic","Card","Relic"],"build_version":"2020-12-22","purchased_purges":5,"victory":true,"max_hp_per_floor":[75,75,75,75,75,75,75,75,75,75,75,75,75,75,75,75,75,75,75,75,75,75,75,75,75,75,78,78,78,78,81,81,84,84,87,90,90,90,90,90,90,93,93,93,93,93,93,96,96,96,96,96,96,96,96],"card_choices":[{"not_picked":["Streamline","Compile Driver"],"picked":"Hologram","floor":1.0},{"not_picked":["ReplayTheSpireMod:Calculation Training","Conserve Battery","Beam Cell","Go for the Eyes"],"picked":"Skim","floor":2.0},{"not_picked":["REME_SelfUpgrade","Cold Snap","Panic Button","AT_HeatAcrobatics"],"picked":"Go for the Eyes","floor":3.0},{"not_picked":["White Noise","Cold Snap","Coolheaded","Chill"],"picked":"MostiFishMod:SeaWaves","floor":4.0},{"not_picked":["Self Repair","BasicCrystalCard","Streamline","AT_ThreeBodyProblem"],"picked":"Coolheaded","floor":5.0},{"not_picked":["BasicCrystalCard","Cold Snap","Stack","Hologram"],"picked":"Coolheaded","floor":6.0},{"not_picked":["Ball Lightning","Cold Snap","Rebound","ReplayTheSpireMod:Repulse"],"picked":"ReplayTheSpireMod:Calculation Training","floor":10.0},{"not_picked":["Conserve Battery","Fusion","Streamline","ReplayGash","AT_EMC2"],"picked":"SKIP","floor":12.0},{"not_picked":["Conserve Battery","Fusion","Streamline","ReplayGash","AT_EMC2"],"picked":"SKIP","floor":12.0},{"not_picked":["BasicCrystalCard","Genetic Algorithm","ReplayTheSpireMod:Omega Cannon","Scrape","Ball Lightning"],"picked":"SKIP","floor":13.0},{"not_picked":["Ball Lightning","Undo","Hologram","MostiFishMod:PushDownKick"],"picked":"AT_ThreeBodyProblem","floor":14.0},{"not_picked":["MostiFishMod:Culaccino","ReplayRNGCard","Multi-Cast","AT_WaterDrop"],"picked":"MostiFishMod:Prepare","floor":16.0},{"not_picked":["Sweeping Beam+1","MostiFishMod:LinkProtocol","Stack","Gash"],"picked":"Recycle+1","floor":18.0},{"not_picked":["Steam Power","Doom and Gloom","Panic Button","ReplayGash+1"],"picked":"Tempest","floor":21.0},{"not_picked":["Rebound","Tempest+1","Rip and Tear","Lockon","Doom and Gloom"],"picked":"SKIP","floor":22.0},{"not_picked":["AT_HeatAcrobatics+1","MostiFishMod:Hijack","Sweeping Beam","Cold Snap"],"picked":"MostiFishMod:GatherIntelligence+1","floor":24.0},{"not_picked":["Hologram","AT_HeatAcrobatics","AT_RobotInSpace","Chaos","Beam Cell"],"picked":"SKIP","floor":25},{"not_picked":["AT_WarpDrive+1","Gash","Streamline","White Noise"],"picked":"AT_DarkMatter+1","floor":27},{"not_picked":["Aggregate","Rebound","Gash","Static Discharge+1","Steam"],"picked":"SKIP","floor":28},{"not_picked":["MostiFishMod:DeathFromBelow","Compile Driver","ReplaySolidLightProjector","Auto Shields","Barrage"],"picked":"SKIP","floor":29},{"not_picked":["Barrage","AT_WarpDrive","Steam","Cold Snap"],"picked":"Storm+1","floor":31},{"not_picked":["Reboot","Machine Learning","Core Surge","REME_Shoggoth"],"picked":"MostiFishMod:SeaWaves","floor":33},{"not_picked":["Panic Button+1","Conserve Battery+1","Hologram","ReplaySolidLightProjector+1"],"picked":"Ball Lightning+1","floor":35},{"not_picked":["MostiFishMod:Impulse","All For One","Barrage","Hologram","Coolheaded"],"picked":"SKIP","floor":37},{"not_picked":["Sunder","Gash+1","Barrage+1","FTL+1","Hologram"],"picked":"SKIP","floor":38},{"not_picked":["Blizzard+1","MostiFishMod:PushDownKick+1","Barrage+1","Force Field+1","REME_Compress"],"picked":"SKIP","floor":40},{"not_picked":["ReplayRNGCard","Steam+1","Force Field+1","Panic Button+1","Barrage"],"picked":"SKIP","floor":44},{"not_picked":["Darkness","Tempest+1","Sweeping Beam","Turbo","Ball Lightning+1"],"picked":"SKIP","floor":46},{"not_picked":["FIFO Queue","Stack+1","Compile Driver+1","Streamline"],"picked":"Chill+1","floor":48},{"not_picked":["Leap+1","Turbo+1","MostiFishMod:Impulse+1","MostiFishMod:PushDownKick","Sweeping Beam"],"picked":"SKIP","floor":54}],"player_experience":758386,"relics_obtained":[{"floor":1.0,"key":"SynthV:TestCard"},{"floor":6.0,"key":"Blood Vial"},{"floor":10.0,"key":"Bag of Preparation"},{"floor":13.0,"key":"Replay:Towering Pillar of Hats"},{"floor":24.0,"key":"AT_EbonyIvory"},{"floor":26,"key":"Smiling Mask"},{"floor":27,"key":"Replay:Ringing Soul"},{"floor":29,"key":"PreservedInsect"},{"floor":40,"key":"Art of War"},{"floor":43,"key":"Anchor"},{"floor":44,"key":"MawBank"},{"floor":48,"key":"Omamori"},{"floor":54,"key":"Bottled Tornado"}],"event_choices":[{"damage_healed":0.0,"max_hp_gain":0.0,"max_hp_loss":0.0,"gold_gain":0.0,"event_name":"Lab","player_choice":"Got Potions","floor":7.0,"gold_loss":0.0,"damage_taken":0.0},{"damage_healed":0.0,"max_hp_gain":0.0,"max_hp_loss":0.0,"gold_gain":100.0,"event_name":"Golden Shrine","player_choice":"Pray","floor":19.0,"gold_loss":0.0,"damage_taken":0.0}],"is_beta":false,"boss_relics":[{"not_picked":["Ring of Chaos","SlaversCollar"],"picked":"JellyFishMachine"},{"not_picked":["RhineCircuit","REME_DuelDisc"],"picked":"Coffee Dripper"}],"items_purged_floors":[20,36,42,45,53],"is_endless":false,"potions_floor_spawned":[3,5,12,13,21,24,27,31,35,38,40,46,54],"ascension_level":10}}