{"host":"bzg9y3flbaqjj1j7","time":1609111161,"event":{"mods":["AchievementEnabler","Aspiration","BaseMod","Challenge The Spire","Conspire","Hubris","Hyrulean Relics","Jorbs\u0027s Wanderer Trilogy","Lobotomy","LobotomyExtend","Marisa????????","Marked Mod","Minty Spire (QoL Compilation)","Permanent Neow","Rare Cards Sparkle","Reimu??????","Remilia??????","Replay The Spire","StSLib","The Administrix","The Blue Laboratory","Waifu the Spire"],"gold_per_floor":[664,664,690,716,748,748,748,748,773,799,799,799],"floor_reached":11,"playtime":792,"items_purged":[],"score":155,"play_id":"2b296279-1b37-4d4f-8610-7099de2ba295","local_time":"20201227194921","daily_mods":["challengethespire:Bronze Difficulty","challengethespire:Elite Rush","Uncertain Future"],"is_ascension_mode":false,"campfire_choices":[{"floor":8,"key":"REST"}],"circlet_count":0,"master_deck":["SpecialBullet","SpecialBullet","SpecialBullet","SpecialBullet","SpecialBullet","SpecialBullet","SpecialBullet","SpecialBullet","InformationCode","ControlCode","TrainingCode","Enlightenment+1","CherryBlossom","Loneliness+1","Harvest","DisciplinaryCode","GreedKing","Christmas","CherryBlossoms","CherryBlossom","SpiderBud","BearPaw","NakedNest","SwordSharpenedByTears","OSAHOGD","Penitence"],"relics":["CogitoBucket","Black Star","Sling","PreservedInsect","Lantern","BargainBundle","Boot","Bag of Marbles","LetterFromLob","Pet Ghost","hubris:Reverence","War Paint","conspire:DeflatedDodgeball","hubris:VirtuousBlindfold","Nunchaku","Smiling Mask","Blue Doll","Calipers"],"acts_visited":["Exordium"],"potions_floor_usage":[4],"damage_taken":[{"damage":27,"enemies":"3 Sentries","floor":3,"turns":4},{"damage":0,"enemies":"Gremlin Nob","floor":4,"turns":2},{"damage":18,"enemies":"Lagavulin","floor":5,"turns":3},{"damage":35,"enemies":"Slavers","floor":9,"turns":4},{"damage":0,"enemies":"Gremlin Leader","floor":10,"turns":3},{"damage":12,"enemies":"Book of Stabbing","floor":11,"turns":2}],"seed_played":"8236466235383233951","potions_obtained":[],"is_trial":true,"path_per_floor":["$","R","E","E","E","T","R","R","E","E","E"],"character_chosen":"Angela","items_purchased":["Lantern","BargainBundle","Enlightenment","blueLaboratory:Moonshine","blueLaboratory:BottleOfRum","SpeedPotion","CherryBlossom","Loneliness","Harvest"],"campfire_rested":1,"item_purchase_floors":[1,1,1,1,1,1,1,1,1],"current_hp_per_floor":[70,70,43,43,25,25,25,46,11,11,0,0],"gold":799,"neow_bonus":"","is_daily":false,"chose_seed":false,"campfire_upgraded":0,"win_rate":0.0,"timestamp":1609111161,"path_taken":["$","R","E","E","E","T","R","R","E","E","E"],"items_purchased_type":["Card","Relic","Card","Potion","Potion","Potion","Card","Card","Card"],"build_version":"2020-12-22","purchased_purges":0,"victory":false,"max_hp_per_floor":[70,70,70,70,70,70,70,70,70,70,70,70],"card_choices":[{"not_picked":["NakedNest","Laetitia"],"picked":"GreedKing","floor":3},{"not_picked":["BlackSwan","WallGazer"],"picked":"CherryBlossoms","floor":4},{"not_picked":["WallGazer","SingingMachine"],"picked":"SpiderBud","floor":5},{"not_picked":["Variant","Bloodbath"],"picked":"NakedNest","floor":9},{"not_picked":["ShyLook","FairyFestival"],"picked":"OSAHOGD","floor":10}],"player_experience":109630,"relics_obtained":[{"floor":3,"key":"Boot"},{"floor":3,"key":"Bag of Marbles"},{"floor":3,"key":"LetterFromLob"},{"floor":4,"key":"Pet Ghost"},{"floor":4,"key":"hubris:Reverence"},{"floor":5,"key":"War Paint"},{"floor":5,"key":"conspire:DeflatedDodgeball"},{"floor":9,"key":"Nunchaku"},{"floor":9,"key":"Smiling Mask"},{"floor":10,"key":"Blue Doll"},{"floor":10,"key":"Calipers"}],"event_choices":[],"is_beta":false,"boss_relics":[{"not_picked":["hubris:ScarierMask","Snecko Eye"],"picked":"hubris:VirtuousBlindfold"}],"items_purged_floors":[],"is_endless":false,"potions_floor_spawned":[],"killed_by":"Book of Stabbing","ascension_level":0}}