{"host":"yludllxm6rzdxpbb","time":1609099065,"event":{"mods":["BaseMod","Better Third Choice","BetterRewards","Colored Map","Colored Powertips","Hermit","Hubris","Infinite Spire","Minty Spire (QoL Compilation)","Quick Restart","Replay The Spire","StSLib","The Hierophant","The Necromancer"],"gold_per_floor":[114,114,114,127,0,27,27,27,27,58,58,58,68,95,95,192,192,205,205,215,230,6,40,40,73,73,73,73,73,73,73],"floor_reached":30,"playtime":1237,"items_purged":[],"score":427,"play_id":"08aab0c9-efb6-41fb-8f86-eb6c29cd0723","local_time":"20201227225745","is_ascension_mode":true,"campfire_choices":[{"floor":7,"key":"REST"},{"floor":12,"key":"RECALL"},{"floor":15,"key":"REST"},{"floor":24,"key":"REST"},{"floor":29,"key":"REST"}],"circlet_count":0,"master_deck":["Strike_G","Strike_G","Strike_G","Strike_G","Strike_G","Defend_G","Defend_G","Defend_G","Defend_G","Defend_G","Survivor","Neutralize","Poisoned Stab+1","Prepared","Replay:Poison Smokescreen","Poisoned Stab","Backflip","Enlightenment","Noxious Fumes","ReplayTheSpireMod:Speed Training","Corpse Explosion+1","Burst+1","Catalyst+1","All Out Attack","Caltrops","Blade Dance","Hidden Blade"],"relics":["hubris:NiceRug","hubris:Macrotransations","Melange","Ring of Shattering","OrangePellets","Guide Book","TheAbacus","CultistMask","hubris:Teleporter","Self Forming Clay","hubris:FruitBowl","Toxic Egg 2","BargainBundle","HandDrill","infinitespire:Chaos"],"acts_visited":["Exordium","TheCity"],"potions_floor_usage":[18,20],"damage_taken":[{"damage":0,"enemies":"Cultist","floor":1,"turns":3},{"damage":0,"enemies":"2 Louse","floor":4,"turns":2},{"damage":17,"enemies":"Gremlin Nob","floor":6,"turns":4},{"damage":3,"enemies":"Lagavulin","floor":10,"turns":6},{"damage":0,"enemies":"Small Slimes","floor":13,"turns":2},{"damage":0,"enemies":"3 Sentries","floor":14,"turns":3},{"damage":10,"enemies":"Slime Boss","floor":16,"turns":8},{"damage":13,"enemies":"Spheric Guardian","floor":18,"turns":5},{"damage":11,"enemies":"2 Thieves","floor":20,"turns":4},{"damage":7,"enemies":"3 Cultists","floor":21,"turns":4},{"damage":25,"enemies":"Slavers","floor":23,"turns":5},{"damage":61,"enemies":"Gremlin Leader","floor":25,"turns":7},{"damage":0,"enemies":"Cultist and Chosen","floor":30,"turns":1}],"seed_played":"6490640366348637323","potions_obtained":[{"floor":1,"key":"Ancient Potion"},{"floor":4,"key":"SteroidPotion"},{"floor":13,"key":"LiquidMemories"},{"floor":14,"key":"Fire Potion"},{"floor":18,"key":"Ancient Potion"}],"is_trial":false,"path_per_floor":["M","?","$","M","?","E","R","?","T","E","?","R","M","E","R","B",null,"M","?","M","M","$","E","R","E","T","?","AVR","R","M"],"character_chosen":"THE_SILENT","items_purchased":["Matryoshka","Juzu Bracelet","Poisoned Stab","Prepared","Adrenaline Potion","Replay:Rubber Ducky","Caltrops"],"campfire_rested":4,"item_purchase_floors":[0,0,0,0,0,22,22],"current_hp_per_floor":[38,38,38,38,44,27,49,49,49,46,46,46,46,46,68,58,76,63,63,52,45,45,20,42,26,26,26,26,48,48,48],"gold":73,"neow_bonus":"","is_daily":false,"chose_seed":false,"campfire_upgraded":0,"win_rate":0.0,"timestamp":1609099065,"path_taken":["M","?","$","M","?","E","R","?","T","E","?","R","M","E","R","BOSS","M","?","M","M","$","E","R","E","T","?","AVR","R","M"],"items_purchased_type":["Relic","Relic","Card","Card","Potion","Relic","Card"],"build_version":"2020-12-22","purchased_purges":0,"victory":false,"max_hp_per_floor":[70,70,70,70,76,76,76,76,76,76,76,76,76,76,76,76,76,76,76,76,76,76,76,76,76,76,76,76,76,76,76],"card_choices":[{"not_picked":["hubris:SlightOfHand","Dagger Throw"],"picked":"Poisoned Stab","floor":1},{"not_picked":["hubris:SlightOfHand","Setup"],"picked":"Backflip","floor":4},{"not_picked":["Toxin Wave","Skewer"],"picked":"Noxious Fumes","floor":6},{"not_picked":["Acrobatics","Poisoned Stab"],"picked":"ReplayTheSpireMod:Speed Training","floor":10},{"not_picked":["Slice","Caltrops"],"picked":"Corpse Explosion","floor":13},{"not_picked":["Outmaneuver","Finisher","Acrobatics"],"picked":"SKIP","floor":14},{"not_picked":["ReplayTheSpireMod:From All Sides","Wraith Form v2"],"picked":"Burst","floor":16},{"not_picked":["Cloak And Dagger","Replay:Poison Smokescreen"],"picked":"Catalyst+1","floor":18},{"not_picked":["hubris:SlightOfHand","ReplayTheSpireMod:Exploit Weakness+1","Hidden Blade"],"picked":"SKIP","floor":20},{"not_picked":["Hidden Blade","Slice"],"picked":"All Out Attack","floor":21},{"not_picked":["hubris:TrickCloak","Underhanded Strike"],"picked":"Blade Dance","floor":23},{"not_picked":["Concentrate","Riddle With Holes"],"picked":"Hidden Blade","floor":25}],"player_experience":292173,"relics_obtained":[{"floor":6,"key":"Replay:Kaleidoscope"},{"floor":9,"key":"ReplayTheSpireMod:Shallot"},{"floor":10,"key":"Pen Nib"},{"floor":14,"key":"Oddly Smooth Stone"},{"floor":23,"key":"Lizard Tail"},{"floor":25,"key":"Boot"},{"floor":26,"key":"hubris:MobiusCoin"},{"floor":26,"key":"Bottled Lightning"}],"event_choices":[{"damage_healed":0,"gold_gain":0,"player_choice":"Upgraded","damage_taken":0,"max_hp_gain":0,"max_hp_loss":0,"event_name":"Upgrade Shrine","floor":2,"gold_loss":0,"cards_upgraded":["Poisoned Stab"]},{"damage_healed":0,"gold_gain":0,"player_choice":"RENOUNCE","damage_taken":127,"max_hp_gain":0,"max_hp_loss":0,"event_name":"betterThird:BetterSerpent","floor":5,"gold_loss":127,"cards_obtained":["Enlightenment"]},{"damage_healed":49,"gold_gain":0,"player_choice":"Leave","damage_taken":0,"max_hp_gain":0,"max_hp_loss":76,"event_name":"betterThird:BetterShining","floor":8,"gold_loss":0},{"damage_healed":0,"gold_gain":0,"player_choice":"Searched \u00271\u0027 times","damage_taken":0,"relics_obtained":["hubris:CrystalStatue"],"max_hp_gain":0,"max_hp_loss":0,"event_name":"Dead Adventurer","floor":11,"gold_loss":0},{"damage_healed":0,"gold_gain":0,"player_choice":"Ignored","damage_taken":0,"max_hp_gain":0,"max_hp_loss":0,"event_name":"Beggar","floor":19,"gold_loss":0}],"is_beta":false,"boss_relics":[{"not_picked":["Coffee Dripper","hubris:RunicObelisk","Runic Dome"]}],"items_purged_floors":[],"is_endless":false,"potions_floor_spawned":[1,4,13,14,18],"killed_by":"Cultist and Chosen","ascension_level":1}}