{"host":"bg8va46pgqgvtzim","time":1609035947,"event":{"mods":["BaseMod","Minty Spire (QoL Compilation)","Quick Restart","StSLib","SuperFastMode"],"gold_per_floor":[15,28,28,48,61,90,90,125,195,195,224,266,166,179,179,283,283,296,314,92,109,109,138,152,152,152,181,181,195,223,18,18,123,123,136,136,136,86,86,116,116,146,146,173,173,191,221,235,235,235,235,235,31,61,61],"floor_reached":56,"playtime":1642,"items_purged":["Strike_P+1","Strike_P+1","Strike_P+1","Conclude+1"],"score":1708,"play_id":"57b4af53-9c00-4e6e-a0d2-a830e03ff7b4","local_time":"20201227102547","is_ascension_mode":true,"campfire_choices":[{"floor":10.0,"key":"DIG"},{"floor":15.0,"key":"DIG"},{"floor":25.0,"key":"DIG"},{"floor":32.0,"key":"DIG"},{"floor":41.0,"key":"DIG"},{"floor":45.0,"key":"DIG"},{"floor":49.0,"key":"RECALL"},{"floor":52.0,"key":"DIG"}],"circlet_count":0,"master_deck":["Defend_P+1","Eruption+1","Vigilance+1","Meditate+1","SandsOfTime+1","LessonLearned+1","Perseverance+1","LikeWater+1","Vault+1","FearNoEvil+1","Adaptation+1","FlurryOfBlows+1","Vault+1","Halt+1","CrushJoints+1","Fasting2+1","MentalFortress+1","TalkToTheHand+1","FlurryOfBlows+1","Prostrate+1","Establishment+1","Vault+1","DevaForm+1","EmptyMind+1","TalkToTheHand+1"],"relics":["PureWater","Shovel","Mango","MawBank","Omamori","Vajra","VioletLotus","ClockworkSouvenir","Bag of Preparation","FossilizedHelix","War Paint","Smiling Mask","Whetstone","TheAbacus","Letter Opener","Cursed Key","Pen Nib","Lizard Tail","Oddly Smooth Stone","White Beast Statue","Question Card","PreservedInsect","Gremlin Horn","Bottled Lightning","Orrery","Blood Vial"],"acts_visited":["Exordium","TheCity","TheBeyond","TheEnding"],"potions_floor_usage":[55,55,55],"damage_taken":[{"damage":6.0,"enemies":"Jaw Worm","floor":1.0,"turns":3.0},{"damage":0.0,"enemies":"2 Louse","floor":2.0,"turns":3.0},{"damage":2.0,"enemies":"Small Slimes","floor":4.0,"turns":3.0},{"damage":6.0,"enemies":"3 Louse","floor":5.0,"turns":3.0},{"damage":4.0,"enemies":"Lagavulin","floor":6.0,"turns":6.0},{"damage":14.0,"enemies":"Gremlin Nob","floor":8.0,"turns":6.0},{"damage":10.0,"enemies":"Looter","floor":11.0,"turns":5.0},{"damage":1.0,"enemies":"3 Sentries","floor":12.0,"turns":8.0},{"damage":0.0,"enemies":"Blue Slaver","floor":14.0,"turns":4.0},{"damage":16.0,"enemies":"Hexaghost","floor":16.0,"turns":6.0},{"damage":0.0,"enemies":"Spheric Guardian","floor":18.0,"turns":4.0},{"damage":2.0,"enemies":"2 Thieves","floor":19.0,"turns":7.0},{"damage":0.0,"enemies":"Snecko","floor":21.0,"turns":5.0},{"damage":14.0,"enemies":"Slavers","floor":23.0,"turns":2.0},{"damage":3.0,"enemies":"Snake Plant","floor":24.0,"turns":6.0},{"damage":0.0,"enemies":"Book of Stabbing","floor":27.0,"turns":7.0},{"damage":0.0,"enemies":"Sentry and Sphere","floor":29.0,"turns":3.0},{"damage":0.0,"enemies":"Gremlin Leader","floor":30.0,"turns":7.0},{"damage":0.0,"enemies":"Champ","floor":33.0,"turns":9.0},{"damage":0.0,"enemies":"3 Shapes","floor":35.0,"turns":5.0},{"damage":12.0,"enemies":"Nemesis","floor":40.0,"turns":5.0},{"damage":0.0,"enemies":"Giant Head","floor":42.0,"turns":7.0},{"damage":0.0,"enemies":"Reptomancer","floor":44.0,"turns":5.0},{"damage":0.0,"enemies":"3 Darklings","floor":46.0,"turns":4.0},{"damage":0.0,"enemies":"Giant Head","floor":47.0,"turns":4.0},{"damage":0.0,"enemies":"Transient","floor":48.0,"turns":7.0},{"damage":0.0,"enemies":"Donu and Deca","floor":50.0,"turns":6.0},{"damage":0.0,"enemies":"Shield and Spear","floor":54.0,"turns":6.0},{"damage":55,"enemies":"The Heart","floor":55,"turns":11}],"seed_played":"-4055981033677104934","potions_obtained":[{"floor":1.0,"key":"ColorlessPotion"},{"floor":5.0,"key":"Fire Potion"},{"floor":6.0,"key":"Regen Potion"},{"floor":11.0,"key":"SneckoOil"},{"floor":21.0,"key":"SkillPotion"},{"floor":24.0,"key":"Weak Potion"},{"floor":27.0,"key":"BlessingOfTheForge"},{"floor":29.0,"key":"StancePotion"},{"floor":33.0,"key":"DuplicationPotion"},{"floor":54.0,"key":"LiquidMemories"}],"is_trial":false,"path_per_floor":["M","M","?","M","M","E","?","E","T","R","M","E","$","M","R","B",null,"M","M","$","M","?","E","M","R","T","E","?","M","E","$","R","B",null,"M","?","?","$","?","E","R","E","T","E","R","M","E","M","R","B",null,"R","$","E","B",null],"character_chosen":"WATCHER","items_purchased":["Adaptation","ClockworkSouvenir","Fasting2","TheAbacus","Orrery"],"campfire_rested":0,"item_purchase_floors":[13,20,20,31,53],"current_hp_per_floor":[66,66,66,64,58,54,40,55,55,55,45,44,44,44,44,28,86,86,84,84,84,84,70,67,67,67,67,50,50,50,50,50,50,91,91,91,86,86,86,74,74,74,74,74,74,74,74,74,74,74,86,86,86,86,31],"gold":61,"neow_bonus":"REMOVE_TWO","is_daily":false,"chose_seed":false,"campfire_upgraded":0,"win_rate":0.0,"timestamp":1609035947,"path_taken":["M","M","?","M","M","E","?","E","T","R","M","E","$","M","R","BOSS","M","M","$","M","?","E","M","R","T","E","?","M","E","$","R","BOSS","M","?","?","$","?","E","R","E","T","E","R","M","E","M","R","BOSS","R","$","E","BOSS"],"items_purchased_type":["Card","Relic","Card","Relic","Relic"],"build_version":"2020-12-22","purchased_purges":4,"victory":true,"max_hp_per_floor":[72,72,72,72,72,72,72,86,86,86,86,86,86,86,86,86,86,86,86,86,86,86,86,86,86,86,86,91,91,91,91,91,91,91,91,91,86,86,86,86,86,86,86,86,86,86,86,86,86,86,86,86,86,86,86],"card_choices":[{"not_picked":["Crescendo","Indignation"],"picked":"Meditate","floor":1.0},{"not_picked":["CrushJoints","SashWhip"],"picked":"SandsOfTime","floor":2.0},{"not_picked":["PathToVictory","Prostrate"],"picked":"Conclude","floor":4.0},{"not_picked":["SashWhip","Crescendo"],"picked":"Perseverance","floor":5.0},{"not_picked":["Protect","WindmillStrike"],"picked":"LikeWater","floor":6.0},{"not_picked":["Omniscience","PathToVictory"],"picked":"Vault","floor":8.0},{"not_picked":["Pray","ReachHeaven","Protect"],"picked":"SKIP","floor":11.0},{"not_picked":["Brilliance","FearNoEvil","Perseverance"],"picked":"SKIP","floor":12.0},{"not_picked":["Brilliance","Perseverance"],"picked":"FearNoEvil","floor":12.0},{"not_picked":["Crescendo","Conclude"],"picked":"FlurryOfBlows","floor":14.0},{"not_picked":["LessonLearned","DeusExMachina"],"picked":"Vault","floor":16.0},{"not_picked":["FlyingSleeves","ClearTheMind"],"picked":"Halt","floor":18.0},{"not_picked":["FlyingSleeves","Worship"],"picked":"CrushJoints","floor":19.0},{"not_picked":["Consecrate+1","BowlingBash","CrushJoints"],"picked":"SKIP","floor":21.0},{"not_picked":["Crescendo+1","Study"],"picked":"TalkToTheHand","floor":23.0},{"not_picked":["WaveOfTheHand","SignatureMove"],"picked":"FlurryOfBlows","floor":24.0},{"not_picked":["Perseverance","SandsOfTime"],"picked":"Prostrate+1","floor":27.0},{"not_picked":["Evaluate","SandsOfTime","CutThroughFate"],"picked":"SKIP","floor":29.0},{"not_picked":["EmptyBody+1","Swivel","ThirdEye"],"picked":"SKIP","floor":30.0},{"not_picked":["Judgement","Devotion"],"picked":"Establishment","floor":33.0},{"not_picked":["PathToVictory+1","Crescendo+1","Halt"],"picked":"SKIP","floor":35.0},{"not_picked":["Perseverance","Meditate+1","SandsOfTime+1"],"picked":"SKIP","floor":40.0},{"not_picked":["ForeignInfluence+1","JustLucky"],"picked":"DevaForm","floor":42.0},{"not_picked":["ThirdEye","EmptyFist+1","Perseverance"],"picked":"SKIP","floor":44.0},{"not_picked":["Consecrate","EmptyBody","Meditate","Evaluate+1"],"picked":"SKIP","floor":46.0},{"not_picked":["Consecrate+1","ThirdEye","ReachHeaven","WaveOfTheHand"],"picked":"SKIP","floor":47.0},{"not_picked":["Perseverance","ReachHeaven+1","Meditate+1"],"picked":"EmptyMind+1","floor":48.0},{"not_picked":["Indignation+1","WreathOfFlame","ConjureBlade"],"picked":"TalkToTheHand+1","floor":53.0},{"not_picked":["CrushJoints+1","FearNoEvil","Meditate+1","SandsOfTime+1"],"picked":"SKIP","floor":54.0}],"player_experience":2167852,"relics_obtained":[{"floor":6.0,"key":"Shovel"},{"floor":8.0,"key":"Mango"},{"floor":10.0,"key":"MawBank"},{"floor":12.0,"key":"Omamori"},{"floor":15.0,"key":"Vajra"},{"floor":23.0,"key":"Bag of Preparation"},{"floor":25.0,"key":"FossilizedHelix"},{"floor":26.0,"key":"War Paint"},{"floor":27.0,"key":"Smiling Mask"},{"floor":30.0,"key":"Whetstone"},{"floor":32.0,"key":"Letter Opener"},{"floor":40.0,"key":"Pen Nib"},{"floor":41.0,"key":"Lizard Tail"},{"floor":42.0,"key":"Oddly Smooth Stone"},{"floor":43.0,"key":"White Beast Statue"},{"floor":44.0,"key":"Question Card"},{"floor":45.0,"key":"PreservedInsect"},{"floor":47.0,"key":"Gremlin Horn"},{"floor":52.0,"key":"Bottled Lightning"},{"floor":54.0,"key":"Blood Vial"}],"event_choices":[{"damage_healed":0.0,"max_hp_gain":0.0,"max_hp_loss":0.0,"gold_gain":0.0,"cards_transformed":["Defend_P"],"event_name":"Living Wall","player_choice":"Change","floor":3.0,"gold_loss":0.0,"damage_taken":0.0,"cards_obtained":["LessonLearned"]},{"damage_healed":0.0,"max_hp_gain":0.0,"max_hp_loss":0.0,"gold_gain":0.0,"event_name":"Shining Light","player_choice":"Entered Light","floor":7.0,"gold_loss":0.0,"damage_taken":14.0,"cards_upgraded":["Strike_P","Vigilance"]},{"damage_healed":0.0,"max_hp_gain":0.0,"max_hp_loss":0.0,"gold_gain":0.0,"event_name":"The Library","player_choice":"Read","floor":22.0,"gold_loss":0.0,"damage_taken":0.0,"cards_obtained":["MentalFortress"]},{"damage_healed":0.0,"max_hp_gain":5.0,"max_hp_loss":0.0,"gold_gain":0.0,"event_name":"Forgotten Altar","player_choice":"Shed Blood","floor":28.0,"gold_loss":0.0,"damage_taken":22.0},{"cards_removed":["Defend_P"],"damage_healed":0.0,"max_hp_gain":0.0,"max_hp_loss":0.0,"gold_gain":0.0,"event_name":"Falling","player_choice":"Removed Skill","floor":36.0,"gold_loss":0.0,"damage_taken":0.0},{"damage_healed":0.0,"max_hp_gain":0.0,"max_hp_loss":5.0,"gold_gain":0.0,"event_name":"Winding Halls","player_choice":"Max HP","floor":37.0,"gold_loss":0.0,"damage_taken":0.0},{"damage_healed":0.0,"max_hp_gain":0.0,"max_hp_loss":0.0,"gold_gain":0.0,"event_name":"Duplicator","player_choice":"Copied","floor":39.0,"gold_loss":0.0,"damage_taken":0.0,"cards_obtained":["Vault"]}],"is_beta":false,"boss_relics":[{"not_picked":["Velvet Choker","Black Star"],"picked":"VioletLotus"},{"not_picked":["Snecko Eye","Sozu"],"picked":"Cursed Key"}],"items_purged_floors":[13,31,38,53],"is_endless":false,"potions_floor_spawned":[1,5,6,11,14,21,24,27,29,30,33,42,44,46,47,48,54],"ascension_level":1}}