{"host":"fx0jzgznoonhlyo3","time":1609050840,"event":{"mods":["AchievementEnabler","BaseMod","Colored Map","Colored Powertips","FTL Soundtrack","Minty Spire (QoL Compilation)","StSLib","SuperFastMode"],"gold_per_floor":[116,15,15,27,27,38,73,73,99,99,21,21,96,115,115,215,215,228,228,245,245,245,245,271,196,196,213,78,404,504,504,504,606,656,666,684,734,734,734,734,834,853,853,87,87,87,103,120,120,120],"floor_reached":51,"playtime":2128,"items_purged":["Strike_G","Survivor","Neutralize"],"score":754,"play_id":"6683bbe7-a3bb-4ebf-a344-a7f8640e708d","local_time":"20201227013400","is_ascension_mode":false,"campfire_choices":[{"data":"Blade Dance","floor":10.0,"key":"SMITH"},{"data":"Die Die Die","floor":12.0,"key":"SMITH"},{"data":"Blade Dance","floor":15.0,"key":"SMITH"},{"data":"Burst","floor":23.0,"key":"SMITH"},{"data":"Well Laid Plans","floor":32.0,"key":"SMITH"},{"data":"Footwork","floor":40,"key":"SMITH"},{"data":"Panacea","floor":45,"key":"SMITH"},{"data":"Escape Plan","floor":49,"key":"SMITH"}],"circlet_count":0,"master_deck":["Strike_G+1","Strike_G+1","Strike_G+1","Strike_G+1","Defend_G+1","Defend_G+1","Defend_G+1","Defend_G+1","Blade Dance+1","Blade Dance+1","Blade Dance+1","Die Die Die+1","Burst+1","Escape Plan+1","Die Die Die","Footwork+1","Well Laid Plans+1","Terror","Bullet Time","Panacea+1","Sadistic Nature"],"relics":["Ring of the Snake","NeowsBlessing","Strawberry","Juzu Bracelet","Coffee Dripper","Enchiridion","Centennial Puzzle","Bottled Flame","Old Coin","CaptainsWheel","Pantograph","MutagenicStrength","Tiny House","Calipers","Lizard Tail","Molten Egg 2","Oddly Smooth Stone","Gremlin Horn","PrismaticShard"],"acts_visited":["Exordium","TheCity","TheBeyond"],"potions_floor_usage":[50,50],"damage_taken":[{"damage":0.0,"enemies":"Jaw Worm","floor":1.0,"turns":1.0},{"damage":0.0,"enemies":"Cultist","floor":4.0,"turns":1.0},{"damage":0.0,"enemies":"Small Slimes","floor":6.0,"turns":1.0},{"damage":14.0,"enemies":"3 Sentries","floor":7.0,"turns":7.0},{"damage":0.0,"enemies":"3 Louse","floor":14.0,"turns":2.0},{"damage":41.0,"enemies":"Hexaghost","floor":16.0,"turns":11.0},{"damage":0.0,"enemies":"Spheric Guardian","floor":18.0,"turns":3.0},{"damage":9.0,"enemies":"Shell Parasite","floor":20.0,"turns":3.0},{"damage":4.0,"enemies":"Gremlin Leader","floor":24.0,"turns":5.0},{"damage":0.0,"enemies":"Shelled Parasite and Fungi","floor":27.0,"turns":3.0},{"damage":19.0,"enemies":"Slavers","floor":29.0,"turns":2.0},{"damage":4.0,"enemies":"Colosseum Slavers","floor":30.0,"turns":3.0},{"damage":1.0,"enemies":"Colosseum Nobs","floor":30.0,"turns":4.0},{"damage":1.0,"enemies":"Champ","floor":33.0,"turns":9.0},{"damage":0,"enemies":"3 Shapes","floor":35,"turns":1},{"damage":5,"enemies":"Orb Walker","floor":36,"turns":3},{"damage":0,"enemies":"Mind Bloom Boss Battle","floor":37,"turns":5},{"damage":1,"enemies":"Writhing Mass","floor":42,"turns":6},{"damage":2,"enemies":"4 Shapes","floor":47,"turns":2},{"damage":8,"enemies":"Spire Growth","floor":48,"turns":3},{"damage":45,"enemies":"Awakened One","floor":50,"turns":8}],"seed_played":"-8837616343983975957","potions_obtained":[{"floor":1.0,"key":"CunningPotion"},{"floor":6.0,"key":"Fire Potion"},{"floor":14.0,"key":"EntropicBrew"},{"floor":18.0,"key":"Dexterity Potion"},{"floor":20.0,"key":"LiquidMemories"},{"floor":34,"key":"FairyPotion"},{"floor":35,"key":"FearPotion"},{"floor":36,"key":"DistilledChaos"}],"is_trial":false,"path_per_floor":["M","$","?","M","?","M","E","?","T","R","$","R","?","M","R","B",null,"M","?","M","?","?","R","E","?","T","M","$","E","?","?","R","B",null,"M","M","?","?","?","R","?","M","T","$","R","?","M","M","R","B",null],"character_chosen":"THE_SILENT","items_purchased":["Blade Dance","Die Die Die","Well Laid Plans","Oddly Smooth Stone","Gremlin Horn","Panacea","PrismaticShard"],"campfire_rested":0,"item_purchase_floors":[2,11,28,44,44,44,44],"current_hp_per_floor":[70,70,70,70,70,70,63,63,63,63,63,63,52,52,52,11,77,77,77,68,52,52,52,48,48,48,48,48,29,24,24,24,48,82,82,77,82,82,78,78,78,77,77,77,77,77,75,67,67,33],"gold":120,"neow_bonus":"THREE_ENEMY_KILL","is_daily":false,"chose_seed":false,"campfire_upgraded":8,"win_rate":0.0,"timestamp":1609050840,"path_taken":["M","$","?","?","?","M","E","?","T","R","$","R","?","M","R","BOSS","M","?","M","?","?","R","E","?","T","M","$","E","?","?","R","BOSS","M","M","?","?","?","R","?","M","T","$","R","?","M","M","R","BOSS"],"items_purchased_type":["Card","Card","Card","Relic","Relic","Card","Relic"],"build_version":"2020-12-22","purchased_purges":3,"victory":true,"max_hp_per_floor":[70,70,70,70,70,70,77,77,77,77,77,77,77,77,77,77,77,77,77,77,77,77,77,77,77,77,77,77,77,77,77,77,77,82,82,82,82,82,78,78,78,78,78,78,78,78,78,78,78,78],"card_choices":[{"not_picked":["Caltrops","Sucker Punch"],"picked":"Blade Dance","floor":1.0},{"not_picked":["Flechettes","Deadly Poison"],"picked":"Blade Dance","floor":4.0},{"not_picked":["Reflex","Quick Slash","Underhanded Strike"],"picked":"SKIP","floor":6.0},{"not_picked":["Acrobatics","Poisoned Stab","Predator"],"picked":"SKIP","floor":7.0},{"not_picked":["Backflip","Unload","Leg Sweep"],"picked":"SKIP","floor":14.0},{"not_picked":["Glass Knife","Die Die Die"],"picked":"Burst","floor":16.0},{"not_picked":["Quick Slash","Sucker Punch"],"picked":"Escape Plan","floor":18.0},{"not_picked":["Dagger Throw","Deadly Poison"],"picked":"Die Die Die","floor":20.0},{"not_picked":["Outmaneuver","Dash+1","Expertise"],"picked":"SKIP","floor":24.0},{"not_picked":["Dagger Spray","Blade Dance"],"picked":"Footwork","floor":27.0},{"not_picked":["Doppelganger","Acrobatics+1","Underhanded Strike"],"picked":"SKIP","floor":29.0},{"not_picked":["Dash+1","Sucker Punch+1"],"picked":"Terror","floor":30.0},{"not_picked":["Night Terror","Venomology"],"picked":"Bullet Time","floor":33.0},{"not_picked":["Sucker Punch","Slice","Poisoned Stab+1"],"picked":"SKIP","floor":35},{"not_picked":["Masterful Stab+1","Acrobatics","Leg Sweep"],"picked":"SKIP","floor":36},{"not_picked":["Heel Hook","Outmaneuver","Backflip"],"picked":"SKIP","floor":42},{"not_picked":["Thinking Ahead","Jack Of All Trades"],"picked":"Sadistic Nature","floor":46},{"not_picked":["Flame Barrier+1","Hello World","Quick Slash+1"],"picked":"SKIP","floor":47},{"not_picked":["Ball Lightning+1","Trip","Deflect+1"],"picked":"SKIP","floor":48}],"player_experience":466,"relics_obtained":[{"floor":7.0,"key":"Strawberry"},{"floor":9.0,"key":"Juzu Bracelet"},{"floor":21.0,"key":"Enchiridion"},{"floor":24.0,"key":"Centennial Puzzle"},{"floor":26.0,"key":"Bottled Flame"},{"floor":29.0,"key":"Old Coin"},{"floor":30.0,"key":"CaptainsWheel"},{"floor":30.0,"key":"Pantograph"},{"floor":37,"key":"Calipers"},{"floor":38,"key":"Lizard Tail"},{"floor":43,"key":"Molten Egg 2"}],"event_choices":[{"cards_removed":["Defend_G"],"damage_healed":0.0,"max_hp_gain":0.0,"max_hp_loss":0.0,"gold_gain":0.0,"event_name":"Bonfire Elementals","player_choice":"Offered Basic","floor":3.0,"gold_loss":0.0,"damage_taken":0.0},{"damage_healed":0.0,"max_hp_gain":0.0,"max_hp_loss":0.0,"gold_gain":0.0,"event_name":"Liars Game","player_choice":"Ignored","floor":5.0,"gold_loss":0.0,"damage_taken":0.0},{"damage_healed":0.0,"max_hp_gain":0.0,"max_hp_loss":0.0,"gold_gain":0.0,"event_name":"Wheel of Change","player_choice":"Cursed","floor":8.0,"gold_loss":0.0,"damage_taken":0.0,"cards_obtained":["Decay"]},{"damage_healed":0.0,"max_hp_gain":0.0,"max_hp_loss":0.0,"gold_gain":75.0,"event_name":"World of Goop","player_choice":"Gather Gold","floor":13.0,"gold_loss":0.0,"damage_taken":11.0},{"damage_healed":0.0,"max_hp_gain":0.0,"max_hp_loss":0.0,"gold_gain":0.0,"event_name":"Vampires","player_choice":"Ignored","floor":19.0,"gold_loss":0.0,"damage_taken":0.0},{"damage_healed":0.0,"max_hp_gain":0.0,"max_hp_loss":0.0,"gold_gain":0.0,"event_name":"Cursed Tome","player_choice":"Obtained Book","floor":21.0,"gold_loss":0.0,"damage_taken":16.0},{"damage_healed":0.0,"max_hp_gain":0.0,"max_hp_loss":0.0,"gold_gain":0.0,"event_name":"Back to Basics","player_choice":"Simplicity","floor":22.0,"gold_loss":0.0,"damage_taken":0.0,"cards_upgraded":["Strike_G","Strike_G","Strike_G","Strike_G","Defend_G","Defend_G","Defend_G","Defend_G"]},{"cards_removed":["Decay"],"damage_healed":0.0,"max_hp_gain":0.0,"max_hp_loss":0.0,"gold_gain":0.0,"event_name":"Beggar","player_choice":"Gave Gold","floor":25.0,"gold_loss":75.0,"damage_taken":0.0},{"damage_healed":0.0,"max_hp_gain":0.0,"max_hp_loss":0.0,"gold_gain":0.0,"event_name":"Colosseum","player_choice":"Fight","floor":30.0,"gold_loss":0.0,"damage_taken":0.0},{"damage_healed":0.0,"max_hp_gain":0.0,"max_hp_loss":0.0,"gold_gain":0.0,"event_name":"Colosseum","player_choice":"Fought Nobs","floor":30.0,"gold_loss":0.0,"damage_taken":0.0},{"damage_healed":0.0,"max_hp_gain":0.0,"max_hp_loss":0.0,"gold_gain":0.0,"event_name":"Drug Dealer","player_choice":"Inject Mutagens","floor":31.0,"gold_loss":0.0,"damage_taken":0.0,"relics_obtained":["MutagenicStrength"]},{"damage_healed":0,"gold_gain":0,"player_choice":"Fight","damage_taken":0,"max_hp_gain":0,"max_hp_loss":0,"event_name":"MindBloom","floor":37,"gold_loss":0},{"damage_healed":0,"gold_gain":0,"player_choice":"Relic","damage_taken":0,"max_hp_gain":0,"max_hp_loss":0,"event_name":"Wheel of Change","floor":38,"gold_loss":0},{"damage_healed":0,"gold_gain":0,"player_choice":"Max HP","damage_taken":0,"max_hp_gain":0,"max_hp_loss":4,"event_name":"Winding Halls","floor":39,"gold_loss":0},{"damage_healed":0,"gold_gain":100,"player_choice":"Pray","damage_taken":0,"max_hp_gain":0,"max_hp_loss":0,"event_name":"Golden Shrine","floor":41,"gold_loss":0},{"damage_healed":0,"gold_gain":0,"player_choice":"Memory 1","damage_taken":0,"max_hp_gain":0,"max_hp_loss":0,"event_name":"SensoryStone","floor":46,"gold_loss":0}],"is_beta":false,"boss_relics":[{"not_picked":["Philosopher\u0027s Stone","SacredBark"],"picked":"Coffee Dripper"},{"not_picked":["Runic Dome","Astrolabe"],"picked":"Tiny House"}],"items_purged_floors":[2,28,44],"is_endless":false,"potions_floor_spawned":[1,6,14,18,20,30,35,36],"ascension_level":0}}