{"host":"sum4dy402bbv9y4o","time":1609093283,"event":{"mods":["Aspiration","BaseMod","Conspire","Highlight Path","Minty Spire (QoL Compilation)","StSLib"],"gold_per_floor":[116,41,58,73,90,90,124,124,124,124,136,61,61,61,61,133,133,149,4,4,4,23,56,56,56],"floor_reached":24,"playtime":732,"items_purged":["Strike_B","conspire:GhostlyDefend"],"score":428,"play_id":"c16e5efb-0338-4c52-a6f8-428d0d4c4ea6","local_time":"20201227212123","is_ascension_mode":true,"campfire_choices":[{"data":"Dualcast","floor":6,"key":"SMITH"},{"data":"Zap","floor":10,"key":"SMITH"},{"data":"Barrage","floor":13,"key":"SMITH"},{"data":"Rip and Tear","floor":15,"key":"SMITH"}],"circlet_count":0,"master_deck":["AscendersBane","conspire:GhostlyStrike","conspire:GhostlyStrike","conspire:GhostlyDefend","conspire:GhostlyDefend","conspire:GhostlyDefend","Zap+1","Dualcast+1","Cold Snap","Barrage+1","Rip and Tear+1","Cold Snap","Coolheaded","Electrodynamics","Steam","Capacitor","White Noise","Redo"],"relics":["Cracked Core","MealTicket","Pear","aspiration:FaultyCoupler","conspire:DecoderRing","Busted Crown","aspiration:FrozenJewel"],"acts_visited":["Exordium","TheCity"],"potions_floor_usage":[18,22],"damage_taken":[{"damage":1,"enemies":"Cultist","floor":1,"turns":3},{"damage":2,"enemies":"2 Louse","floor":3,"turns":2},{"damage":6,"enemies":"Small Slimes","floor":4,"turns":3},{"damage":4,"enemies":"Looter","floor":5,"turns":3},{"damage":24,"enemies":"Lagavulin","floor":7,"turns":5},{"damage":4,"enemies":"Large Slime","floor":11,"turns":5},{"damage":6,"enemies":"The Guardian","floor":16,"turns":9},{"damage":17,"enemies":"Shell Parasite","floor":18,"turns":2},{"damage":26,"enemies":"2 Thieves","floor":22,"turns":3},{"damage":46,"enemies":"Slavers","floor":23,"turns":4},{"damage":11,"enemies":"Snake Plant","floor":24,"turns":2}],"seed_played":"-6604323414578441015","potions_obtained":[{"floor":7,"key":"Fire Potion"},{"floor":11,"key":"LiquidMemories"}],"is_trial":false,"path_per_floor":["M","$","M","M","M","R","E","?","T","R","M","?","R","T","R","B",null,"M","$","?","$","M","E","M"],"character_chosen":"DEFECT","items_purchased":["Capacitor"],"campfire_rested":0,"item_purchase_floors":[19],"current_hp_per_floor":[63,71,69,63,59,59,45,45,45,45,41,41,41,41,41,35,70,53,68,68,81,55,9,0,0],"gold":56,"neow_bonus":"RANDOM_COMMON_RELIC","is_daily":false,"chose_seed":false,"campfire_upgraded":4,"win_rate":0.0,"timestamp":1609093283,"path_taken":["M","?","M","M","M","R","E","?","T","R","M","?","R","?","R","BOSS","M","$","?","$","M","E","M"],"items_purchased_type":["Card"],"build_version":"2020-12-22","purchased_purges":2,"victory":false,"max_hp_per_floor":[71,71,71,71,71,71,81,81,81,81,81,81,81,81,81,81,81,81,81,81,81,81,81,81,81],"card_choices":[{"not_picked":["Beam Cell","Redo"],"picked":"Cold Snap","floor":1},{"not_picked":["Recycle","Turbo","Double Energy"],"picked":"SKIP","floor":3},{"not_picked":["Storm","Doom and Gloom"],"picked":"Barrage","floor":4},{"not_picked":["Hologram","Sweeping Beam"],"picked":"Rip and Tear","floor":5},{"not_picked":["Rebound","Tempest"],"picked":"Cold Snap","floor":7},{"not_picked":["Steam","Turbo"],"picked":"Coolheaded","floor":11},{"not_picked":["Fission","Amplify"],"picked":"Electrodynamics","floor":16},{"not_picked":[],"picked":"Steam","floor":18},{"not_picked":[],"picked":"White Noise","floor":22},{"not_picked":[],"picked":"Redo","floor":23}],"player_experience":2849177,"relics_obtained":[{"floor":7,"key":"Pear"},{"floor":9,"key":"aspiration:FaultyCoupler"},{"floor":14,"key":"conspire:DecoderRing"},{"floor":23,"key":"aspiration:FrozenJewel"}],"event_choices":[{"damage_healed":0,"gold_gain":0,"player_choice":"Agree","damage_taken":0,"max_hp_gain":0,"max_hp_loss":0,"event_name":"conspire:LoneGhost","floor":8,"gold_loss":0},{"cards_removed":["conspire:GhostlyStrike"],"damage_healed":0,"gold_gain":0,"player_choice":"Card Removal","damage_taken":0,"max_hp_gain":0,"max_hp_loss":0,"event_name":"The Cleric","floor":12,"gold_loss":75},{"damage_healed":0,"gold_gain":0,"player_choice":"Ignored","damage_taken":0,"max_hp_gain":0,"max_hp_loss":0,"event_name":"N\u0027loth","floor":20,"gold_loss":0}],"is_beta":false,"boss_relics":[{"not_picked":["Coffee Dripper","Sozu"],"picked":"Busted Crown"}],"items_purged_floors":[2,19],"is_endless":false,"potions_floor_spawned":[7,11],"killed_by":"Snake Plant","ascension_level":20}}