{"host":"kw4o7b3ro2ktmmbe","time":1609059611,"event":{"mods":["BaseMod","Evolution","Minty Spire (QoL Compilation)","StSLib","The Hierophant"],"gold_per_floor":[118,118,131,206,206,206,234,234,260,288,288,337,375,70,70,206,206,307,17,118,219,219,219],"floor_reached":22,"playtime":2739,"items_purged":[],"score":211,"play_id":"0973e53d-77d8-4d04-ac43-b76dfc82d38b","local_time":"20201227220011","is_ascension_mode":false,"campfire_choices":[{"data":"hierophant:Dazzle","floor":6,"key":"SMITH"},{"data":"hierophant:Zeal","floor":8,"key":"SMITH"},{"data":"hierophant:CoinFling","floor":11,"key":"SMITH"},{"floor":15,"key":"REST"}],"circlet_count":0,"master_deck":["hierophant:Strike_Hierophant","hierophant:Strike_Hierophant+1","hierophant:Strike_Hierophant","hierophant:Strike_Hierophant","hierophant:Punish","hierophant:Defend_Hierophant+1","hierophant:Defend_Hierophant","hierophant:Defend_Hierophant","hierophant:Defend_Hierophant","hierophant:ChurchCoffers","hierophant:Doubloon","hierophant:Dazzle+1","hierophant:Zeal+1","hierophant:Doubloon","hierophant:CoinFling+1","hierophant:Doubloon","hierophant:CursedGold","hierophant:Doubloon","hierophant:Dazzle","hierophant:BulkyChest","hierophant:OrnateJavelin","hierophant:RepressedViolence"],"relics":["hierophant:PropheticMaskRelic","EVO:Axolotl","Ornamental Fan","Potion Belt","Regal Pillow","Ancient Tea Set","ClockworkSouvenir","Black Star","MealTicket","HandDrill"],"acts_visited":["Exordium","TheCity"],"potions_floor_usage":[16,16,16],"damage_taken":[{"damage":3,"enemies":"Small Slimes","floor":1,"turns":3},{"damage":0,"enemies":"2 Louse","floor":3,"turns":2},{"damage":6,"enemies":"Jaw Worm","floor":7,"turns":3},{"damage":3,"enemies":"Red Slaver","floor":10,"turns":3},{"damage":10,"enemies":"3 Sentries","floor":12,"turns":6},{"damage":0,"enemies":"Exordium Wildlife","floor":13,"turns":3},{"damage":14,"enemies":"Slime Boss","floor":16,"turns":8},{"damage":8,"enemies":"Shell Parasite","floor":18,"turns":6},{"damage":35,"enemies":"3 Byrds","floor":20,"turns":9},{"damage":32,"enemies":"Snecko","floor":21,"turns":6},{"damage":10,"enemies":"Snake Plant","floor":22,"turns":1}],"seed_played":"3862826474406413028","potions_obtained":[{"floor":1,"key":"Strength Potion"},{"floor":10,"key":"Strength Potion"},{"floor":12,"key":"LiquidBronze"}],"is_trial":false,"path_per_floor":["M","?","M","?","T","R","M","R","T","M","R","E","M","$","R","B",null,"M","$","M","M","M"],"character_chosen":"HIEROPHANT","items_purchased":["Ancient Tea Set","ClockworkSouvenir","MealTicket","HandDrill"],"campfire_rested":1,"item_purchase_floors":[14,14,19,19],"current_hp_per_floor":[79,63,63,52,52,52,46,46,46,43,43,33,33,33,72,58,82,74,74,39,7,0,0],"gold":219,"neow_bonus":"TEN_PERCENT_HP_BONUS","is_daily":false,"chose_seed":false,"campfire_upgraded":3,"win_rate":0.0,"timestamp":1609059611,"path_taken":["M","?","M","?","?","R","?","R","T","M","R","E","M","$","R","BOSS","M","$","M","M","M"],"items_purchased_type":["Relic","Relic","Relic","Relic"],"build_version":"2020-12-22","purchased_purges":0,"victory":false,"max_hp_per_floor":[82,82,82,82,82,82,82,82,82,82,82,82,82,82,82,82,82,82,82,82,82,82,82],"card_choices":[{"not_picked":["hierophant:HammerAndAnvil","hierophant:Encroach","hierophant:MorningPrayer"],"picked":"SKIP","floor":1},{"not_picked":["hierophant:Community","hierophant:Mercenaries"],"picked":"hierophant:Dazzle","floor":3},{"not_picked":["hierophant:HammerAndAnvil","hierophant:PristineSoul"],"picked":"hierophant:Zeal","floor":7},{"not_picked":["hierophant:CursedGold","hierophant:RustyCrate"],"picked":"hierophant:CoinFling","floor":10},{"not_picked":["hierophant:Patience","hierophant:Sermon"],"picked":"hierophant:CursedGold","floor":12},{"not_picked":["hierophant:RecallFunds","hierophant:HolyVerse"],"picked":"hierophant:Dazzle","floor":13},{"not_picked":["hierophant:Cornucopia","hierophant:DeathKnell"],"picked":"hierophant:BulkyChest","floor":16},{"not_picked":["hierophant:SealAway","hierophant:Remorse","hierophant:PristineSoul"],"picked":"SKIP","floor":18},{"not_picked":["hierophant:HammerAndAnvil","hierophant:AuricBeam"],"picked":"hierophant:OrnateJavelin","floor":20},{"not_picked":["hierophant:FlamingChariot","hierophant:Charity"],"picked":"hierophant:RepressedViolence","floor":21}],"player_experience":1764687,"relics_obtained":[{"floor":5,"key":"Ornamental Fan"},{"floor":9,"key":"Potion Belt"},{"floor":12,"key":"Regal Pillow"}],"event_choices":[{"damage_healed":0,"gold_gain":0,"player_choice":"Entered Light","damage_taken":16,"max_hp_gain":0,"max_hp_loss":0,"event_name":"Shining Light","floor":2,"gold_loss":0,"cards_upgraded":["hierophant:Strike_Hierophant","hierophant:Defend_Hierophant"]},{"damage_healed":0,"gold_gain":75,"player_choice":"Gather Gold","damage_taken":11,"max_hp_gain":0,"max_hp_loss":0,"event_name":"World of Goop","floor":4,"gold_loss":0}],"is_beta":false,"boss_relics":[{"not_picked":["Busted Crown","Ectoplasm"],"picked":"Black Star"}],"items_purged_floors":[],"is_endless":false,"potions_floor_spawned":[1,10,12],"killed_by":"Snake Plant","ascension_level":0}}