{"host":"5fasz840ryq7obdf","time":1609098813,"event":{"mods":["AchievementEnabler","BaseMod","Bestiary","Better Altar","Better Skull","Better Third Choice","BetterRewards","Block Reminder","Colored Powertips","Curses Come First","Highlight Path","Minty Spire (QoL Compilation)","Quick Restart","Rare Cards Sparkle","Relic Stats","Replay The Spire","Shop Mod","Spicy Shops","StSLib","SuperFastMode"],"gold_per_floor":[113,132,152,10,10,41,41,72,72,100,100,111,146,156,156,229,229,248,260,98,116,116,144,157,157,184,216,216,245,245,271,271,343,343,354,354,370,48,99,129,159,193,193,204,204,17,17,21,21,21,21,21,21,24,59,59],"floor_reached":57,"playtime":3794,"items_purged":["Strike_G","Overencumbered"],"score":3053,"play_id":"3272197f-f51a-40b8-b08b-d82176d64e22","local_time":"20201227195333","is_ascension_mode":true,"campfire_choices":[{"data":"Terror","floor":11.0,"key":"SMITH"},{"data":"Neutralize","floor":11.0,"key":"SMITH"},{"data":"Envenom","floor":25,"key":"SMITH"},{"data":"Tactician","floor":25,"key":"SMITH"},{"data":"Accuracy","floor":28,"key":"SMITH"},{"data":"Prepared","floor":28,"key":"SMITH"},{"data":"Strike_G","floor":32,"key":"PURGE"},{"floor":45,"key":"RECALL"},{"data":"Adrenaline","floor":47,"key":"SMITH"},{"data":"After Image","floor":47,"key":"SMITH"},{"floor":49,"key":"DIG"},{"data":"Night Terror","floor":53,"key":"SMITH"},{"data":"Prepared","floor":53,"key":"SMITH"}],"circlet_count":0,"master_deck":["AscendersBane","Defend_G","Defend_G","Survivor","Neutralize+1","Hidden Blade","Blur","Die Die Die+1","Hidden Blade","Hidden Blade","Blade Dance","Terror+1","Blur","ReplayTheSpireMod:From All Sides","Prepared+1","Quick Slash+1","Envenom+1","Finisher+1","Pot Of Greed","Pot Of Greed","Pot Of Greed","After Image+1","Blade Dance","Tactician+1","Accuracy+1","Cloak And Dagger","Prepared+1","ReplayTheSpireMod:Speed Training","Malaise","Adrenaline+1","ReplayTheSpireMod:The Works+1","Pot Of Greed","A Thousand Cuts+1","Pain","Deflect","Panache+1","Mind Blast+1","Master of Strategy","Footwork+1","Accuracy+1","Night Terror+1","Replay:Bag of Tricks","Blur","Pot Of Greed","Well Laid Plans+1","ReplayTheSpireMod:Private Reserves","ReplayTheSpireMod:Private Reserves","Cloak And Dagger+1","CommonCold","ReplayTheSpireMod:IOU","ReplayTheSpireMod:IOU","Backstab+1","ReplayTheSpireMod:IOU","ReplayTheSpireMod:IOU","Panache+1","Wraith Form v2+1","Pot Of Greed"],"relics":["Ring of the Snake","Replay:Wax Seal","HandDrill","Pen Nib","Replay:Arrowhead","Matryoshka","ReplayTheSpireMod:Ninjato","Replay:Towering Pillar of Hats","Vampiric Spirits","Blue Doll","Basket Of Snakes","Bottled Flame","Akabeko","Molten Egg 2","Bag of Marbles","Byrd Skull","Grinning Jar","ReplayFunnel","Bag of Preparation","Philosopher\u0027s Stone","Strawberry","Pet Ghost","Frozen Egg 2","Darkstone Periapt","MealTicket","Kintsugi","Du-Vu Doll","Counterbalance","Replay:Rubber Ducky","Nunchaku","Durian","Tingsha","ReplayTheSpireMod:CursedCoin","Sling","Oddly Smooth Stone","Anchor"],"acts_visited":["Exordium","TheCity","TheBeyond","TheEnding"],"potions_floor_usage":[40,56],"damage_taken":[{"damage":6.0,"enemies":"Cultist","floor":1.0,"turns":3.0},{"damage":0.0,"enemies":"2 Louse","floor":2.0,"turns":1.0},{"damage":0.0,"enemies":"Small Slimes","floor":3.0,"turns":1.0},{"damage":12.0,"enemies":"Lagavulin","floor":6.0,"turns":5.0},{"damage":10.0,"enemies":"Gremlin Nob","floor":8.0,"turns":3.0},{"damage":2.0,"enemies":"3 Sentries","floor":10.0,"turns":3.0},{"damage":0.0,"enemies":"3 Louse","floor":12.0,"turns":1.0},{"damage":0.0,"enemies":"Gremlin Nob","floor":13.0,"turns":2.0},{"damage":0.0,"enemies":"2 Fungi Beasts","floor":14.0,"turns":1.0},{"damage":0,"enemies":"Slime Boss","floor":16,"turns":3},{"damage":11,"enemies":"Shell Parasite","floor":18,"turns":3},{"damage":0,"enemies":"3 Byrds","floor":19,"turns":2},{"damage":0,"enemies":"Sentry and Sphere","floor":21,"turns":2},{"damage":7,"enemies":"Book of Stabbing","floor":23,"turns":3},{"damage":0,"enemies":"Snake Plant","floor":24,"turns":1},{"damage":0,"enemies":"Slavers","floor":27,"turns":1},{"damage":0,"enemies":"Gremlin Leader","floor":29,"turns":1},{"damage":12,"enemies":"Book of Stabbing","floor":31,"turns":3},{"damage":28,"enemies":"Champ","floor":33,"turns":6},{"damage":9,"enemies":"3 Shapes","floor":35,"turns":1},{"damage":0,"enemies":"3 Darklings","floor":37,"turns":1},{"damage":0,"enemies":"2 Orb Walkers","floor":39,"turns":1},{"damage":0,"enemies":"Giant Head","floor":40,"turns":3},{"damage":0,"enemies":"Nemesis","floor":42,"turns":1},{"damage":2,"enemies":"4 Shapes","floor":44,"turns":1},{"damage":18,"enemies":"Time Eater","floor":50,"turns":5},{"damage":4,"enemies":"Replay:Hell Engine","floor":51,"turns":4},{"damage":0,"enemies":"Shield and Spear","floor":55,"turns":1},{"damage":39,"enemies":"The Heart","floor":56,"turns":5}],"seed_played":"-6584634153826896592","potions_obtained":[{"floor":6.0,"key":"AttackPotion"},{"floor":10.0,"key":"Dexterity Potion"},{"floor":27,"key":"Energy Potion"},{"floor":40,"key":"Languid Potion"}],"is_trial":false,"path_per_floor":["M","M","M","$","T","E","?","E","T","E","R","M","E","M","R","B",null,"M","M","$","M","?","E","M","R","T","E","R","E","?","E","R","B",null,"M","?","M","$","?","E","?","E","T","M","R","$","R","$","R","B","B",null,"R","$","E","B",null],"character_chosen":"THE_SILENT","items_purchased":["Replay:Wax Seal","HandDrill","Pen Nib","Replay:Arrowhead","Hidden Blade","Matryoshka","ReplayTheSpireMod:Ninjato","Blur","Die Die Die","Hidden Blade","Replay:Towering Pillar of Hats","Blade Dance","Vampiric Spirits","Accuracy","Du-Vu Doll","Well Laid Plans+1","ReplayTheSpireMod:Private Reserves","Cloak And Dagger+1","ReplayTheSpireMod:CursedCoin","Sling","Backstab+1","Panache+1"],"campfire_rested":0,"item_purchase_floors":[0,0,0,0,0,0,0,0,0,0,0,0,4,20,38,46,46,46,48,48,48,54],"current_hp_per_floor":[11,11,11,11,11,5,5,4,4,23,23,50,63,66,21,36,59,55,66,66,66,66,66,73,73,73,73,73,73,73,61,61,45,78,80,70,85,85,85,85,57,90,90,89,89,90,90,108,108,90,104,107,107,120,120,81],"gold":59,"neow_bonus":"","is_daily":false,"chose_seed":false,"campfire_upgraded":10,"win_rate":0.0,"timestamp":1609098813,"path_taken":["M","?","M","?","?","E","?","E","T","E","R","M","E","?","R","BOSS","M","M","$","?","?","E","?","R","T","E","R","E","?","E","R","BOSS","M","?","M","$","?","E","?","E","T","?","R","$","R","$","R","BOSS","BOSS","R","$","E","BOSS"],"items_purchased_type":["Relic","Relic","Relic","Relic","Card","Relic","Relic","Card","Card","Card","Relic","Card","Relic","Card","Relic","Card","Card","Card","Relic","Relic","Card","Card"],"build_version":"2020-12-22","purchased_purges":2,"victory":true,"max_hp_per_floor":[66,66,66,66,66,66,66,66,66,66,66,66,66,66,66,66,66,66,66,66,66,66,73,73,73,73,73,73,73,73,73,73,73,85,85,85,85,85,85,85,85,90,90,90,90,90,90,108,108,108,108,108,108,120,120,120],"relic_stats":{"Darkstone Periapt":42,"Nunchaku":[6],"counters":[179,749],"MealTicket":2,"Tingsha":[39],"Pen Nib":[49],"HandDrill":[176],"Bag of Preparation":[40],"obtain_stats":[{"TwistedFunnel":19,"Golden Egg":40,"Vampiric Spirits":4,"Spirit Poop":5,"Whetstone":40,"Ginger":0,"Bottled Tornado":0,"Sling":0,"Boot":3,"Blood Vial":48,"Replay:Wanted Poster":36,"Sundial":11,"MealTicket":0,"HandDrill":2,"Kunai":26,"Replay:Wax Seal":0,"Pear":27,"Blue Candle":41,"Counterbalance":39,"Tingsha":0,"Pen Nib":36,"Paper Crane":36,"Akabeko":2,"Kintsugi":34,"Unceasing Top":0,"Ring of the Serpent":17,"Lantern":23,"Regal Pillow":28,"Singing Bowl":36,"Torii":25,"Blue Doll":0,"Bag of Preparation":6,"Smiling Mask":20,"Cursed Key":34,"Pet Ghost":23,"Replay:Rubber Ducky":21,"Matryoshka":8,"Ninja Scroll":10,"Replay:Bottled Eggs":12,"InkBottle":21,"Ring of the Snake":0,"Potion Belt":9,"Lee\u0027s Waffle":0,"The Specimen":17,"Golden Idol":2,"Basket Of Snakes":5,"PreservedInsect":9,"The Courier":28,"Omamori":0,"Frozen Egg 2":17,"MawBank":14,"Replay:Arrowhead":0,"Ornamental Fan":54,"Orrery":0,"Art of War":40,"Durian":42,"Bottled Lightning":26,"Toy Ornithopter":9,"Ice Cream":0,"Tiny House":17,"Calipers":43,"Gremlin Horn":0,"CeramicFish":44,"Vajra":0,"HoveringKite":34,"Centennial Puzzle":22,"Lizard Tail":38,"DollysMirror":25,"Strawberry":46,"Prayer Wheel":17,"Philosopher\u0027s Stone":34,"Toxic Egg 2":7,"Byrd Skull":13,"Happy Flower":0,"ReplayTheSpireMod:CursedCoin":48,"Astrolabe":17,"Oddly Smooth Stone":11,"Letter Opener":40,"War Paint":0,"Question Card":17,"Du-Vu Doll":13,"Bottled Flame":32,"Shuriken":25,"Bronze Scales":26,"Onion Ring":0,"Molten Egg 2":9,"ReplayTheSpireMod:TigerMarble":44,"Grinning Jar":15,"Pocketwatch":14,"Meat on the Bone":0,"Darkstone Periapt":9,"ReplayFunnel":15,"Snake Skull":0,"Juzu Bracelet":30,"Incense Burner":0,"Empty Cage":34,"Frozen Eye":10,"Nunchaku":43,"Dream Catcher":26,"Mummified Hand":31,"Pantograph":55,"Tiny Chest":6,"Red Mask":36,"Runic Pyramid":17,"Gremlin Food":26,"BargainBundle":0,"ReplayTheSpireMod:Ninjato":0,"Replay:Towering Pillar of Hats":0,"Orichalcum":55,"White Beast Statue":19,"Mercury Hourglass":8,"Calling Bell":17,"Anchor":55,"Bag of Marbles":49,"Membership Card":8},{"TwistedFunnel":77,"Golden Egg":144,"Vampiric Spirits":153,"Spirit Poop":68,"Whetstone":88,"Ginger":127,"Bottled Tornado":42,"Sling":29,"Boot":43,"Blood Vial":27,"Replay:Wanted Poster":141,"Sundial":37,"MealTicket":32,"HandDrill":97,"Kunai":16,"Replay:Wax Seal":150,"Pear":83,"Blue Candle":88,"Counterbalance":172,"Tingsha":29,"Pen Nib":21,"Paper Crane":21,"Akabeko":33,"Kintsugi":169,"Unceasing Top":29,"Ring of the Serpent":40,"Lantern":14,"Regal Pillow":17,"Singing Bowl":86,"Torii":110,"Blue Doll":127,"Bag of Preparation":4,"Smiling Mask":51,"Cursed Key":85,"Pet Ghost":138,"Replay:Rubber Ducky":136,"Matryoshka":46,"Ninja Scroll":131,"Replay:Bottled Eggs":132,"InkBottle":51,"Ring of the Snake":0,"Potion Belt":46,"Lee\u0027s Waffle":96,"The Specimen":105,"Golden Idol":1,"Basket Of Snakes":153,"PreservedInsect":70,"The Courier":83,"Omamori":96,"Frozen Egg 2":105,"MawBank":39,"Replay:Arrowhead":150,"Ornamental Fan":125,"Orrery":29,"Art of War":61,"Durian":174,"Bottled Lightning":82,"Toy Ornithopter":5,"Ice Cream":96,"Tiny House":9,"Calipers":89,"Gremlin Horn":0,"CeramicFish":25,"Vajra":0,"HoveringKite":20,"Centennial Puzzle":79,"Lizard Tail":117,"DollysMirror":110,"Strawberry":146,"Prayer Wheel":76,"Philosopher\u0027s Stone":115,"Toxic Egg 2":36,"Byrd Skull":158,"Happy Flower":96,"ReplayTheSpireMod:CursedCoin":175,"Astrolabe":134,"Oddly Smooth Stone":7,"Letter Opener":24,"War Paint":32,"Question Card":76,"Du-Vu Doll":74,"Bottled Flame":140,"Shuriken":16,"Bronze Scales":110,"Onion Ring":127,"Molten Egg 2":155,"ReplayTheSpireMod:TigerMarble":145,"Grinning Jar":159,"Pocketwatch":8,"Meat on the Bone":66,"Darkstone Periapt":46,"ReplayFunnel":159,"Snake Skull":32,"Juzu Bracelet":18,"Incense Burner":96,"Empty Cage":58,"Frozen Eye":131,"Nunchaku":24,"Dream Catcher":55,"Mummified Hand":114,"Pantograph":126,"Tiny Chest":45,"Red Mask":59,"Runic Pyramid":50,"Gremlin Food":139,"BargainBundle":127,"ReplayTheSpireMod:Ninjato":127,"Replay:Towering Pillar of Hats":150,"Orichalcum":95,"White Beast Statue":77,"Mercury Hourglass":5,"Calling Bell":76,"Anchor":178,"Bag of Marbles":147,"Membership Card":36},{"TwistedFunnel":427,"Golden Egg":660,"Vampiric Spirits":686,"Spirit Poop":395,"Whetstone":467,"Ginger":613,"Bottled Tornado":241,"Sling":179,"Boot":244,"Blood Vial":148,"Replay:Wanted Poster":648,"Sundial":209,"MealTicket":186,"HandDrill":504,"Kunai":93,"Replay:Wax Seal":681,"Pear":450,"Blue Candle":467,"Counterbalance":729,"Tingsha":179,"Pen Nib":120,"Paper Crane":120,"Akabeko":190,"Kintsugi":726,"Unceasing Top":179,"Ring of the Serpent":230,"Lantern":82,"Regal Pillow":97,"Singing Bowl":460,"Torii":544,"Blue Doll":613,"Bag of Preparation":20,"Smiling Mask":286,"Cursed Key":456,"Pet Ghost":640,"Replay:Rubber Ducky":637,"Matryoshka":260,"Ninja Scroll":622,"Replay:Bottled Eggs":625,"InkBottle":286,"Ring of the Snake":0,"Potion Belt":260,"Lee\u0027s Waffle":501,"The Specimen":525,"Golden Idol":2,"Basket Of Snakes":686,"PreservedInsect":401,"The Courier":450,"Omamori":501,"Frozen Egg 2":525,"MawBank":219,"Replay:Arrowhead":681,"Ornamental Fan":602,"Orrery":179,"Art of War":353,"Durian":733,"Bottled Lightning":446,"Toy Ornithopter":24,"Ice Cream":501,"Tiny House":46,"Calipers":472,"Gremlin Horn":0,"CeramicFish":136,"Vajra":0,"HoveringKite":115,"Centennial Puzzle":435,"Lizard Tail":569,"DollysMirror":544,"Strawberry":664,"Prayer Wheel":425,"Philosopher\u0027s Stone":563,"Toxic Egg 2":204,"Byrd Skull":700,"Happy Flower":501,"ReplayTheSpireMod:CursedCoin":734,"Astrolabe":632,"Oddly Smooth Stone":32,"Letter Opener":132,"War Paint":186,"Question Card":425,"Du-Vu Doll":415,"Bottled Flame":645,"Shuriken":93,"Bronze Scales":544,"Onion Ring":613,"Molten Egg 2":694,"ReplayTheSpireMod:TigerMarble":663,"Grinning Jar":701,"Pocketwatch":39,"Meat on the Bone":392,"Darkstone Periapt":260,"ReplayFunnel":701,"Snake Skull":186,"Juzu Bracelet":102,"Incense Burner":501,"Empty Cage":333,"Frozen Eye":622,"Nunchaku":132,"Dream Catcher":308,"Mummified Hand":557,"Pantograph":606,"Tiny Chest":254,"Red Mask":338,"Runic Pyramid":281,"Gremlin Food":642,"BargainBundle":613,"ReplayTheSpireMod:Ninjato":613,"Replay:Towering Pillar of Hats":681,"Orichalcum":496,"White Beast Statue":427,"Mercury Hourglass":24,"Calling Bell":425,"Anchor":744,"Bag of Marbles":668,"Membership Card":204}],"Ring of the Snake":[274]},"card_choices":[{"not_picked":["Underhanded Strike","Flying Knee","Dodge and Roll"],"picked":"SKIP","floor":1.0},{"not_picked":["Finisher","Underhanded Strike"],"picked":"Terror","floor":2.0},{"not_picked":["Dagger Spray","Backflip"],"picked":"Blur","floor":3.0},{"not_picked":["Dagger Spray","Quick Slash"],"picked":"ReplayTheSpireMod:From All Sides","floor":6.0},{"not_picked":["Acrobatics","Underhanded Strike"],"picked":"Prepared","floor":8.0},{"not_picked":["Dodge and Roll","Hidden Blade"],"picked":"Quick Slash+1","floor":10.0},{"not_picked":["Distraction","Dagger Throw+1"],"picked":"Envenom","floor":12.0},{"not_picked":["Crippling Poison","Noxious Fumes"],"picked":"Finisher+1","floor":13.0},{"not_picked":["Flying Knee+1","Prepared","Sucker Punch+1"],"picked":"SKIP","floor":14.0},{"not_picked":["ReplayTheSpireMod:From All Sides+1","Replay:Bag of Tricks"],"picked":"After Image","floor":16},{"not_picked":["Poisoned Stab+1","Outmaneuver"],"picked":"Blade Dance","floor":18},{"not_picked":["Bane+1","Deadly Poison"],"picked":"Tactician","floor":19},{"not_picked":["Dagger Spray+1","Underhanded Strike+1"],"picked":"Cloak And Dagger","floor":21},{"not_picked":["Terror","Sucker Punch+1"],"picked":"Prepared","floor":23},{"not_picked":["Deflect","Flechettes+1"],"picked":"ReplayTheSpireMod:Speed Training","floor":24},{"not_picked":["Concentrate","Toxin Wave"],"picked":"Malaise","floor":27},{"not_picked":["Prepared","Blur"],"picked":"Adrenaline","floor":29},{"not_picked":["Noxious Fumes+1","Backflip"],"picked":"ReplayTheSpireMod:The Works+1","floor":31},{"not_picked":["Storm of Steel","Bullet Time"],"picked":"A Thousand Cuts+1","floor":33},{"not_picked":["Hidden Blade","Replay:Poison Smokescreen"],"picked":"Deflect","floor":35},{"not_picked":["ReplayTheSpireMod:Uncanny Aura","Midas Touch"],"picked":"Panache+1","floor":36},{"not_picked":["Crow Ritual+1","The Bomb"],"picked":"Mind Blast+1","floor":36},{"not_picked":["HandOfGreed+1","Bandage Up"],"picked":"Master of Strategy","floor":36},{"not_picked":["Bane+1","Acrobatics+1","Underhanded Strike+1"],"picked":"SKIP","floor":37},{"not_picked":["Blade Dance","Sucker Punch+1"],"picked":"Footwork+1","floor":39},{"not_picked":["Dagger Spray+1","Underhanded Strike+1","Dodge and Roll+1"],"picked":"SKIP","floor":40},{"not_picked":["Bane+1","Draining Mist"],"picked":"Accuracy+1","floor":41},{"not_picked":["Heel Hook+1","Hidden Blade"],"picked":"Night Terror","floor":41},{"not_picked":["Dagger Spray+1","Prepared"],"picked":"Replay:Bag of Tricks","floor":42},{"not_picked":["Underhanded Strike+1","Poisoned Stab+1"],"picked":"Blur","floor":44},{"not_picked":["Accuracy+1","ReplayTheSpireMod:Shiv Toss+1"],"picked":"Wraith Form v2+1","floor":55}],"player_experience":1179635,"relics_obtained":[{"floor":5.0,"key":"Blue Doll"},{"floor":5.0,"key":"Basket Of Snakes"},{"floor":6.0,"key":"Bottled Flame"},{"floor":8.0,"key":"Akabeko"},{"floor":9.0,"key":"Molten Egg 2"},{"floor":10.0,"key":"Bag of Marbles"},{"floor":13.0,"key":"Byrd Skull"},{"floor":23,"key":"Strawberry"},{"floor":26,"key":"Pet Ghost"},{"floor":27,"key":"Frozen Egg 2"},{"floor":29,"key":"Darkstone Periapt"},{"floor":31,"key":"MealTicket"},{"floor":39,"key":"Counterbalance"},{"floor":40,"key":"Replay:Rubber Ducky"},{"floor":41,"key":"Nunchaku"},{"floor":42,"key":"Durian"},{"floor":43,"key":"Tingsha"},{"floor":49,"key":"Oddly Smooth Stone"},{"floor":55,"key":"Anchor"}],"event_choices":[{"damage_healed":0.0,"max_hp_gain":0.0,"max_hp_loss":0.0,"gold_gain":0.0,"event_name":"Accursed Blacksmith","player_choice":"Forge","floor":7.0,"gold_loss":0.0,"damage_taken":0.0,"cards_upgraded":["Die Die Die"]},{"damage_healed":0.0,"max_hp_gain":0.0,"max_hp_loss":0.0,"gold_gain":0.0,"event_name":"betterSkull:BetterSkull","player_choice":"RE RE RE ","floor":15.0,"gold_loss":0.0,"damage_taken":51.0,"cards_upgraded":[],"relics_obtained":["Grinning Jar","ReplayFunnel","Bag of Preparation"]},{"cards_removed":["Strike_G"],"damage_healed":0,"gold_gain":0,"player_choice":"Purged","damage_taken":0,"max_hp_gain":0,"max_hp_loss":0,"event_name":"Purifier","floor":22,"gold_loss":0},{"damage_healed":0,"gold_gain":0,"player_choice":"Ignored","damage_taken":0,"max_hp_gain":0,"max_hp_loss":0,"event_name":"Ghosts","floor":30,"gold_loss":0},{"damage_healed":0,"gold_gain":0,"player_choice":"Memory 3","damage_taken":10,"max_hp_gain":0,"max_hp_loss":0,"event_name":"SensoryStone","floor":36,"gold_loss":0},{"damage_healed":0,"gold_gain":0,"player_choice":"Fight","damage_taken":0,"max_hp_gain":0,"max_hp_loss":0,"event_name":"Mysterious Sphere","floor":39,"gold_loss":0}],"is_beta":false,"boss_relics":[{"not_picked":["Astrolabe","Empty Cage"],"picked":"Philosopher\u0027s Stone"},{"not_picked":["Fusion Hammer","Runic Pyramid"],"picked":"Kintsugi"}],"items_purged_floors":[20,48],"is_endless":false,"potions_floor_spawned":[6,10,12,13,21,23,27,31,33,35,39,40],"ascension_level":20}}