{"host":"ws4mzzemcqsz5e2k","time":1609068194,"event":{"mods":["BaseMod","Colored Powertips","Minty Spire (QoL Compilation)","StSLib","TestMod","没有小屋子和绿帽子啦"],"gold_per_floor":[116,116,41,41,60,90,90,90,90,90,108,8,28,28,28,99,99,112,128,308,15,15,15],"floor_reached":22,"playtime":719,"items_purged":["Strike_G","Strike_G","Defend_G"],"score":364,"play_id":"7ba9a274-81a2-4ca0-a995-6a4ab66f08eb","local_time":"20201227192314","is_ascension_mode":true,"campfire_choices":[{"data":"Flechettes","floor":8.0,"key":"SMITH"},{"data":"Blade Dance","floor":10.0,"key":"SMITH"},{"data":"Neutralize","floor":15,"key":"SMITH"}],"circlet_count":0,"master_deck":["AscendersBane","Defend_G","Defend_G","Defend_G","Defend_G","Survivor","Neutralize+1","testmod-AutoReboundSystem+1","Blade Dance+1","Flechettes+1","Adrenaline"],"relics":["Ring of the Snake","testmod-TestBox","Happy Flower","Black Star","Strawberry"],"acts_visited":["Exordium","TheCity"],"potions_floor_usage":[16],"damage_taken":[{"damage":9.0,"enemies":"Jaw Worm","floor":1.0,"turns":4.0},{"damage":6.0,"enemies":"Cultist","floor":5.0,"turns":3.0},{"damage":20.0,"enemies":"Gremlin Nob","floor":6.0,"turns":4.0},{"damage":0.0,"enemies":"Small Slimes","floor":11.0,"turns":1.0},{"damage":1.0,"enemies":"Exordium Wildlife","floor":13.0,"turns":3.0},{"damage":16,"enemies":"The Guardian","floor":16,"turns":9},{"damage":21,"enemies":"Shell Parasite","floor":18,"turns":3},{"damage":1,"enemies":"Spheric Guardian","floor":19,"turns":3},{"damage":18,"enemies":"Snake Plant","floor":22,"turns":3}],"seed_played":"6871430649943783060","potions_obtained":[{"floor":1.0,"key":"ColorlessPotion"},{"floor":13.0,"key":"FearPotion"}],"is_trial":false,"path_per_floor":["M","?","$","$","M","E","?","R","T","R","M","$","M","?","R","B",null,"M","M","?","$","M"],"character_chosen":"THE_SILENT","items_purchased":["Strawberry"],"campfire_rested":0,"item_purchase_floors":[21],"current_hp_per_floor":[50,50,50,50,44,24,24,24,24,24,24,24,23,23,23,7,51,30,29,10,17,0,0],"gold":15,"neow_bonus":"UPGRADE_CARD","is_daily":false,"chose_seed":false,"campfire_upgraded":3,"win_rate":0.0,"timestamp":1609068194,"path_taken":["M","?","?","$","M","E","?","R","T","R","?","$","M","?","R","BOSS","M","M","?","$","?"],"items_purchased_type":["Relic"],"build_version":"2020-12-22","purchased_purges":3,"victory":false,"max_hp_per_floor":[66,66,66,66,66,66,66,66,66,66,66,66,66,66,66,66,66,66,66,66,73,73,73],"card_choices":[{"not_picked":["Backstab","Deflect"],"picked":"Blade Dance","floor":1.0},{"not_picked":["Backflip","Footwork","Blur"],"picked":"SKIP","floor":5.0},{"not_picked":["Endless Agony","Choke"],"picked":"Flechettes","floor":6.0},{"not_picked":["Footwork","Sucker Punch","Flying Knee"],"picked":"SKIP","floor":11.0},{"not_picked":["Dodge and Roll","Underhanded Strike","Endless Agony"],"picked":"SKIP","floor":13.0},{"not_picked":["Night Terror","Tools of the Trade"],"picked":"Adrenaline","floor":16},{"not_picked":["Deflect","Bane","PiercingWail"],"picked":"SKIP","floor":18},{"not_picked":["Dodge and Roll","Dagger Throw","Cloak And Dagger"],"picked":"SKIP","floor":19}],"player_experience":1370286,"relics_obtained":[{"floor":6.0,"key":"Happy Flower"}],"event_choices":[{"cards_removed":["Strike_G"],"damage_healed":0.0,"max_hp_gain":0.0,"max_hp_loss":0.0,"gold_gain":0.0,"event_name":"Bonfire Elementals","player_choice":"Offered Basic","floor":2.0,"gold_loss":0.0,"damage_taken":0.0},{"cards_removed":["Strike_G"],"damage_healed":0.0,"max_hp_gain":0.0,"max_hp_loss":0.0,"gold_gain":0.0,"event_name":"Purifier","player_choice":"Purged","floor":7.0,"gold_loss":0.0,"damage_taken":0.0},{"cards_removed":["Strike_G"],"damage_healed":0,"gold_gain":0,"player_choice":"Forget","damage_taken":0,"max_hp_gain":0,"max_hp_loss":0,"event_name":"Living Wall","floor":14,"gold_loss":0},{"damage_healed":0,"gold_gain":180,"player_choice":"GOLD GOLD ","damage_taken":19,"max_hp_gain":0,"max_hp_loss":0,"event_name":"Knowing Skull","floor":20,"potions_obtained":[],"gold_loss":0,"cards_obtained":[]}],"is_beta":false,"boss_relics":[{"not_picked":["Sozu","testmod-Temperance"],"picked":"Black Star"}],"items_purged_floors":[3,12,21],"is_endless":false,"potions_floor_spawned":[1,13],"killed_by":"Snake Plant","ascension_level":20}}