{"host":"k85tjwrh7mjrrc9a","time":1609101031,"event":{"mods":["AchievementEnabler","BaseMod","Colored Powertips","Highlight Path","Minty Spire (QoL Compilation)","Rare Cards Sparkle","StSLib"],"gold_per_floor":[219,294,312,165,175,201,218,218,265,265,296,313,313,37,37,139,139,151,161,161,161,180,205,205,273,273,284,295,295,312,345,345,440,440,460,216,266,216,41,69,69,88,114,214,264,264,295,361,361,361],"floor_reached":51,"playtime":4232,"items_purged":["Strike_G","Defend_G","Strike_G"],"score":870,"play_id":"363a684b-eb6c-4d09-92b1-6cd4acd5d9a8","local_time":"20201227153031","is_ascension_mode":true,"campfire_choices":[{"floor":8,"key":"REST"},{"floor":10,"key":"REST"},{"floor":15,"key":"REST"},{"floor":24,"key":"REST"},{"data":"After Image","floor":29,"key":"SMITH"},{"floor":32,"key":"REST"},{"data":"Apotheosis","floor":41,"key":"SMITH"},{"data":"Footwork","floor":46,"key":"SMITH"},{"data":"Neutralize","floor":49,"key":"SMITH"}],"circlet_count":0,"master_deck":["Strike_G+1","Strike_G","Strike_G+1","Defend_G","Defend_G","Defend_G","Defend_G","Survivor+1","Neutralize+1","Footwork+1","Dodge and Roll","Heel Hook","Backflip","Sucker Punch","Envenom","Cloak And Dagger","Blade Dance","A Thousand Cuts","Acrobatics+1","After Image+1","Heel Hook+1","Sucker Punch","Backflip","Sucker Punch","Prepared+1","Blade Dance","CurseOfTheBell","Blade Dance","Noxious Fumes","Apotheosis+1","Quick Slash+1","Backflip+1","Escape Plan","Escape Plan"],"relics":["Ring of the Snake","Lantern","Question Card","Nunchaku","Whetstone","Kunai","Philosopher\u0027s Stone","Du-Vu Doll","SsserpentHead","War Paint","Ornamental Fan","InkBottle","Calling Bell","Anchor","Mummified Hand","Prayer Wheel","Vajra","Strawberry","Lizard Tail","White Beast Statue","PreservedInsect"],"acts_visited":["Exordium","TheCity","TheBeyond"],"potions_floor_usage":[6,23,30,50],"damage_taken":[{"damage":6,"enemies":"Jaw Worm","floor":1,"turns":7},{"damage":0,"enemies":"Cultist","floor":3,"turns":5},{"damage":0,"enemies":"Small Slimes","floor":5,"turns":3},{"damage":52,"enemies":"Gremlin Nob","floor":6,"turns":7},{"damage":0,"enemies":"Blue Slaver","floor":7,"turns":5},{"damage":14,"enemies":"3 Sentries","floor":11,"turns":12},{"damage":0,"enemies":"Red Slaver","floor":12,"turns":3},{"damage":21,"enemies":"Hexaghost","floor":16,"turns":15},{"damage":7,"enemies":"Shell Parasite","floor":18,"turns":5},{"damage":7,"enemies":"Chosen","floor":19,"turns":4},{"damage":9,"enemies":"3 Cultists","floor":22,"turns":8},{"damage":11,"enemies":"Gremlin Leader","floor":23,"turns":8},{"damage":12,"enemies":"Sentry and Sphere","floor":25,"turns":7},{"damage":1,"enemies":"Cultist and Chosen","floor":27,"turns":7},{"damage":0,"enemies":"Centurion and Healer","floor":28,"turns":8},{"damage":6,"enemies":"Sentry and Sphere","floor":30,"turns":6},{"damage":10,"enemies":"Book of Stabbing","floor":31,"turns":7},{"damage":7,"enemies":"Champ","floor":33,"turns":13},{"damage":0,"enemies":"Orb Walker","floor":35,"turns":3},{"damage":0,"enemies":"Reptomancer","floor":40,"turns":6},{"damage":8,"enemies":"3 Shapes","floor":42,"turns":4},{"damage":0,"enemies":"Mind Bloom Boss Battle","floor":44,"turns":4},{"damage":0,"enemies":"Nemesis","floor":47,"turns":5},{"damage":0,"enemies":"3 Darklings","floor":48,"turns":4},{"damage":0,"enemies":"Awakened One","floor":50,"turns":10}],"seed_played":"-1672011386313104428","potions_obtained":[{"floor":1,"key":"GamblersBrew"},{"floor":3,"key":"SteroidPotion"},{"floor":7,"key":"CunningPotion"},{"floor":18,"key":"DistilledChaos"},{"floor":27,"key":"BlessingOfTheForge"},{"floor":44,"key":"Weak Potion"},{"floor":47,"key":"SpeedPotion"},{"floor":48,"key":"Block Potion"}],"is_trial":false,"path_per_floor":["M","?","M","$","M","E","M","R","T","R","E","M","?","$","R","B",null,"M","M","?","?","M","E","R","M","T","M","M","R","M","E","R","B",null,"M","$","?","$","$","E","R","M","T","?","T","R","E","M","R","B",null],"character_chosen":"THE_SILENT","items_purchased":["Lantern","Blade Dance","Kunai","Apotheosis","AttackPotion"],"campfire_rested":5,"item_purchase_floors":[4,14,14,36,39],"current_hp_per_floor":[64,53,53,53,53,1,1,22,22,43,29,29,29,29,50,29,70,63,56,56,56,47,36,57,45,45,44,44,44,38,28,49,42,70,70,70,70,70,70,70,70,62,69,69,69,69,69,69,69,69],"gold":361,"neow_bonus":"HUNDRED_GOLD","is_daily":false,"chose_seed":false,"campfire_upgraded":4,"win_rate":0.0,"timestamp":1609101031,"path_taken":["M","?","M","$","M","E","M","R","T","R","E","M","?","$","R","BOSS","M","?","?","?","M","E","R","?","T","M","M","R","M","E","R","BOSS","M","$","?","?","$","E","R","M","T","?","?","R","E","?","R","BOSS"],"items_purchased_type":["Relic","Card","Relic","Card","Potion"],"build_version":"2020-12-22","purchased_purges":3,"victory":true,"max_hp_per_floor":[70,70,70,70,70,70,70,70,70,70,70,70,70,70,70,70,70,70,70,70,70,70,70,70,70,70,70,70,70,70,70,70,70,70,70,70,70,70,70,70,70,70,77,77,77,77,77,77,77,77],"card_choices":[{"not_picked":["Leg Sweep","Slice"],"picked":"Footwork","floor":1},{"not_picked":["Bane","Deflect"],"picked":"Dodge and Roll","floor":3},{"not_picked":["Catalyst","Accuracy"],"picked":"Heel Hook","floor":5},{"not_picked":["Flying Knee","Cloak And Dagger"],"picked":"Backflip","floor":6},{"not_picked":["Poisoned Stab","Acrobatics","Dagger Spray"],"picked":"Sucker Punch","floor":7},{"not_picked":["Footwork","PiercingWail","Prepared"],"picked":"Envenom","floor":11},{"not_picked":["Choke","Slice","Backflip"],"picked":"Cloak And Dagger","floor":12},{"not_picked":["Corpse Explosion","Glass Knife","Bullet Time"],"picked":"A Thousand Cuts","floor":16},{"not_picked":["Blur","Well Laid Plans","Dagger Throw"],"picked":"Acrobatics","floor":18},{"not_picked":["Flechettes","Quick Slash","Deflect"],"picked":"After Image","floor":19},{"not_picked":["Deflect+1","Outmaneuver","Caltrops"],"picked":"Heel Hook+1","floor":22},{"not_picked":["Bane","Flying Knee+1","Footwork","Blur"],"picked":"SKIP","floor":23},{"not_picked":["Underhanded Strike+1","Masterful Stab+1","Bouncing Flask"],"picked":"Sucker Punch","floor":25},{"not_picked":["Tactician","Terror","Phantasmal Killer"],"picked":"Backflip","floor":27},{"not_picked":["Dagger Spray","Dash","Flying Knee"],"picked":"Sucker Punch","floor":28},{"not_picked":["Blur","Outmaneuver","Slice+1"],"picked":"Prepared+1","floor":30},{"not_picked":["Adrenaline","Catalyst","Backstab+1"],"picked":"Blade Dance","floor":31},{"not_picked":["PiercingWail+1","Dagger Spray","Endless Agony+1"],"picked":"Blade Dance","floor":35},{"not_picked":["Sucker Punch+1","Acrobatics","Slice+1"],"picked":"Noxious Fumes","floor":35},{"not_picked":["Catalyst+1","Noxious Fumes+1","Crippling Poison"],"picked":"Quick Slash+1","floor":40},{"not_picked":["Bullet Time","Flechettes+1","Cloak And Dagger"],"picked":"Backflip+1","floor":42},{"not_picked":["Deadly Poison","Poisoned Stab","PiercingWail+1","Dagger Spray+1"],"picked":"SKIP","floor":42},{"not_picked":["Cloak And Dagger+1","Catalyst+1","Riddle With Holes+1","Poisoned Stab+1"],"picked":"SKIP","floor":47},{"not_picked":["Riddle With Holes","Tools of the Trade","Dagger Spray"],"picked":"Escape Plan","floor":48},{"not_picked":["Blade Dance+1","Underhanded Strike","Slice"],"picked":"Escape Plan","floor":48}],"player_experience":69522,"relics_obtained":[{"floor":6,"key":"Question Card"},{"floor":9,"key":"Nunchaku"},{"floor":11,"key":"Whetstone"},{"floor":23,"key":"War Paint"},{"floor":26,"key":"Ornamental Fan"},{"floor":31,"key":"InkBottle"},{"floor":34,"key":"Anchor"},{"floor":34,"key":"Mummified Hand"},{"floor":34,"key":"Prayer Wheel"},{"floor":40,"key":"Vajra"},{"floor":43,"key":"Strawberry"},{"floor":44,"key":"Lizard Tail"},{"floor":45,"key":"White Beast Statue"},{"floor":47,"key":"PreservedInsect"}],"event_choices":[{"damage_healed":0,"gold_gain":75,"player_choice":"Gather Gold","damage_taken":11,"max_hp_gain":0,"max_hp_loss":0,"event_name":"World of Goop","floor":2,"gold_loss":0},{"damage_healed":0,"gold_gain":0,"player_choice":"Bought 0 Potions","damage_taken":0,"max_hp_gain":0,"max_hp_loss":0,"event_name":"The Woman in Blue","floor":13,"gold_loss":0},{"damage_healed":0,"gold_gain":0,"player_choice":"Opened","damage_taken":0,"relics_obtained":["Du-Vu Doll"],"max_hp_gain":0,"max_hp_loss":0,"event_name":"The Mausoleum","floor":20,"gold_loss":0},{"damage_healed":0,"gold_gain":0,"player_choice":"Trade","damage_taken":0,"relics_obtained":["SsserpentHead"],"max_hp_gain":0,"max_hp_loss":0,"event_name":"FaceTrader","floor":21,"gold_loss":0},{"damage_healed":0,"gold_gain":0,"player_choice":"Ignored","damage_taken":0,"max_hp_gain":0,"max_hp_loss":0,"event_name":"SecretPortal","floor":37,"gold_loss":0},{"damage_healed":0,"gold_gain":0,"player_choice":"Fight","damage_taken":0,"max_hp_gain":0,"max_hp_loss":0,"event_name":"MindBloom","floor":44,"gold_loss":0}],"is_beta":false,"boss_relics":[{"not_picked":["Sozu","Coffee Dripper"],"picked":"Philosopher\u0027s Stone"},{"not_picked":["Runic Dome","Cursed Key"],"picked":"Calling Bell"}],"items_purged_floors":[36,38,39],"is_endless":false,"potions_floor_spawned":[1,3,7,18,19,27,44,47,48],"ascension_level":1}}