{"host":"daa8jqyg4gqfaysm","time":1609051069,"event":{"mods":["BaseMod","Colored Powertips","Minty Spire (QoL Compilation)","StSLib"],"gold_per_floor":[113,131,131,206,10,40,40,72,152,167,197,209,209,227,227,299,299,277,15,32,32,32,32,66,66,137,137,5,5,19,19,19,93,93,112,112,122,147,162,162,195,207,277,306,306,150,150,178,178,178,178],"floor_reached":50,"playtime":1686,"items_purged":["Decay"],"score":1403,"play_id":"4e419dcc-b7b4-4cc3-b06b-5fff75d7a461","local_time":"20201227143749","is_ascension_mode":true,"campfire_choices":[{"data":"Defragment","floor":7,"key":"SMITH"},{"floor":13,"key":"REST"},{"data":"Sunder","floor":15,"key":"SMITH"},{"floor":23,"key":"REST"},{"floor":27,"key":"REST"},{"floor":32,"key":"REST"},{"data":"Defragment","floor":40,"key":"SMITH"},{"floor":47,"key":"RECALL"},{"floor":49,"key":"REST"}],"circlet_count":0,"master_deck":["AscendersBane","Defend_B","Defend_B","Defend_B","Defend_B","Zap","Dualcast","Leap","Genetic Algorithm","Sunder+1","Compile Driver","Defragment+1","Sweeping Beam","Conserve Battery","Capacitor","Doom and Gloom","Lockon","Amplify","Glacier","Coolheaded","Defragment+1","Bite","Bite","Bite","Bite","Bite","Storm","Sunder","Defragment+1","Rainbow","Reinforced Body+1","White Noise","Recycle","Defragment","Capacitor"],"relics":["Cracked Core","NeowsBlessing","Bag of Preparation","Juzu Bracelet","Pear","StoneCalendar","Snecko Eye","Mummified Hand","Question Card","Sozu","FossilizedHelix","Centennial Puzzle","Singing Bowl","Ancient Tea Set","Eternal Feather"],"acts_visited":["Exordium","TheCity","TheBeyond"],"potions_floor_usage":[8,11,18,24,33,33],"damage_taken":[{"damage":0,"enemies":"Jaw Worm","floor":1,"turns":1},{"damage":0,"enemies":"Small Slimes","floor":2,"turns":1},{"damage":0,"enemies":"Lagavulin","floor":6,"turns":1},{"damage":30,"enemies":"Gremlin Nob","floor":8,"turns":4},{"damage":1,"enemies":"Cultist","floor":10,"turns":4},{"damage":28,"enemies":"Lagavulin","floor":11,"turns":7},{"damage":8,"enemies":"Looter","floor":12,"turns":3},{"damage":0,"enemies":"3 Louse","floor":14,"turns":3},{"damage":28,"enemies":"Slime Boss","floor":16,"turns":7},{"damage":13,"enemies":"2 Thieves","floor":18,"turns":4},{"damage":49,"enemies":"Spheric Guardian","floor":20,"turns":6},{"damage":0,"enemies":"Slavers","floor":24,"turns":6},{"damage":42,"enemies":"Shelled Parasite and Fungi","floor":30,"turns":7},{"damage":30,"enemies":"Automaton","floor":33,"turns":8},{"damage":4,"enemies":"Orb Walker","floor":35,"turns":3},{"damage":12,"enemies":"3 Darklings","floor":37,"turns":3},{"damage":7,"enemies":"Mind Bloom Boss Battle","floor":38,"turns":3},{"damage":0,"enemies":"Spire Growth","floor":39,"turns":4},{"damage":0,"enemies":"Nemesis","floor":41,"turns":7},{"damage":0,"enemies":"Maw","floor":42,"turns":6},{"damage":0,"enemies":"Giant Head","floor":44,"turns":7},{"damage":57,"enemies":"Reptomancer","floor":48,"turns":6},{"damage":76,"enemies":"Awakened One","floor":50,"turns":3}],"seed_played":"-3256736375382028233","potions_obtained":[{"floor":10,"key":"Regen Potion"},{"floor":11,"key":"DuplicationPotion"},{"floor":12,"key":"Block Potion"},{"floor":18,"key":"EssenceOfSteel"},{"floor":24,"key":"ColorlessPotion"}],"is_trial":false,"path_per_floor":["M","M","?","?","$","E","R","E","T","M","E","M","R","M","R","B",null,"M","$","M","?","?","R","E","?","T","R","$","?","M","$","R","B",null,"M","?","M","?","M","R","E","M","T","E","?","$","R","E","R","B"],"character_chosen":"DEFECT","items_purchased":["Fire Potion","Sunder","Compile Driver","Mummified Hand","Storm","Sunder","Capacitor"],"campfire_rested":5,"item_purchase_floors":[5,5,5,19,28,28,46],"current_hp_per_floor":[64,64,69,58,58,58,58,28,38,37,21,13,38,38,38,10,67,54,54,5,5,5,30,30,30,30,48,48,48,12,12,30,14,49,49,49,43,46,54,54,60,60,60,62,62,62,62,17,57,0,0],"gold":178,"neow_bonus":"THREE_ENEMY_KILL","is_daily":false,"chose_seed":false,"campfire_upgraded":3,"win_rate":0.0,"timestamp":1609051069,"path_taken":["M","M","?","?","?","E","R","E","T","M","E","M","R","M","R","BOSS","M","$","M","?","?","R","E","?","T","R","$","?","M","$","R","BOSS","M","?","M","?","M","R","E","M","T","E","?","$","R","E","R","BOSS"],"items_purchased_type":["Potion","Card","Card","Relic","Card","Card","Card"],"build_version":"2020-12-22","purchased_purges":1,"victory":false,"max_hp_per_floor":[71,71,76,76,76,76,76,76,86,86,86,86,86,86,86,86,86,86,86,86,86,86,86,86,60,60,60,60,60,60,60,60,60,60,60,60,60,60,60,60,60,60,60,62,62,62,62,64,64,64,64],"card_choices":[{"not_picked":["Hologram","Compile Driver"],"picked":"Leap","floor":1},{"not_picked":["Turbo","Go for the Eyes"],"picked":"Genetic Algorithm","floor":2},{"not_picked":["Scrape","Beam Cell"],"picked":"Defragment","floor":6},{"not_picked":["Redo","Blizzard"],"picked":"Sweeping Beam","floor":8},{"not_picked":["Aggregate","Rebound"],"picked":"Conserve Battery","floor":10},{"not_picked":["Gash","Amplify"],"picked":"Capacitor","floor":11},{"not_picked":["Sweeping Beam","Streamline"],"picked":"Doom and Gloom","floor":12},{"not_picked":["Redo","Double Energy"],"picked":"Lockon","floor":14},{"not_picked":["All For One","Meteor Strike"],"picked":"Amplify","floor":16},{"not_picked":["Turbo","Stack+1","Compile Driver"],"picked":"SKIP","floor":18},{"not_picked":["Go for the Eyes","Heatsinks"],"picked":"Glacier","floor":20},{"not_picked":["Stack+1","Turbo"],"picked":"Defragment","floor":24},{"not_picked":["Gash+1","FTL","Redo","Stack"],"picked":"SKIP","floor":30},{"not_picked":["Multi-Cast","Thunder Strike","Hyperbeam"],"picked":"Rainbow","floor":33},{"not_picked":["Beam Cell+1","Steam","Coolheaded"],"picked":"Reinforced Body+1","floor":35},{"not_picked":["Leap+1","Rebound","Cold Snap"],"picked":"White Noise","floor":37},{"not_picked":["Genetic Algorithm","Sweeping Beam","Go for the Eyes","Cold Snap"],"picked":"SKIP","floor":39},{"not_picked":["Hyperbeam","Recycle","Compile Driver","Rebound+1"],"picked":"SKIP","floor":41},{"not_picked":["Hyperbeam","Compile Driver","Rebound+1"],"picked":"Recycle","floor":41},{"not_picked":["Streamline","Barrage","Rebound+1"],"picked":"Defragment","floor":42},{"not_picked":["Beam Cell+1","Streamline+1","Hologram","Cold Snap"],"picked":"Singing Bowl","floor":44},{"not_picked":["Blizzard+1","Compile Driver","Cold Snap","Undo"],"picked":"Singing Bowl","floor":48}],"player_experience":738480,"relics_obtained":[{"floor":6,"key":"Bag of Preparation"},{"floor":8,"key":"Juzu Bracelet"},{"floor":9,"key":"Pear"},{"floor":11,"key":"StoneCalendar"},{"floor":24,"key":"Question Card"},{"floor":38,"key":"FossilizedHelix"},{"floor":41,"key":"Centennial Puzzle"},{"floor":43,"key":"Singing Bowl"},{"floor":44,"key":"Ancient Tea Set"},{"floor":48,"key":"Eternal Feather"}],"event_choices":[{"damage_healed":0,"gold_gain":0,"player_choice":"Donut","damage_taken":0,"max_hp_gain":5,"max_hp_loss":0,"event_name":"Big Fish","floor":3,"gold_loss":0},{"damage_healed":0,"gold_gain":75,"player_choice":"Gather Gold","damage_taken":11,"max_hp_gain":0,"max_hp_loss":0,"event_name":"World of Goop","floor":4,"gold_loss":0},{"damage_healed":0,"gold_gain":0,"player_choice":"1 cards matched","damage_taken":0,"max_hp_gain":0,"max_hp_loss":0,"event_name":"Match and Keep!","floor":21,"gold_loss":0,"cards_obtained":["Coolheaded"]},{"damage_healed":0,"gold_gain":0,"player_choice":"Smashed Altar","damage_taken":0,"max_hp_gain":0,"max_hp_loss":0,"event_name":"Forgotten Altar","floor":22,"gold_loss":0,"cards_obtained":["Decay"]},{"damage_healed":0,"gold_gain":0,"player_choice":"Became a vampire","damage_taken":0,"max_hp_gain":0,"max_hp_loss":26,"event_name":"Vampires","floor":25,"gold_loss":0,"cards_obtained":["Bite","Bite","Bite","Bite","Bite"]},{"damage_healed":0,"gold_gain":0,"player_choice":"Copied","damage_taken":0,"max_hp_gain":0,"max_hp_loss":0,"event_name":"Duplicator","floor":29,"gold_loss":0,"cards_obtained":["Defragment"]},{"damage_healed":0,"gold_gain":0,"player_choice":"Ignored","damage_taken":0,"max_hp_gain":0,"max_hp_loss":0,"event_name":"SecretPortal","floor":36,"gold_loss":0},{"damage_healed":0,"gold_gain":0,"player_choice":"Fight","damage_taken":0,"max_hp_gain":0,"max_hp_loss":0,"event_name":"MindBloom","floor":38,"gold_loss":0},{"damage_healed":0,"gold_gain":0,"player_choice":"Ignored","damage_taken":0,"max_hp_gain":0,"max_hp_loss":0,"event_name":"Tomb of Lord Red Mask","floor":45,"gold_loss":0}],"is_beta":false,"boss_relics":[{"not_picked":["Inserter","Philosopher\u0027s Stone"],"picked":"Snecko Eye"},{"not_picked":["Velvet Choker","Calling Bell"],"picked":"Sozu"}],"items_purged_floors":[46],"is_endless":false,"potions_floor_spawned":[10,11,12,16,18,24,30,37,39,41,48],"killed_by":"Awakened One","ascension_level":20}}