{"host":"51dweoxrcspgw6ri","time":1609054543,"event":{"mods":["BaseMod","Colored Map","Colored Powertips","Minty Spire (QoL Compilation)","Rare Cards Sparkle","Relic Stats","StSLib","SuperFastMode","The Bug Knight"],"gold_per_floor":[115,129,84,259,259,259,273,303,327,327,277,125,125,138,138,242,292,307,319,8,27,47,47,47],"floor_reached":23,"playtime":1161,"items_purged":[],"score":220,"play_id":"5219a665-e529-41b0-b37f-26168ffac20e","local_time":"20201227083543","is_ascension_mode":true,"campfire_choices":[{"data":"HollowMod:HowlingWraiths","floor":6.0,"key":"SMITH"},{"floor":10.0,"key":"REST"},{"data":"HollowMod:SiblingsSouls","floor":15.0,"key":"SMITH"}],"circlet_count":0,"master_deck":["HollowMod:NailStrikeStart+1","HollowMod:NailStrikeStart","HollowMod:NailStrikeStart","HollowMod:NailStrikeStart","HollowMod:QuickDashStart","HollowMod:QuickDashStart","HollowMod:QuickDashStart","HollowMod:QuickDashStart","HollowMod:FocusHealStart","HollowMod:PogoStrike","Madness","HollowMod:InfectedAttack","HollowMod:HowlingWraiths+1","HollowMod:CycloneSlash","HollowMod:CloakDash","Parasite","HollowMod:SiblingsSouls+1","HollowMod:PaleKingsBlessing","HollowMod:SoulStrike","HollowMod:SoulSplash+1","HollowMod:ChannelNail","Mayhem","HollowMod:HeavyBlow+1"],"relics":["HollowMod:VesselMask","Vajra","Potion Belt","Happy Flower","Tiny House","HollowMod:PaleOreRelic"],"acts_visited":["Exordium","TheCity"],"potions_floor_usage":[23],"damage_taken":[{"damage":6.0,"enemies":"Cultist","floor":1.0,"turns":4.0},{"damage":7.0,"enemies":"Small Slimes","floor":2.0,"turns":4.0},{"damage":11.0,"enemies":"Jaw Worm","floor":7.0,"turns":3.0},{"damage":56.0,"enemies":"3 Sentries","floor":8.0,"turns":6.0},{"damage":16.0,"enemies":"Large Slime","floor":14.0,"turns":4.0},{"damage":28.0,"enemies":"Slime Boss","floor":16.0,"turns":8.0},{"damage":16.0,"enemies":"3 Byrds","floor":18.0,"turns":4.0},{"damage":13.0,"enemies":"Shell Parasite","floor":19.0,"turns":4.0},{"damage":2.0,"enemies":"Chosen and Byrds","floor":21.0,"turns":3.0},{"damage":41.0,"enemies":"Snake Plant","floor":22.0,"turns":3.0},{"damage":32,"enemies":"Book of Stabbing","floor":23,"turns":3}],"seed_played":"-2421362730030916299","potions_obtained":[{"floor":8.0,"key":"Energy Potion"},{"floor":17.0,"key":"SneckoOil"},{"floor":22.0,"key":"PowerPotion"}],"is_trial":false,"path_per_floor":["M","M","$","?","?","R","M","E","T","R","?","$","?","M","R","B",null,"M","M","$","M","M","E"],"character_chosen":"THE_BUGKNIGHT","items_purchased":["HollowMod:HowlingWraiths","Happy Flower","HollowMod:PaleOreRelic","Mayhem"],"campfire_rested":1,"item_purchase_floors":[3,12,20,20],"current_hp_per_floor":[75,74,74,74,79,79,74,24,24,48,48,48,68,52,52,30,85,75,65,65,66,28,0,0],"gold":47,"neow_bonus":"RANDOM_COLORLESS","is_daily":false,"chose_seed":false,"campfire_upgraded":2,"win_rate":0.0,"timestamp":1609054543,"path_taken":["M","?","$","?","?","R","M","E","T","R","?","$","?","M","R","BOSS","M","M","$","M","M","E"],"items_purchased_type":["Card","Relic","Relic","Card"],"build_version":"2020-12-22","purchased_purges":0,"victory":false,"max_hp_per_floor":[75,75,75,75,80,80,80,80,80,80,80,80,80,80,80,80,85,85,85,85,85,85,85,85],"relic_stats":{"Happy Flower":[9],"counters":[11,46],"obtain_stats":[{"Potion Belt":9,"Tiny House":17,"Happy Flower":12,"Vajra":8,"HollowMod:VesselMask":0,"HollowMod:PaleOreRelic":20},{"Potion Belt":4,"Tiny House":6,"Happy Flower":4,"Vajra":4,"HollowMod:VesselMask":0,"HollowMod:PaleOreRelic":8},{"Potion Belt":17,"Tiny House":29,"Happy Flower":17,"Vajra":17,"HollowMod:VesselMask":0,"HollowMod:PaleOreRelic":37}]},"card_choices":[{"not_picked":["Blind","Jack Of All Trades"],"picked":"Madness","floor":0.0},{"not_picked":["HollowMod:CrystalDash","HollowMod:CoiledNail","HollowMod:BaldurShell"],"picked":"SKIP","floor":1.0},{"not_picked":["HollowMod:ChannelNail","HollowMod:CornifersMapStart"],"picked":"HollowMod:InfectedAttack","floor":2.0},{"not_picked":["HollowMod:SiblingsShadow","HollowMod:WraithStrike"],"picked":"HollowMod:CycloneSlash","floor":7.0},{"not_picked":["HollowMod:NewGlowingWomb","HollowMod:RecoilStrike"],"picked":"HollowMod:CloakDash","floor":8.0},{"not_picked":["HollowMod:VengefulVoid","HollowMod:HowlingWraiths"],"picked":"HollowMod:SiblingsSouls","floor":14.0},{"not_picked":["HollowMod:MidwifesHunger","HollowMod:WhiteLadysBlessing"],"picked":"HollowMod:PaleKingsBlessing","floor":16.0},{"not_picked":["HollowMod:SharpenedNail","HollowMod:CornifersMapStart"],"picked":"HollowMod:SoulStrike","floor":17.0},{"not_picked":["HollowMod:Grubsong","HollowMod:VengefulVoid"],"picked":"HollowMod:SoulSplash+1","floor":18.0},{"not_picked":["HollowMod:BaldurShell","HollowMod:HowlingWraiths+1"],"picked":"HollowMod:ChannelNail","floor":19.0},{"not_picked":["HollowMod:LuriensSpire","HollowMod:QuirrelsAssistance","HollowMod:CoiledNail+1"],"picked":"SKIP","floor":21.0},{"not_picked":["HollowMod:DungDefenderAura","HollowMod:CrystalDash"],"picked":"HollowMod:HeavyBlow+1","floor":22.0}],"player_experience":547727,"relics_obtained":[{"floor":8.0,"key":"Vajra"},{"floor":9.0,"key":"Potion Belt"}],"event_choices":[{"damage_healed":0.0,"max_hp_gain":0.0,"max_hp_loss":0.0,"gold_gain":175.0,"event_name":"Liars Game","player_choice":"AGREE","floor":4.0,"gold_loss":0.0,"damage_taken":0.0,"cards_obtained":["Doubt"]},{"damage_healed":0.0,"max_hp_gain":5.0,"max_hp_loss":0.0,"gold_gain":0.0,"event_name":"Big Fish","player_choice":"Donut","floor":5.0,"gold_loss":0.0,"damage_taken":0.0},{"cards_removed":["Doubt"],"damage_healed":0.0,"max_hp_gain":0.0,"max_hp_loss":0.0,"gold_gain":0.0,"event_name":"The Cleric","player_choice":"Card Removal","floor":11.0,"gold_loss":50.0,"damage_taken":0.0},{"damage_healed":20.0,"max_hp_gain":0.0,"max_hp_loss":0.0,"gold_gain":0.0,"event_name":"Mushrooms","player_choice":"Healed and dodged fight","floor":13.0,"gold_loss":0.0,"damage_taken":0.0,"cards_obtained":["Parasite"]}],"is_beta":false,"boss_relics":[{"not_picked":["Fusion Hammer","HollowMod:KingsSoulRelic"],"picked":"Tiny House"}],"items_purged_floors":[],"is_endless":false,"potions_floor_spawned":[8,22],"killed_by":"Book of Stabbing","ascension_level":3}}