{"host":"zhec3g4cvsmevugl","time":1609084661,"event":{"mods":["BaseMod","BetterRewards","Curses Come First","Minty Spire (QoL Compilation)","Relic Stats","Slay-I","StSLib"],"gold_per_floor":[112,112,128,128,140,172,172,201,225,10,10,24,41,83,83,254,254,289,289,306,306,221,253,63,63,63,63,93,93,138,151,151,253,253,263,137,1136,1160,110,126,126,126,172,206,218,230,284,45,45,45,45],"floor_reached":50,"playtime":2215,"items_purged":["Normality"],"score":826,"play_id":"fd2e110e-1b01-4c34-9aa3-a2a738ce9b2f","local_time":"20201227235741","is_ascension_mode":true,"campfire_choices":[{"data":"Streamline","floor":7,"key":"SMITH"},{"floor":11,"key":"REST"},{"data":"Apotheosis","floor":15,"key":"SMITH"},{"floor":25,"key":"REST"},{"floor":27,"key":"DIG"},{"floor":29,"key":"DIG"},{"floor":32,"key":"DIG"},{"floor":46,"key":"REST"},{"floor":49,"key":"DIG"}],"circlet_count":0,"master_deck":["Strike_B","Strike_B","Strike_B","Strike_B","Defend_B","Defend_B","Defend_B","Zap+1","Dualcast","Apotheosis+1","Leap","FTL","Streamline+1","Cold Snap","Cold Snap","HandOfGreed","Steam","BootSequence","Go for the Eyes","Storm","Electrodynamics","Hologram+1","Leap","Go for the Eyes+1","Self Repair","Conserve Battery","Hyperbeam","Go for the Eyes","Normality","Sweeping Beam+1","Pain","Glacier+1","Enlightenment","Discovery","Dramatic Entrance","Hologram"],"relics":["FrozenCore","Potion Belt","Juzu Bracelet","PreservedInsect","SlaversCollar","Nilry\u0027s Codex","MutagenicStrength","The Courier","Shovel","Mummified Hand","Thread and Needle","Symbiotic Virus","White Beast Statue","Strawberry","Cables","War Paint","Nunchaku","Happy Flower","Anchor","Pen Nib","Bottled Tornado","Blood Vial","Emotion Chip","Regal Pillow","WarpedTongs","Bag of Preparation","MawBank","Letter Opener","InkBottle"],"acts_visited":["Exordium","TheCity","TheBeyond"],"potions_floor_usage":[6,16,20,31,33,33,50,50,50,50],"damage_taken":[{"damage":5,"enemies":"Jaw Worm","floor":1,"turns":4},{"damage":0,"enemies":"2 Louse","floor":3,"turns":3},{"damage":0,"enemies":"Cultist","floor":5,"turns":4},{"damage":9,"enemies":"Gremlin Nob","floor":6,"turns":4},{"damage":7,"enemies":"3 Sentries","floor":8,"turns":6},{"damage":14,"enemies":"3 Louse","floor":12,"turns":2},{"damage":0,"enemies":"Blue Slaver","floor":13,"turns":2},{"damage":0,"enemies":"2 Fungi Beasts","floor":14,"turns":3},{"damage":14,"enemies":"Slime Boss","floor":16,"turns":10},{"damage":20,"enemies":"2 Thieves","floor":18,"turns":4},{"damage":0,"enemies":"Chosen","floor":20,"turns":3},{"damage":23,"enemies":"Slavers","floor":23,"turns":4},{"damage":0,"enemies":"Book of Stabbing","floor":28,"turns":5},{"damage":0,"enemies":"Shelled Parasite and Fungi","floor":30,"turns":4},{"damage":1,"enemies":"Cultist and Chosen","floor":31,"turns":4},{"damage":26,"enemies":"Collector","floor":33,"turns":7},{"damage":0,"enemies":"Orb Walker","floor":35,"turns":3},{"damage":21,"enemies":"3 Darklings","floor":40,"turns":3},{"damage":32,"enemies":"Reptomancer","floor":44,"turns":5},{"damage":8,"enemies":"Spire Growth","floor":47,"turns":5},{"damage":123,"enemies":"Donu and Deca","floor":50,"turns":8}],"seed_played":"-4498685031562512073","potions_obtained":[{"floor":1,"key":"SkillPotion"},{"floor":3,"key":"LiquidMemories"},{"floor":12,"key":"GamblersBrew"},{"floor":14,"key":"AttackPotion"},{"floor":16,"key":"DistilledChaos"},{"floor":18,"key":"Fire Potion"},{"floor":20,"key":"EssenceOfSteel"},{"floor":23,"key":"DuplicationPotion"},{"floor":30,"key":"FairyPotion"},{"floor":31,"key":"SpeedPotion"},{"floor":33,"key":"EssenceOfDarkness"},{"floor":35,"key":"AttackPotion"},{"floor":47,"key":"Strength Potion"}],"is_trial":false,"path_per_floor":["M","?","M","?","M","E","R","E","T","$","R","M","M","M","R","B",null,"M","?","M","?","?","E","$","R","T","R","E","R","M","M","R","B",null,"M","$","?","T","$","M","?","?","T","E","?","R","M","$","R","B"],"character_chosen":"DEFECT","items_purchased":["Apotheosis","HandOfGreed","Steam","Mummified Hand","War Paint","Happy Flower","Anchor","Pen Nib","Bottled Tornado","Blood Vial","Emotion Chip","Regal Pillow","Letter Opener"],"campfire_rested":3,"item_purchase_floors":[0,10,10,24,36,39,39,39,39,39,39,39,48],"current_hp_per_floor":[62,62,62,62,62,53,53,46,46,46,68,54,54,54,54,40,75,55,39,39,39,39,16,16,38,38,38,38,45,55,54,54,35,82,82,82,82,82,82,61,61,61,61,41,31,70,74,74,74,0,0],"gold":45,"neow_bonus":"","is_daily":false,"chose_seed":false,"campfire_upgraded":2,"win_rate":0.0,"timestamp":1609084661,"path_taken":["M","?","M","?","?","E","R","E","T","$","R","M","M","M","R","BOSS","M","?","M","?","?","E","$","R","T","R","E","R","M","M","R","BOSS","M","$","?","?","$","M","?","?","T","E","?","R","M","$","R","BOSS"],"items_purchased_type":["Card","Card","Card","Relic","Relic","Relic","Relic","Relic","Relic","Relic","Relic","Relic","Relic"],"build_version":"2020-12-22","purchased_purges":1,"victory":false,"max_hp_per_floor":[75,75,75,75,75,75,75,75,75,75,75,75,75,75,75,75,75,75,75,75,75,75,75,75,75,75,75,75,82,82,82,82,82,82,82,82,82,82,82,82,82,82,82,82,82,82,82,82,82,82,82],"relic_stats":{"Regal Pillow":55,"Happy Flower":[7],"counters":[74,285],"PreservedInsect":140,"Pen Nib":[5],"Juzu Bracelet":1,"Bag of Preparation":[6],"Letter Opener":[30],"War Paint":["Hologram","Zap"],"MawBank":48,"FrozenCore":[4],"Cables":[39,11,14,14,0],"WarpedTongs":[14],"Blood Vial":6,"Nunchaku":[5],"Emotion Chip":[24,9,14,1,0],"Shovel":4,"Mummified Hand":[31],"obtain_stats":[{"Gremlin Horn":27,"Nilry\u0027s Codex":19,"Vajra":3,"Runic Capacitor":8,"Bottled Tornado":39,"Boot":8,"FrozenCore":34,"Blood Vial":23,"Strawberry":29,"MealTicket":6,"Philosopher\u0027s Stone":34,"Girya":42,"Pear":39,"Happy Flower":39,"Dead Branch":23,"Pen Nib":40,"Letter Opener":48,"War Paint":44,"Question Card":38,"Cables":32,"WarpedTongs":41,"SlaversCollar":17,"MutagenicStrength":21,"Pandora\u0027s Box":17,"Black Star":17,"Symbiotic Virus":27,"Meat on the Bone":11,"Regal Pillow":38,"Lantern":26,"Singing Bowl":43,"Mango":0,"Bag of Preparation":22,"Juzu Bracelet":8,"Smiling Mask":26,"ClockworkSouvenir":39,"Nunchaku":39,"Dream Catcher":12,"Emotion Chip":39,"Matryoshka":9,"Shovel":23,"Mummified Hand":24,"InkBottle":49,"Ring of the Snake":0,"Potion Belt":13,"Thread and Needle":11,"PreservedInsect":26,"The Courier":22,"Orichalcum":6,"Medical Kit":22,"MawBank":44,"White Beast Statue":28,"Peace Pipe":29,"Strange Spoon":42,"Anchor":29,"CaptainsWheel":44,"Turnip":40,"Membership Card":3},{"Gremlin Horn":42,"Nilry\u0027s Codex":63,"Vajra":1,"Runic Capacitor":48,"Bottled Tornado":70,"Boot":5,"FrozenCore":69,"Blood Vial":13,"Strawberry":66,"MealTicket":3,"Philosopher\u0027s Stone":20,"Girya":24,"Pear":22,"Happy Flower":70,"Dead Branch":13,"Pen Nib":23,"Letter Opener":73,"War Paint":25,"Question Card":22,"Cables":68,"WarpedTongs":71,"SlaversCollar":62,"MutagenicStrength":64,"Pandora\u0027s Box":38,"Black Star":10,"Symbiotic Virus":65,"Meat on the Bone":48,"Regal Pillow":22,"Lantern":42,"Singing Bowl":24,"Mango":29,"Bag of Preparation":12,"Juzu Bracelet":58,"Smiling Mask":14,"ClockworkSouvenir":22,"Nunchaku":22,"Dream Catcher":35,"Emotion Chip":70,"Matryoshka":5,"Shovel":65,"Mummified Hand":65,"InkBottle":73,"Ring of the Snake":0,"Potion Belt":8,"Thread and Needle":7,"PreservedInsect":14,"The Courier":64,"Orichalcum":34,"Medical Kit":12,"MawBank":72,"White Beast Statue":66,"Peace Pipe":17,"Strange Spoon":24,"Anchor":17,"CaptainsWheel":25,"Turnip":23,"Membership Card":1},{"Gremlin Horn":145,"Nilry\u0027s Codex":234,"Vajra":2,"Runic Capacitor":167,"Bottled Tornado":264,"Boot":11,"FrozenCore":261,"Blood Vial":39,"Strawberry":246,"MealTicket":7,"Philosopher\u0027s Stone":60,"Girya":72,"Pear":65,"Happy Flower":264,"Dead Branch":39,"Pen Nib":69,"Letter Opener":277,"War Paint":75,"Question Card":65,"Cables":254,"WarpedTongs":267,"SlaversCollar":230,"MutagenicStrength":237,"Pandora\u0027s Box":127,"Black Star":30,"Symbiotic Virus":241,"Meat on the Bone":167,"Regal Pillow":65,"Lantern":145,"Singing Bowl":72,"Mango":88,"Bag of Preparation":34,"Juzu Bracelet":213,"Smiling Mask":41,"ClockworkSouvenir":65,"Nunchaku":65,"Dream Catcher":111,"Emotion Chip":264,"Matryoshka":11,"Shovel":241,"Mummified Hand":241,"InkBottle":277,"Ring of the Snake":0,"Potion Belt":23,"Thread and Needle":19,"PreservedInsect":41,"The Courier":237,"Orichalcum":109,"Medical Kit":34,"MawBank":272,"White Beast Statue":246,"Peace Pipe":49,"Strange Spoon":72,"Anchor":49,"CaptainsWheel":75,"Turnip":69,"Membership Card":2}],"InkBottle":[4]},"card_choices":[{"not_picked":["Stack","Rebound"],"picked":"Leap","floor":1},{"not_picked":["Reinforced Body","Force Field"],"picked":"FTL","floor":3},{"not_picked":["Barrage","Turbo"],"picked":"Streamline","floor":5},{"not_picked":["Compile Driver","Skim"],"picked":"Cold Snap","floor":6},{"not_picked":["Steam","Amplify"],"picked":"Cold Snap","floor":8},{"not_picked":["Redo","Coolheaded"],"picked":"BootSequence","floor":12},{"not_picked":["Scrape","Steam Power"],"picked":"Go for the Eyes","floor":13},{"not_picked":["Scrape","Barrage"],"picked":"Storm","floor":14},{"not_picked":["Multi-Cast","Core Surge"],"picked":"Electrodynamics","floor":16},{"not_picked":["Rebound","Undo"],"picked":"Hologram","floor":18},{"not_picked":["Sweeping Beam","Stack"],"picked":"Leap","floor":20},{"not_picked":["Consume","Hologram"],"picked":"Go for the Eyes+1","floor":23},{"not_picked":["Auto Shields","Steam"],"picked":"Self Repair","floor":28},{"not_picked":["Storm+1","Scrape"],"picked":"Beam Cell+1","floor":30},{"not_picked":["Skim","Auto Shields"],"picked":"Conserve Battery","floor":31},{"not_picked":["Electrodynamics","Multi-Cast"],"picked":"Hyperbeam","floor":33},{"not_picked":["Tempest+1","Scrape"],"picked":"Go for the Eyes","floor":35},{"not_picked":["Auto Shields","Barrage"],"picked":"Sweeping Beam+1","floor":40},{"not_picked":["Darkness","Cold Snap+1"],"picked":"Glacier+1","floor":44},{"not_picked":["Sadistic Nature","Bandage Up"],"picked":"Enlightenment","floor":45},{"not_picked":["Enlightenment","Blind"],"picked":"Discovery","floor":45},{"not_picked":["Chrysalis","Panacea"],"picked":"Dramatic Entrance","floor":45},{"not_picked":["Heatsinks","Stack"],"picked":"Hologram","floor":47}],"player_experience":185125,"relics_obtained":[{"floor":6,"key":"Potion Belt"},{"floor":8,"key":"Juzu Bracelet"},{"floor":9,"key":"PreservedInsect"},{"floor":19,"key":"Nilry\u0027s Codex"},{"floor":23,"key":"Shovel"},{"floor":26,"key":"Thread and Needle"},{"floor":27,"key":"Symbiotic Virus"},{"floor":28,"key":"White Beast Statue"},{"floor":29,"key":"Strawberry"},{"floor":32,"key":"Cables"},{"floor":38,"key":"Nunchaku"},{"floor":43,"key":"Bag of Preparation"},{"floor":44,"key":"MawBank"},{"floor":49,"key":"InkBottle"}],"event_choices":[{"damage_healed":0,"gold_gain":0,"player_choice":"Ignored","damage_taken":0,"max_hp_gain":0,"max_hp_loss":0,"event_name":"Golden Wing","floor":2,"gold_loss":0},{"cards_removed":["Defend_B"],"damage_healed":0,"gold_gain":0,"player_choice":"Card Removal","damage_taken":0,"max_hp_gain":0,"max_hp_loss":0,"event_name":"Wheel of Change","floor":4,"gold_loss":0},{"damage_healed":0,"gold_gain":0,"player_choice":"Obtained Book","damage_taken":16,"max_hp_gain":0,"max_hp_loss":0,"event_name":"Cursed Tome","floor":19,"gold_loss":0},{"damage_healed":0,"gold_gain":0,"player_choice":"Inject Mutagens","damage_taken":0,"relics_obtained":["MutagenicStrength"],"max_hp_gain":0,"max_hp_loss":0,"event_name":"Drug Dealer","floor":21,"gold_loss":0},{"damage_healed":0,"gold_gain":0,"player_choice":"Obtained Relic","damage_taken":0,"relics_obtained":["The Courier"],"max_hp_gain":0,"max_hp_loss":0,"event_name":"Addict","floor":22,"gold_loss":85},{"damage_healed":0,"gold_gain":999,"player_choice":"Gold","damage_taken":0,"max_hp_gain":0,"max_hp_loss":0,"event_name":"MindBloom","floor":37,"gold_loss":0,"cards_obtained":["Normality","Normality"]},{"damage_healed":0,"gold_gain":0,"player_choice":"Rummage","damage_taken":0,"relics_obtained":["WarpedTongs"],"max_hp_gain":0,"max_hp_loss":0,"event_name":"Accursed Blacksmith","floor":41,"gold_loss":0,"cards_obtained":["Pain"]},{"cards_removed":["Beam Cell"],"damage_healed":0,"gold_gain":0,"player_choice":"Removed Attack","damage_taken":0,"max_hp_gain":0,"max_hp_loss":0,"event_name":"Falling","floor":42,"gold_loss":0},{"damage_healed":0,"gold_gain":0,"player_choice":"Memory 3","damage_taken":10,"max_hp_gain":0,"max_hp_loss":0,"event_name":"SensoryStone","floor":45,"gold_loss":0}],"is_beta":false,"boss_relics":[{"not_picked":["Busted Crown","Nuclear Battery"],"picked":"SlaversCollar"},{"not_picked":["Astrolabe","Runic Pyramid"],"picked":"FrozenCore"}],"items_purged_floors":[48],"is_endless":false,"potions_floor_spawned":[1,3,12,14,16,18,20,23,30,31,33,35,40,44,47],"killed_by":"Donu and Deca","ascension_level":1}}