{"host":"soyfmymeou4emntr","time":1609037285,"event":{"mods":["BaseMod","Minty Spire (QoL Compilation)","Relic Sorter","Relic Stats","StSLib"],"gold_per_floor":[99,99,99,99,99,99,59,59,59,59,59,59,9,9,9,9,9,9,9,9,9,9,9,9,9,9,9,9,9,9,9],"floor_reached":30,"playtime":2074,"items_purged":[],"score":568,"play_id":"ee408372-c5ff-48aa-950e-4ba5757b6a25","local_time":"20201226194805","is_ascension_mode":true,"campfire_choices":[{"data":"Perfected Strike","floor":8.0,"key":"SMITH"},{"floor":10.0,"key":"REST"},{"floor":15.0,"key":"REST"},{"floor":23.0,"key":"REST"}],"circlet_count":0,"master_deck":["AscendersBane","Strike_R","Strike_R","Strike_R","Strike_R","Strike_R","Defend_R","Defend_R","Defend_R","Defend_R","Bash","Perfected Strike+1","Twin Strike","Metallicize","Intimidate","Whirlwind","Flame Barrier","Reaper","CurseOfTheBell","Corruption","True Grit+1","Immolate","Juggernaut","Juggernaut","Intimidate","Feed"],"relics":["Ectoplasm","Anchor","Shuriken","Du-Vu Doll","Oddly Smooth Stone","Calling Bell","Art of War","Question Card","Dead Branch","Nloth\u0027s Gift","Gambling Chip","InkBottle","MawBank"],"acts_visited":["Exordium","TheCity"],"potions_floor_usage":[24,27],"damage_taken":[{"damage":9.0,"enemies":"Small Slimes","floor":1.0,"turns":3.0},{"damage":0.0,"enemies":"2 Louse","floor":3.0,"turns":3.0},{"damage":2.0,"enemies":"Jaw Worm","floor":4.0,"turns":2.0},{"damage":0.0,"enemies":"Red Slaver","floor":5.0,"turns":1.0},{"damage":18.0,"enemies":"Gremlin Nob","floor":6.0,"turns":4.0},{"damage":3.0,"enemies":"Looter","floor":7.0,"turns":3.0},{"damage":18.0,"enemies":"3 Sentries","floor":12.0,"turns":8.0},{"damage":1.0,"enemies":"Exordium Thugs","floor":14.0,"turns":3.0},{"damage":32.0,"enemies":"Hexaghost","floor":16.0,"turns":10.0},{"damage":2.0,"enemies":"3 Byrds","floor":18.0,"turns":2.0},{"damage":25.0,"enemies":"Shell Parasite","floor":21.0,"turns":6.0},{"damage":0.0,"enemies":"Shelled Parasite and Fungi","floor":22.0,"turns":3.0},{"damage":20,"enemies":"Book of Stabbing","floor":24,"turns":4},{"damage":7,"enemies":"Snake Plant","floor":25,"turns":3},{"damage":25,"enemies":"Slavers","floor":27,"turns":5},{"damage":22,"enemies":"Centurion and Healer","floor":28,"turns":4},{"damage":26,"enemies":"Cultist and Chosen","floor":29,"turns":6},{"damage":18,"enemies":"Snake Plant","floor":30,"turns":2}],"seed_played":"-6655627535642548672","potions_obtained":[{"floor":4.0,"key":"SteroidPotion"},{"floor":5.0,"key":"Weak Potion"},{"floor":6.0,"key":"LiquidBronze"},{"floor":18.0,"key":"PowerPotion"},{"floor":22.0,"key":"Strength Potion"},{"floor":24,"key":"Swift Potion"}],"is_trial":false,"path_per_floor":["M","?","M","M","M","E","M","R","T","R","?","E","?","M","R","B",null,"M","?","?","M","M","R","E","M","T","E","M","M","M"],"character_chosen":"IRONCLAD","items_purchased":[],"campfire_rested":3,"item_purchase_floors":[],"current_hp_per_floor":[59,59,59,57,57,39,36,36,36,58,47,29,29,28,50,18,61,59,59,59,34,42,64,57,56,56,45,23,9,0,0],"gold":9,"neow_bonus":"BOSS_RELIC","is_daily":false,"chose_seed":false,"campfire_upgraded":1,"win_rate":0.0,"timestamp":1609037285,"path_taken":["M","?","M","M","M","E","M","R","T","R","?","E","?","M","R","BOSS","M","?","?","?","M","R","E","M","T","E","M","M","M"],"items_purchased_type":[],"build_version":"2020-12-22","purchased_purges":0,"victory":false,"max_hp_per_floor":[75,75,75,75,75,75,75,75,75,75,75,75,75,75,75,75,75,75,75,75,75,75,75,75,75,75,75,75,75,75,75],"relic_stats":{"counters":[18,72],"Shuriken":[11],"Dead Branch":[70],"Gambling Chip":[7],"Ectoplasm":538,"Art of War":[5],"Nloth\u0027s Gift":4,"Question Card":8,"MawBank":0,"obtain_stats":[{"Dead Branch":17,"Oddly Smooth Stone":13,"Juzu Bracelet":11,"Question Card":17,"MawBank":27,"Burning Blood":0,"Du-Vu Doll":12,"Calling Bell":17,"Anchor":6,"Shuriken":9,"Gambling Chip":24,"Ectoplasm":0,"Art of War":17,"Nloth\u0027s Gift":20,"InkBottle":26},{"Dead Branch":9,"Oddly Smooth Stone":7,"Juzu Bracelet":6,"Question Card":9,"MawBank":15,"Burning Blood":0,"Du-Vu Doll":7,"Calling Bell":9,"Anchor":5,"Shuriken":6,"Gambling Chip":13,"Ectoplasm":0,"Art of War":9,"Nloth\u0027s Gift":10,"InkBottle":14},{"Dead Branch":37,"Oddly Smooth Stone":24,"Juzu Bracelet":16,"Question Card":37,"MawBank":60,"Burning Blood":0,"Du-Vu Doll":24,"Calling Bell":37,"Anchor":13,"Shuriken":16,"Gambling Chip":52,"Ectoplasm":0,"Art of War":37,"Nloth\u0027s Gift":39,"InkBottle":55}],"InkBottle":[4]},"card_choices":[{"not_picked":["Heavy Blade","Havoc"],"picked":"Perfected Strike","floor":1.0},{"not_picked":["Clash","Iron Wave"],"picked":"Twin Strike","floor":3.0},{"not_picked":["Bloodletting","Rampage","Anger"],"picked":"SKIP","floor":4.0},{"not_picked":["Twin Strike","Shrug It Off"],"picked":"Metallicize","floor":5.0},{"not_picked":["Dropkick","Dual Wield","Twin Strike"],"picked":"SKIP","floor":6.0},{"not_picked":["Warcry","Heavy Blade"],"picked":"Intimidate","floor":7.0},{"not_picked":["Pummel","Ghostly Armor"],"picked":"Whirlwind","floor":12.0},{"not_picked":["Seeing Red","Flex"],"picked":"Flame Barrier","floor":14.0},{"not_picked":["Double Tap","Demon Form"],"picked":"Reaper","floor":16.0},{"not_picked":["Sentinel","Twin Strike","Pommel Strike"],"picked":"Corruption","floor":18.0},{"not_picked":["Burning Pact","Ghostly Armor","Pommel Strike"],"picked":"True Grit+1","floor":21.0},{"not_picked":["Infernal Blade+1","Searing Blow","Flex+1"],"picked":"Immolate","floor":22.0},{"not_picked":["Flex","Evolve","Searing Blow"],"picked":"Juggernaut","floor":24},{"not_picked":["Clothesline","Twin Strike","Perfected Strike","Seeing Red"],"picked":"SKIP","floor":25},{"not_picked":["Offering","Iron Wave","Clothesline"],"picked":"Juggernaut","floor":27},{"not_picked":["Headbutt","Thunderclap","Iron Wave"],"picked":"Intimidate","floor":28},{"not_picked":["Iron Wave","Perfected Strike+1","Havoc"],"picked":"Feed","floor":29}],"player_experience":2631590,"relics_obtained":[{"floor":6.0,"key":"Anchor"},{"floor":9.0,"key":"Shuriken"},{"floor":12.0,"key":"Du-Vu Doll"},{"floor":17.0,"key":"Art of War"},{"floor":17.0,"key":"Question Card"},{"floor":17.0,"key":"Dead Branch"},{"floor":24,"key":"Gambling Chip"},{"floor":26,"key":"InkBottle"},{"floor":27,"key":"MawBank"}],"event_choices":[{"damage_healed":0.0,"max_hp_gain":0.0,"max_hp_loss":0.0,"gold_gain":0.0,"event_name":"Liars Game","player_choice":"Ignored","floor":2.0,"gold_loss":0.0,"damage_taken":0.0},{"damage_healed":0.0,"max_hp_gain":0.0,"max_hp_loss":0.0,"gold_gain":0.0,"event_name":"Scrap Ooze","player_choice":"Success","floor":11.0,"gold_loss":0.0,"damage_taken":11.0,"relics_obtained":["Juzu Bracelet"]},{"damage_healed":0.0,"max_hp_gain":0.0,"max_hp_loss":0.0,"gold_gain":0.0,"event_name":"WeMeetAgain","player_choice":"Paid Gold","floor":13.0,"gold_loss":50.0,"damage_taken":0.0,"relics_obtained":["Oddly Smooth Stone"]},{"damage_healed":0.0,"max_hp_gain":0.0,"max_hp_loss":0.0,"gold_gain":0.0,"event_name":"N\u0027loth","player_choice":"Traded Relic","floor":20.0,"relics_lost":["Juzu Bracelet"],"gold_loss":0.0,"damage_taken":0.0,"relics_obtained":["Nloth\u0027s Gift"]}],"is_beta":false,"boss_relics":[{"not_picked":["Sozu","SlaversCollar"],"picked":"Calling Bell"}],"items_purged_floors":[],"is_endless":false,"potions_floor_spawned":[4,5,6,18,22,24],"killed_by":"Snake Plant","ascension_level":20}}