{"host":"lfvzmjxeah1kcl2k","time":1609080884,"event":{"mods":["BaseMod","Minty Spire (QoL Compilation)","MostiFishMod","Quick Restart","StSLib"],"gold_per_floor":[119,119,133,133,153,186,199,215,268,143,143,176,176,196,196,298,298,316,316,333,352,267,292,306,62,86,106,131,149,175,193,193,298,298,311,329,379,254,271,296,331,365,365,410,442,442,470,523,523,523,523,523,142,170,170],"floor_reached":56,"playtime":2638,"items_purged":["Strike_G","Strike_G","Strike_G","Defend_G"],"score":2112,"play_id":"ceb3fbda-32d8-42d8-b2ce-9cc03680b385","local_time":"20201227225444","is_ascension_mode":true,"campfire_choices":[{"floor":11.0,"key":"REST"},{"floor":15.0,"key":"RECALL"},{"floor":32,"key":"REST"},{"floor":49,"key":"REST"},{"data":"Noxious Fumes","floor":52,"key":"SMITH"}],"circlet_count":0,"master_deck":["Strike_G","Defend_G","Defend_G","Defend_G","Defend_G","Survivor","Neutralize","MostiFishMod:SephirahHod+1","Noxious Fumes+1","Dagger Spray","Reflex+1","Backflip+1","Calculated Gamble+1","Prepared+1","Well Laid Plans+1","MostiFishMod:EE1D+1","MostiFishMod:EE1D+1","MostiFishMod:EE1D+1","Tactician+1","Acrobatics+1","Prepared+1","A Thousand Cuts+1","Footwork+1","Phantasmal Killer+1","MostiFishMod:FrostNova+1","Adrenaline+1","Adrenaline+1","Concentrate+1","Madness+1","Madness+1","Escape Plan+1"],"relics":["Ring of the Snake","DaveBox","MostiFishMod:Hod","NeowsBlessing","SynthV:TestCard","Toxic Egg 2","Frozen Egg 2","Pen Nib","EE1DDrone","Lantern","Bottled Tornado","TheAbacus","Anchor","Incense Burner","StrikeDummy","Black Star","WingedGreaves","Matryoshka","PreservedInsect","Vajra","SynthV:C4","Centennial Puzzle","Ancient Tea Set","Akabeko","Mummified Hand","Singing Bowl","Happy Flower","DaCapo","ImprovedEquipment","Pear","Strawberry","Tingsha","Membership Card","Bag of Preparation","Snake Skull","Mango","HornCleat"],"acts_visited":["Exordium","TheCity","TheBeyond","TheEnding"],"potions_floor_usage":[55,55,55,55,55,55,55,55,55],"damage_taken":[{"damage":0.0,"enemies":"Cultist","floor":1.0,"turns":1.0},{"damage":0.0,"enemies":"2 Louse","floor":3.0,"turns":1.0},{"damage":0.0,"enemies":"Small Slimes","floor":5.0,"turns":1.0},{"damage":30.0,"enemies":"Gremlin Nob","floor":6.0,"turns":5.0},{"damage":0.0,"enemies":"Looter","floor":7.0,"turns":3.0},{"damage":6.0,"enemies":"Lots of Slimes","floor":8.0,"turns":3.0},{"damage":11.0,"enemies":"3 Sentries","floor":12.0,"turns":6.0},{"damage":2.0,"enemies":"Large Slime","floor":14.0,"turns":5.0},{"damage":5.0,"enemies":"Hexaghost","floor":16.0,"turns":9.0},{"damage":0.0,"enemies":"Shell Parasite","floor":18.0,"turns":4.0},{"damage":0.0,"enemies":"3 Byrds","floor":20.0,"turns":3.0},{"damage":0.0,"enemies":"Shelled Parasite and Fungi","floor":21.0,"turns":5.0},{"damage":9.0,"enemies":"Slavers","floor":23.0,"turns":4.0},{"damage":0.0,"enemies":"3 Cultists","floor":24.0,"turns":2.0},{"damage":0.0,"enemies":"Centurion and Healer","floor":27.0,"turns":2.0},{"damage":0.0,"enemies":"Book of Stabbing","floor":28.0,"turns":3.0},{"damage":0.0,"enemies":"Snake Plant","floor":29.0,"turns":2.0},{"damage":0,"enemies":"Gremlin Leader","floor":30,"turns":3},{"damage":0,"enemies":"Cultist and Chosen","floor":31,"turns":3},{"damage":0,"enemies":"Collector","floor":33,"turns":3},{"damage":0,"enemies":"3 Darklings","floor":35,"turns":2},{"damage":0,"enemies":"Orb Walker","floor":36,"turns":2},{"damage":0,"enemies":"Mind Bloom Boss Battle","floor":37,"turns":3},{"damage":0,"enemies":"Spire Growth","floor":39,"turns":3},{"damage":0,"enemies":"Nemesis","floor":40,"turns":3},{"damage":0,"enemies":"Giant Head","floor":41,"turns":4},{"damage":0,"enemies":"Nemesis","floor":42,"turns":3},{"damage":0,"enemies":"Giant Head","floor":45,"turns":2},{"damage":0,"enemies":"Nemesis","floor":47,"turns":3},{"damage":1,"enemies":"2 Orb Walkers","floor":48,"turns":2},{"damage":0,"enemies":"Time Eater","floor":50,"turns":7},{"damage":0,"enemies":"Shield and Spear","floor":54,"turns":1},{"damage":0,"enemies":"The Heart","floor":55,"turns":7}],"seed_played":"7000465240572323502","potions_obtained":[{"floor":6.0,"key":"Fire Potion"},{"floor":12.0,"key":"EntropicBrew"},{"floor":14.0,"key":"LiquidMemories"},{"floor":16.0,"key":"ColorlessPotion"},{"floor":20.0,"key":"ColorlessPotion"},{"floor":23.0,"key":"CultistPotion"},{"floor":24.0,"key":"SpeedPotion"},{"floor":35,"key":"DuplicationPotion"}],"is_trial":false,"path_per_floor":["M","?","M","?","M","E","M","M","T","$","R","E","?","M","R","B",null,"M","?","M","M","?","E","M","$","T","M","E","M","E","M","R","B",null,"M","M","?","$","M","E","E","E","T","T","E","?","E","?","R","B",null,"R","$","E","B",null],"character_chosen":"THE_SILENT","items_purchased":["Backflip+1","TheAbacus","Membership Card","Bag of Preparation","Snake Skull"],"campfire_rested":3,"item_purchase_floors":[10,25,53,53,53],"current_hp_per_floor":[70,70,70,70,70,40,40,34,34,34,55,44,26,24,24,19,70,70,70,70,70,70,61,61,61,61,61,61,61,61,61,70,70,70,70,70,70,70,70,70,70,70,70,70,70,61,80,79,89,89,89,89,89,105,105],"gold":170,"neow_bonus":"THREE_ENEMY_KILL","is_daily":false,"chose_seed":false,"campfire_upgraded":1,"win_rate":0.0,"timestamp":1609080884,"path_taken":["M","?","?","?","M","E","M","M","T","$","R","E","?","M","R","BOSS","M","?","?","M","?","E","M","?","T","M","E","M","E","M","R","BOSS","M","M","?","$","M","E","E","E","T","?","E","?","E","?","R","BOSS","R","$","E","BOSS"],"items_purchased_type":["Card","Relic","Relic","Relic","Relic"],"build_version":"2020-12-22","purchased_purges":4,"victory":true,"max_hp_per_floor":[70,70,70,70,70,70,70,70,70,70,70,70,70,70,70,70,70,70,70,70,70,70,70,70,70,70,70,70,70,70,70,70,70,70,70,70,70,70,70,70,70,70,70,70,70,70,89,89,89,89,89,89,89,105,105],"card_choices":[{"not_picked":["Cloak And Dagger","PiercingWail"],"picked":"Noxious Fumes","floor":1.0},{"not_picked":["Deflect","Quick Slash","Cloak And Dagger","Setup","Infinite Blades"],"picked":"SKIP","floor":3.0},{"not_picked":["Sucker Punch","Prepared","Distraction","Deadly Poison"],"picked":"Dagger Spray","floor":5.0},{"not_picked":["Blade Dance+1","Bouncing Flask+1","Deflect+1","Bane"],"picked":"MostiFishMod:FullyArmed+1","floor":6.0},{"not_picked":["Sucker Punch","Slice","Catalyst+1","Predator"],"picked":"Reflex+1","floor":7.0},{"not_picked":["Dodge and Roll+1","Poisoned Stab","MostiFishMod:LethalBlade","Quick Slash","Cloak And Dagger+1"],"picked":"SKIP","floor":8.0},{"not_picked":["Acrobatics+1","Blade Dance+1","Blur+1","Dagger Spray"],"picked":"Calculated Gamble+1","floor":12.0},{"not_picked":["Infinite Blades+1","Dagger Spray","Choke","Dodge and Roll+1"],"picked":"Prepared+1","floor":14.0},{"not_picked":["MostiFishMod:VineMother+1","Corpse Explosion+1","Die Die Die","MostiFishMod:LethalBlade+1"],"picked":"Well Laid Plans+1","floor":16.0},{"not_picked":["Outmaneuver+1","Flechettes","Backstab+1","Caltrops+1","Dodge and Roll+1"],"picked":"SKIP","floor":18.0},{"not_picked":["Dash","Flying Knee","PiercingWail+1","Endless Agony"],"picked":"Tactician+1","floor":20.0},{"not_picked":["Crippling Poison+1","Dagger Spray","Bane","Flying Knee"],"picked":"Acrobatics+1","floor":21.0},{"not_picked":["Slice","Choke","Bane","Distraction+1"],"picked":"Prepared+1","floor":23.0},{"not_picked":["Choke","Poisoned Stab","Terror+1","Underhanded Strike"],"picked":"A Thousand Cuts+1","floor":24.0},{"not_picked":["Bane+1","Outmaneuver+1","Underhanded Strike+1","Blade Dance+1"],"picked":"Footwork+1","floor":27.0},{"not_picked":["Backstab","MostiFishMod:PerfectParry+1","Eviscerate","Dash"],"picked":"Phantasmal Killer+1","floor":28.0},{"not_picked":["Slice+1","Backflip+1","Quick Slash","Deadly Poison+1","Finisher"],"picked":"SKIP","floor":29.0},{"not_picked":["Storm of Steel+1","Expertise+1","Dagger Throw","Riddle With Holes"],"picked":"MostiFishMod:FrostNova+1","floor":30},{"not_picked":["Sucker Punch","Setup+1","Dodge and Roll+1","Outmaneuver+1","Poisoned Stab+1"],"picked":"SKIP","floor":31},{"not_picked":["Poisoned Stab+1","Noxious Fumes+1","Choke+1","Sucker Punch","Quick Slash+1"],"picked":"SKIP","floor":35},{"not_picked":["Accuracy+1","Dash+1","Distraction+1","Masterful Stab+1","Quick Slash"],"picked":"SKIP","floor":36},{"not_picked":["Slice","Outmaneuver+1","Venomology+1","Finisher+1","Underhanded Strike"],"picked":"SKIP","floor":39},{"not_picked":["Cloak And Dagger+1","Sucker Punch+1","Underhanded Strike","Riddle With Holes"],"picked":"Adrenaline+1","floor":40},{"not_picked":["PiercingWail+1","MostiFishMod:ThornCasing+1","Corpse Explosion+1","Poisoned Stab+1"],"picked":"Adrenaline+1","floor":41},{"not_picked":["MostiFishMod:PreservedThorns+1","Bane+1","Heel Hook","Outmaneuver+1","Dash"],"picked":"SKIP","floor":42},{"not_picked":["Flechettes+1","MostiFishMod:VineMother+1","Deflect+1","Sucker Punch"],"picked":"Concentrate+1","floor":45},{"not_picked":["Outmaneuver+1","MostiFishMod:FrostNova+1","Sucker Punch","Deadly Poison+1","Catalyst+1"],"picked":"Singing Bowl","floor":47},{"not_picked":["Footwork+1","Quick Slash","Prepared+1","Outmaneuver+1"],"picked":"Escape Plan+1","floor":48},{"not_picked":["Flying Knee","PiercingWail+1","Backflip+1","Underhanded Strike+1","Cloak And Dagger+1"],"picked":"Singing Bowl","floor":54}],"player_experience":33685,"relics_obtained":[{"floor":1.0,"key":"SynthV:TestCard"},{"floor":6.0,"key":"Toxic Egg 2"},{"floor":12.0,"key":"Frozen Egg 2"},{"floor":23.0,"key":"Bottled Tornado"},{"floor":26.0,"key":"Anchor"},{"floor":28.0,"key":"Incense Burner"},{"floor":30,"key":"StrikeDummy"},{"floor":37,"key":"WingedGreaves"},{"floor":40,"key":"Matryoshka"},{"floor":40,"key":"PreservedInsect"},{"floor":41,"key":"Vajra"},{"floor":41,"key":"SynthV:C4"},{"floor":42,"key":"Centennial Puzzle"},{"floor":42,"key":"Ancient Tea Set"},{"floor":43,"key":"Akabeko"},{"floor":43,"key":"Mummified Hand"},{"floor":44,"key":"Singing Bowl"},{"floor":44,"key":"Happy Flower"},{"floor":45,"key":"DaCapo"},{"floor":45,"key":"ImprovedEquipment"},{"floor":47,"key":"Pear"},{"floor":47,"key":"Strawberry"},{"floor":48,"key":"Tingsha"},{"floor":54,"key":"Mango"},{"floor":54,"key":"HornCleat"}],"event_choices":[{"damage_healed":0.0,"max_hp_gain":0.0,"max_hp_loss":0.0,"gold_gain":0.0,"event_name":"Accursed Blacksmith","player_choice":"Forge","floor":2.0,"gold_loss":0.0,"damage_taken":0.0,"cards_upgraded":["MostiFishMod:SephirahHod"]},{"damage_healed":0.0,"max_hp_gain":0.0,"max_hp_loss":0.0,"gold_gain":0.0,"event_name":"Liars Game","player_choice":"Ignored","floor":4.0,"gold_loss":0.0,"damage_taken":0.0},{"damage_healed":0.0,"max_hp_gain":0.0,"max_hp_loss":0.0,"gold_gain":0.0,"event_name":"Scrap Ooze","player_choice":"Success","floor":13.0,"gold_loss":0.0,"damage_taken":18.0,"relics_obtained":["Pen Nib"]},{"cards_removed":["Strike_G"],"damage_healed":0.0,"max_hp_gain":0.0,"max_hp_loss":0.0,"gold_gain":0.0,"event_name":"Purifier","player_choice":"Purged","floor":19.0,"gold_loss":0.0,"damage_taken":0.0},{"damage_healed":0.0,"max_hp_gain":0.0,"max_hp_loss":0.0,"gold_gain":0.0,"event_name":"Addict","player_choice":"Obtained Relic","floor":22.0,"gold_loss":85.0,"damage_taken":0.0,"relics_obtained":["Lantern"]},{"damage_healed":0,"gold_gain":0,"player_choice":"Fight","damage_taken":0,"max_hp_gain":0,"max_hp_loss":0,"event_name":"MindBloom","floor":37,"gold_loss":0},{"damage_healed":0,"gold_gain":0,"player_choice":"Embrace Madness","damage_taken":9,"max_hp_gain":0,"max_hp_loss":0,"event_name":"Winding Halls","floor":46,"gold_loss":0,"cards_obtained":["Madness","Madness"]},{"damage_healed":0,"gold_gain":0,"player_choice":"Fight","damage_taken":0,"max_hp_gain":0,"max_hp_loss":0,"event_name":"Mysterious Sphere","floor":48,"gold_loss":0}],"is_beta":false,"boss_relics":[{"not_picked":["Empty Cage","Astrolabe"],"picked":"EE1DDrone"},{"not_picked":["Fusion Hammer","Sozu"],"picked":"Black Star"}],"items_purged_floors":[10,25,38,53],"is_endless":false,"potions_floor_spawned":[6,12,14,16,20,23,24,28,31,35,40,42,54],"ascension_level":3}}