{"host":"uwh382mre4waz4ff","time":1609040425,"event":{"mods":["AchievementEnabler","BaseMod","Better Note","Better Third Choice","BetterRewards","Minty Spire (QoL Compilation)","Quick Restart","Shop Mod","StSLib"],"gold_per_floor":[109,122,22,122,133,158,172,172,172,172,189,200,220,200,200,302,302,317,335,335,349,349,349,364,381,381,381,56,56,156,6,6,111,111,122,122,122,122,27,27,45,45,45,56,66,77,90,90,90,90],"floor_reached":51,"playtime":2396,"items_purged":["Doubt","Strike_B","Strike_B","Strike_B"],"score":901,"play_id":"70c5482e-baeb-4120-9723-14ad43ef631c","local_time":"20201227114025","is_ascension_mode":false,"campfire_choices":[{"data":"Apotheosis","floor":8,"key":"SMITH"},{"floor":10,"key":"REST"},{"data":"Genetic Algorithm","floor":15,"key":"SMITH"},{"data":"Coolheaded","floor":23,"key":"SMITH"},{"data":"White Noise","floor":29,"key":"SMITH"},{"data":"Zap","floor":32,"key":"SMITH"},{"data":"Enlightenment","floor":40,"key":"SMITH"},{"data":"Echo Form","floor":42,"key":"SMITH"},{"data":"Creative AI","floor":49,"key":"SMITH"}],"circlet_count":0,"master_deck":["Defend_B","Defend_B","Zap+1","Apotheosis+1","Hologram+1","Coolheaded+1","White Noise+1","Rainbow+1","Genetic Algorithm+1","Seek","White Noise+1","Hologram+1","Sunder","Echo Form+1","Flash of Steel","Enlightenment+1","Creative AI+1","Defragment+1","Pain"],"relics":["Cracked Core","Enchiridion","Runic Dome","Pen Nib","Pantograph","Girya","Anchor","Blood Vial","Sozu","Kunai","War Paint","Mango","Pear","Cursed Key","Dream Catcher"],"acts_visited":["Exordium","TheCity","TheBeyond"],"potions_floor_usage":[6,7,30,50],"damage_taken":[{"damage":0,"enemies":"Cultist","floor":1,"turns":2},{"damage":2,"enemies":"Small Slimes","floor":2,"turns":2},{"damage":0,"enemies":"2 Louse","floor":5,"turns":2},{"damage":16,"enemies":"Gremlin Nob","floor":6,"turns":3},{"damage":0,"enemies":"Gremlin Gang","floor":7,"turns":2},{"damage":0,"enemies":"2 Fungi Beasts","floor":11,"turns":3},{"damage":0,"enemies":"Large Slime","floor":12,"turns":2},{"damage":0,"enemies":"Exordium Wildlife","floor":13,"turns":2},{"damage":23,"enemies":"Hexaghost","floor":16,"turns":8},{"damage":0,"enemies":"Chosen","floor":18,"turns":3},{"damage":0,"enemies":"Spheric Guardian","floor":19,"turns":3},{"damage":21,"enemies":"Cultist and Chosen","floor":21,"turns":5},{"damage":0,"enemies":"3 Cultists","floor":24,"turns":1},{"damage":0,"enemies":"Snake Plant","floor":25,"turns":3},{"damage":0,"enemies":"Colosseum Slavers","floor":30,"turns":2},{"damage":0,"enemies":"Colosseum Nobs","floor":30,"turns":3},{"damage":16,"enemies":"Collector","floor":33,"turns":8},{"damage":0,"enemies":"3 Shapes","floor":35,"turns":2},{"damage":0,"enemies":"Orb Walker","floor":41,"turns":3},{"damage":1,"enemies":"3 Darklings","floor":44,"turns":4},{"damage":2,"enemies":"4 Shapes","floor":45,"turns":2},{"damage":0,"enemies":"Spire Growth","floor":46,"turns":4},{"damage":13,"enemies":"Jaw Worm Horde","floor":47,"turns":3},{"damage":46,"enemies":"Time Eater","floor":50,"turns":10}],"seed_played":"1294852907904126180","potions_obtained":[{"floor":5,"key":"FocusPotion"},{"floor":6,"key":"AttackPotion"},{"floor":7,"key":"SkillPotion"},{"floor":12,"key":"FearPotion"},{"floor":14,"key":"Weak Potion"},{"floor":16,"key":"DistilledChaos"}],"is_trial":false,"path_per_floor":["M","M","$","?","M","E","M","R","T","R","M","M","M","?","R","B",null,"M","M","?","M","?","R","M","M","T","?","$","R","?","$","R","B",null,"M","?","?","?","$","R","M","R","T","M","M","M","M","?","R","B",null],"character_chosen":"DEFECT","items_purchased":["Membership Card","Apotheosis","Hologram","War Paint","Enlightenment"],"campfire_rested":1,"item_purchase_floors":[0,0,28,28,39],"current_hp_per_floor":[36,34,34,34,34,18,18,18,18,40,42,44,46,46,46,50,75,75,75,75,54,54,54,56,58,58,58,58,58,86,86,86,83,99,99,99,94,94,94,94,94,94,94,93,92,94,81,81,81,48],"gold":90,"neow_bonus":"","is_daily":false,"chose_seed":false,"campfire_upgraded":8,"win_rate":0.0,"timestamp":1609040425,"path_taken":["M","?","$","?","?","E","M","R","T","R","M","M","M","?","R","BOSS","M","?","?","M","?","R","M","?","T","?","$","R","?","?","R","BOSS","M","?","?","?","$","R","M","R","T","M","?","M","M","?","R","BOSS"],"items_purchased_type":["Relic","Card","Card","Relic","Card"],"build_version":"2020-12-22","purchased_purges":4,"victory":true,"max_hp_per_floor":[75,75,75,75,75,75,75,75,75,75,75,75,75,75,75,75,75,75,75,75,75,75,75,75,75,75,75,75,75,99,99,99,99,99,99,99,94,94,94,94,94,94,94,94,94,94,94,94,94,94],"card_choices":[{"not_picked":["Auto Shields","Redo","White Noise"],"picked":"SKIP","floor":1},{"not_picked":["Stack","Blizzard","Storm"],"picked":"SKIP","floor":2},{"not_picked":["Rebound","Conserve Battery"],"picked":"Hologram","floor":5},{"not_picked":["Skim","White Noise"],"picked":"Coolheaded","floor":6},{"not_picked":["Compile Driver","Hologram"],"picked":"White Noise","floor":7},{"not_picked":["Rainbow","Rebound","Conserve Battery"],"picked":"SKIP","floor":11},{"not_picked":["Rebound","Conserve Battery"],"picked":"Rainbow","floor":11},{"not_picked":["Melter","Consume"],"picked":"Genetic Algorithm","floor":12},{"not_picked":["Gash","Steam","Loop"],"picked":"SKIP","floor":13},{"not_picked":["Reboot","Machine Learning"],"picked":"Seek","floor":16},{"not_picked":["Leap","Tempest"],"picked":"White Noise","floor":18},{"not_picked":["Go for the Eyes","Redo+1","Stack"],"picked":"SKIP","floor":19},{"not_picked":["Ball Lightning","Cold Snap","Barrage"],"picked":"SKIP","floor":21},{"not_picked":["Rebound+1","Steam","Sweeping Beam+1"],"picked":"SKIP","floor":24},{"not_picked":["Compile Driver","Barrage+1","Streamline+1"],"picked":"SKIP","floor":25},{"not_picked":["All For One","Barrage+1"],"picked":"Sunder","floor":30},{"not_picked":["All For One","Machine Learning"],"picked":"Echo Form","floor":33},{"not_picked":["FTL+1","Streamline+1","Gash"],"picked":"SKIP","floor":35},{"not_picked":["PanicButton","Purity"],"picked":"Flash of Steel","floor":36},{"not_picked":["Skim+1","Hologram","Melter"],"picked":"SKIP","floor":41},{"not_picked":["Chill+1","Redo"],"picked":"Creative AI","floor":44},{"not_picked":["Streamline","Gash","Ball Lightning"],"picked":"SKIP","floor":45},{"not_picked":["Static Discharge+1","Conserve Battery+1"],"picked":"Defragment+1","floor":46},{"not_picked":["Sweeping Beam+1","Streamline","Stack"],"picked":"SKIP","floor":47}],"player_experience":104866,"relics_obtained":[{"floor":6,"key":"Anchor"},{"floor":9,"key":"Blood Vial"},{"floor":26,"key":"Kunai"},{"floor":30,"key":"Mango"},{"floor":30,"key":"Pear"},{"floor":43,"key":"Dream Catcher"}],"event_choices":[{"damage_healed":0,"gold_gain":100,"player_choice":"Pray","damage_taken":0,"max_hp_gain":0,"max_hp_loss":0,"event_name":"Golden Shrine","floor":4,"gold_loss":0},{"damage_healed":0,"gold_gain":0,"player_choice":"Bought 1 Potion","damage_taken":0,"max_hp_gain":0,"max_hp_loss":0,"event_name":"The Woman in Blue","floor":14,"gold_loss":0},{"damage_healed":0,"gold_gain":0,"player_choice":"Upgraded","damage_taken":0,"max_hp_gain":0,"max_hp_loss":0,"event_name":"Upgrade Shrine","floor":20,"gold_loss":0,"cards_upgraded":["Rainbow"]},{"damage_healed":0,"gold_gain":0,"player_choice":"Forge","damage_taken":0,"max_hp_gain":0,"max_hp_loss":0,"event_name":"Accursed Blacksmith","floor":22,"gold_loss":0,"cards_upgraded":["Hologram"]},{"cards_removed":["Strike_B"],"damage_healed":0,"gold_gain":0,"player_choice":"Give","damage_taken":0,"max_hp_gain":0,"max_hp_loss":0,"event_name":"betterNote:BetterNote","floor":27,"gold_loss":0,"cards_obtained":["Strike_B"]},{"damage_healed":0,"gold_gain":0,"player_choice":"Fight","damage_taken":0,"max_hp_gain":0,"max_hp_loss":0,"event_name":"Colosseum","floor":30,"gold_loss":0},{"damage_healed":0,"gold_gain":0,"player_choice":"Fought Nobs","damage_taken":0,"max_hp_gain":0,"max_hp_loss":0,"event_name":"Colosseum","floor":30,"gold_loss":0},{"damage_healed":0,"gold_gain":0,"player_choice":"Memory 1","damage_taken":0,"max_hp_gain":0,"max_hp_loss":0,"event_name":"SensoryStone","floor":36,"gold_loss":0},{"damage_healed":0,"gold_gain":0,"player_choice":"Max HP","damage_taken":0,"max_hp_gain":0,"max_hp_loss":5,"event_name":"Winding Halls","floor":37,"gold_loss":0},{"cards_removed":["Dualcast"],"damage_healed":0,"gold_gain":0,"player_choice":"Removed Skill","damage_taken":0,"max_hp_gain":0,"max_hp_loss":0,"event_name":"Falling","floor":38,"gold_loss":0},{"damage_healed":0,"gold_gain":0,"cards_transformed":["Regret"],"player_choice":"Transformed","damage_taken":0,"max_hp_gain":0,"max_hp_loss":0,"event_name":"Transmorgrifier","floor":48,"gold_loss":0,"cards_obtained":["Pain"]}],"is_beta":false,"boss_relics":[{"not_picked":["Runic Pyramid","Pandora\u0027s Box"],"picked":"Sozu"},{"not_picked":["FrozenCore","Empty Cage"],"picked":"Cursed Key"}],"items_purged_floors":[0,3,28,31],"is_endless":false,"potions_floor_spawned":[5,6,7,12,16,19,24,30,33,45,46,47],"ascension_level":0}}