{"host":"zdmzy2d4yvl8k6jn","time":1609099085,"event":{"mods":["AchievementEnabler","BaseMod","BetterRewards","Key Reminder","Marisa????????","Minty Spire (QoL Compilation)","Quick Restart","Shop Mod","StSLib","The Runesmith","Unceasing Turn Reminder","[IsaacMod]????"],"gold_per_floor":[112,125,136,136,146,178,178,197,277,277,288,288,58,75,75,180,180,196,206,31,66,83,83,83,83],"floor_reached":24,"playtime":891,"items_purged":["Strike_G","Defend_G"],"score":200,"play_id":"114f2d37-3bd2-4f0b-b521-074b19e6b7d7","local_time":"20201227145805","is_ascension_mode":false,"campfire_choices":[{"floor":7,"key":"REST"},{"floor":12,"key":"REST"},{"data":"Blade Dance","floor":15,"key":"SMITH"}],"circlet_count":0,"master_deck":["Strike_G","Strike_G","Strike_G","Strike_G","Defend_G","Defend_G","Defend_G","Survivor","Neutralize","Slice","Dagger Spray","Neutralize","Blade Dance+1","Accuracy","Backstab","Accuracy","Accuracy"],"relics":["Ring of the Snake","HushsDoor","Leech","NeowsBlessing","MoneyPower","PillsDrop","Sling","Black Star","Red Mask"],"acts_visited":["Exordium","TheCity"],"potions_floor_usage":[6,16,16,18,19,22],"damage_taken":[{"damage":0,"enemies":"2 Louse","floor":1,"turns":1},{"damage":0,"enemies":"Jaw Worm","floor":2,"turns":1},{"damage":0,"enemies":"Small Slimes","floor":3,"turns":1},{"damage":11,"enemies":"Exordium Thugs","floor":5,"turns":3},{"damage":22,"enemies":"3 Sentries","floor":6,"turns":5},{"damage":8,"enemies":"Exordium Wildlife","floor":8,"turns":3},{"damage":4,"enemies":"Blue Slaver","floor":11,"turns":3},{"damage":0,"enemies":"Looter","floor":14,"turns":2},{"damage":6,"enemies":"Slime Boss","floor":16,"turns":8},{"damage":7,"enemies":"2 Thieves","floor":18,"turns":3},{"damage":7,"enemies":"Shell Parasite","floor":19,"turns":3},{"damage":26,"enemies":"Masked Bandits","floor":21,"turns":3},{"damage":17,"enemies":"Snake Plant","floor":22,"turns":4}],"seed_played":"2695018168033575618","potions_obtained":[{"floor":1,"key":"AttackPotion"},{"floor":8,"key":"BlessingOfTheForge"},{"floor":11,"key":"Energy Potion"},{"floor":16,"key":"Block Potion"},{"floor":18,"key":"DistilledChaos"},{"floor":21,"key":"ColorlessPotion"}],"is_trial":false,"path_per_floor":["M","M","M","?","M","E","R","M","T","?","M","R","$","M","R","B",null,"M","M","$","?","M","?","?"],"character_chosen":"THE_SILENT","items_purchased":["Sling","Accuracy"],"campfire_rested":2,"item_purchase_floors":[13,20],"current_hp_per_floor":[70,70,70,63,55,37,58,52,52,52,53,73,73,68,68,64,68,61,56,56,33,19,7,0,0],"gold":83,"neow_bonus":"THREE_ENEMY_KILL","is_daily":false,"chose_seed":false,"campfire_upgraded":1,"win_rate":0.0,"timestamp":1609099085,"path_taken":["M","M","M","?","M","E","R","M","T","?","M","R","$","M","R","BOSS","M","M","$","?","M","?","?"],"items_purchased_type":["Relic","Card"],"build_version":"2020-12-22","purchased_purges":2,"victory":false,"max_hp_per_floor":[70,70,70,70,70,70,70,70,70,70,73,73,73,68,68,68,68,68,68,68,68,68,73,73,73],"card_choices":[{"not_picked":[],"picked":"ChaosCard","floor":0},{"not_picked":["Dash","Footwork","Reflex"],"picked":"SKIP","floor":1},{"not_picked":["Choke","Deadly Poison","Bouncing Flask"],"picked":"SKIP","floor":2},{"not_picked":["Well Laid Plans","Skewer"],"picked":"Slice","floor":3},{"not_picked":["Acrobatics","Cloak And Dagger","All Out Attack"],"picked":"SKIP","floor":5},{"not_picked":["Quick Slash","Tools of the Trade","Dagger Throw"],"picked":"SKIP","floor":6},{"not_picked":["Skewer","Underhanded Strike"],"picked":"Dagger Spray","floor":8},{"not_picked":["Backflip","Bane"],"picked":"Blade Dance","floor":11},{"not_picked":["Distraction","Slice"],"picked":"Accuracy","floor":14},{"not_picked":["Expertise+1","Crippling Poison"],"picked":"Backstab","floor":18},{"not_picked":["All Out Attack+1","Backflip","Leg Sweep+1"],"picked":"SKIP","floor":19},{"not_picked":["Eviscerate+1","Finisher+1"],"picked":"Accuracy","floor":21},{"not_picked":["Deadly Poison","Cloak And Dagger","Acrobatics+1"],"picked":"SKIP","floor":22}],"player_experience":308855,"relics_obtained":[{"floor":6,"key":"MoneyPower"},{"floor":9,"key":"PillsDrop"},{"floor":21,"key":"Red Mask"}],"event_choices":[{"cards_removed":["Defend_G"],"damage_healed":0,"gold_gain":0,"player_choice":"Card Removal","damage_taken":7,"max_hp_gain":0,"max_hp_loss":0,"event_name":"Golden Wing","floor":4,"gold_loss":0},{"damage_healed":0,"gold_gain":0,"player_choice":"1 cards matched","damage_taken":0,"max_hp_gain":0,"max_hp_loss":0,"event_name":"Match and Keep!","floor":10,"gold_loss":0,"cards_obtained":["Neutralize"]},{"damage_healed":0,"gold_gain":0,"player_choice":"Fought Bandits","damage_taken":0,"max_hp_gain":0,"max_hp_loss":0,"event_name":"Masked Bandits","floor":21,"gold_loss":0},{"damage_healed":0,"gold_gain":0,"player_choice":"Shed Blood","damage_taken":17,"max_hp_gain":5,"max_hp_loss":0,"event_name":"Forgotten Altar","floor":23,"gold_loss":0},{"damage_healed":0,"gold_gain":0,"player_choice":"Obtained Book","damage_taken":16,"max_hp_gain":0,"max_hp_loss":0,"event_name":"Cursed Tome","floor":24,"gold_loss":0}],"is_beta":false,"boss_relics":[{"not_picked":["Fusion Hammer","Velvet Choker"],"picked":"Black Star"},{"not_picked":[]}],"items_purged_floors":[13,20],"is_endless":false,"potions_floor_spawned":[1,8,11,16,18,21],"ascension_level":0}}