{"host":"mt3nndg5ku536gxi","time":1609048381,"event":{"mods":["BaseMod","Colored Powertips","Minty Spire (QoL Compilation)","Permanent Neow","Quick Restart","StSLib"],"gold_per_floor":[117,129,129,129,129,156,174,174,229,558,571,445,455,481,481,558,558,558,558,558,558,95,95,20,20,20,20,20,20,20,20,20,20,20,20,20,20,20,20,20,20,20,20,20,20,20,20,20,20,20,20,20,20,20,20,20],"floor_reached":57,"playtime":5576,"items_purged":["Strike_P","Defend_P"],"score":2940,"play_id":"05424b8e-c7a0-4275-bcdb-69c1cea7d791","local_time":"20201227135301","is_ascension_mode":true,"campfire_choices":[{"data":"CutThroughFate","floor":8.0,"key":"SMITH"},{"data":"CrushJoints","floor":15.0,"key":"SMITH"},{"data":"Worship","floor":30.0,"key":"SMITH"},{"floor":32.0,"key":"REST"},{"data":"MentalFortress","floor":45.0,"key":"SMITH"},{"floor":49.0,"key":"RECALL"},{"floor":53.0,"key":"REST"}],"circlet_count":0,"master_deck":["AscendersBane","Eruption+1","Vigilance+1","FlurryOfBlows+1","Worship+1","CutThroughFate+1","CrushJoints+1","ClearTheMind+1","Collect+1","Wireheading+1","Ghostly+1","Ghostly+1","Ghostly+1","Sanctity+1","Tantrum+1","Study+1","DeceiveReality+1","MasterReality+1","InnerPeace+1","Omniscience+1","Ragnarok+1","LikeWater+1","Halt+1","MentalFortress+1","Prostrate+1","Vault+1","WheelKick+1","Prostrate+1","Metamorphosis+1","Purity+1"],"relics":["Snecko Eye","Nunchaku","Dream Catcher","Blood Vial","Old Coin","Toxic Egg 2","Ectoplasm","Ice Cream","Bottled Tornado","Bag of Preparation","Lantern","Orichalcum","Astrolabe","Lizard Tail","Calipers","Letter Opener","War Paint","Happy Flower"],"acts_visited":["Exordium","TheCity","TheBeyond","TheEnding"],"potions_floor_usage":[56,56,56,56],"damage_taken":[{"damage":1.0,"enemies":"Small Slimes","floor":1.0,"turns":4.0},{"damage":2.0,"enemies":"Jaw Worm","floor":2.0,"turns":3.0},{"damage":0.0,"enemies":"Lagavulin","floor":6.0,"turns":5.0},{"damage":0.0,"enemies":"Cultist","floor":7.0,"turns":2.0},{"damage":0.0,"enemies":"Gremlin Nob","floor":10.0,"turns":2.0},{"damage":0.0,"enemies":"2 Fungi Beasts","floor":11.0,"turns":3.0},{"damage":3.0,"enemies":"3 Louse","floor":13.0,"turns":3.0},{"damage":20.0,"enemies":"Lagavulin","floor":14.0,"turns":5.0},{"damage":18.0,"enemies":"Hexaghost","floor":16.0,"turns":5.0},{"damage":24.0,"enemies":"3 Byrds","floor":18.0,"turns":4.0},{"damage":3.0,"enemies":"Chosen","floor":20.0,"turns":6.0},{"damage":2.0,"enemies":"Slavers","floor":23.0,"turns":5.0},{"damage":3.0,"enemies":"Gremlin Leader","floor":25.0,"turns":8.0},{"damage":4.0,"enemies":"Slavers","floor":27.0,"turns":4.0},{"damage":0.0,"enemies":"Snake Plant","floor":28.0,"turns":5.0},{"damage":5.0,"enemies":"Cultist and Chosen","floor":29.0,"turns":4.0},{"damage":14.0,"enemies":"Shelled Parasite and Fungi","floor":31.0,"turns":5.0},{"damage":8.0,"enemies":"Automaton","floor":33.0,"turns":8.0},{"damage":0.0,"enemies":"3 Shapes","floor":35.0,"turns":2.0},{"damage":0.0,"enemies":"Mind Bloom Boss Battle","floor":36.0,"turns":4.0},{"damage":0.0,"enemies":"Orb Walker","floor":37.0,"turns":4.0},{"damage":0.0,"enemies":"Writhing Mass","floor":39.0,"turns":6.0},{"damage":2.0,"enemies":"Nemesis","floor":40.0,"turns":11.0},{"damage":0.0,"enemies":"Transient","floor":41.0,"turns":7.0},{"damage":7.0,"enemies":"Giant Head","floor":42.0,"turns":4.0},{"damage":9.0,"enemies":"Nemesis","floor":44.0,"turns":6.0},{"damage":0.0,"enemies":"Spire Growth","floor":47.0,"turns":4.0},{"damage":5.0,"enemies":"Donu and Deca","floor":50.0,"turns":8.0},{"damage":0.0,"enemies":"Awakened One","floor":51.0,"turns":7.0},{"damage":14,"enemies":"Shield and Spear","floor":55,"turns":9},{"damage":18,"enemies":"The Heart","floor":56,"turns":13}],"seed_played":"8909980352844319759","potions_obtained":[{"floor":6.0,"key":"ColorlessPotion"},{"floor":7.0,"key":"Dexterity Potion"},{"floor":14.0,"key":"Block Potion"},{"floor":23.0,"key":"EssenceOfSteel"},{"floor":38.0,"key":"Ancient Potion"},{"floor":38.0,"key":"EntropicBrew"}],"is_trial":false,"path_per_floor":["M","M","?","?","?","E","M","R","T","E","M","$","M","E","R","B",null,"M","?","M","?","$","E","?","E","T","E","M","M","R","M","R","B",null,"M","?","M","?","M","E","M","E","T","E","R","?","M","?","R","B","B",null,"R","$","E","B",null],"character_chosen":"WATCHER","items_purchased":["ClearTheMind","Ice Cream","Study"],"campfire_rested":2,"item_purchase_floors":[12,22,22],"current_hp_per_floor":[60,58,53,46,46,46,46,46,46,48,50,50,49,31,31,15,55,33,33,31,31,31,31,31,30,30,28,30,27,27,15,25,19,30,32,34,34,34,34,32,34,27,27,20,20,10,12,12,12,9,11,28,34,34,20,4],"gold":20,"neow_bonus":"BOSS_RELIC","is_daily":false,"chose_seed":false,"campfire_upgraded":4,"win_rate":0.0,"timestamp":1609048381,"path_taken":["M","M","?","?","?","E","M","R","T","E","?","$","M","E","R","BOSS","M","?","M","?","$","E","?","E","T","E","M","M","R","M","R","BOSS","M","?","M","?","?","E","M","E","T","E","R","?","M","?","R","BOSS","BOSS","R","$","E","BOSS"],"items_purchased_type":["Card","Relic","Card"],"build_version":"2020-12-22","purchased_purges":2,"victory":true,"max_hp_per_floor":[68,68,68,68,68,68,68,68,68,68,68,68,68,68,68,68,68,68,34,34,34,34,34,34,34,34,34,34,34,34,34,34,34,34,34,34,34,34,34,34,34,34,34,34,34,34,34,34,34,34,34,34,34,34,34,34],"card_choices":[{"not_picked":["Crescendo","Prostrate"],"picked":"FlurryOfBlows","floor":1.0},{"not_picked":["PathToVictory","Prostrate"],"picked":"Worship","floor":2.0},{"not_picked":["Fasting2","ThirdEye","SashWhip"],"picked":"SKIP","floor":6.0},{"not_picked":["CarveReality","BattleHymn"],"picked":"CutThroughFate","floor":7.0},{"not_picked":["Indignation","CrushJoints","Protect"],"picked":"SKIP","floor":10.0},{"not_picked":["Halt","Consecrate"],"picked":"CrushJoints","floor":11.0},{"not_picked":["WreathOfFlame","EmptyFist"],"picked":"Collect","floor":13.0},{"not_picked":["FlyingSleeves","FlurryOfBlows"],"picked":"Wireheading","floor":14.0},{"not_picked":["DeusExMachina+1","Devotion"],"picked":"LessonLearned","floor":16.0},{"not_picked":["WaveOfTheHand+1","Fasting2","SashWhip"],"picked":"SKIP","floor":18.0},{"not_picked":["Evaluate+1","Crescendo+1"],"picked":"Sanctity+1","floor":20.0},{"not_picked":["WindmillStrike","Perseverance+1"],"picked":"DeceiveReality+1","floor":23.0},{"not_picked":["FlurryOfBlows","CutThroughFate","Crescendo+1"],"picked":"SKIP","floor":25.0},{"not_picked":["FlyingSleeves+1","Crescendo+1","CutThroughFate"],"picked":"SKIP","floor":27.0},{"not_picked":["LikeWater","PathToVictory+1"],"picked":"MasterReality","floor":28.0},{"not_picked":["EmptyBody+1","Consecrate","FlurryOfBlows"],"picked":"SKIP","floor":29.0},{"not_picked":["ThirdEye+1","Swivel+1","FlurryOfBlows"],"picked":"SKIP","floor":31.0},{"not_picked":["WheelKick","Consecrate+1"],"picked":"InnerPeace+1","floor":32.0},{"not_picked":["DeusExMachina+1","MasterReality"],"picked":"Omniscience+1","floor":33.0},{"not_picked":["ClearTheMind+1","Evaluate+1","EmptyFist"],"picked":"SKIP","floor":35.0},{"not_picked":["PathToVictory+1","DeceiveReality+1"],"picked":"MentalFortress","floor":36.0},{"not_picked":["CrushJoints","Consecrate","Crescendo+1"],"picked":"SKIP","floor":37.0},{"not_picked":["EmptyMind+1","FlyingSleeves+1"],"picked":"Prostrate+1","floor":39.0},{"not_picked":["EmptyFist","CrushJoints"],"picked":"Vault+1","floor":40.0},{"not_picked":["ClearTheMind+1","BowlingBash","Evaluate+1"],"picked":"SKIP","floor":41.0},{"not_picked":["ForeignInfluence+1","Vengeance+1"],"picked":"WheelKick+1","floor":42.0},{"not_picked":["Consecrate","Perseverance+1"],"picked":"Prostrate+1","floor":44.0},{"not_picked":["Flash of Steel","Master of Strategy+1"],"picked":"Metamorphosis+1","floor":46.0},{"not_picked":["Metamorphosis+1","Flash of Steel"],"picked":"Purity+1","floor":46.0},{"not_picked":["Nirvana+1","ReachHeaven","PathToVictory+1"],"picked":"SKIP","floor":47.0},{"not_picked":["Crescendo+1","BattleHymn","CrushJoints"],"picked":"SKIP","floor":55}],"player_experience":179749,"relics_obtained":[{"floor":6.0,"key":"Dream Catcher"},{"floor":9.0,"key":"Blood Vial"},{"floor":10.0,"key":"Old Coin"},{"floor":14.0,"key":"Toxic Egg 2"},{"floor":23.0,"key":"Bottled Tornado"},{"floor":25.0,"key":"Bag of Preparation"},{"floor":26.0,"key":"Lantern"},{"floor":27.0,"key":"Orichalcum"},{"floor":36.0,"key":"Lizard Tail"},{"floor":40.0,"key":"Calipers"},{"floor":42.0,"key":"Letter Opener"},{"floor":44.0,"key":"War Paint"},{"floor":55,"key":"Happy Flower"}],"event_choices":[{"damage_healed":0.0,"max_hp_gain":0.0,"max_hp_loss":0.0,"gold_gain":0.0,"event_name":"Scrap Ooze","player_choice":"Success","floor":3.0,"gold_loss":0.0,"damage_taken":5.0,"relics_obtained":["Nunchaku"]},{"cards_removed":["Strike_P"],"damage_healed":0.0,"max_hp_gain":0.0,"max_hp_loss":0.0,"gold_gain":0.0,"event_name":"Golden Wing","player_choice":"Card Removal","floor":4.0,"gold_loss":0.0,"damage_taken":7.0},{"damage_healed":0.0,"max_hp_gain":0.0,"max_hp_loss":0.0,"gold_gain":0.0,"event_name":"Match and Keep!","player_choice":"0 cards matched","floor":5.0,"gold_loss":0.0,"damage_taken":0.0,"cards_obtained":[]},{"damage_healed":0.0,"max_hp_gain":0.0,"max_hp_loss":34.0,"gold_gain":0.0,"event_name":"Ghosts","player_choice":"Became a Ghost","floor":19.0,"gold_loss":0.0,"damage_taken":0.0,"cards_obtained":["Ghostly","Ghostly","Ghostly"]},{"damage_healed":0.0,"max_hp_gain":0.0,"max_hp_loss":0.0,"gold_gain":0.0,"cards_transformed":["Defend_P","Strike_P"],"event_name":"Drug Dealer","player_choice":"Became Test Subject","floor":21.0,"gold_loss":0.0,"damage_taken":0.0,"cards_obtained":["SashWhip","Tantrum"]},{"cards_removed":["Defend_P"],"damage_healed":0.0,"max_hp_gain":0.0,"max_hp_loss":0.0,"gold_gain":0.0,"event_name":"Designer","player_choice":"Single Remove","floor":24.0,"gold_loss":75.0,"damage_taken":0.0},{"damage_healed":0.0,"max_hp_gain":0.0,"max_hp_loss":0.0,"gold_gain":0.0,"event_name":"MindBloom","player_choice":"Fight","floor":36.0,"gold_loss":0.0,"damage_taken":0.0},{"damage_healed":0.0,"max_hp_gain":0.0,"max_hp_loss":0.0,"gold_gain":0.0,"event_name":"Lab","player_choice":"Got Potions","floor":38.0,"gold_loss":0.0,"damage_taken":0.0},{"damage_healed":0.0,"max_hp_gain":0.0,"max_hp_loss":0.0,"gold_gain":0.0,"event_name":"SensoryStone","player_choice":"Memory 3","floor":46.0,"gold_loss":0.0,"damage_taken":10.0},{"cards_removed":["LessonLearned"],"damage_healed":0.0,"max_hp_gain":0.0,"max_hp_loss":0.0,"gold_gain":0.0,"event_name":"Falling","player_choice":"Removed Attack","floor":48.0,"gold_loss":0.0,"damage_taken":0.0}],"is_beta":false,"boss_relics":[{"not_picked":["VioletLotus","Empty Cage"],"picked":"Ectoplasm"},{"not_picked":["SacredBark","Philosopher\u0027s Stone"],"picked":"Astrolabe"}],"items_purged_floors":[12,22],"is_endless":false,"potions_floor_spawned":[6,7,14,16,23,25,28,33,36,39,41,44,47,55],"ascension_level":20}}