{"host":"cz3p2o9n3b1gdmkz","time":1609087016,"event":{"mods":["AchievementEnabler","BaseMod","CapriCore","GungeonMod","Hermit","Lobotomy","Minty Spire (QoL Compilation)","Replay The Spire","Shop Mod","StSLib","SuperFastMode","The Cursed","The Dragon Tamer","The Gatherer","The Jungle","The Poker Player","The Runesmith"],"gold_per_floor":[116,41,58,81,100,118,118,150,150,161,179,179,179,46,46,123,123,143,143,161,161,179,179,193,209,209,224,224,149,149,167,167,167,167,179,231,231,281,294,294,314,314,365,365,383,408,94,114,114,114,114],"floor_reached":52,"playtime":2288,"items_purged":["Gatherer:Defend_Gatherer"],"score":1304,"play_id":"fb31d6c7-2b06-41cd-91aa-621cc760084b","local_time":"20201228013656","is_ascension_mode":true,"metric_token":1117,"campfire_choices":[{"data":"DemoMod:TableTechHeat","floor":7.0,"key":"SMITH"},{"data":"Gatherer:Centralize","floor":12.0,"key":"SMITH"},{"data":"Gatherer:HeartToFruit","floor":15.0,"key":"SMITH"},{"floor":23.0,"key":"REST"},{"data":"Neutralize","floor":28.0,"key":"SMITH"},{"floor":30.0,"key":"REST"},{"floor":32.0,"key":"REST"},{"floor":40,"key":"REST"},{"data":"Gatherer:EnergyBasket","floor":42,"key":"SMITH"},{"floor":44,"key":"REST"},{"floor":49,"key":"REST"}],"circlet_count":0,"master_deck":["AscendersBane","Gatherer:Strike_Gatherer","Gatherer:Strike_Gatherer","Gatherer:Strike_Gatherer","Gatherer:Defend_Gatherer","Gatherer:Defend_Gatherer","Gatherer:Defend_Gatherer","Gatherer:Defend_Gatherer","ExecuteAim","DemoMod:TableTechHeat+1","Gatherer:Overflowing","Gatherer:HeartToFruit+1","Neutralize+1","Venomology+1","Gatherer:Liquidism+1","Gatherer:BomberForm+1","Necronomicurse","Gatherer:QuickSynthesis","Gatherer:WitheringStrike","Gatherer:WitheringStrike","Gatherer:SealedBomb+1","ReplayTheSpireMod:Restless Dread","ReplayTheSpireMod:Doomed","Hallucinations","Gatherer:EnergyBasket+1","Gatherer:BambuSword+1","Clumsy","Gatherer:TacticalStrike","Gatherer:UpgradeBag"],"relics":["Gatherer:AlchemyBag","Happy Flower","Pen Nib","HornCleat","Snecko Heart","Necronomicon","DemoMod:JetPack","Philosopher\u0027s Stone","Du-Vu Doll","Ring of Greed","Replay:Wax Seal","Membership Card","Ring of Chaos","DemoMod:PoisonVial","DemoMod:Antibody","Darkstone Periapt","OrangePellets","Pet Ghost"],"acts_visited":["Exordium","TheCity","TheBeyond"],"potions_floor_usage":[39,41,41,45,46,46,50,50,50],"damage_taken":[{"damage":0.0,"enemies":"2 Louse","floor":1.0,"turns":1.0},{"damage":0.0,"enemies":"Jaw Worm","floor":3.0,"turns":3.0},{"damage":0.0,"enemies":"Small Slimes","floor":5.0,"turns":3.0},{"damage":0.0,"enemies":"Gremlin Gang","floor":6.0,"turns":3.0},{"damage":17.0,"enemies":"Gremlin Nob","floor":8.0,"turns":4.0},{"damage":0.0,"enemies":"Lots of Slimes","floor":10.0,"turns":2.0},{"damage":0.0,"enemies":"Blue Slaver","floor":11.0,"turns":3.0},{"damage":20.0,"enemies":"Fading Forest","floor":16.0,"turns":11.0},{"damage":13.0,"enemies":"2 Thieves","floor":18.0,"turns":3.0},{"damage":4.0,"enemies":"3 Byrds","floor":20.0,"turns":3.0},{"damage":15.0,"enemies":"Snake Plant","floor":22.0,"turns":5.0},{"damage":0.0,"enemies":"Sentry and Sphere","floor":24.0,"turns":1.0},{"damage":20.0,"enemies":"Snecko","floor":25.0,"turns":5.0},{"damage":29.0,"enemies":"Centurion and Healer","floor":27.0,"turns":8.0},{"damage":20.0,"enemies":"Snake Plant","floor":31.0,"turns":5.0},{"damage":10.0,"enemies":"Pondfish","floor":33.0,"turns":12.0},{"damage":25.0,"enemies":"3 Darklings","floor":35.0,"turns":5.0},{"damage":32.0,"enemies":"2 Orb Walkers","floor":36.0,"turns":4.0},{"damage":0,"enemies":"3 Shapes","floor":39,"turns":3},{"damage":6,"enemies":"3 Darklings","floor":41,"turns":5},{"damage":26,"enemies":"4 Shapes","floor":45,"turns":4},{"damage":0,"enemies":"Mind Bloom Boss Battle","floor":46,"turns":5},{"damage":6,"enemies":"Sphere and 2 Shapes","floor":48,"turns":3},{"damage":44,"enemies":"Awakened One","floor":50,"turns":8}],"seed_played":"-2229872337084069310","potions_obtained":[{"floor":3.0,"key":"Adrenaline Potion"},{"floor":6.0,"key":"SpeedPotion"},{"floor":11.0,"key":"Energy Potion"},{"floor":16.0,"key":"DemoMod:LeadSkinPotion"},{"floor":18.0,"key":"Dexterity Potion"},{"floor":31.0,"key":"EssenceOfSteel"},{"floor":36.0,"key":"Fire Potion"},{"floor":45,"key":"SneckoOil"}],"is_trial":false,"path_per_floor":["M","?","M","T","M","M","R","E","T","M","M","R","?","$","R","B",null,"M","?","M","?","M","R","M","M","T","M","R","?","R","M","R","B",null,"M","?","?","?","M","R","M","R","T","R","M","?","$","M","R","B",null,null],"character_chosen":"THE_GATHERER","items_purchased":["Gatherer:Liquidism+1","Darkstone Periapt","Regen Potion","OrangePellets","Pet Ghost"],"campfire_rested":6,"item_purchase_floors":[14,47,47,47,47],"current_hp_per_floor":[60,60,60,60,60,60,60,43,43,46,50,50,50,50,50,38,65,71,50,50,50,35,59,63,47,47,22,22,22,50,34,63,53,87,66,38,38,38,38,69,63,63,63,94,68,68,68,70,110,88,88],"gold":114,"neow_bonus":"THREE_RARE_CARDS","is_daily":false,"chose_seed":false,"campfire_upgraded":5,"win_rate":0.0,"timestamp":1609087016,"path_taken":["M","?","M","?","M","M","R","E","T","M","M","R","?","$","R","BOSS","M","?","M","?","?","R","M","?","T","M","R","?","R","M","R","BOSS","M","?","?","?","M","R","M","R","T","R","M","?","$","M","R","BOSS"],"items_purchased_type":["Card","Relic","Potion","Relic","Relic"],"build_version":"2020-12-22","purchased_purges":1,"victory":true,"max_hp_per_floor":[67,67,67,67,67,67,67,67,67,70,74,74,74,74,74,74,74,78,78,82,82,82,82,86,90,90,94,94,94,94,98,98,98,98,102,106,106,106,106,106,106,106,106,106,106,106,106,110,110,110,110],"card_choices":[{"not_picked":["Gatherer:FinishingStrike","Gatherer:BomberForm"],"picked":"Gatherer:Overflowing","floor":0.0},{"not_picked":["Gatherer:TacticalStrike","Gatherer:UpgradeBag","Gatherer:FlowerPower"],"picked":"SKIP","floor":1.0},{"not_picked":["Gatherer:AromaProtection","Gatherer:ScherryThrow","Gatherer:GatherMaterial"],"picked":"SKIP","floor":3.0},{"not_picked":["Gatherer:AromaProtection","Gatherer:WoolGloves","Gatherer:FlowerShield"],"picked":"SKIP","floor":5.0},{"not_picked":["Gatherer:Frenzy","Gatherer:SaveValuables"],"picked":"Gatherer:HeartToFruit","floor":6.0},{"not_picked":["Gatherer:Solidify","Gatherer:TacticalStrike","Gatherer:ScrollOfWall"],"picked":"SKIP","floor":8.0},{"not_picked":["Gatherer:ScherryThrow","Gatherer:PotentialSlash","Gatherer:FragileHammer"],"picked":"SKIP","floor":10.0},{"not_picked":["Gatherer:VenomBarrier","Gatherer:Solidify","Gatherer:Snatch"],"picked":"SKIP","floor":11.0},{"not_picked":["Gatherer:Overflowing","Gatherer:BlackTea"],"picked":"Gatherer:BomberForm","floor":16.0},{"not_picked":["Gatherer:EchoOfNature","Gatherer:GatherMaterial","Gatherer:AromaProtection"],"picked":"SKIP","floor":18.0},{"not_picked":["Gatherer:Duplicator+1","Gatherer:Nutrients"],"picked":"Gatherer:QuickSynthesis","floor":20.0},{"not_picked":["Gatherer:SaveValuables","Gatherer:SmartManeuver+1"],"picked":"Gatherer:WitheringStrike","floor":22.0},{"not_picked":["Gatherer:BambuSword","Gatherer:TreeGrowth+1"],"picked":"Gatherer:WitheringStrike","floor":24.0},{"not_picked":["Gatherer:WoolGloves","Gatherer:CarefulStrike","Gatherer:TacticalStrike"],"picked":"SKIP","floor":25.0},{"not_picked":["Gatherer:FeelingFine","Gatherer:WoolGloves","Gatherer:Convert"],"picked":"SKIP","floor":27.0},{"not_picked":["Gatherer:Frenzy","Gatherer:TacticalStrike","Gatherer:SaveValuables"],"picked":"SKIP","floor":31.0},{"not_picked":["Gatherer:CollectorsShot","Gatherer:SaveValuables"],"picked":"Gatherer:SealedBomb+1","floor":35.0},{"not_picked":["Gatherer:WoolGloves","Gatherer:ScrollOfWall"],"picked":"Gatherer:EnergyBasket","floor":39},{"not_picked":["Gatherer:TreeGrowth","Gatherer:Frenzy+1"],"picked":"Gatherer:BambuSword+1","floor":41},{"not_picked":["Gatherer:QuickSynthesis","Gatherer:OddSpoils","Gatherer:AcidicSpray+1"],"picked":"SKIP","floor":45},{"not_picked":["Gatherer:SaveValuables+1","Gatherer:EnergyBasket"],"picked":"Gatherer:TacticalStrike","floor":46},{"not_picked":["Gatherer:EchoOfNature+1","Gatherer:PotentialSlash"],"picked":"Gatherer:UpgradeBag","floor":48}],"player_experience":1045618,"relics_obtained":[{"floor":4.0,"key":"Happy Flower"},{"floor":8.0,"key":"Pen Nib"},{"floor":9.0,"key":"HornCleat"},{"floor":19.0,"key":"Necronomicon"},{"floor":26.0,"key":"DemoMod:JetPack"},{"floor":36.0,"key":"Du-Vu Doll"},{"floor":38.0,"key":"Ring of Greed"},{"floor":38.0,"key":"Replay:Wax Seal"},{"floor":38.0,"key":"Membership Card"},{"floor":38.0,"key":"Ring of Chaos"},{"floor":43,"key":"DemoMod:PoisonVial"},{"floor":46,"key":"DemoMod:Antibody"}],"event_choices":[{"cards_removed":["Gatherer:Strike_Gatherer"],"damage_healed":0.0,"max_hp_gain":0.0,"max_hp_loss":0.0,"gold_gain":0.0,"event_name":"The Cleric","player_choice":"Card Removal","floor":2.0,"gold_loss":75.0,"damage_taken":0.0},{"damage_healed":0.0,"max_hp_gain":0.0,"max_hp_loss":0.0,"gold_gain":0.0,"event_name":"Cursed Tome","player_choice":"Obtained Book","floor":19.0,"gold_loss":0.0,"damage_taken":21.0},{"damage_healed":0.0,"max_hp_gain":0.0,"max_hp_loss":0.0,"gold_gain":0.0,"event_name":"Accursed Blacksmith","player_choice":"Forge","floor":21.0,"gold_loss":0.0,"damage_taken":0.0,"cards_upgraded":["Gatherer:BomberForm"]},{"cards_removed":["Gatherer:Strike_Gatherer"],"damage_healed":0.0,"max_hp_gain":0.0,"max_hp_loss":0.0,"gold_gain":0.0,"event_name":"Beggar","player_choice":"Gave Gold","floor":29.0,"gold_loss":75.0,"damage_taken":0.0},{"damage_healed":0.0,"max_hp_gain":0.0,"max_hp_loss":0.0,"gold_gain":0.0,"event_name":"Mysterious Sphere","player_choice":"Fight","floor":36.0,"gold_loss":0.0,"damage_taken":0.0},{"damage_healed":0.0,"max_hp_gain":0.0,"max_hp_loss":0.0,"gold_gain":0.0,"event_name":"Falling","player_choice":"Ignored","floor":37.0,"gold_loss":0.0,"damage_taken":0.0},{"damage_healed":0,"gold_gain":0,"player_choice":"Fight","damage_taken":0,"max_hp_gain":0,"max_hp_loss":0,"event_name":"MindBloom","floor":46,"gold_loss":0}],"is_beta":false,"boss_relics":[{"not_picked":["Runesmith:UraniumAnvil","Ring of Chaos"],"picked":"Snecko Heart"},{"not_picked":["Kintsugi","Abe\u0027s Treasure"],"picked":"Philosopher\u0027s Stone"}],"items_purged_floors":[14],"is_endless":false,"potions_floor_spawned":[3,6,11,16,18,22,24,27,31,36,45],"ascension_level":15}}