{"host":"6pgtslebjnyv5xmi","time":1609076717,"event":{"mods":["AchievementEnabler","BaseMod","Colored Map","Minty Spire (QoL Compilation)","Rare Cards Sparkle","StSLib","SuperFastMode","everything is the same but u backflip on backflip"],"gold_per_floor":[115,115,127,137,156,156,168,168,168,243,263,263,43,60,60,155,155,170,370,295,305,305,305,322,336,336,336,346,346,58,76,76,76,76],"floor_reached":33,"playtime":1885,"items_purged":["Strike_G","Strike_G"],"score":325,"play_id":"df3fa6b4-6b4d-4e78-b843-379959d7ccf8","local_time":"20201227224517","is_ascension_mode":true,"campfire_choices":[{"data":"A Thousand Cuts","floor":8.0,"key":"SMITH"},{"floor":12.0,"key":"REST"},{"data":"Panache","floor":15.0,"key":"SMITH"},{"data":"Venomology","floor":23.0,"key":"SMITH"},{"floor":27.0,"key":"REST"},{"floor":32.0,"key":"REST"}],"circlet_count":0,"master_deck":["Strike_G","Strike_G","Defend_G","Defend_G","Defend_G","Defend_G","Defend_G","Survivor","Neutralize","A Thousand Cuts+1","Slice","Prepared","Calculated Gamble","Corpse Explosion","Finisher","Underhanded Strike","Panache+1","Dagger Throw","Tactician","Venomology+1","PiercingWail","Acrobatics","Backflip+1","Thinking Ahead"],"relics":["Ring of the Snake","Torii","Black Star","Tingsha","PreservedInsect"],"acts_visited":["Exordium","TheCity"],"potions_floor_usage":[],"damage_taken":[{"damage":4.0,"enemies":"Small Slimes","floor":1.0,"turns":4.0},{"damage":0.0,"enemies":"2 Louse","floor":3.0,"turns":4.0},{"damage":0.0,"enemies":"Cultist","floor":4.0,"turns":4.0},{"damage":20.0,"enemies":"3 Louse","floor":5.0,"turns":4.0},{"damage":19.0,"enemies":"Large Slime","floor":7.0,"turns":6.0},{"damage":0.0,"enemies":"Exordium Thugs","floor":11.0,"turns":3.0},{"damage":0.0,"enemies":"3 Louse","floor":14.0,"turns":1.0},{"damage":1.0,"enemies":"Slime Boss","floor":16.0,"turns":5.0},{"damage":25.0,"enemies":"Spheric Guardian","floor":18.0,"turns":4.0},{"damage":13.0,"enemies":"2 Thieves","floor":21.0,"turns":3.0},{"damage":0.0,"enemies":"Centurion and Healer","floor":24.0,"turns":4.0},{"damage":0.0,"enemies":"3 Cultists","floor":25.0,"turns":2.0},{"damage":6.0,"enemies":"Snake Plant","floor":28.0,"turns":3.0},{"damage":18.0,"enemies":"Shelled Parasite and Fungi","floor":31.0,"turns":5.0},{"damage":36,"enemies":"Champ","floor":33,"turns":3}],"seed_played":"1845675362191385136","potions_obtained":[{"floor":3.0,"key":"DuplicationPotion"},{"floor":6.0,"key":"BlessingOfTheForge"},{"floor":6.0,"key":"Energy Potion"},{"floor":16.0,"key":"Fire Potion"},{"floor":18.0,"key":"Block Potion"},{"floor":21.0,"key":"Block Potion"},{"floor":24.0,"key":"CunningPotion"}],"is_trial":false,"path_per_floor":["M","?","M","M","M","?","M","R","T","?","M","R","$","M","R","B",null,"M","?","$","M","?","R","M","M","T","R","M","T","$","M","R","B"],"character_chosen":"THE_SILENT","items_purchased":["Panache","Dagger Throw","Thinking Ahead"],"campfire_rested":3,"item_purchase_floors":[13,13,30],"current_hp_per_floor":[59,52,52,52,32,32,13,13,13,2,2,20,20,20,20,19,52,27,27,27,14,14,14,14,14,14,32,26,26,26,8,26,0,0],"gold":76,"neow_bonus":"THREE_RARE_CARDS","is_daily":false,"chose_seed":false,"campfire_upgraded":3,"win_rate":0.0,"timestamp":1609076717,"path_taken":["M","?","M","M","M","?","?","R","T","?","M","R","$","M","R","BOSS","M","?","?","M","?","R","?","M","T","R","?","?","$","M","R","BOSS"],"items_purchased_type":["Card","Card","Card"],"build_version":"2020-12-22","purchased_purges":2,"victory":false,"max_hp_per_floor":[63,63,63,63,63,63,63,63,63,63,63,63,63,63,63,63,63,63,63,63,63,63,63,63,63,63,63,63,63,63,63,63,63,63],"card_choices":[{"not_picked":["Die Die Die","Phantasmal Killer"],"picked":"A Thousand Cuts","floor":0.0},{"not_picked":["Flying Knee","Deflect"],"picked":"Slice","floor":1.0},{"not_picked":["Crippling Poison","Bane"],"picked":"Prepared","floor":3.0},{"not_picked":["Blur","Flying Knee"],"picked":"Calculated Gamble","floor":4.0},{"not_picked":["Underhanded Strike","PiercingWail"],"picked":"Corpse Explosion","floor":5.0},{"not_picked":["All Out Attack","Bane"],"picked":"Finisher","floor":7.0},{"not_picked":["Bane","Blade Dance"],"picked":"Underhanded Strike","floor":11.0},{"not_picked":["Catalyst","Sucker Punch"],"picked":"Tactician","floor":14.0},{"not_picked":["Unload","Phantasmal Killer"],"picked":"Venomology","floor":16.0},{"not_picked":["Poisoned Stab","Heel Hook"],"picked":"PiercingWail","floor":18.0},{"not_picked":["Poisoned Stab","Dodge and Roll"],"picked":"Acrobatics","floor":21.0},{"not_picked":["Tools of the Trade","Heel Hook+1"],"picked":"Backflip+1","floor":24.0},{"not_picked":["Distraction","Cloak And Dagger","Footwork"],"picked":"SKIP","floor":25.0},{"not_picked":["Outmaneuver","Expertise+1","Blade Dance"],"picked":"SKIP","floor":28.0},{"not_picked":["Dodge and Roll","Flying Knee","Cloak And Dagger"],"picked":"SKIP","floor":31.0}],"player_experience":522376,"relics_obtained":[{"floor":9.0,"key":"Torii"},{"floor":26.0,"key":"Tingsha"},{"floor":29.0,"key":"PreservedInsect"}],"event_choices":[{"cards_removed":["Strike_G"],"damage_healed":0.0,"max_hp_gain":0.0,"max_hp_loss":0.0,"gold_gain":0.0,"event_name":"Golden Wing","player_choice":"Card Removal","floor":2.0,"gold_loss":0.0,"damage_taken":7.0},{"damage_healed":0.0,"max_hp_gain":0.0,"max_hp_loss":0.0,"gold_gain":0.0,"event_name":"Lab","player_choice":"Got Potions","floor":6.0,"gold_loss":0.0,"damage_taken":0.0},{"damage_healed":0.0,"max_hp_gain":0.0,"max_hp_loss":0.0,"gold_gain":75.0,"event_name":"World of Goop","player_choice":"Gather Gold","floor":10.0,"gold_loss":0.0,"damage_taken":11.0},{"damage_healed":0.0,"max_hp_gain":0.0,"max_hp_loss":0.0,"gold_gain":250.0,"event_name":"The Joust","player_choice":"Bet on Owner","floor":19.0,"gold_loss":50.0,"damage_taken":0.0},{"damage_healed":0.0,"max_hp_gain":0.0,"max_hp_loss":0.0,"gold_gain":0.0,"event_name":"Cursed Tome","player_choice":"Ignored","floor":22.0,"gold_loss":0.0,"damage_taken":0.0}],"is_beta":false,"boss_relics":[{"not_picked":["Ectoplasm","Sozu"],"picked":"Black Star"}],"items_purged_floors":[20,30],"is_endless":false,"potions_floor_spawned":[3,7,16,18,21,24],"killed_by":"Champ","ascension_level":7}}