{"host":"a7dhdzm3fda48fos","time":1609097161,"event":{"mods":["AchievementEnabler","BaseMod","Colored Map","Gold Saver","Minty Spire (QoL Compilation)","Remove Card Discount Mod","Shop Mod","StSLib"],"gold_per_floor":[711,711,326,326,152,152,178,189,189,208,218,230,230,261,261,261,261],"floor_reached":16,"playtime":1009,"items_purged":[],"score":121,"play_id":"6c34a59e-f3aa-42fe-a158-74fd8baae3cf","local_time":"20201227202601","is_ascension_mode":true,"campfire_choices":[{"data":"Secret Weapon","floor":6,"key":"SMITH"},{"floor":15,"key":"REST"}],"circlet_count":0,"master_deck":["Strike_G","Strike_G","Strike_G","Strike_G","Strike_G","Defend_G","Defend_G+1","Defend_G","Defend_G","Defend_G","Survivor+1","Neutralize","Outmaneuver+1","Well Laid Plans","Secret Weapon+1","Tactician","Deadly Poison","Backflip","All Out Attack+1","Quick Slash+1","Leg Sweep"],"relics":["Ring of the Snake","Bag of Marbles","Lantern","MerchantsRug","Oddly Smooth Stone","War Paint","Molten Egg 2","WingedGreaves"],"acts_visited":["Exordium"],"potions_floor_usage":[14,14,16],"damage_taken":[{"damage":0,"enemies":"2 Louse","floor":1,"turns":2},{"damage":36,"enemies":"3 Sentries","floor":7,"turns":16},{"damage":4,"enemies":"Cultist","floor":8,"turns":4},{"damage":0,"enemies":"Small Slimes","floor":10,"turns":3},{"damage":0,"enemies":"2 Fungi Beasts","floor":11,"turns":4},{"damage":0,"enemies":"Lots of Slimes","floor":12,"turns":1},{"damage":6,"enemies":"Lagavulin","floor":14,"turns":5},{"damage":52,"enemies":"Slime Boss","floor":16,"turns":7}],"seed_played":"-1738801764500093638","potions_obtained":[{"floor":8,"key":"SkillPotion"},{"floor":10,"key":"Fire Potion"},{"floor":11,"key":"SkillPotion"}],"is_trial":false,"path_per_floor":["M","?","$","T","$","R","E","M","T","M","M","M","?","E","R","B"],"character_chosen":"THE_SILENT","items_purchased":["Lantern","Well Laid Plans","MerchantsRug","Secret Weapon"],"campfire_rested":1,"item_purchase_floors":[3,3,3,5],"current_hp_per_floor":[70,70,70,70,70,70,34,30,30,30,30,30,35,29,51,0,0],"gold":261,"neow_bonus":"RANDOM_COMMON_RELIC","is_daily":false,"chose_seed":false,"campfire_upgraded":1,"win_rate":0.0,"timestamp":1609097161,"path_taken":["M","?","$","?","$","R","E","M","T","M","M","?","?","E","R","BOSS"],"items_purchased_type":["Relic","Card","Relic","Card"],"build_version":"2020-12-22","purchased_purges":0,"victory":false,"max_hp_per_floor":[70,70,70,70,70,70,70,70,70,70,70,70,75,75,75,75,75],"card_choices":[{"not_picked":["Sucker Punch","Blade Dance"],"picked":"Outmaneuver","floor":1},{"not_picked":["Bouncing Flask","Flying Knee"],"picked":"Tactician","floor":7},{"not_picked":["Predator","Slice"],"picked":"Deadly Poison","floor":8},{"not_picked":["Bane+1","Bullet Time"],"picked":"Backflip","floor":10},{"not_picked":["PiercingWail","Masterful Stab+1"],"picked":"All Out Attack+1","floor":11},{"not_picked":["Backstab+1","Calculated Gamble"],"picked":"Quick Slash+1","floor":12},{"not_picked":["Masterful Stab+1","Bane+1"],"picked":"Leg Sweep","floor":14}],"player_experience":45479,"relics_obtained":[{"floor":4,"key":"Oddly Smooth Stone"},{"floor":7,"key":"War Paint"},{"floor":9,"key":"Molten Egg 2"},{"floor":14,"key":"WingedGreaves"}],"event_choices":[{"damage_healed":0,"gold_gain":0,"player_choice":"Forge","damage_taken":0,"max_hp_gain":0,"max_hp_loss":0,"event_name":"Accursed Blacksmith","floor":2,"gold_loss":0,"cards_upgraded":["Outmaneuver"]},{"damage_healed":0,"gold_gain":0,"player_choice":"Donut","damage_taken":0,"max_hp_gain":5,"max_hp_loss":0,"event_name":"Big Fish","floor":13,"gold_loss":0}],"is_beta":false,"boss_relics":[],"items_purged_floors":[],"is_endless":false,"potions_floor_spawned":[8,10,11],"killed_by":"Slime Boss","ascension_level":2}}