{"host":"tzyzz5n7hg2ni9q2","time":1609061912,"event":{"mods":["BaseMod","Minty Spire (QoL Compilation)","Quick Restart"],"gold_per_floor":[111,186,197,197,197,226,226,258,258,268,284,299,299,1,1,98,98,118,128,128,148,160,160,173,173,173,98,109,109,109,121,121,222,222,241,241,256,22,22,56,56,106,106,132,82,82,112,112,112,112],"floor_reached":51,"playtime":1535,"items_purged":["Strike_R","Strike_R"],"score":1087,"play_id":"58bc4bee-3650-4fcd-b226-a23c176380b5","local_time":"20201227103832","is_ascension_mode":true,"campfire_choices":[{"data":"Seeing Red","floor":7.0,"key":"SMITH"},{"data":"Heavy Blade","floor":13.0,"key":"SMITH"},{"data":"Disarm","floor":15.0,"key":"SMITH"},{"data":"Spot Weakness","floor":23.0,"key":"SMITH"},{"data":"Ghostly Armor","floor":25.0,"key":"SMITH"},{"data":"Shrug It Off","floor":30.0,"key":"SMITH"},{"data":"Offering","floor":32.0,"key":"SMITH"},{"floor":41.0,"key":"REST"},{"data":"Berserk","floor":46,"key":"SMITH"},{"data":"Seeing Red","floor":49,"key":"SMITH"}],"circlet_count":0,"master_deck":["Strike_R","Strike_R","Defend_R","Defend_R","Defend_R+1","Defend_R+1","Bash+1","Seeing Red+1","Spot Weakness+1","Disarm+1","Ghostly Armor+1","Heavy Blade+1","Shrug It Off+1","Offering+1","True Grit+1","Necronomicurse","Berserk+1","Limit Break+1","Seeing Red+1"],"relics":["Black Blood","NeowsBlessing","Ginger","InkBottle","Letter Opener","Sling","Centennial Puzzle","Necronomicon","Lantern","SlaversCollar","Smiling Mask","War Paint","PreservedInsect","MealTicket","Ornamental Fan","Mercury Hourglass","Self Forming Clay"],"acts_visited":["Exordium","TheCity","TheBeyond"],"potions_floor_usage":[50,50],"damage_taken":[{"damage":0.0,"enemies":"2 Louse","floor":1.0,"turns":1.0},{"damage":0.0,"enemies":"Small Slimes","floor":3.0,"turns":1.0},{"damage":0.0,"enemies":"Lagavulin","floor":6.0,"turns":2.0},{"damage":17.0,"enemies":"3 Sentries","floor":8.0,"turns":6.0},{"damage":4.0,"enemies":"Jaw Worm","floor":10.0,"turns":3.0},{"damage":0.0,"enemies":"Large Slime","floor":11.0,"turns":6.0},{"damage":6.0,"enemies":"Blue Slaver","floor":12.0,"turns":3.0},{"damage":8.0,"enemies":"Hexaghost","floor":16.0,"turns":7.0},{"damage":18.0,"enemies":"2 Thieves","floor":18.0,"turns":3.0},{"damage":10.0,"enemies":"3 Byrds","floor":19.0,"turns":5.0},{"damage":1.0,"enemies":"Snecko","floor":21.0,"turns":4.0},{"damage":23.0,"enemies":"3 Cultists","floor":22.0,"turns":4.0},{"damage":6.0,"enemies":"Snake Plant","floor":24.0,"turns":3.0},{"damage":10.0,"enemies":"Chosen and Byrds","floor":28.0,"turns":4.0},{"damage":6.0,"enemies":"3 Cultists","floor":31.0,"turns":4.0},{"damage":45.0,"enemies":"Collector","floor":33.0,"turns":6.0},{"damage":2.0,"enemies":"3 Shapes","floor":35.0,"turns":8.0},{"damage":50.0,"enemies":"3 Darklings","floor":37.0,"turns":8.0},{"damage":12.0,"enemies":"Giant Head","floor":40.0,"turns":4.0},{"damage":13,"enemies":"Reptomancer","floor":44,"turns":5},{"damage":6,"enemies":"Giant Head","floor":47,"turns":4},{"damage":10,"enemies":"Awakened One","floor":50,"turns":5}],"seed_played":"6295784915737032333","potions_obtained":[{"floor":8.0,"key":"SpeedPotion"},{"floor":11.0,"key":"Weak Potion"},{"floor":16.0,"key":"LiquidMemories"},{"floor":31.0,"key":"Strength Potion"},{"floor":35.0,"key":"SpeedPotion"},{"floor":37.0,"key":"GamblersBrew"},{"floor":44,"key":"Swift Potion"}],"is_trial":false,"path_per_floor":["M","?","M","?","?","E","R","E","T","M","M","M","R","$","R","B",null,"M","M","?","M","M","R","M","R","T","$","M","?","R","M","R","B",null,"M","?","M","$","?","E","R","T","T","E","$","R","E","?","R","B",null],"character_chosen":"IRONCLAD","items_purchased":["Sling","Centennial Puzzle","Limit Break","War Paint"],"campfire_rested":1,"item_purchase_floors":[14,14,38,38],"current_hp_per_floor":[78,67,73,57,57,63,63,52,52,54,60,60,60,60,60,58,75,69,71,55,66,55,55,61,61,61,61,63,63,63,69,69,36,69,79,79,41,41,41,41,65,65,65,64,79,79,80,80,80,80],"gold":112,"neow_bonus":"THREE_ENEMY_KILL","is_daily":false,"chose_seed":false,"campfire_upgraded":9,"win_rate":0.0,"timestamp":1609061912,"path_taken":["M","?","M","?","?","E","R","E","T","M","M","M","R","?","R","BOSS","M","M","?","M","M","R","M","R","T","$","M","?","R","M","R","BOSS","M","?","M","?","?","E","R","?","T","E","$","R","E","?","R","BOSS"],"items_purchased_type":["Relic","Relic","Card","Relic"],"build_version":"2020-12-22","purchased_purges":2,"victory":true,"max_hp_per_floor":[80,80,80,80,80,80,80,80,80,80,80,80,80,80,80,80,80,80,80,80,80,80,80,80,80,80,80,80,80,80,80,80,80,80,80,80,80,80,80,80,80,80,80,80,80,80,80,80,80,80],"card_choices":[{"not_picked":["Sword Boomerang","Reckless Charge"],"picked":"Twin Strike","floor":1.0},{"not_picked":["Clothesline","Pommel Strike"],"picked":"Seeing Red","floor":3.0},{"not_picked":["Body Slam","Evolve"],"picked":"Spot Weakness","floor":6.0},{"not_picked":["Iron Wave","Pummel"],"picked":"Disarm","floor":8.0},{"not_picked":["Flame Barrier","Clash"],"picked":"Ghostly Armor","floor":10.0},{"not_picked":["Cleave","Barricade"],"picked":"Heavy Blade","floor":11.0},{"not_picked":["Clash","Rupture"],"picked":"Shrug It Off","floor":12.0},{"not_picked":["Barricade","Juggernaut"],"picked":"Offering","floor":16.0},{"not_picked":["Clothesline","Body Slam","Sentinel"],"picked":"SKIP","floor":18.0},{"not_picked":["Clothesline","Clash"],"picked":"True Grit+1","floor":19.0},{"not_picked":["True Grit","Iron Wave","Flex"],"picked":"SKIP","floor":21.0},{"not_picked":["Offering","Pommel Strike","Perfected Strike"],"picked":"SKIP","floor":22.0},{"not_picked":["Twin Strike","Thunderclap+1","Rampage"],"picked":"SKIP","floor":24.0},{"not_picked":["Anger+1","Clash+1","True Grit+1"],"picked":"SKIP","floor":28.0},{"not_picked":["Infernal Blade","Sword Boomerang","Searing Blow"],"picked":"SKIP","floor":31.0},{"not_picked":["Reaper","Exhume"],"picked":"Berserk","floor":33.0},{"not_picked":["Pummel","Thunderclap","Shockwave+1"],"picked":"SKIP","floor":35.0},{"not_picked":["Havoc+1","Wild Strike","Clothesline+1"],"picked":"SKIP","floor":37.0},{"not_picked":["Twin Strike+1","Wild Strike","Infernal Blade+1"],"picked":"SKIP","floor":40.0},{"not_picked":["Combust","Burning Pact+1"],"picked":"Seeing Red","floor":44},{"not_picked":["Hemokinesis+1","Intimidate+1","Iron Wave+1"],"picked":"SKIP","floor":47}],"player_experience":196408,"relics_obtained":[{"floor":6.0,"key":"Ginger"},{"floor":8.0,"key":"InkBottle"},{"floor":9.0,"key":"Letter Opener"},{"floor":20.0,"key":"Necronomicon"},{"floor":26.0,"key":"Lantern"},{"floor":40.0,"key":"PreservedInsect"},{"floor":42.0,"key":"MealTicket"},{"floor":43.0,"key":"Ornamental Fan"},{"floor":44,"key":"Mercury Hourglass"},{"floor":47,"key":"Self Forming Clay"}],"event_choices":[{"damage_healed":0.0,"max_hp_gain":0.0,"max_hp_loss":0.0,"gold_gain":75.0,"event_name":"World of Goop","player_choice":"Gather Gold","floor":2.0,"gold_loss":0.0,"damage_taken":11.0},{"damage_healed":0.0,"max_hp_gain":0.0,"max_hp_loss":0.0,"gold_gain":0.0,"event_name":"Shining Light","player_choice":"Entered Light","floor":4.0,"gold_loss":0.0,"damage_taken":16.0,"cards_upgraded":["Defend_R","Twin Strike"]},{"damage_healed":0.0,"max_hp_gain":0.0,"max_hp_loss":0.0,"gold_gain":0.0,"event_name":"Living Wall","player_choice":"Grow","floor":5.0,"gold_loss":0.0,"damage_taken":0.0,"cards_upgraded":["Bash"]},{"damage_healed":0.0,"max_hp_gain":0.0,"max_hp_loss":0.0,"gold_gain":0.0,"event_name":"Cursed Tome","player_choice":"Obtained Book","floor":20.0,"gold_loss":0.0,"damage_taken":16.0},{"damage_healed":0.0,"max_hp_gain":0.0,"max_hp_loss":0.0,"gold_gain":0.0,"event_name":"N\u0027loth","player_choice":"Ignored","floor":29.0,"gold_loss":0.0,"damage_taken":0.0},{"damage_healed":0.0,"max_hp_gain":0.0,"max_hp_loss":0.0,"gold_gain":0.0,"event_name":"WeMeetAgain","player_choice":"Gave Potion","floor":36.0,"gold_loss":0.0,"damage_taken":0.0,"relics_obtained":["Smiling Mask"]},{"cards_removed":["Twin Strike"],"damage_healed":0.0,"max_hp_gain":0.0,"max_hp_loss":0.0,"gold_gain":0.0,"event_name":"Falling","player_choice":"Removed Attack","floor":39.0,"gold_loss":0.0,"damage_taken":0.0},{"cards_removed":["Strike_R"],"damage_healed":0,"gold_gain":0,"player_choice":"Offered Basic","damage_taken":0,"max_hp_gain":0,"max_hp_loss":0,"event_name":"Bonfire Elementals","floor":48,"gold_loss":0}],"is_beta":false,"boss_relics":[{"not_picked":["Runic Cube","Black Star"],"picked":"Black Blood"},{"not_picked":["Astrolabe","Runic Dome"],"picked":"SlaversCollar"}],"items_purged_floors":[27,45],"is_endless":false,"potions_floor_spawned":[8,11,16,19,21,28,31,35,37,44],"ascension_level":7}}