{"host":"udzsrhbqdxqtlypj","time":1609101651,"event":{"mods":["BaseMod","Minty Spire (QoL Compilation)","Relic Stats"],"gold_per_floor":[212,212,387,405,480,480,83,108,108,108,133,133,165,165,165,263,263,278,294,168,168,185,185,215,240,264,298,57,83,83,83],"floor_reached":30,"playtime":1461,"items_purged":["Doubt","Strike_G"],"score":550,"play_id":"a532edbb-d51b-458c-9e5c-5528ac6b23b2","local_time":"20201227144051","is_ascension_mode":true,"campfire_choices":[{"data":"Noxious Fumes","floor":6,"key":"SMITH"},{"data":"Catalyst","floor":10,"key":"SMITH"},{"floor":12,"key":"REST"},{"data":"Noxious Fumes","floor":15,"key":"SMITH"},{"floor":23,"key":"REST"}],"circlet_count":0,"master_deck":["AscendersBane","Strike_G","Strike_G","Strike_G","Strike_G+1","Defend_G","Defend_G","Defend_G","Defend_G","Defend_G","Survivor","Neutralize","Noxious Fumes+1","Blade Dance","Bane","Catalyst+1","Corpse Explosion","Noxious Fumes+1","Die Die Die+1","PiercingWail","Backflip+1","Catalyst"],"relics":["Ring of the Snake","Membership Card","Singing Bowl","Tiny Chest","Ninja Scroll","Orichalcum","Vajra","Blood Vial","HoveringKite","Strange Spoon","Sundial","Lantern","Oddly Smooth Stone","Whetstone","PreservedInsect","HornCleat","Frozen Egg 2"],"acts_visited":["Exordium","TheCity"],"potions_floor_usage":[8,18,24,29],"damage_taken":[{"damage":0,"enemies":"Small Slimes","floor":1,"turns":4},{"damage":2,"enemies":"2 Louse","floor":4,"turns":4},{"damage":25,"enemies":"Gremlin Nob","floor":8,"turns":4},{"damage":10,"enemies":"Lagavulin","floor":11,"turns":5},{"damage":14,"enemies":"3 Sentries","floor":13,"turns":3},{"damage":12,"enemies":"Hexaghost","floor":16,"turns":6},{"damage":11,"enemies":"Spheric Guardian","floor":18,"turns":4},{"damage":13,"enemies":"2 Thieves","floor":19,"turns":3},{"damage":6,"enemies":"3 Cultists","floor":22,"turns":3},{"damage":28,"enemies":"Book of Stabbing","floor":24,"turns":5},{"damage":27,"enemies":"Gremlin Leader","floor":27,"turns":6},{"damage":0,"enemies":"Slavers","floor":29,"turns":2},{"damage":12,"enemies":"Shelled Parasite and Fungi","floor":30,"turns":1}],"seed_played":"-8303113060706659749","potions_obtained":[{"floor":4,"key":"BlessingOfTheForge"},{"floor":11,"key":"DuplicationPotion"},{"floor":16,"key":"CunningPotion"},{"floor":22,"key":"Weak Potion"},{"floor":24,"key":"FearPotion"}],"is_trial":false,"path_per_floor":["M","?","?","M","?","R","$","E","T","R","E","R","E","T","R","B",null,"M","M","$","?","M","R","E","T","T","E","$","E","M"],"character_chosen":"THE_SILENT","items_purchased":["Membership Card","Bane","Catalyst","Singing Bowl","Ancient Potion","Strange Spoon","PreservedInsect","Catalyst","HornCleat"],"campfire_rested":2,"item_purchase_floors":[7,7,7,7,7,20,28,28,28],"current_hp_per_floor":[63,68,68,66,55,55,55,30,30,30,20,42,30,30,30,20,63,56,45,45,30,28,53,27,27,27,4,4,8,0,0],"gold":83,"neow_bonus":"HUNDRED_GOLD","is_daily":false,"chose_seed":false,"campfire_upgraded":3,"win_rate":0.0,"timestamp":1609101651,"path_taken":["M","?","?","M","?","R","$","E","T","R","E","R","E","?","R","BOSS","M","?","$","?","M","R","E","?","T","E","$","E","M"],"items_purchased_type":["Relic","Card","Card","Relic","Potion","Relic","Relic","Card","Relic"],"build_version":"2020-12-22","purchased_purges":2,"victory":false,"max_hp_per_floor":[70,75,75,75,75,75,75,75,75,75,75,75,77,77,77,77,77,79,79,79,84,86,86,86,86,86,88,88,90,90,90],"relic_stats":{"Blood Vial":16,"Strange Spoon":[15],"Singing Bowl":10,"counters":[13,50],"Sundial":[0],"HoveringKite":[3],"Tiny Chest":1,"PreservedInsect":40,"Whetstone":["Strike_G","Die Die Die"],"Orichalcum":[144],"obtain_stats":[{"Lantern":25,"Singing Bowl":7,"Vajra":13,"HoveringKite":17,"Oddly Smooth Stone":26,"PreservedInsect":28,"Whetstone":27,"Orichalcum":11,"Frozen Egg 2":29,"Blood Vial":14,"Strange Spoon":20,"HornCleat":28,"Ninja Scroll":9,"Sundial":24,"Tiny Chest":8,"Membership Card":7,"Ring of the Snake":0},{"Lantern":10,"Singing Bowl":2,"Vajra":5,"HoveringKite":6,"Oddly Smooth Stone":10,"PreservedInsect":11,"Whetstone":11,"Orichalcum":4,"Frozen Egg 2":12,"Blood Vial":5,"Strange Spoon":8,"HornCleat":11,"Ninja Scroll":3,"Sundial":10,"Tiny Chest":3,"Membership Card":2,"Ring of the Snake":0},{"Lantern":41,"Singing Bowl":8,"Vajra":20,"HoveringKite":26,"Oddly Smooth Stone":41,"PreservedInsect":47,"Whetstone":47,"Orichalcum":17,"Frozen Egg 2":49,"Blood Vial":20,"Strange Spoon":33,"HornCleat":47,"Ninja Scroll":12,"Sundial":41,"Tiny Chest":12,"Membership Card":8,"Ring of the Snake":0}],"Ring of the Snake":[26]},"card_choices":[{"not_picked":["Dagger Spray","Blade Dance"],"picked":"Noxious Fumes","floor":1},{"not_picked":["Accuracy","Backflip"],"picked":"Blade Dance","floor":4},{"not_picked":["Bullet Time","Escape Plan"],"picked":"Corpse Explosion","floor":8},{"not_picked":["Deflect","Flying Knee"],"picked":"Noxious Fumes","floor":11},{"not_picked":["Skewer","Eviscerate","Poisoned Stab"],"picked":"Singing Bowl","floor":13},{"not_picked":["Phantasmal Killer","Grand Finale"],"picked":"Die Die Die","floor":16},{"not_picked":["Outmaneuver+1","Deflect","Infinite Blades"],"picked":"Singing Bowl","floor":18},{"not_picked":["Deflect","Quick Slash"],"picked":"PiercingWail","floor":19},{"not_picked":["Expertise","Underhanded Strike","Backflip+1"],"picked":"Singing Bowl","floor":22},{"not_picked":["Dagger Spray","Bane"],"picked":"Backflip+1","floor":24},{"not_picked":["Storm of Steel","Underhanded Strike+1","Cloak And Dagger"],"picked":"Singing Bowl","floor":27},{"not_picked":["Bane","Calculated Gamble","Underhanded Strike"],"picked":"Singing Bowl","floor":29}],"player_experience":2746374,"relics_obtained":[{"floor":8,"key":"Tiny Chest"},{"floor":9,"key":"Ninja Scroll"},{"floor":11,"key":"Orichalcum"},{"floor":13,"key":"Vajra"},{"floor":14,"key":"Blood Vial"},{"floor":24,"key":"Sundial"},{"floor":25,"key":"Lantern"},{"floor":26,"key":"Oddly Smooth Stone"},{"floor":27,"key":"Whetstone"},{"floor":29,"key":"Frozen Egg 2"}],"event_choices":[{"damage_healed":0,"gold_gain":0,"player_choice":"Donut","damage_taken":0,"max_hp_gain":5,"max_hp_loss":0,"event_name":"Big Fish","floor":2,"gold_loss":0},{"damage_healed":0,"gold_gain":175,"player_choice":"AGREE","damage_taken":0,"max_hp_gain":0,"max_hp_loss":0,"event_name":"Liars Game","floor":3,"gold_loss":0,"cards_obtained":["Doubt"]},{"damage_healed":0,"gold_gain":75,"player_choice":"Gather Gold","damage_taken":11,"max_hp_gain":0,"max_hp_loss":0,"event_name":"World of Goop","floor":5,"gold_loss":0},{"damage_healed":0,"gold_gain":0,"player_choice":"Shed Blood","damage_taken":20,"max_hp_gain":5,"max_hp_loss":0,"event_name":"Forgotten Altar","floor":21,"gold_loss":0}],"is_beta":false,"boss_relics":[{"not_picked":["Empty Cage","Philosopher\u0027s Stone"],"picked":"HoveringKite"}],"items_purged_floors":[7,20],"is_endless":false,"potions_floor_spawned":[4,11,16,22,24],"killed_by":"Shelled Parasite and Fungi","ascension_level":10}}