{"host":"jak4ncvfzor9mys0","time":1609038113,"event":{"mods":["2.2 Compatiblity","AchievementEnabler","BaseMod","Better Altar","Better Match","Better Note","Better Sensory Stone","Better Skull","Better Third Choice","BetterRewards","Block Reminder","Colored Map","Colored Powertips","Energized Spire","Gold Saver","Hubris","Infinite Spire","Key Reminder","Minty Spire (QoL Compilation)","Rare Cards Sparkle","Red Circlet Mod","Relic Sorter","Relic Stats","Replay The Spire","Retaliation","StSLib","SuperFastMode","The Blue Laboratory"],"gold_per_floor":[3906,3916,3930,3361,3361,3361,3387,3387,3387,3387,2992,3010,3030,2751,2751,2855,2855,2875,2891,2891,2891,2930,2930,2992,3091,3091,3091,3091,3138,3199,3199,3199,3330,3330,3368,3410,3020,3020,3370,3370,3425,3425,3452,3452,3513,3513,3603,3643,3643,3792,3792,3824,2923,2923,2950,3032,3032,3082,3082,3082,3082,3111,3145,3145,2945,2945,3058,3058,3082,3082,3084,3084],"floor_reached":71,"playtime":2736,"items_purged":["Strike_R","Strike_R","Defend_R","Defend_R","Defend_R","Delirium","infinitespire:Pacifist","Normality"],"score":1513,"play_id":"5ace995c-7455-42c8-82a9-408b0c9dc16b","local_time":"20201226190153","is_ascension_mode":false,"campfire_choices":[{"data":"Sadistic Nature","floor":6.0,"key":"SMITH"},{"data":"Seeing Red","floor":8.0,"key":"SMITH"},{"data":"ReplayTheSpireMod:Corrosion Curse","floor":10.0,"key":"SMITH"},{"data":"Bash","floor":15.0,"key":"SMITH"},{"data":"Double Tap","floor":23.0,"key":"SMITH"},{"floor":27.0,"key":"REST"},{"data":"infinitespire:Fortify","floor":32.0,"key":"SMITH"},{"data":"Shrug It Off","floor":40.0,"key":"SMITH"},{"data":"The Bomb","floor":49.0,"key":"SMITH"},{"data":"Shockwave","floor":57,"key":"SMITH"},{"data":"Shrug It Off","floor":64,"key":"SMITH"},{"data":"Shrug It Off","floor":66,"key":"SMITH"}],"circlet_count":1,"master_deck":["Strike_R","Strike_R","Defend_R","Bash+1","Sadistic Nature+1","Clothesline+1","Shrug It Off+1","ReplayTheSpireMod:Corrosion Curse+1","Seeing Red+1","Shrug It Off+1","Double Tap+1","infinitespire:Fortify+1","Thunderclap","Shrug It Off+1","Dark Shackles","DDmod:SpikedSkill","The Bomb+1","hubris:Greed","hubris:Greed","hubris:ReadiedAction+1","Shockwave+1","Regret","Thunderclap","Looming Evil","hubris:Envy","hubris:Wrath","Regret","Decay","Languid","Replay:Hysterical Blindness","Overencumbered","ReplayTheSpireMod:IOU","ReplayTheSpireMod:Doomed","hubris:Greed","Writhe","ReplayTheSpireMod:Restless Dread","hubris:Sloth","Shame","infinitespire:Pacifist","Voices","CommonCold","Regret","hubris:Greed","Hallucinations","infinitespire:Fortify","infinitespire:Punishment"],"relics":["Burning Blood","Eternal Feather","Ring of Greed","Replay:Bandana","InkBottle","Omamori","Magic Flower","hubris:Potato","ReplayTheSpireMod:Lightbulb","Gremlin Horn","Bag of Preparation","energizedSpire:TabascoSauce","Busted Crown","King of Hearts","Old Coin","Golden Idol","Juzu Bracelet","energizedSpire:RedRose","infinitespire:Broken Mirror","Calipers","Circlet","Sozu","Pantograph","infinitespire:Bottled Soul","HandDrill","Ancient Tea Set","WingedGreaves","Replay:Kaleidoscope","hubris:ScarierMask","MealTicket"],"acts_visited":["Exordium","TheCity","TheBeyond","Exordium","TheCity"],"potions_floor_usage":[67],"damage_taken":[{"damage":8.0,"enemies":"Jaw Worm","floor":1.0,"turns":5.0},{"damage":1.0,"enemies":"Cultist","floor":2.0,"turns":3.0},{"damage":0.0,"enemies":"Small Slimes","floor":3.0,"turns":2.0},{"damage":22.0,"enemies":"Lagavulin","floor":7.0,"turns":6.0},{"damage":4.0,"enemies":"Red Slaver","floor":12.0,"turns":3.0},{"damage":1.0,"enemies":"Large Slime","floor":13.0,"turns":4.0},{"damage":55.0,"enemies":"Fading Forest","floor":16.0,"turns":11.0},{"damage":8.0,"enemies":"Shell Parasite","floor":18.0,"turns":2.0},{"damage":14.0,"enemies":"Spheric Guardian","floor":19.0,"turns":4.0},{"damage":0.0,"enemies":"Snecko","floor":22.0,"turns":4.0},{"damage":48.0,"enemies":"Nightmare","floor":24.0,"turns":9.0},{"damage":3.0,"enemies":"Centurion and Healer","floor":29.0,"turns":5.0},{"damage":1.0,"enemies":"3 Cultists","floor":30.0,"turns":4.0},{"damage":52.0,"enemies":"Champ","floor":33.0,"turns":11.0},{"damage":5.0,"enemies":"Orb Walker","floor":35.0,"turns":4.0},{"damage":0.0,"enemies":"3 Shapes","floor":36.0,"turns":2.0},{"damage":18.0,"enemies":"Transient","floor":41.0,"turns":5.0},{"damage":0.0,"enemies":"R_Hoarder","floor":45.0,"turns":8.0},{"damage":12.0,"enemies":"Mind Bloom Boss Battle","floor":47.0,"turns":5.0},{"damage":22.0,"enemies":"Jaw Worm Horde","floor":48.0,"turns":4.0},{"damage":52.0,"enemies":"Time Eater","floor":50.0,"turns":14.0},{"damage":0.0,"enemies":"Cultist","floor":52.0,"turns":2.0},{"damage":0.0,"enemies":"2 Louse","floor":55.0,"turns":1.0},{"damage":5.0,"enemies":"Gremlin Nob","floor":56.0,"turns":3.0},{"damage":14,"enemies":"Lagavulin","floor":58,"turns":3},{"damage":39,"enemies":"Jaw Worm","floor":62,"turns":6},{"damage":26,"enemies":"Red Slaver","floor":63,"turns":4},{"damage":70,"enemies":"The Guardian","floor":67,"turns":12},{"damage":64,"enemies":"3 Byrds","floor":69,"turns":6},{"damage":22,"enemies":"Shell Parasite","floor":71,"turns":2}],"seed_played":"3000340070342310386","potions_obtained":[{"floor":3.0,"key":"blueLaboratory:ForbiddenFruitJuice"},{"floor":16.0,"key":"BlessingOfTheForge"},{"floor":19.0,"key":"Block Potion"},{"floor":24.0,"key":"blueLaboratory:LouseDecoction"},{"floor":30.0,"key":"Adrenaline Potion"},{"floor":33.0,"key":"blueLaboratory:FruitPreserves"},{"floor":36.0,"key":"blueLaboratory:BottleOfVodka"}],"is_trial":false,"path_per_floor":["M","M","M","$","?","R","E","R","T","R","$","M","M","$","R","B",null,"M","M","?","AVR","M","R","NM","?","T","R","?","M","M","?","R","B",null,"M","M","$","?","?","R","M","?","T","AVR","E","?","?","M","R","B",null,"M","$","?","M","?","R","E","?","T","?","M","M","R","$","R","B",null,"M","AVR","M"],"character_chosen":"IRONCLAD","items_purchased":["Sadistic Nature","ReplayTheSpireMod:Corrosion Curse","Omamori","Magic Flower","Gremlin Horn","Shrug It Off","Bag of Preparation","King of Hearts","Dark Shackles","Pantograph","infinitespire:Bottled Soul","HandDrill","Shockwave"],"campfire_rested":1,"item_purchase_floors":[0,4,4,4,11,11,14,37,37,53,53,53,53],"current_hp_per_floor":[78,80,80,80,80,80,67,67,67,67,67,72,80,80,80,34,80,77,68,68,68,73,73,30,30,30,63,63,65,69,69,75,28,80,80,80,80,80,80,80,67,67,67,67,72,72,65,48,57,20,80,80,80,80,80,80,80,71,71,71,71,37,16,40,40,64,30,80,21,21,0,0],"gold":3084,"neow_bonus":"","is_daily":false,"chose_seed":false,"campfire_upgraded":11,"win_rate":0.0,"timestamp":1609038113,"path_taken":["M","M","M","$","?","R","E","R","T","R","$","M","?","$","R","BOSS","M","M","?","AVR","M","R","NM","?","T","R","?","M","?","?","R","BOSS","M","M","$","?","?","R","M","?","T","AVR","E","?","?","M","R","BOSS","M","$","?","M","?","R","E","?","T","?","M","M","R","$","R","BOSS","M","AVR","M"],"items_purchased_type":["Card","Card","Relic","Relic","Relic","Card","Relic","Relic","Card","Relic","Relic","Relic","Card"],"build_version":"2020-12-22","purchased_purges":8,"victory":false,"max_hp_per_floor":[80,80,80,80,80,80,80,80,80,80,80,80,80,80,80,80,80,80,80,80,80,80,80,80,80,80,80,80,80,80,80,80,80,80,80,80,80,80,80,80,80,80,80,80,80,80,80,80,80,80,80,80,80,80,80,80,80,80,80,80,80,80,80,80,80,80,80,80,80,80,80,80],"relic_stats":{"Gremlin Horn":[16,16],"counters":[65,358],"Golden Idol":235,"Magic Flower":[63],"Eternal Feather":72,"Bag of Preparation":[46],"Juzu Bracelet":2,"Burning Blood":316,"Sozu":2,"Busted Crown":46,"Pantograph":16,"MealTicket":0,"HandDrill":[16],"obtain_stats":[{"Replay:Accelerometer":9,"Calipers":47,"Gremlin Horn":11,"Magic Flower":4,"King of Hearts":37,"Bag of Preparation":14,"Juzu Bracelet":43,"Empty Cage":34,"Ancient Tea Set":56,"Burning Blood":0,"Old Coin":39,"Sozu":51,"BranchBurnRelic":49,"Replay:Bandana":21,"energizedSpire:CursedPentagram":17,"TheAbacus":10,"infinitespire:Bottled Soul":53,"Pantograph":14,"energizedSpire:TabascoSauce":17,"hubris:ScarierMask":68,"MealTicket":70,"WingedGreaves":58,"HandDrill":53,"Replay:Wax Seal":3,"InkBottle":26,"energizedSpire:RedRose":44,"hubris:DisguiseKit":26,"Golden Idol":39,"Dead Branch":44,"Oddly Smooth Stone":3,"Circlet":0,"Eternal Feather":24,"Omamori":4,"Ring of Greed":39,"Replay:Kaleidoscope":60,"Orichalcum":14,"Odd Mushroom":12,"Frozen Egg 2":26,"Replay:Arrowhead":3,"ReplayTheSpireMod:Spearhead":11,"Busted Crown":34,"infinitespire:Broken Mirror":45,"Turnip":27,"hubris:ToyBattleship":0,"Snack Pack":36,"ReplayTheSpireMod:Lightbulb":9,"hubris:Potato":7},{"Replay:Accelerometer":5,"Calipers":54,"Gremlin Horn":39,"Magic Flower":38,"King of Hearts":51,"Bag of Preparation":41,"Juzu Bracelet":52,"Empty Cage":18,"Ancient Tea Set":59,"Burning Blood":0,"Old Coin":51,"Sozu":56,"BranchBurnRelic":55,"Replay:Bandana":44,"energizedSpire:CursedPentagram":10,"TheAbacus":24,"infinitespire:Bottled Soul":57,"Pantograph":9,"energizedSpire:TabascoSauce":42,"hubris:ScarierMask":63,"MealTicket":64,"WingedGreaves":60,"HandDrill":57,"Replay:Wax Seal":2,"InkBottle":46,"energizedSpire:RedRose":52,"hubris:DisguiseKit":13,"Golden Idol":51,"Dead Branch":52,"Oddly Smooth Stone":2,"Circlet":0,"Eternal Feather":46,"Omamori":38,"Ring of Greed":51,"Replay:Kaleidoscope":60,"Orichalcum":9,"Odd Mushroom":25,"Frozen Egg 2":33,"Replay:Arrowhead":21,"ReplayTheSpireMod:Spearhead":7,"Busted Crown":49,"infinitespire:Broken Mirror":53,"Turnip":14,"hubris:ToyBattleship":0,"Snack Pack":18,"ReplayTheSpireMod:Lightbulb":39,"hubris:Potato":39},{"Replay:Accelerometer":23,"Calipers":301,"Gremlin Horn":220,"Magic Flower":214,"King of Hearts":283,"Bag of Preparation":227,"Juzu Bracelet":288,"Empty Cage":85,"Ancient Tea Set":325,"Burning Blood":0,"Old Coin":283,"Sozu":319,"BranchBurnRelic":305,"Replay:Bandana":244,"energizedSpire:CursedPentagram":43,"TheAbacus":119,"infinitespire:Bottled Soul":321,"Pantograph":38,"energizedSpire:TabascoSauce":238,"hubris:ScarierMask":350,"MealTicket":356,"WingedGreaves":328,"HandDrill":321,"Replay:Wax Seal":7,"InkBottle":257,"energizedSpire:RedRose":288,"hubris:DisguiseKit":54,"Golden Idol":283,"Dead Branch":288,"Oddly Smooth Stone":7,"Circlet":0,"Eternal Feather":257,"Omamori":214,"Ring of Greed":283,"Replay:Kaleidoscope":328,"Orichalcum":38,"Odd Mushroom":127,"Frozen Egg 2":192,"Replay:Arrowhead":100,"ReplayTheSpireMod:Spearhead":30,"Busted Crown":277,"infinitespire:Broken Mirror":296,"Turnip":62,"hubris:ToyBattleship":0,"Snack Pack":85,"ReplayTheSpireMod:Lightbulb":220,"hubris:Potato":220}],"InkBottle":[88]},"card_choices":[{"not_picked":["Second Wind","ReplayTheSpireMod:Stacked"],"picked":"Clothesline","floor":1.0},{"not_picked":["Power Through","Feel No Pain","DDmod:UnstoppableAttack"],"picked":"SKIP","floor":2.0},{"not_picked":["Bloodletting","Combust"],"picked":"Shrug It Off","floor":3.0},{"not_picked":["hubris:SharpeningStone","True Grit"],"picked":"Seeing Red","floor":7.0},{"not_picked":["Pummel","Clothesline","Anger"],"picked":"SKIP","floor":12.0},{"not_picked":["Warcry","DDmod:PokeAttack","Second Wind"],"picked":"SKIP","floor":13.0},{"not_picked":["Corruption","Replay:Many Hands"],"picked":"Double Tap","floor":16.0},{"not_picked":["Sever Soul+1","Flex","Anger"],"picked":"SKIP","floor":18.0},{"not_picked":["True Grit","Ghostly Armor+1","Run Through"],"picked":"SKIP","floor":19.0},{"not_picked":["ReplayReversal","DDmod:PokeAttack","True Grit"],"picked":"SKIP","floor":22.0},{"not_picked":["DDmod:PokeAttack","Sever Soul"],"picked":"Thunderclap","floor":24.0},{"not_picked":["Iron Wave","Sentinel","Armaments"],"picked":"SKIP","floor":29.0},{"not_picked":["Flame Barrier+1","DDmod:CallousedSkill+1","Infernal Blade"],"picked":"SKIP","floor":30.0},{"not_picked":[],"picked":"Shrug It Off","floor":35.0},{"not_picked":["Clash"],"picked":"SKIP","floor":36.0},{"not_picked":["ReplayTheSpireMod:Limb From Limb+1"],"picked":"SKIP","floor":41.0},{"not_picked":["Sever Soul"],"picked":"SKIP","floor":45.0},{"not_picked":[],"picked":"The Bomb","floor":46.0},{"not_picked":["Dual Wield"],"picked":"SKIP","floor":48.0},{"not_picked":[],"picked":"hubris:ReadiedAction","floor":52.0},{"not_picked":["Battle Trance"],"picked":"SKIP","floor":55.0},{"not_picked":[],"picked":"Thunderclap","floor":56.0},{"not_picked":["Life Link"],"picked":"SKIP","floor":58},{"not_picked":["DDmod:SpikedSkill"],"picked":"SKIP","floor":62},{"not_picked":["DDmod:PokeAttack"],"picked":"SKIP","floor":63},{"not_picked":["DDmod:PokeAttack"],"picked":"SKIP","floor":69}],"player_experience":2669822,"relics_obtained":[{"floor":7.0,"key":"hubris:Potato"},{"floor":9.0,"key":"ReplayTheSpireMod:Lightbulb"},{"floor":24.0,"key":"Eternal Feather"},{"floor":26.0,"key":"InkBottle"},{"floor":39.0,"key":"Ring of Greed"},{"floor":39.0,"key":"Old Coin"},{"floor":39.0,"key":"Golden Idol"},{"floor":43.0,"key":"Juzu Bracelet"},{"floor":45.0,"key":"infinitespire:Broken Mirror"},{"floor":47.0,"key":"Calipers"},{"floor":56.0,"key":"Ancient Tea Set"},{"floor":58,"key":"WingedGreaves"},{"floor":60,"key":"Replay:Kaleidoscope"}],"event_choices":[{"damage_healed":0.0,"max_hp_gain":0.0,"max_hp_loss":0.0,"gold_gain":0.0,"event_name":"Upgrade Shrine","player_choice":"Upgraded","floor":5.0,"gold_loss":0.0,"damage_taken":0.0,"cards_upgraded":["Clothesline"]},{"cards_removed":["Defend_R"],"damage_healed":0.0,"max_hp_gain":0.0,"max_hp_loss":0.0,"gold_gain":0.0,"event_name":"betterNote:BetterNote","player_choice":"Give","floor":20.0,"gold_loss":0.0,"damage_taken":0.0,"cards_obtained":["Strike_G"]},{"damage_healed":0.0,"max_hp_gain":0.0,"max_hp_loss":0.0,"gold_gain":99.0,"event_name":"betterThird:BetterNest","player_choice":"Steal","floor":25.0,"gold_loss":0.0,"damage_taken":0.0},{"damage_healed":0.0,"max_hp_gain":0.0,"max_hp_loss":0.0,"gold_gain":0.0,"event_name":"Vampires","player_choice":"Ignored","floor":28.0,"gold_loss":0.0,"damage_taken":0.0},{"cards_removed":["Strike_R"],"damage_healed":0.0,"max_hp_gain":0.0,"max_hp_loss":0.0,"gold_gain":0.0,"event_name":"Purifier","player_choice":"Purged","floor":31.0,"gold_loss":0.0,"damage_taken":0.0},{"damage_healed":0.0,"max_hp_gain":0.0,"max_hp_loss":0.0,"gold_gain":0.0,"event_name":"The Moai Head","player_choice":"Ignored","floor":42.0,"gold_loss":0.0,"damage_taken":0.0},{"damage_healed":0.0,"max_hp_gain":0.0,"max_hp_loss":0.0,"gold_gain":3.0,"event_name":"betterStone:BetterStone","player_choice":"1","floor":46.0,"gold_loss":0.0,"damage_taken":0.0},{"damage_healed":0.0,"max_hp_gain":0.0,"max_hp_loss":0.0,"gold_gain":0.0,"event_name":"MindBloom","player_choice":"Fight","floor":47.0,"gold_loss":0.0,"damage_taken":0.0},{"damage_healed":0.0,"max_hp_gain":0.0,"max_hp_loss":0.0,"gold_gain":30.0,"event_name":"Dead Adventurer","player_choice":"Searched \u00272\u0027 times","floor":56.0,"gold_loss":0.0,"damage_taken":0.0},{"damage_healed":0,"gold_gain":0,"player_choice":"Upgraded","damage_taken":0,"max_hp_gain":0,"max_hp_loss":0,"event_name":"Upgrade Shrine","floor":59,"gold_loss":0,"cards_upgraded":["hubris:ReadiedAction"]},{"damage_healed":0,"gold_gain":0,"player_choice":"Left","damage_taken":0,"max_hp_gain":1,"max_hp_loss":0,"event_name":"betterThird:BetterGoop","floor":61,"gold_loss":0}],"is_beta":false,"boss_relics":[{"not_picked":["hubris:BlackHole","energizedSpire:NeverEndingSparkler"],"picked":"energizedSpire:TabascoSauce"},{"not_picked":["ChewingGum","Snecko Heart"],"picked":"Busted Crown"},{"not_picked":["Runic Pyramid","Abe\u0027s Treasure"],"picked":"Sozu"},{"not_picked":["hubris:VirtuousBlindfold","hubris:TerracottaHorce"],"picked":"hubris:ScarierMask"}],"items_purged_floors":[4,11,14,21,37,44,53,65],"is_endless":true,"potions_floor_spawned":[3,16,19,24,30,33,36,41,47,58,63,67],"killed_by":"Shell Parasite","ascension_level":0}}