{"host":"fa96ppy4vc5r7pma","time":1609066390,"event":{"mods":["BaseMod","Best Route Mod","Bestiary","Block Reminder","Colored Map","Dota2Spire","Ekko","GungeonMod","Hermit","Highlight Path","Hubris","Minty Spire (QoL Compilation)","Permanent Neow","Quick Restart","Random Character Button","Relic Stats","Replay The Spire","StSLib","The Blue Laboratory","The Servant 0.9.4"],"gold_per_floor":[109,109,126,141,152,152,167,196,196,196,210,193,211,211,211,309,309,320,345,345,345],"floor_reached":20,"playtime":2121,"items_purged":["ReplayTheSpireMod:Doomed"],"score":178,"play_id":"693b5916-49f4-4e0f-bfef-4e96122f3b4f","local_time":"20201227055310","is_ascension_mode":false,"campfire_choices":[{"data":"hermit:Dive","floor":6,"key":"SMITH"},{"data":"hubris:DuctTapeCard","floor":10,"key":"SMITH"},{"floor":15,"key":"REST"}],"circlet_count":0,"master_deck":["hermit:Strike_Hermit","hermit:Strike_Hermit","hermit:Strike_Hermit","hermit:Strike_Hermit","hermit:Defend_Hermit","hermit:Defend_Hermit","hermit:Defend_Hermit","hermit:Defend_Hermit","hermit:Snapshot","hermit:Covet","hermit:Dive+1","hermit:Snipe","hermit:TrackingShot","hubris:DuctTapeCard+2","hermit:Misfire","hermit:Quickdraw","hermit:ShadowCloak","hermit:Spite","hermit:DeadOrAlive","hermit:Glare+1","hermit:Determination"],"relics":["hermit:Momento","hubris:TenFootPole","hubris:DuctTape","ReplayTheSpireMod:CursedCoin"],"acts_visited":["Exordium","TheCity"],"potions_floor_usage":[16,16,16],"damage_taken":[{"damage":1,"enemies":"Jaw Worm","floor":1,"turns":4},{"damage":0,"enemies":"Cultist","floor":3,"turns":4},{"damage":0,"enemies":"Small Slimes","floor":4,"turns":5},{"damage":4,"enemies":"Looter","floor":5,"turns":4},{"damage":1,"enemies":"Red Slaver","floor":7,"turns":5},{"damage":15,"enemies":"3 Sentries","floor":8,"turns":10},{"damage":12,"enemies":"Lots of Slimes","floor":11,"turns":6},{"damage":4,"enemies":"2 Fungi Beasts","floor":13,"turns":3},{"damage":44,"enemies":"Slime Boss","floor":16,"turns":20},{"damage":33,"enemies":"Spheric Guardian","floor":18,"turns":10},{"damage":0,"enemies":"Shell Parasite","floor":19,"turns":8},{"damage":60,"enemies":"3 Cultists","floor":20,"turns":5}],"seed_played":"-7018408129983554791","potions_obtained":[{"floor":5,"key":"Adrenaline Potion"},{"floor":7,"key":"Swift Potion"},{"floor":13,"key":"DemoMod:LeadSkinPotion"}],"is_trial":false,"path_per_floor":["M","?","M","M","M","R","M","E","T","R","M","$","M","?","R_BF","B",null,"M","M","M"],"character_chosen":"HERMIT","items_purchased":["ReplayTheSpireMod:CursedCoin","hermit:Quickdraw","hermit:ShadowCloak"],"campfire_rested":1,"item_purchase_floors":[12,12,12],"current_hp_per_floor":[81,81,81,81,77,77,76,61,61,61,49,49,45,50,74,30,82,49,49,0,0],"gold":345,"neow_bonus":"TEN_PERCENT_HP_BONUS","is_daily":false,"chose_seed":false,"campfire_upgraded":2,"win_rate":0.0,"timestamp":1609066390,"path_taken":["M","?","M","M","M","R","M","E","T","R","M","?","M","?","R_BF","BOSS","M","M","M"],"items_purchased_type":["Relic","Card","Card"],"build_version":"2020-12-22","purchased_purges":1,"victory":false,"max_hp_per_floor":[82,82,82,82,82,82,82,82,82,82,82,82,82,82,82,82,82,82,82,82,82],"relic_stats":{"counters":[12,84],"obtain_stats":[{"hubris:DuctTape":9,"ReplayTheSpireMod:CursedCoin":12,"DemoMod:GlassGuonStoneRelic":4,"hubris:TenFootPole":8,"hermit:Momento":0},{"hubris:DuctTape":6,"ReplayTheSpireMod:CursedCoin":7,"DemoMod:GlassGuonStoneRelic":3,"hubris:TenFootPole":6,"hermit:Momento":0},{"hubris:DuctTape":32,"ReplayTheSpireMod:CursedCoin":38,"DemoMod:GlassGuonStoneRelic":13,"hubris:TenFootPole":32,"hermit:Momento":0}]},"card_choices":[{"not_picked":["hermit:Manifest","hermit:LoneWolf"],"picked":"hermit:Dive","floor":1},{"not_picked":["hermit:Misfire","hermit:Coalescence"],"picked":"hermit:BodyArmor","floor":3},{"not_picked":["hermit:LoneWolf","hermit:BodyArmor"],"picked":"hermit:Snipe","floor":4},{"not_picked":["hermit:Dive","hermit:Roulette"],"picked":"hermit:Misfire","floor":5},{"not_picked":["hermit:TakeAim","hermit:Roulette"],"picked":"hermit:TrackingShot","floor":7},{"not_picked":["hermit:CalledShot","hermit:FatalDesire"],"picked":"hermit:Scavenge","floor":8},{"not_picked":["hermit:Manifest","hermit:Desperado"],"picked":"hermit:Misfire","floor":11},{"not_picked":["hermit:Feint","hermit:Manifest"],"picked":"hermit:Spite","floor":13},{"not_picked":["hermit:HighNoon","hermit:FinalCanter"],"picked":"hermit:DeadOrAlive","floor":16},{"not_picked":["hermit:SprayPray","hermit:LuckOfTheDraw"],"picked":"hermit:Glare+1","floor":18},{"not_picked":["hermit:FlashPowder","hermit:Gestalt+1"],"picked":"hermit:Determination","floor":19}],"player_experience":89812,"relics_obtained":[{"floor":8,"key":"hubris:TenFootPole"},{"floor":9,"key":"hubris:DuctTape"}],"event_choices":[{"damage_healed":0,"gold_gain":0,"player_choice":"Ignored","damage_taken":0,"max_hp_gain":0,"max_hp_loss":0,"event_name":"NoteForYourself","floor":2,"gold_loss":0},{"cards_removed":["hermit:Misfire"],"damage_healed":5,"gold_gain":0,"player_choice":"Offered Common","damage_taken":0,"max_hp_gain":0,"max_hp_loss":0,"event_name":"Bonfire Elementals","floor":14,"gold_loss":0},{"cards_removed":["hermit:Misfire"],"damage_healed":5,"gold_gain":0,"player_choice":"Offered Special","damage_taken":0,"max_hp_gain":0,"max_hp_loss":0,"event_name":"Bonfire Elementals","floor":14,"gold_loss":0}],"is_beta":false,"boss_relics":[{"not_picked":["Ectoplasm","hubris:Stopwatch","hubris:HollowSoul"]}],"items_purged_floors":[12],"is_endless":false,"potions_floor_spawned":[5,7,13,18],"killed_by":"3 Cultists","ascension_level":0}}