{"host":"dcj2yvrgcvh5dl2s","time":1609112285,"event":{"mods":["BaseMod","Better Note","Block Reminder","Colored Powertips","DeckTracker","Minty Spire (QoL Compilation)","Quick Restart","Rare Cards Sparkle","Relic Stats","StSLib"],"gold_per_floor":[17,29,43,8,27,61,131,131,131,166,166,3,16,16,16],"floor_reached":14,"playtime":924,"items_purged":[],"score":185,"play_id":"35ea2465-ef36-4184-a1ff-f8ca40b7c55b","local_time":"20201228093805","is_ascension_mode":true,"campfire_choices":[{"data":"Uppercut","floor":8,"key":"SMITH"},{"floor":11,"key":"REST"}],"circlet_count":0,"master_deck":["AscendersBane","Strike_R","Strike_R","Strike_R","Strike_R","Strike_R","Defend_R","Defend_R","Bash","Fire Breathing","Cleave","Shockwave","Offering","Uppercut+1","Seeing Red"],"relics":["Burning Blood","Torii","Eternal Feather","Blue Candle","Toy Ornithopter","ClockworkSouvenir"],"acts_visited":["Exordium"],"potions_floor_usage":[],"damage_taken":[{"damage":6,"enemies":"Cultist","floor":1,"turns":3},{"damage":24,"enemies":"Jaw Worm","floor":2,"turns":4},{"damage":20,"enemies":"Small Slimes","floor":3,"turns":3},{"damage":10,"enemies":"2 Fungi Beasts","floor":5,"turns":3},{"damage":30,"enemies":"Gremlin Nob","floor":6,"turns":4},{"damage":29,"enemies":"3 Sentries","floor":10,"turns":6},{"damage":16,"enemies":"Exordium Wildlife","floor":13,"turns":3},{"damage":32,"enemies":"Lagavulin","floor":14,"turns":7}],"seed_played":"7637200261416492608","potions_obtained":[{"floor":1,"key":"SpeedPotion"},{"floor":2,"key":"Weak Potion"}],"is_trial":false,"path_per_floor":["M","M","M","?","M","E","T","R","T","E","R","$","M","E"],"character_chosen":"IRONCLAD","items_purchased":["ClockworkSouvenir"],"campfire_rested":1,"item_purchase_floors":[12],"current_hp_per_floor":[68,50,36,54,50,26,26,32,32,9,40,40,30,0,0],"gold":16,"neow_bonus":"REMOVE_TWO","is_daily":false,"chose_seed":false,"campfire_upgraded":1,"win_rate":0.0,"timestamp":1609112285,"path_taken":["M","?","M","?","M","E","?","R","T","E","R","$","?","E"],"items_purchased_type":["Relic"],"build_version":"2020-12-22","purchased_purges":0,"victory":false,"max_hp_per_floor":[75,75,75,75,75,75,75,75,75,75,75,75,75,75,75],"relic_stats":{"Torii":13,"counters":[8,33],"Blue Candle":[0],"Eternal Feather":15,"obtain_stats":[{"Torii":6,"Blue Candle":9,"Eternal Feather":7,"Burning Blood":0,"Toy Ornithopter":10,"ClockworkSouvenir":12},{"Torii":5,"Blue Candle":5,"Eternal Feather":5,"Burning Blood":0,"Toy Ornithopter":6,"ClockworkSouvenir":6},{"Torii":17,"Blue Candle":17,"Eternal Feather":17,"Burning Blood":0,"Toy Ornithopter":23,"ClockworkSouvenir":23}],"Burning Blood":42,"Toy Ornithopter":0},"card_choices":[{"not_picked":["Feel No Pain","Thunderclap"],"picked":"Fire Breathing","floor":1},{"not_picked":["Sword Boomerang","Clash"],"picked":"Cleave","floor":2},{"not_picked":["Burning Pact","Body Slam"],"picked":"Shockwave","floor":3},{"not_picked":["Shrug It Off","Heavy Blade"],"picked":"Offering","floor":5},{"not_picked":["Sword Boomerang","Sever Soul"],"picked":"Uppercut","floor":6},{"not_picked":["Warcry","Anger"],"picked":"Seeing Red","floor":10},{"not_picked":["Headbutt","Hemokinesis","Evolve"],"picked":"SKIP","floor":13}],"player_experience":2079968,"relics_obtained":[{"floor":6,"key":"Torii"},{"floor":7,"key":"Eternal Feather"},{"floor":9,"key":"Blue Candle"},{"floor":10,"key":"Toy Ornithopter"}],"event_choices":[{"damage_healed":18,"gold_gain":0,"player_choice":"Healed","damage_taken":0,"max_hp_gain":0,"max_hp_loss":0,"event_name":"The Cleric","floor":4,"gold_loss":35}],"is_beta":false,"boss_relics":[],"items_purged_floors":[],"is_endless":false,"potions_floor_spawned":[1,2,5],"killed_by":"Lagavulin","ascension_level":17}}