{"host":"qc1sjgtdjonvdsd8","time":1609057592,"event":{"mods":["BaseMod","Colored Map","Colored Powertips","Curses Come First","Downfall","Minty Spire (QoL Compilation)","Replay The Spire","StSLib","The Cursed","The Disciple","The Necromancer","The Servant 0.9.4"],"gold_per_floor":[362,211,228,228,238,265,265,440,440,440,440,440,286,286,312,325,325,425,425,440,365,365,353,364,364,379,379,459,459,459,459,511,523,523,523,523],"floor_reached":35,"playtime":2403,"items_purged":["Strike_W","Doubt"],"score":288,"play_id":"3f4a6adc-ee20-403e-b230-3fb8756405c9","local_time":"20201227002632","is_ascension_mode":false,"campfire_choices":[{"floor":7,"key":"REST"},{"floor":12,"key":"REST"},{"floor":17,"key":"REST"},{"data":"Summon_Death_Knight","floor":25,"key":"SMITH"},{"floor":27,"key":"REST"},{"data":"Slay_Living","floor":29,"key":"SMITH"},{"data":"Blind","floor":31,"key":"SMITH"},{"floor":34,"key":"REST"}],"circlet_count":0,"master_deck":["Strike_W","Strike_W","Strike_W","Defend_W","Defend_W","Defend_W","Defend_W","Negative_Energy_Arrows","Bone_Wall","Blood_Whip","Summon_Lich","Slay_Living+1","Summon_Lich","Shackles_Of_Pain","Summon_Death_Knight+1","Distraction+1","Blind+1","Conserve Battery"],"relics":["Vampire_Amulet","PrismaticShard","Ornamental Fan","Ice Cream","ReplayTheSpireMod:Ring of Challenge","ReplayTheSpireMod:Ring of Exchange","Strawberry","OrangePellets","Replay:Mystery Machine","Akabeko"],"acts_visited":["Exordium","TheCity"],"potions_floor_usage":[15,23,35],"damage_taken":[{"damage":0,"enemies":"Jaw Worm","floor":1,"turns":4},{"damage":0,"enemies":"2 Louse","floor":3,"turns":3},{"damage":9,"enemies":"Small Slimes","floor":5,"turns":4},{"damage":48,"enemies":"Gremlin Nob","floor":6,"turns":5},{"damage":3,"enemies":"3 Sentries","floor":15,"turns":4},{"damage":20,"enemies":"Red Slaver","floor":16,"turns":4},{"damage":53,"enemies":"Fading Forest","floor":18,"turns":11},{"damage":18,"enemies":"3 Byrds","floor":20,"turns":5},{"damage":23,"enemies":"2 Thieves","floor":23,"turns":5},{"damage":17,"enemies":"Centurion and Healer","floor":24,"turns":7},{"damage":35,"enemies":"3 Cultists","floor":26,"turns":4},{"damage":14,"enemies":"Snecko","floor":33,"turns":6},{"damage":53,"enemies":"Collector","floor":35,"turns":6}],"seed_played":"-5549486198082282410","potions_obtained":[{"floor":3,"key":"SkillPotion"},{"floor":6,"key":"Swift Potion"},{"floor":16,"key":"Dexterity Potion"},{"floor":18,"key":"SkillPotion"},{"floor":24,"key":"FairyPotion"},{"floor":26,"key":"Energy Potion"}],"is_trial":false,"path_per_floor":["M","$","M","?","M","E","R","?","T","PTL","PTL","R","$","?","E","M","R","B",null,"M","?","?","M","M","R","M","R","T","R","?","R","T","M","R","B"],"character_chosen":"NECROMANCER","items_purchased":["Summon_Lich","Shackles_Of_Pain"],"campfire_rested":5,"item_purchase_floors":[2,13],"current_hp_per_floor":[68,68,68,68,63,17,37,37,37,37,37,57,57,57,67,49,71,26,75,63,63,63,42,29,29,22,44,44,44,28,28,28,16,38,0,0],"gold":523,"neow_bonus":"TWO_FIFTY_GOLD","is_daily":false,"chose_seed":false,"campfire_upgraded":3,"win_rate":0.0,"timestamp":1609057592,"path_taken":["M","$","M","?","M","E","R","?","T","PTL","PTL","R","$","?","E","M","R","BOSS","M","?","?","?","M","R","M","R","T","R","?","R","?","?","R","BOSS"],"items_purchased_type":["Card","Card"],"build_version":"2020-12-22","purchased_purges":2,"victory":false,"max_hp_per_floor":[68,68,68,68,68,68,68,68,68,68,68,68,68,68,75,75,75,75,75,75,75,75,75,75,75,75,75,75,75,75,75,75,75,75,75,75],"card_choices":[{"not_picked":["Bone_Bullets","Bone_Shift"],"picked":"Blood_Whip","floor":1},{"not_picked":["Bone_Shift","Negative_Energy_Mist"],"picked":"Slay_Living","floor":3},{"not_picked":["Slimebound:DivideAndConquer","Contraction","Slice"],"picked":"SKIP","floor":5},{"not_picked":["SandsOfTime","Tempest"],"picked":"Summon_Lich","floor":6},{"not_picked":["sneckomod:UnknownClassSLIMEBOUND","BootSequence"],"picked":"champ:StanceDance","floor":15},{"not_picked":["Slimebound:SpikyOuterGoop","Slimebound:DivideAndConquer","Capacitor"],"picked":"SKIP","floor":16},{"not_picked":["hexamod:SixthSeal","Solidify"],"picked":"Summon_Death_Knight","floor":18},{"not_picked":["Replay:Sssssssssstrike","Slimebound:GoopSpray"],"picked":"Distraction+1","floor":20},{"not_picked":["BiteCommand+1","hexamod:FastForward","Dagger Throw"],"picked":"SKIP","floor":23},{"not_picked":["sneckomod:UnknownVulnerable","Guardian:Gem_Blue"],"picked":"Blind","floor":24},{"not_picked":["WatchCommand+1","Evaluate","Wild Strike+1"],"picked":"SKIP","floor":26},{"not_picked":["champ:Lariat","Cold Snap"],"picked":"Conserve Battery","floor":33}],"player_experience":234827,"relics_obtained":[{"floor":6,"key":"Ornamental Fan"},{"floor":9,"key":"Ice Cream"},{"floor":14,"key":"ReplayTheSpireMod:Ring of Challenge"},{"floor":14,"key":"ReplayTheSpireMod:Ring of Exchange"},{"floor":15,"key":"Strawberry"},{"floor":32,"key":"Akabeko"}],"event_choices":[{"damage_healed":0,"gold_gain":175,"player_choice":"AGREE","damage_taken":0,"max_hp_gain":0,"max_hp_loss":0,"event_name":"Liars Game","floor":8,"gold_loss":0,"cards_obtained":["Doubt"]},{"cards_removed":["champ:StanceDance"],"damage_healed":0,"gold_gain":0,"player_choice":"Gave Gold","damage_taken":0,"max_hp_gain":0,"max_hp_loss":0,"event_name":"Beggar","floor":21,"gold_loss":75},{"damage_healed":0,"gold_gain":0,"player_choice":"Obtained Book","damage_taken":16,"max_hp_gain":0,"max_hp_loss":0,"event_name":"Cursed Tome","floor":30,"gold_loss":0}],"is_beta":false,"boss_relics":[{"not_picked":["ReplayTheSpireMod:CursedCoin","Cursed Key"],"picked":"OrangePellets"}],"items_purged_floors":[2,13],"is_endless":false,"potions_floor_spawned":[3,6,16,18,24,26],"killed_by":"Collector","ascension_level":0}}