{"host":"2yqfi47fogfu1ic4","time":1609067699,"event":{"mods":["AchievementEnabler","BaseMod","Colored Map","Colored Powertips","Highlight Path","Minty Spire (QoL Compilation)","Permanent Neow","Relic Stats","StSLib"],"gold_per_floor":[116,133,208,225,245,277,277,296,321,395,395,414,447,463,463,541,541,560,560,400,675,433,433,466,483,508,67,86,117,129,146,146,222,222,240,259,276,276,330,330,355,367,379,402,430,453,493,519,531,543,555,567,579,8,43,43],"floor_reached":57,"playtime":9677,"items_purged":["Regret","Well Laid Plans+1"],"score":2986,"play_id":"5dc96b9e-00c0-417a-8f64-136d31133df1","local_time":"20201227121459","is_ascension_mode":true,"campfire_choices":[{"data":"A Thousand Cuts","floor":7.0,"key":"SMITH"},{"data":"Well Laid Plans","floor":11.0,"key":"SMITH"},{"data":"Predator","floor":15.0,"key":"SMITH"},{"data":"Phantasmal Killer","floor":23.0,"key":"SMITH"},{"data":"Footwork","floor":32.0,"key":"SMITH"},{"data":"Burst","floor":40.0,"key":"SMITH"},{"data":"1","floor":42.0,"key":"LIFT"},{"floor":49.0,"key":"RECALL"},{"data":"After Image","floor":53,"key":"SMITH"}],"circlet_count":0,"master_deck":["AscendersBane","Survivor+1","Neutralize","A Thousand Cuts+1","Underhanded Strike","Backflip","Escape Plan+1","Corpse Explosion","Prepared","Predator+1","Quick Slash","Backflip","Slice","Dagger Throw","Backflip","After Image+1","PiercingWail","Backstab","PiercingWail","Eviscerate","Phantasmal Killer+1","Blade Dance+1","Tactician+1","Leg Sweep","Deflect","Dagger Throw","Terror","Blur","Underhanded Strike","Calculated Gamble","Footwork+1","Burst+1","Concentrate+1","Leg Sweep+1","Underhanded Strike+1","Tools of the Trade","Eviscerate","Tactician+1","Calculated Gamble"],"relics":["Pandora\u0027s Box","War Paint","Blood Vial","Bag of Preparation","Runic Pyramid","Nunchaku","Orrery","Bronze Scales","Lantern","Ancient Tea Set","Cursed Key","Girya","MawBank","Oddly Smooth Stone","Centennial Puzzle","Lee\u0027s Waffle","Happy Flower"],"acts_visited":["Exordium","TheCity","TheBeyond","TheEnding"],"potions_floor_usage":[54,56,56],"damage_taken":[{"damage":0.0,"enemies":"Jaw Worm","floor":1.0,"turns":3.0},{"damage":1.0,"enemies":"Small Slimes","floor":2.0,"turns":3.0},{"damage":0.0,"enemies":"2 Louse","floor":4.0,"turns":2.0},{"damage":0.0,"enemies":"Large Slime","floor":5.0,"turns":3.0},{"damage":7.0,"enemies":"Lagavulin","floor":6.0,"turns":6.0},{"damage":12.0,"enemies":"Lots of Slimes","floor":8.0,"turns":3.0},{"damage":0.0,"enemies":"Blue Slaver","floor":12.0,"turns":4.0},{"damage":0.0,"enemies":"Gremlin Nob","floor":13.0,"turns":3.0},{"damage":0.0,"enemies":"Large Slime","floor":14.0,"turns":4.0},{"damage":8.0,"enemies":"Slime Boss","floor":16.0,"turns":6.0},{"damage":0.0,"enemies":"Chosen","floor":18.0,"turns":5.0},{"damage":0.0,"enemies":"Gremlin Leader","floor":24.0,"turns":4.0},{"damage":0.0,"enemies":"Spheric Guardian","floor":25.0,"turns":3.0},{"damage":0.0,"enemies":"Snecko","floor":28.0,"turns":4.0},{"damage":1.0,"enemies":"Book of Stabbing","floor":29.0,"turns":5.0},{"damage":4.0,"enemies":"Centurion and Healer","floor":30.0,"turns":2.0},{"damage":4.0,"enemies":"Cultist and Chosen","floor":31.0,"turns":3.0},{"damage":0.0,"enemies":"Champ","floor":33.0,"turns":8.0},{"damage":0.0,"enemies":"Orb Walker","floor":35.0,"turns":3.0},{"damage":0.0,"enemies":"3 Shapes","floor":36.0,"turns":2.0},{"damage":1.0,"enemies":"Maw","floor":37.0,"turns":8.0},{"damage":0.0,"enemies":"2 Orb Walkers","floor":39.0,"turns":4.0},{"damage":1.0,"enemies":"Giant Head","floor":41.0,"turns":6.0},{"damage":0.0,"enemies":"Writhing Mass","floor":44.0,"turns":5.0},{"damage":0.0,"enemies":"4 Shapes","floor":45.0,"turns":3.0},{"damage":0.0,"enemies":"Jaw Worm Horde","floor":46.0,"turns":5.0},{"damage":0.0,"enemies":"Nemesis","floor":47.0,"turns":3.0},{"damage":0.0,"enemies":"Writhing Mass","floor":48.0,"turns":6.0},{"damage":18,"enemies":"Awakened One","floor":50,"turns":12},{"damage":24,"enemies":"Donu and Deca","floor":51,"turns":5},{"damage":29,"enemies":"Shield and Spear","floor":55,"turns":5},{"damage":33,"enemies":"The Heart","floor":56,"turns":10}],"seed_played":"-618108963900633696","potions_obtained":[{"floor":8.0,"key":"ColorlessPotion"},{"floor":12.0,"key":"Strength Potion"},{"floor":13.0,"key":"BlessingOfTheForge"},{"floor":16.0,"key":"Regen Potion"},{"floor":25.0,"key":"CunningPotion"},{"floor":29.0,"key":"SteroidPotion"},{"floor":33.0,"key":"LiquidMemories"},{"floor":35.0,"key":"DistilledChaos"},{"floor":41.0,"key":"FearPotion"},{"floor":44.0,"key":"Fruit Juice"}],"is_trial":false,"path_per_floor":["M","M","?","M","M","E","R","M","T","?","R","M","E","M","R","B",null,"M","?","$","?","$","R","E","M","T","$","M","E","M","M","R","B",null,"M","M","M","?","?","R","E","R","T","M","M","M","E","M","R","B","B",null,"R","$","E","B",null],"character_chosen":"THE_SILENT","items_purchased":["Nunchaku","Orrery","Lantern","Terror","Blur","Centennial Puzzle","Lee\u0027s Waffle","GhostInAJar","Weak Potion","Calculated Gamble"],"campfire_rested":0,"item_purchase_floors":[20,22,27,27,27,54,54,54,54,54],"current_hp_per_floor":[59,58,47,47,47,40,40,28,28,28,28,30,32,34,34,28,57,59,41,41,41,41,41,57,59,59,59,61,62,60,58,58,60,68,70,71,70,70,71,71,70,70,70,71,71,71,71,71,71,53,31,61,61,83,54,23],"gold":43,"neow_bonus":"BOSS_RELIC","is_daily":false,"chose_seed":false,"campfire_upgraded":7,"win_rate":0.0,"timestamp":1609067699,"path_taken":["M","M","?","M","M","E","R","M","T","?","R","M","E","M","R","BOSS","M","?","$","?","$","R","E","M","T","$","M","E","?","M","R","BOSS","M","M","M","?","?","R","E","R","T","M","M","M","E","M","R","BOSS","BOSS","R","$","E","BOSS"],"items_purchased_type":["Relic","Relic","Relic","Card","Card","Relic","Relic","Potion","Potion","Card"],"build_version":"2020-12-22","purchased_purges":2,"victory":true,"max_hp_per_floor":[66,66,66,66,66,66,66,66,66,66,66,66,66,66,66,66,66,66,71,71,71,71,71,71,71,71,71,71,71,71,71,71,71,71,71,71,71,71,71,71,71,71,71,71,71,71,71,71,71,71,71,71,71,83,83,83],"relic_stats":{"Lee\u0027s Waffle":17,"Happy Flower":[3],"counters":[32,148],"Bag of Preparation":[48],"War Paint":["Survivor","Escape Plan"],"Cursed Key":0,"MawBank":156,"Blood Vial":33,"Nunchaku":[29],"Centennial Puzzle":[6],"Bronze Scales":[423],"Pandora\u0027s Box":["A Thousand Cuts","Underhanded Strike","Backflip","Escape Plan","Corpse Explosion","Prepared","Heel Hook","Predator","Quick Slash","Well Laid Plans"],"obtain_stats":[{"Girya":39,"Lantern":27,"Lee\u0027s Waffle":54,"Happy Flower":55,"Oddly Smooth Stone":47,"Bag of Preparation":13,"War Paint":6,"Ancient Tea Set":29,"Cursed Key":34,"MawBank":41,"Blood Vial":9,"Nunchaku":20,"Centennial Puzzle":54,"Bronze Scales":24,"Orrery":22,"Pandora\u0027s Box":0,"Ring of the Snake":0,"Runic Pyramid":17},{"Girya":22,"Lantern":13,"Lee\u0027s Waffle":30,"Happy Flower":31,"Oddly Smooth Stone":27,"Bag of Preparation":8,"War Paint":5,"Ancient Tea Set":15,"Cursed Key":18,"MawBank":23,"Blood Vial":6,"Nunchaku":11,"Centennial Puzzle":30,"Bronze Scales":12,"Orrery":11,"Pandora\u0027s Box":0,"Ring of the Snake":0,"Runic Pyramid":10},{"Girya":88,"Lantern":49,"Lee\u0027s Waffle":133,"Happy Flower":138,"Oddly Smooth Stone":110,"Bag of Preparation":27,"War Paint":17,"Ancient Tea Set":58,"Cursed Key":71,"MawBank":94,"Blood Vial":20,"Nunchaku":42,"Centennial Puzzle":133,"Bronze Scales":46,"Orrery":42,"Pandora\u0027s Box":0,"Ring of the Snake":0,"Runic Pyramid":37}]},"card_choices":[{"not_picked":["Dagger Spray","Quick Slash"],"picked":"Backflip","floor":1.0},{"not_picked":["Infinite Blades","Accuracy"],"picked":"Slice","floor":2.0},{"not_picked":["Backflip","Prepared"],"picked":"Dagger Throw","floor":4.0},{"not_picked":["Bane","Sucker Punch"],"picked":"Backflip","floor":5.0},{"not_picked":["Bouncing Flask","Night Terror"],"picked":"After Image","floor":6.0},{"not_picked":["Flying Knee","Deflect"],"picked":"PiercingWail","floor":8.0},{"not_picked":["Prepared","Bane"],"picked":"Backstab","floor":12.0},{"not_picked":["Sucker Punch","Prepared"],"picked":"PiercingWail","floor":13.0},{"not_picked":["Underhanded Strike","Heel Hook"],"picked":"Eviscerate","floor":14.0},{"not_picked":["Venomology","Glass Knife"],"picked":"Phantasmal Killer","floor":16.0},{"not_picked":["Backflip","Predator"],"picked":"Blade Dance+1","floor":18.0},{"not_picked":["PiercingWail","Quick Slash"],"picked":"Tactician+1","floor":22.0},{"not_picked":["Predator","Bouncing Flask"],"picked":"Leg Sweep","floor":22.0},{"not_picked":["Dagger Spray","Outmaneuver"],"picked":"Deflect","floor":22.0},{"not_picked":["Caltrops","Bane+1","Noxious Fumes"],"picked":"SKIP","floor":24.0},{"not_picked":["Sucker Punch","Deadly Poison"],"picked":"Dagger Throw","floor":25.0},{"not_picked":["Deflect","Catalyst"],"picked":"Underhanded Strike","floor":28.0},{"not_picked":["Distraction","Escape Plan"],"picked":"Calculated Gamble","floor":29.0},{"not_picked":["Heel Hook","All Out Attack","Expertise"],"picked":"SKIP","floor":30.0},{"not_picked":["Dodge and Roll","Crippling Poison"],"picked":"Footwork","floor":31.0},{"not_picked":["Die Die Die","Venomology"],"picked":"Burst","floor":33.0},{"not_picked":["Dodge and Roll","All Out Attack","Blade Dance"],"picked":"SKIP","floor":35.0},{"not_picked":["Underhanded Strike","Quick Slash+1"],"picked":"Concentrate+1","floor":36.0},{"not_picked":["Outmaneuver","Dagger Spray"],"picked":"Leg Sweep+1","floor":37.0},{"not_picked":["Dodge and Roll","Flying Knee"],"picked":"Underhanded Strike+1","floor":39.0},{"not_picked":["Dagger Spray+1","Deflect"],"picked":"Tools of the Trade","floor":41.0},{"not_picked":["Dagger Spray+1","Concentrate"],"picked":"Eviscerate","floor":44.0},{"not_picked":["Deadly Poison","Flechettes","Dagger Spray+1"],"picked":"SKIP","floor":45.0},{"not_picked":["Quick Slash","Dagger Throw"],"picked":"Tactician+1","floor":46.0},{"not_picked":["Distraction","Cloak And Dagger","All Out Attack"],"picked":"SKIP","floor":47.0},{"not_picked":["Finisher","Dagger Spray","Bouncing Flask"],"picked":"SKIP","floor":48.0},{"not_picked":["Dagger Spray","Dodge and Roll","Blade Dance+1"],"picked":"SKIP","floor":55}],"player_experience":1865025,"relics_obtained":[{"floor":6.0,"key":"War Paint"},{"floor":9.0,"key":"Blood Vial"},{"floor":13.0,"key":"Bag of Preparation"},{"floor":24.0,"key":"Bronze Scales"},{"floor":29.0,"key":"Ancient Tea Set"},{"floor":39.0,"key":"Girya"},{"floor":41.0,"key":"MawBank"},{"floor":47.0,"key":"Oddly Smooth Stone"},{"floor":55,"key":"Happy Flower"}],"event_choices":[{"damage_healed":0.0,"max_hp_gain":0.0,"max_hp_loss":0.0,"gold_gain":75.0,"event_name":"World of Goop","player_choice":"Gather Gold","floor":3.0,"gold_loss":0.0,"damage_taken":11.0},{"damage_healed":0.0,"max_hp_gain":0.0,"max_hp_loss":0.0,"gold_gain":74.0,"event_name":"Golden Wing","player_choice":"Gained Gold","floor":10.0,"gold_loss":0.0,"damage_taken":0.0},{"damage_healed":0.0,"max_hp_gain":5.0,"max_hp_loss":0.0,"gold_gain":0.0,"event_name":"Forgotten Altar","player_choice":"Shed Blood","floor":19.0,"gold_loss":0.0,"damage_taken":23.0},{"damage_healed":0.0,"max_hp_gain":0.0,"max_hp_loss":0.0,"gold_gain":275.0,"event_name":"Golden Shrine","player_choice":"Desecrate","floor":21.0,"gold_loss":0.0,"damage_taken":0.0,"cards_obtained":["Regret"]},{"cards_removed":["Heel Hook"],"damage_healed":0.0,"max_hp_gain":0.0,"max_hp_loss":0.0,"gold_gain":0.0,"event_name":"Falling","player_choice":"Removed Attack","floor":38.0,"gold_loss":0.0,"damage_taken":0.0},{"damage_healed":0.0,"max_hp_gain":0.0,"max_hp_loss":0.0,"gold_gain":0.0,"event_name":"Mysterious Sphere","player_choice":"Fight","floor":39.0,"gold_loss":0.0,"damage_taken":0.0}],"is_beta":false,"boss_relics":[{"not_picked":["Ectoplasm","Coffee Dripper"],"picked":"Runic Pyramid"},{"not_picked":["Sozu","Busted Crown"],"picked":"Cursed Key"}],"items_purged_floors":[22,27],"is_endless":false,"potions_floor_spawned":[8,12,13,14,16,25,29,33,35,36,41,44,55],"ascension_level":20}}