{"host":"8u40nq559zpgb6zp","time":1609083028,"event":{"mods":["Aspiration","Bard","BaseMod","Beaked The Cultist","Better Altar","Better Match","Better Note","Better Sensory Stone","Better Skull","Better Third Choice","BetterRewards","CCEM","Clawfect","Conspire","Duelist Mod","Googly Eyes","Halation","Hermit","Highlight Path","Infinite Spire","Jedi Mod","Jorbs\u0027s Wanderer Trilogy","Mad Scientist","Marisa（霧雨　魔理沙）","Minty Spire (QoL Compilation)","Permanent Neow","Replay The Spire","Shade Mod","Shop Mod","Spicy Shops","StSLib","The Bladedancer","The Construct","The Cursed","The Disciple","The Druid","The Gatherer","The Hierophant","The IronCluck","The Jungle","The Mystic","The Necromancer","The Runesmith","The Senshi","The Servant 0.9.4","The Spell Scribe","The Witch","slay the spire mod where everything is the same but ironclad has a cowboy hat"],"gold_per_floor":[117,117,137,137,158,158,181,181,262,27,27,27,27,63,63,196,196,203,203,203,203,250,308,350,376,422,422,28,228,277,296,296],"floor_reached":31,"playtime":1331,"items_purged":[],"score":351,"play_id":"fad64441-65f1-40e2-bfef-8c881a61b3f4","local_time":"20201227103028","is_ascension_mode":false,"campfire_choices":[{"data":"Seek","floor":6,"key":"SMITH"},{"data":"Redo","floor":8,"key":"SMITH"},{"data":"Loop","floor":11,"key":"SMITH"},{"floor":13,"key":"REST"},{"data":"Clawfect:ClawAndGloom","floor":15,"key":"SMITH"},{"floor":27,"key":"REST"}],"circlet_count":0,"master_deck":["Gash","Gash","Gash","Gash","Gash+1","Defend_B","Defend_B","Defend_B","Defend_B","Seek+1","aspiration:Polymerization+1","Clawfect:ClawAndGloom+1","Redo+1","ReplaySort","Loop+1","Clawfect:ClawAndGloom","Glacier","Clawfect:ClawCell","Static Discharge","Clawfect:ClawAndGloom","jedi:darknesscall","Lockon","Coolheaded+1"],"relics":["Clawfect:DRClaw","Golden Idol","Symbiotic Virus","Replay:Wax Seal","CCEMRelics:SpiritsEdge","Replay:Bandana","beaked:SacredDeck","BargainBundle","halation:IllGainedPizza","theSenshi:SailorFukuRelic","Ancient Tea Set","Pet Ghost","Toxic Egg 2"],"acts_visited":["Exordium","TheCity"],"potions_floor_usage":[7,31,31],"damage_taken":[{"damage":1,"enemies":"Jaw Worm","floor":1,"turns":4},{"damage":0,"enemies":"2 Louse","floor":3,"turns":3},{"damage":6,"enemies":"conspire:RoseBush","floor":5,"turns":5},{"damage":10,"enemies":"Red Slaver","floor":7,"turns":4},{"damage":25,"enemies":"3 Sentries","floor":14,"turns":6},{"damage":0,"enemies":"Slime Boss","floor":16,"turns":3},{"damage":12,"enemies":"2 Thieves","floor":18,"turns":4},{"damage":1,"enemies":"Chosen","floor":22,"turns":4},{"damage":19,"enemies":"Nightmare","floor":23,"turns":6},{"damage":40,"enemies":"Centurion and Healer","floor":24,"turns":4},{"damage":10,"enemies":"Sentry and Sphere","floor":30,"turns":3},{"damage":21,"enemies":"Snake Plant","floor":31,"turns":2}],"seed_played":"-22051459448453263","potions_obtained":[{"floor":1,"key":"Venom Potion"},{"floor":5,"key":"DistilledChaos"},{"floor":14,"key":"Venom Potion"},{"floor":24,"key":"jedi:tentaclejuice"},{"floor":30,"key":"Regen Potion"}],"is_trial":false,"path_per_floor":["M","?","M","?","M","R","M","R","T","$","R","?","R","E","R","B",null,"M","AVR","?","?","M","NM","M","T","T","R","$","?","M","M"],"character_chosen":"DEFECT","items_purchased":["Replay:Wax Seal","CCEMRelics:SpiritsEdge","Loop","Pet Ghost","Toxic Egg 2"],"campfire_rested":2,"item_purchase_floors":[10,10,10,28,28],"current_hp_per_floor":[74,56,56,56,50,50,40,40,40,40,40,25,47,22,22,22,75,63,63,63,63,62,43,3,3,3,25,25,25,15,0,0],"gold":296,"neow_bonus":"ONE_RANDOM_RARE_CARD","is_daily":false,"chose_seed":false,"campfire_upgraded":4,"win_rate":0.0,"timestamp":1609083028,"path_taken":["M","?","M","?","M","R","?","R","T","?","R","?","R","E","R","BOSS","M","AVR","?","?","M","NM","M","?","T","R","$","?","M","M"],"items_purchased_type":["Relic","Relic","Card","Relic","Relic"],"build_version":"2020-12-22","purchased_purges":0,"victory":false,"max_hp_per_floor":[75,75,75,75,75,75,75,75,75,75,75,75,75,75,75,75,75,75,75,75,75,75,75,75,75,75,75,75,75,75,75,75],"card_choices":[{"not_picked":["Panic Button","ReplayGash"],"picked":"aspiration:Polymerization","floor":1},{"not_picked":["Clawfect:ClawingBeam","jedi:BurstLightning"],"picked":"Clawfect:ClawAndGloom","floor":3},{"not_picked":["ReplayTheSpireMod:Reroute Power","jedi:blockon"],"picked":"Redo","floor":5},{"not_picked":["Heatsinks","Clawfect:ClawForTheEyes"],"picked":"ReplaySort","floor":7},{"not_picked":["Crystallizer","conspire:SharedLibrary"],"picked":"Clawfect:ClawAndGloom","floor":14},{"not_picked":["jedi:bruteforce","jedi:studyfrost"],"picked":"jedi:meditation","floor":16},{"not_picked":["Conserve Battery","jedi:blockon"],"picked":"Clawfect:ClawCell","floor":18},{"not_picked":["ReplaySort","Stack"],"picked":"Clawfect:ClawAndGloom","floor":22},{"not_picked":["FTL","Clawfect:ClawForTheEyes+1"],"picked":"jedi:darknesscall","floor":23},{"not_picked":["Turbo","jedi:BurstLightning"],"picked":"Lockon","floor":24},{"not_picked":["FTL","jedi:BurstFrost+1"],"picked":"Coolheaded+1","floor":30}],"player_experience":994216,"relics_obtained":[{"floor":9,"key":"Symbiotic Virus"},{"floor":14,"key":"Replay:Bandana"},{"floor":23,"key":"halation:IllGainedPizza"},{"floor":25,"key":"theSenshi:SailorFukuRelic"},{"floor":26,"key":"Ancient Tea Set"}],"event_choices":[{"damage_healed":0,"gold_gain":0,"player_choice":"Take Damage","damage_taken":18,"relics_obtained":["Golden Idol"],"max_hp_gain":0,"max_hp_loss":0,"event_name":"Golden Idol","floor":2,"gold_loss":0},{"cards_removed":["Defend_B"],"damage_healed":0,"gold_gain":0,"player_choice":"Purged","damage_taken":0,"max_hp_gain":0,"max_hp_loss":0,"event_name":"Purifier","floor":4,"gold_loss":0},{"damage_healed":40,"gold_gain":0,"player_choice":"Upgrade","damage_taken":15,"max_hp_gain":0,"max_hp_loss":75,"event_name":"betterThird:BetterShining","floor":12,"gold_loss":0,"cards_upgraded":["aspiration:Polymerization","Gash"]},{"cards_removed":["infinitespire:DeathsTouch"],"damage_healed":0,"gold_gain":0,"player_choice":"Purged","damage_taken":0,"max_hp_gain":0,"max_hp_loss":0,"event_name":"Purifier","floor":20,"gold_loss":0},{"damage_healed":0,"gold_gain":0,"cards_transformed":["jedi:meditation"],"player_choice":"Transformed","damage_taken":0,"max_hp_gain":0,"max_hp_loss":0,"event_name":"Transmorgrifier","floor":21,"gold_loss":0,"cards_obtained":["Static Discharge"]},{"damage_healed":0,"gold_gain":200,"player_choice":"Gold","damage_taken":0,"max_hp_gain":0,"max_hp_loss":0,"event_name":"Wheel of Change","floor":29,"gold_loss":0}],"is_beta":false,"boss_relics":[{"not_picked":["Runic Dome","Inserter"],"picked":"beaked:SacredDeck"}],"items_purged_floors":[],"is_endless":false,"potions_floor_spawned":[1,5,14,24,30],"killed_by":"Snake Plant","ascension_level":0}}