{"host":"chv1qanoipyt46jc","time":1609039285,"event":{"mods":["2.2 Compatiblity","AchievementEnabler","BaseMod","BetterRewards","CapriCore","Card Filter","Gold Saver","Grow up Mod","Melee Mod","Minty Spire (QoL Compilation)","Rare Cards Sparkle","Relic Filter","Remove Card Discount Mod","Reorder Act Four","StSLib"],"gold_per_floor":[118,130,209,227,244,244,256,271,294,305,330,346,376,376,376,507,570,583,583,413,413,429,429,465,465,465,465,463,463,477,501,501,630,630,644,644,669,687,705,705,741,741,741,741,755,774,788,812,812,812,812,808,808,846,846],"floor_reached":56,"playtime":3345,"items_purged":["meleeMod_Jab","meleeMod_Jab","meleeMod_Jab","meleeMod_Jab","meleeMod_Shield","meleeMod_Shield","meleeMod_Shield","meleeMod_Shield","meleeMod_FalconKick","meleeMod_SoftKnee","meleeMod_NeutralAir+1","meleeMod_Grab+1","meleeMod_VCancel+1","meleeMod_VCancel+1"],"score":1590,"play_id":"8fba52ab-0431-443f-bfe4-4fd9d514a0ce","local_time":"20201226212125","is_ascension_mode":false,"campfire_choices":[{"data":"meleeMod_DashDance","floor":6,"key":"SMITH"},{"floor":15,"key":"RECALL"},{"data":"meleeMod_BabActivated","floor":23,"key":"SMITH"},{"data":"meleeMod_SoftKnee","floor":25,"key":"SMITH"},{"floor":29,"key":"REST"},{"floor":32,"key":"REST"},{"data":"Madness","floor":40,"key":"SMITH"},{"floor":42,"key":"REST"},{"floor":44,"key":"REST"},{"floor":49,"key":"REST"},{"floor":53,"key":"REST"}],"circlet_count":0,"master_deck":["meleeMod_BackAir+1","meleeMod_BabActivated+1","meleeMod_SoftKnee+1","meleeMod_SoftKnee+1","meleeMod_SoftKnee+1","meleeMod_DashDance+1","meleeMod_BackAir+1","meleeMod_Cautious+1","meleeMod_EdgeCancel+1","Madness+1","Madness+1","meleeMod_BabActivated+1","meleeMod_DashDance+1","meleeMod_AmsahTech"],"relics":["meleeMod_TeamBeerMang0","meleeMod_FourStock","Orichalcum","meleeMod_AutoLCanceling","Juzu Bracelet","Vajra","Golden Idol","Tiny House","Medical Kit","Strawberry","Ornamental Fan","SlaversCollar","Pen Nib","Shuriken","Whetstone"],"acts_visited":["Exordium","TheCity","TheBeyond","TheEnding"],"potions_floor_usage":[55,55],"damage_taken":[{"damage":0,"enemies":"Cultist","floor":1,"turns":2},{"damage":1,"enemies":"2 Louse","floor":2,"turns":2},{"damage":1,"enemies":"Small Slimes","floor":4,"turns":3},{"damage":7,"enemies":"3 Louse","floor":5,"turns":4},{"damage":0,"enemies":"Red Slaver","floor":7,"turns":3},{"damage":0,"enemies":"Looter","floor":8,"turns":3},{"damage":0,"enemies":"3 Louse","floor":10,"turns":3},{"damage":13,"enemies":"Lagavulin","floor":11,"turns":5},{"damage":0,"enemies":"Gremlin Gang","floor":12,"turns":3},{"damage":6,"enemies":"3 Sentries","floor":13,"turns":5},{"damage":45,"enemies":"Hexaghost","floor":16,"turns":6},{"damage":0,"enemies":"Spheric Guardian","floor":18,"turns":2},{"damage":0,"enemies":"Shell Parasite","floor":22,"turns":2},{"damage":0,"enemies":"Gremlin Leader","floor":24,"turns":2},{"damage":0,"enemies":"3 Cultists","floor":30,"turns":2},{"damage":0,"enemies":"Cultist and Chosen","floor":31,"turns":2},{"damage":0,"enemies":"Collector","floor":33,"turns":2},{"damage":0,"enemies":"Orb Walker","floor":35,"turns":2},{"damage":4,"enemies":"3 Shapes","floor":37,"turns":3},{"damage":0,"enemies":"Transient","floor":38,"turns":5},{"damage":12,"enemies":"Spire Growth","floor":39,"turns":3},{"damage":0,"enemies":"Giant Head","floor":41,"turns":2},{"damage":1,"enemies":"Jaw Worm Horde","floor":45,"turns":3},{"damage":19,"enemies":"Sphere and 2 Shapes","floor":46,"turns":3},{"damage":11,"enemies":"3 Darklings","floor":47,"turns":3},{"damage":22,"enemies":"Jaw Worm Horde","floor":48,"turns":2},{"damage":12,"enemies":"Awakened One","floor":50,"turns":4},{"damage":42,"enemies":"Shield and Spear","floor":54,"turns":4},{"damage":47,"enemies":"The Heart","floor":55,"turns":5}],"seed_played":"1919103974841360159","potions_obtained":[{"floor":4,"key":"FearPotion"},{"floor":5,"key":"Swift Potion"},{"floor":7,"key":"Explosive Potion"},{"floor":11,"key":"FairyPotion"},{"floor":31,"key":"LiquidBronze"}],"is_trial":false,"path_per_floor":["M","M","T","M","M","R","M","M","T","M","E","M","E","?","R","B",null,"M","?","$","?","M","R","E","R","T","?","$","R","M","M","R","B",null,"M","?","M","M","M","R","E","R","T","R","M","M","M","M","R","B",null,"$","R","E","B",null],"character_chosen":"FALCON","items_purchased":["meleeMod_BabActivated","meleeMod_FourStock","meleeMod_VCancel","meleeMod_SoftKnee","meleeMod_SoftKnee","meleeMod_SoftKnee","meleeMod_SoftKnee","Orichalcum","Medical Kit"],"campfire_rested":6,"item_purchase_floors":[0,0,0,0,0,0,0,0,20],"current_hp_per_floor":[52,61,71,80,83,93,103,113,123,133,130,140,144,98,108,73,270,280,290,300,310,320,330,347,357,367,377,387,397,407,417,427,437,447,457,410,416,426,424,434,444,527,537,547,556,547,546,534,597,595,617,627,637,605,568],"gold":846,"neow_bonus":"","is_daily":false,"chose_seed":false,"campfire_upgraded":4,"win_rate":0.0,"timestamp":1609039285,"path_taken":["M","M","?","M","M","R","M","M","T","M","E","M","E","?","R","BOSS","M","?","$","?","M","R","E","R","T","?","$","R","M","M","R","BOSS","M","?","M","M","M","R","E","R","T","R","M","M","M","M","R","BOSS","$","R","E","BOSS"],"items_purchased_type":["Card","Relic","Card","Card","Card","Card","Card","Relic","Relic"],"build_version":"2020-12-22","purchased_purges":14,"victory":true,"max_hp_per_floor":[105,115,125,135,145,155,165,175,185,195,205,215,225,235,245,255,270,280,290,300,310,320,330,347,357,367,377,387,397,407,417,427,437,447,457,467,477,487,497,507,517,527,537,547,557,567,577,587,597,607,617,627,637,647,657],"card_choices":[{"not_picked":["meleeMod_CommandGrab","meleeMod_Knee","meleeMod_ForwardTilt"],"picked":"SKIP","floor":1},{"not_picked":["meleeMod_HaxDash","meleeMod_ShieldPoke","meleeMod_RapidJabs"],"picked":"SKIP","floor":2},{"not_picked":["meleeMod_AirDodge","meleeMod_WallJump","meleeMod_UnclePunch"],"picked":"SKIP","floor":4},{"not_picked":["meleeMod_DIMixUp","meleeMod_Fishing"],"picked":"meleeMod_DashDance","floor":5},{"not_picked":["meleeMod_IKilledMufasa","meleeMod_UpSmash"],"picked":"meleeMod_FalconKick","floor":7},{"not_picked":["meleeMod_Gentleman","meleeMod_TeamAttackOn","meleeMod_DIMixUp"],"picked":"SKIP","floor":8},{"not_picked":["meleeMod_DownAir","meleeMod_NoDI"],"picked":"meleeMod_BackAir","floor":10},{"not_picked":["meleeMod_FalconKick","meleeMod_FireFlower"],"picked":"meleeMod_Grab","floor":11},{"not_picked":["meleeMod_WallJump","meleeMod_CommandGrab","meleeMod_PowerShield"],"picked":"SKIP","floor":12},{"not_picked":["meleeMod_Gentleman","meleeMod_UpAir","meleeMod_PhantomHit"],"picked":"SKIP","floor":13},{"not_picked":["meleeMod_AmsahTech","meleeMod_BlueFalcon"],"picked":"meleeMod_VCancel","floor":16},{"not_picked":["meleeMod_AirDodge","meleeMod_Taunt","meleeMod_Knee"],"picked":"SKIP","floor":18},{"not_picked":["meleeMod_HaxDash","meleeMod_BackAir+1","meleeMod_FalconKick"],"picked":"SKIP","floor":22},{"not_picked":["meleeMod_WaveLand","meleeMod_Pause+1","meleeMod_RaptorBoost"],"picked":"SKIP","floor":24},{"not_picked":["meleeMod_WaveLand","meleeMod_FalconPunch","meleeMod_DownSmash"],"picked":"SKIP","floor":30},{"not_picked":["meleeMod_NeutralAir","meleeMod_DownAir","meleeMod_CommandGrab"],"picked":"SKIP","floor":31},{"not_picked":["meleeMod_IKilledMufasa","meleeMod_VCancel"],"picked":"meleeMod_EdgeCancel","floor":33},{"not_picked":["meleeMod_Wildfire+1","meleeMod_WallJump","meleeMod_ForwardTilt"],"picked":"SKIP","floor":35},{"not_picked":["meleeMod_WallJump+1","meleeMod_RaptorBoost+1","meleeMod_UnclePunch"],"picked":"SKIP","floor":37},{"not_picked":["meleeMod_ForwardSmash+1","meleeMod_Knee+1","meleeMod_AirDodge+1"],"picked":"SKIP","floor":38},{"not_picked":["meleeMod_SoftKnee","meleeMod_UpSmash+1","meleeMod_FalconDive+1"],"picked":"SKIP","floor":39},{"not_picked":["meleeMod_Pause","meleeMod_BMoveSpecialist+1"],"picked":"meleeMod_BabActivated+1","floor":41},{"not_picked":["meleeMod_Pause","meleeMod_ForwardSmash","meleeMod_SweetSpot"],"picked":"SKIP","floor":45},{"not_picked":["meleeMod_NoDI+1","meleeMod_NeutralAir+1","meleeMod_SuperMushroom"],"picked":"SKIP","floor":46},{"not_picked":["meleeMod_CommandGrab+1","meleeMod_RaptorBoost","meleeMod_SomebodyClipThat"],"picked":"SKIP","floor":47},{"not_picked":["meleeMod_SweetSpot+1","meleeMod_CommandGrab+1"],"picked":"meleeMod_DashDance+1","floor":48},{"not_picked":["meleeMod_Cautious","meleeMod_DashDance"],"picked":"meleeMod_AmsahTech","floor":54}],"player_experience":291180,"relics_obtained":[{"floor":9,"key":"meleeMod_AutoLCanceling"},{"floor":11,"key":"Juzu Bracelet"},{"floor":13,"key":"Vajra"},{"floor":24,"key":"Strawberry"},{"floor":26,"key":"Ornamental Fan"},{"floor":41,"key":"Pen Nib"},{"floor":43,"key":"Shuriken"},{"floor":54,"key":"Whetstone"}],"event_choices":[{"damage_healed":0,"gold_gain":0,"player_choice":"Take Damage","damage_taken":56,"relics_obtained":["Golden Idol"],"max_hp_gain":0,"max_hp_loss":0,"event_name":"Golden Idol","floor":14,"gold_loss":0},{"damage_healed":0,"gold_gain":0,"player_choice":"Ignored","damage_taken":0,"max_hp_gain":0,"max_hp_loss":0,"event_name":"Cursed Tome","floor":19,"gold_loss":0},{"damage_healed":0,"gold_gain":0,"player_choice":"Read","damage_taken":0,"max_hp_gain":0,"max_hp_loss":0,"event_name":"The Library","floor":21,"gold_loss":0,"cards_obtained":["meleeMod_Cautious"]},{"damage_healed":0,"gold_gain":0,"player_choice":"Ignored","damage_taken":0,"max_hp_gain":0,"max_hp_loss":0,"event_name":"Upgrade Shrine","floor":27,"gold_loss":0},{"damage_healed":0,"gold_gain":0,"player_choice":"Embrace Madness","damage_taken":57,"max_hp_gain":0,"max_hp_loss":0,"event_name":"Winding Halls","floor":36,"gold_loss":0,"cards_obtained":["Madness","Madness"]}],"is_beta":false,"boss_relics":[{"not_picked":["Sozu","SacredBark"],"picked":"Tiny House"},{"not_picked":["Runic Pyramid","Coffee Dripper"],"picked":"SlaversCollar"}],"items_purged_floors":[0,20,20,20,20,20,20,20,20,20,20,28,52,52],"is_endless":false,"potions_floor_spawned":[4,5,7,11,16,18,31,33,35,38,41,45,46],"ascension_level":0}}