{"host":"foq4mrde4mssg7vt","time":1609084922,"event":{"mods":["AchievementEnabler","BaseMod","Colored Map","Colored Powertips","Highlight Path","Minty Spire (QoL Compilation)","Relic Stats","everything is the same but u backflip on backflip"],"gold_per_floor":[211,221,221,237,10,42,117,152,224,253,253,68,68,85,85,181,181,191,36,36,52,66,66,85,105,105,205,239,239,266,266,266,266,266],"floor_reached":33,"playtime":1864,"items_purged":["Strike_B","Decay"],"score":495,"play_id":"736b3002-bc6a-4c1b-bf7a-567b88d24c3e","local_time":"20201228000202","is_ascension_mode":true,"campfire_choices":[{"floor":13.0,"key":"REST"},{"data":"Go for the Eyes","floor":15.0,"key":"SMITH"},{"data":"Fission","floor":23.0,"key":"SMITH"},{"data":"Loop","floor":32.0,"key":"SMITH"}],"circlet_count":0,"master_deck":["AscendersBane","Defend_B","Defend_B","Defend_B","Defend_B","Zap","Dualcast","Sweeping Beam+1","Compile Driver","Undo","Cold Snap","Go for the Eyes+1","Electrodynamics","Coolheaded","Barrage","Capacitor","Fission+1","Loop+1","Bite","Bite","Bite","Bite","Bite","White Noise","BootSequence","Genetic Algorithm+1","Conserve Battery"],"relics":["FrozenCore","Dead Branch","Sundial","Dream Catcher","Lee\u0027s Waffle","Ginger","CaptainsWheel","Eternal Feather","Lantern","Bag of Marbles","InkBottle"],"acts_visited":["Exordium","TheCity"],"potions_floor_usage":[],"damage_taken":[{"damage":1.0,"enemies":"2 Louse","floor":1.0,"turns":3.0},{"damage":0.0,"enemies":"Small Slimes","floor":2.0,"turns":3.0},{"damage":1.0,"enemies":"Cultist","floor":4.0,"turns":3.0},{"damage":20.0,"enemies":"Gremlin Nob","floor":6.0,"turns":4.0},{"damage":6.0,"enemies":"Lagavulin","floor":8.0,"turns":8.0},{"damage":15.0,"enemies":"3 Sentries","floor":10.0,"turns":4.0},{"damage":13.0,"enemies":"Large Slime","floor":14.0,"turns":4.0},{"damage":16.0,"enemies":"The Guardian","floor":16.0,"turns":14.0},{"damage":28.0,"enemies":"2 Thieves","floor":18.0,"turns":3.0},{"damage":7.0,"enemies":"Chosen","floor":21.0,"turns":7.0},{"damage":17.0,"enemies":"Centurion and Healer","floor":22.0,"turns":8.0},{"damage":26.0,"enemies":"Cultist and Chosen","floor":24.0,"turns":8.0},{"damage":20.0,"enemies":"Shelled Parasite and Fungi","floor":25.0,"turns":23.0},{"damage":18.0,"enemies":"Colosseum Slavers","floor":27.0,"turns":4.0},{"damage":22.0,"enemies":"Colosseum Nobs","floor":27.0,"turns":6.0},{"damage":28.0,"enemies":"Slavers","floor":28.0,"turns":5.0},{"damage":11.0,"enemies":"Book of Stabbing","floor":30.0,"turns":6.0},{"damage":93,"enemies":"Automaton","floor":33,"turns":12}],"seed_played":"-7367385687372210663","potions_obtained":[{"floor":1.0,"key":"Explosive Potion"},{"floor":14.0,"key":"LiquidBronze"},{"floor":24.0,"key":"Ancient Potion"}],"is_trial":false,"path_per_floor":["M","M","?","M","$","E","?","E","T","E","?","$","R","M","R","B",null,"M","$","?","M","M","R","M","M","T","?","E","?","E","T","R","B"],"character_chosen":"DEFECT","items_purchased":["Cold Snap","Go for the Eyes","Energy Potion","Barrage","Capacitor","Lee\u0027s Waffle"],"campfire_rested":1,"item_purchase_floors":[5,5,5,12,12,19],"current_hp_per_floor":[67,67,67,66,66,46,35,29,29,16,16,16,38,27,27,13,60,34,82,82,81,82,82,72,82,82,54,34,34,33,33,48,0,0],"gold":266,"neow_bonus":"HUNDRED_GOLD","is_daily":false,"chose_seed":false,"campfire_upgraded":3,"win_rate":0.0,"timestamp":1609084922,"path_taken":["M","M","?","M","$","E","?","E","T","E","?","$","R","M","R","BOSS","M","$","?","M","M","R","M","M","T","?","E","?","E","?","R","BOSS"],"items_purchased_type":["Card","Card","Potion","Card","Card","Relic"],"build_version":"2020-12-22","purchased_purges":2,"victory":false,"max_hp_per_floor":[75,75,75,75,75,75,75,75,75,75,75,75,75,75,75,75,75,75,82,82,82,82,82,82,82,82,82,82,82,82,82,82,82,82],"relic_stats":{"Dream Catcher":1,"Lee\u0027s Waffle":48,"counters":[18,124],"Sundial":[16],"Dead Branch":[45],"Eternal Feather":15,"Ginger":[4],"obtain_stats":[{"Lee\u0027s Waffle":19,"Lantern":28,"Dead Branch":6,"Eternal Feather":27,"Ginger":26,"FrozenCore":17,"Blood Vial":8,"Dream Catcher":10,"CaptainsWheel":27,"Sundial":9,"Bag of Marbles":30,"Cracked Core":0,"InkBottle":31},{"Lee\u0027s Waffle":9,"Lantern":16,"Dead Branch":4,"Eternal Feather":15,"Ginger":13,"FrozenCore":8,"Blood Vial":5,"Dream Catcher":6,"CaptainsWheel":15,"Sundial":5,"Bag of Marbles":17,"Cracked Core":0,"InkBottle":17},{"Lee\u0027s Waffle":46,"Lantern":106,"Dead Branch":13,"Eternal Feather":101,"Ginger":92,"FrozenCore":43,"Blood Vial":21,"Dream Catcher":25,"CaptainsWheel":101,"Sundial":21,"Bag of Marbles":112,"Cracked Core":0,"InkBottle":112}],"InkBottle":[4],"FrozenCore":[28]},"card_choices":[{"not_picked":["Steam","Redo"],"picked":"Sweeping Beam","floor":1.0},{"not_picked":["Rebound","Heatsinks"],"picked":"Compile Driver","floor":2.0},{"not_picked":["Compile Driver","Beam Cell"],"picked":"Undo","floor":4.0},{"not_picked":["Turbo","Hologram"],"picked":"Electrodynamics","floor":6.0},{"not_picked":["Blizzard","Sweeping Beam","Rip and Tear"],"picked":"SKIP","floor":8.0},{"not_picked":["Ball Lightning","Hyperbeam"],"picked":"Coolheaded","floor":10.0},{"not_picked":["Blizzard","Go for the Eyes","Sweeping Beam"],"picked":"SKIP","floor":14.0},{"not_picked":["Multi-Cast","Meteor Strike"],"picked":"Fission","floor":16.0},{"not_picked":["Compile Driver","Conserve Battery"],"picked":"Loop","floor":18.0},{"not_picked":["Hologram","Redo","Buffer"],"picked":"SKIP","floor":21.0},{"not_picked":["Force Field","Barrage+1"],"picked":"White Noise","floor":22.0},{"not_picked":["Leap","Rebound+1","Barrage"],"picked":"SKIP","floor":24.0},{"not_picked":["Barrage","Steam+1"],"picked":"BootSequence","floor":25.0},{"not_picked":["Streamline","Glacier+1"],"picked":"Genetic Algorithm+1","floor":27.0},{"not_picked":["Cold Snap","Streamline","Stack"],"picked":"SKIP","floor":28.0},{"not_picked":["Steam","Leap"],"picked":"Conserve Battery","floor":30.0}],"player_experience":296465,"relics_obtained":[{"floor":6.0,"key":"Dead Branch"},{"floor":8.0,"key":"Blood Vial"},{"floor":9.0,"key":"Sundial"},{"floor":10.0,"key":"Dream Catcher"},{"floor":26.0,"key":"Ginger"},{"floor":27.0,"key":"CaptainsWheel"},{"floor":27.0,"key":"Eternal Feather"},{"floor":28.0,"key":"Lantern"},{"floor":30.0,"key":"Bag of Marbles"},{"floor":31.0,"key":"InkBottle"}],"event_choices":[{"damage_healed":0.0,"max_hp_gain":0.0,"max_hp_loss":0.0,"gold_gain":0.0,"event_name":"Living Wall","player_choice":"Grow","floor":3.0,"gold_loss":0.0,"damage_taken":0.0,"cards_upgraded":["Sweeping Beam"]},{"damage_healed":0.0,"max_hp_gain":0.0,"max_hp_loss":0.0,"gold_gain":75.0,"event_name":"World of Goop","player_choice":"Gather Gold","floor":7.0,"gold_loss":0.0,"damage_taken":11.0},{"damage_healed":0.0,"max_hp_gain":0.0,"max_hp_loss":0.0,"gold_gain":0.0,"event_name":"Wheel of Change","player_choice":"Cursed","floor":11.0,"gold_loss":0.0,"damage_taken":0.0,"cards_obtained":["Decay"]},{"damage_healed":0.0,"max_hp_gain":0.0,"max_hp_loss":0.0,"gold_gain":0.0,"event_name":"Vampires","player_choice":"Became a vampire (Vial)","floor":20.0,"relics_lost":["Blood Vial"],"gold_loss":0.0,"damage_taken":0.0,"cards_obtained":["Bite","Bite","Bite","Bite","Bite"]},{"damage_healed":0.0,"max_hp_gain":0.0,"max_hp_loss":0.0,"gold_gain":0.0,"event_name":"Colosseum","player_choice":"Fight","floor":27.0,"gold_loss":0.0,"damage_taken":0.0},{"damage_healed":0.0,"max_hp_gain":0.0,"max_hp_loss":0.0,"gold_gain":0.0,"event_name":"Colosseum","player_choice":"Fought Nobs","floor":27.0,"gold_loss":0.0,"damage_taken":0.0},{"damage_healed":0.0,"max_hp_gain":0.0,"max_hp_loss":0.0,"gold_gain":0.0,"event_name":"Cursed Tome","player_choice":"Ignored","floor":29.0,"gold_loss":0.0,"damage_taken":0.0}],"is_beta":false,"boss_relics":[{"not_picked":["SacredBark","Philosopher\u0027s Stone"],"picked":"FrozenCore"}],"items_purged_floors":[5,12],"is_endless":false,"potions_floor_spawned":[1,8,14,22,24,27],"killed_by":"Automaton","ascension_level":11}}