{"host":"792mtbovsoa03nb3","time":1609041970,"event":{"mods":["BaseMod","Colored Map","Downfall","Infinite Spire","Minty Spire (QoL Compilation)","Spicy Shops","StSLib","The Blue Laboratory","The Jungle"],"gold_per_floor":[115,129,147,147,147,147,167,202,228,228,228],"floor_reached":10,"playtime":230,"items_purged":[],"score":82,"play_id":"7e1bb3c1-74d9-416f-82d0-6d32dc274271","local_time":"20201226200610","is_ascension_mode":true,"campfire_choices":[{"data":"Bloodletting","floor":6,"key":"SMITH"}],"circlet_count":0,"master_deck":["Strike_R","Strike_R","Strike_R","Strike_R","Strike_R","Defend_R","Defend_R","Defend_R","Defend_R","Bash","Clothesline","Bloodletting+1","Shockwave","Regret","Inflame","Inflame"],"relics":["Burning Blood","NeowsBlessing","Happy Flower","Art of War"],"acts_visited":["Exordium"],"potions_floor_usage":[8,8],"damage_taken":[{"damage":0,"enemies":"Jaw Worm","floor":1,"turns":1},{"damage":0,"enemies":"2 Louse","floor":2,"turns":1},{"damage":0,"enemies":"Cultist","floor":3,"turns":1},{"damage":11,"enemies":"Large Slime","floor":7,"turns":6},{"damage":37,"enemies":"Gremlin Nob","floor":8,"turns":4},{"damage":44,"enemies":"3 Sentries","floor":10,"turns":6}],"seed_played":"-5119164628878965966","potions_obtained":[{"floor":2,"key":"ElixirPotion"},{"floor":3,"key":"blueLaboratory:PhilterOfMotion"},{"floor":5,"key":"hexamod:EctoCoolerPotion"}],"is_trial":false,"path_per_floor":["M","M","M","?","?","R","M","E","T","E"],"character_chosen":"IRONCLAD","items_purchased":[],"campfire_rested":0,"item_purchase_floors":[],"current_hp_per_floor":[80,80,80,80,80,80,75,44,44,0,0],"gold":228,"neow_bonus":"THREE_ENEMY_KILL","is_daily":false,"chose_seed":false,"campfire_upgraded":1,"win_rate":0.0,"timestamp":1609041970,"path_taken":["M","M","M","?","?","R","M","E","T","E"],"items_purchased_type":[],"build_version":"2020-12-22","purchased_purges":0,"victory":false,"max_hp_per_floor":[80,80,80,80,80,80,80,80,80,80,80],"card_choices":[{"not_picked":["Warcry","Anger"],"picked":"Clothesline","floor":1},{"not_picked":["True Grit","Warcry"],"picked":"Bloodletting","floor":2},{"not_picked":["Iron Wave","Heavy Blade"],"picked":"Shockwave","floor":3},{"not_picked":["Rage","Clash"],"picked":"Inflame","floor":7},{"not_picked":["Iron Wave","Rupture"],"picked":"Inflame","floor":8}],"player_experience":791167,"relics_obtained":[{"floor":8,"key":"Art of War"}],"event_choices":[{"damage_healed":0,"gold_gain":0,"player_choice":"Box","damage_taken":0,"relics_obtained":["Happy Flower"],"max_hp_gain":0,"max_hp_loss":0,"event_name":"Big Fish","floor":4,"gold_loss":0,"cards_obtained":["Regret"]},{"damage_healed":0,"gold_gain":0,"player_choice":"Got Potions","damage_taken":0,"max_hp_gain":0,"max_hp_loss":0,"event_name":"Lab","floor":5,"gold_loss":0}],"is_beta":false,"boss_relics":[],"items_purged_floors":[],"is_endless":false,"potions_floor_spawned":[2,3],"killed_by":"3 Sentries","ascension_level":4}}