{"host":"w2kjv12xyhtt0cv2","time":1609069791,"event":{"mods":["10 clothes from DAL","Act Like it!","BaseMod","Colored Map","Conspire","Friendly Minions","Gensokyo","Highlight Path","Hubris","Marisa（F雨　魔理沙）","Minty Spire (QoL Compilation)","Quick Restart","Reimu（博丽灵梦）","Relic Stats","Replay The Spire","RumiaBox-露米娅的神秘盒子","Spicy Shops","StSLib","The Servant 0.9.4","UnlockEverythingMod","Waifu the Spire","[功能]功能增强和修复MOD","vexMod","【功能Mod】Neow奖励","【功能Mod】混沌之环修复补丁","【遗物卡牌】REMEMod","没有小屋子和绿帽子啦"],"gold_per_floor":[109,109,109,109,109,136,214,232,232,407,417,445,460,37,37,37,37],"floor_reached":16,"playtime":337,"items_purged":[],"score":174,"play_id":"812e1cff-a587-415b-b1b8-d96ce04d8760","local_time":"20201227194951","is_ascension_mode":true,"campfire_choices":[{"floor":15,"key":"REST"}],"circlet_count":0,"master_deck":["Strike_S","Strike_S","Strike_S","Strike_S","Defend_S","Defend_S","Defend_S","Defend_S","KidneyShot","Exchange","LessonLearned+1","Paverschlev","Spin","ReturningBlade","Doubt","Deny","Potential"],"relics":["Uniform","REME_ComplimentaryCards","AddBug","SecretRecord","SecretRecord","SecretRecord","SecretRecord"],"acts_visited":["Exordium"],"potions_floor_usage":[],"damage_taken":[{"damage":0,"enemies":"Jaw Worm","floor":1,"turns":1},{"damage":22,"enemies":"Lagavulin","floor":6,"turns":4},{"damage":0,"enemies":"2 Louse","floor":8,"turns":1},{"damage":0,"enemies":"Cultist","floor":11,"turns":1},{"damage":0,"enemies":"Gremlin Nob","floor":12,"turns":2},{"damage":15,"enemies":"Exordium Wildlife","floor":13,"turns":2},{"damage":3,"enemies":"The Guardian","floor":16,"turns":2}],"seed_played":"-8561111185807066592","potions_obtained":[{"floor":1,"key":"Fruit Juice"},{"floor":12,"key":"ZuzhouPotion:ReiMu"},{"floor":13,"key":"EssenceOfSteel"}],"is_trial":false,"path_per_floor":["M","?","?","$","?","E","T","M","T","?","M","E","M","$","R","B"],"character_chosen":"THE_SERVANT","items_purchased":["REME_HandOfSuture","Lee\u0027s Waffle","hubris:DuctTape"],"campfire_rested":1,"item_purchase_floors":[14,14,14],"current_hp_per_floor":[47,29,29,29,49,27,27,27,27,27,27,27,12,12,30,27,27],"gold":37,"neow_bonus":"RANDOM_COLORLESS_2","is_daily":false,"chose_seed":false,"campfire_upgraded":0,"win_rate":0.0,"timestamp":1609069791,"path_taken":["M","?","?","?","?","E","?","?","T","?","M","E","M","$","R","BOSS"],"items_purchased_type":["Relic","Relic","Relic"],"build_version":"2020-12-22","purchased_purges":0,"victory":false,"max_hp_per_floor":[65,65,60,60,60,60,60,60,60,60,60,60,60,60,60,60,60],"relic_stats":{"counters":[7,13],"obtain_stats":[{"AddBug":1,"SecretRecord":1,"Uniform":0,"REME_ComplimentaryCards":0},{"AddBug":1,"SecretRecord":1,"Uniform":0,"REME_ComplimentaryCards":0},{"AddBug":1,"SecretRecord":1,"Uniform":0,"REME_ComplimentaryCards":0}]},"card_choices":[{"not_picked":["The Bomb","Magnetism"],"picked":"Paverschlev","floor":0},{"not_picked":["Rewind","Advance"],"picked":"Spin","floor":1},{"not_picked":["Defy","Barrier"],"picked":"ReturningBlade","floor":6},{"not_picked":["Misdirection","ShiftingGears","Alleviate"],"picked":"SKIP","floor":8},{"not_picked":["Alleviate","Defy","FastForward"],"picked":"SKIP","floor":11},{"not_picked":["Spin","Alleviate"],"picked":"Deny","floor":12},{"not_picked":["Defy","Starlight"],"picked":"Potential","floor":13}],"player_experience":25975,"relics_obtained":[{"floor":1,"key":"AddBug"},{"floor":6,"key":"SecretRecord"},{"floor":6,"key":"Regal Pillow"},{"floor":7,"key":"vexMod:Dragonfruit"},{"floor":9,"key":"Snack Pack"},{"floor":12,"key":"SecretRecord"},{"floor":12,"key":"Potion Belt"},{"floor":13,"key":"SecretRecord"}],"event_choices":[{"damage_healed":0,"gold_gain":0,"player_choice":"Success","damage_taken":18,"relics_obtained":["ReplayTheSpireMod:Lightbulb"],"max_hp_gain":0,"max_hp_loss":0,"event_name":"Scrap Ooze","floor":2,"gold_loss":0},{"damage_healed":0,"gold_gain":0,"player_choice":"Lose Max HP","damage_taken":0,"relics_obtained":["Golden Idol"],"max_hp_gain":0,"max_hp_loss":5,"event_name":"Golden Idol","floor":3,"gold_loss":0},{"damage_healed":20,"gold_gain":0,"player_choice":"Banana","damage_taken":0,"max_hp_gain":0,"max_hp_loss":0,"event_name":"Big Fish","floor":5,"gold_loss":0},{"damage_healed":0,"gold_gain":175,"player_choice":"AGREE","damage_taken":0,"max_hp_gain":0,"max_hp_loss":0,"event_name":"Liars Game","floor":10,"gold_loss":0,"cards_obtained":["Doubt"]}],"is_beta":false,"boss_relics":[],"items_purged_floors":[],"is_endless":false,"potions_floor_spawned":[1,12,13],"killed_by":"The Guardian","ascension_level":2}}