{"host":"337p6miwxbqfki03","time":1609086715,"event":{"mods":["BaseMod","Better Third Choice","Colored Map","Conspire","Downfall","Hubris","Minty Spire (QoL Compilation)","Replay The Spire","StSLib","The Hierophant","Unceasing Turn Reminder"],"gold_per_floor":[0,16,16,16,28,48,74,74,84,84,109,109,34,51,61,159,159,159,174,190,204,216,216,286,301,301,315,315,315,330,349,364,364,364,364],"floor_reached":33,"playtime":1712,"items_purged":[],"score":255,"play_id":"e47fd868-c2a8-4e64-b717-0a5785ffdc4f","local_time":"20201227103155","is_ascension_mode":false,"campfire_choices":[{"data":"Slimebound:Split","floor":1.0,"key":"SMITH"},{"data":"Slimebound:RollThrough","floor":8.0,"key":"SMITH"},{"floor":13.0,"key":"REST"},{"data":"Slimebound:DuplicatedForm","floor":18,"key":"SMITH"},{"data":"Slimebound:Schlurp","floor":23,"key":"SMITH"},{"data":"Slimebound:SamplingLick","floor":26,"key":"SMITH"}],"circlet_count":0,"master_deck":["Slimebound:Strike_Slimebound","Slimebound:Strike_Slimebound","Slimebound:Tackle","Slimebound:Defend_Slimebound","Slimebound:Defend_Slimebound","Slimebound:Defend_Slimebound","Slimebound:Defend_Slimebound","Slimebound:Split+1","Slimebound:CorrosiveSpit","Slimebound:LeechLife","Slimebound:FinishingTackle","Slimebound:RollThrough+1","Slimebound:LivingWall","Slimebound:SplitBruiser","Slimebound:HauntingLick","Slimebound:SplitMire","Slimebound:Schlurp+1","Slimebound:DuplicatedForm+1","Slimebound:PressTheAttack+1","Slimebound:ViciousTackle+1","Slimebound:FirmFortitude+1","Slimebound:SpikyOuterGoop","Slimebound:SamplingLick+1","Slimebound:RejuvenatingLick","Slimebound:Replication+1","Slimebound:Equalize","Slimebound:GoopTackle+1"],"relics":["Slimebound:AbsorbEndCombat","hubris:SlimyHat","hubris:MedicalManual","Calipers","downfall:HeartBlessingBlue","Coffee Dripper","Shuriken"],"acts_visited":["Exordium","TheCity"],"potions_floor_usage":[33,33],"damage_taken":[{"damage":17.0,"enemies":"conspire:RoseBush","floor":2.0,"turns":3.0},{"damage":9.0,"enemies":"Jaw Worm","floor":5.0,"turns":3.0},{"damage":0.0,"enemies":"2 Louse","floor":6.0,"turns":2.0},{"damage":1.0,"enemies":"2 Fungi Beasts","floor":9.0,"turns":4.0},{"damage":40.0,"enemies":"Gremlin Nob","floor":11.0,"turns":4.0},{"damage":24.0,"enemies":"Gremlin Gang","floor":14.0,"turns":5.0},{"damage":18.0,"enemies":"conspire:2 RoseBushes","floor":15.0,"turns":4.0},{"damage":84.0,"enemies":"downfall:Ironclad","floor":16.0,"turns":9.0},{"damage":47,"enemies":"Shell Parasite","floor":19,"turns":5},{"damage":55,"enemies":"Centurion and Healer","floor":20,"turns":3},{"damage":60,"enemies":"Sentry and Sphere","floor":21,"turns":4},{"damage":36,"enemies":"Snake Plant","floor":22,"turns":4},{"damage":35,"enemies":"Shelled Parasite and Fungi","floor":25,"turns":4},{"damage":8,"enemies":"Snecko","floor":27,"turns":3},{"damage":28,"enemies":"Snake Plant","floor":30,"turns":2},{"damage":39,"enemies":"Centurion and Healer","floor":31,"turns":5},{"damage":32,"enemies":"Shelled Parasite and Fungi","floor":32,"turns":4},{"damage":123,"enemies":"downfall:Watcher","floor":33,"turns":8}],"seed_played":"-5901748542220979570","potions_obtained":[{"floor":2.0,"key":"Death Potion"},{"floor":5.0,"key":"LiquidBronze"},{"floor":9.0,"key":"SteroidPotion"},{"floor":20,"key":"Elixir"},{"floor":22,"key":"Slimebound:SlimedPotion"},{"floor":31,"key":"Regen Potion"}],"is_trial":false,"path_per_floor":["R","M","?","T","M","M","T","R","M","?","E","?","R","M","M","B",null,"R","M","M","M","M","R","T","M","R","M","?","?","M","M","M","B"],"character_chosen":"SLIMEBOUND","items_purchased":[],"campfire_rested":1,"item_purchase_floors":[],"current_hp_per_floor":[60,55,43,43,50,54,54,54,60,60,38,38,69,64,70,34,70,70,70,62,59,55,55,55,52,52,56,56,56,40,42,63,0,0,0],"gold":364,"neow_bonus":"THREE_RARE_CARDS","is_daily":false,"chose_seed":false,"campfire_upgraded":5,"win_rate":0.0,"timestamp":1609086715,"path_taken":["R","M","?","?","M","M","T","R","M","?","E","?","R","M","M","BOSS","R","M","M","M","?","R","T","M","R","M","?","?","M","M","M","BOSS"],"items_purchased_type":[],"build_version":"2020-12-22","purchased_purges":0,"victory":false,"max_hp_per_floor":[60,60,60,60,60,60,60,60,60,60,60,60,70,70,70,70,70,70,70,70,70,70,70,70,70,70,70,70,70,70,70,70,70,70,70],"card_choices":[{"not_picked":["Slimebound:PrepareCrush","Slimebound:MassRepurpose"],"picked":"Slimebound:LeechLife","floor":0.0},{"not_picked":["Slimebound:SlimeBrawl","Slimebound:Replication"],"picked":"Slimebound:FinishingTackle","floor":2.0},{"not_picked":["Slimebound:Schlurp","Slimebound:SplitAcid"],"picked":"Slimebound:RollThrough","floor":5.0},{"not_picked":["Slimebound:Schlurp","Slimebound:FinishingTackle"],"picked":"Slimebound:LivingWall","floor":6.0},{"not_picked":["Slimebound:FinishingTackle","Slimebound:ForwardTackle"],"picked":"Slimebound:SplitBruiser","floor":9.0},{"not_picked":["Slimebound:SlimeSpikes","Slimebound:DisruptingSlam"],"picked":"Slimebound:HauntingLick","floor":11.0},{"not_picked":["Slimebound:SplitAcid","Slimebound:SplitBruiser"],"picked":"Slimebound:SplitMire","floor":14.0},{"not_picked":["Slimebound:SamplingLick","Slimebound:ComboTackle"],"picked":"Slimebound:Schlurp","floor":15.0},{"not_picked":["Slimebound:MassRepurpose","Slimebound:RallyTheTroops"],"picked":"Slimebound:DuplicatedForm","floor":16.0},{"not_picked":["Slimebound:RollThrough","Slimebound:FinishingTackle+1"],"picked":"Slimebound:PressTheAttack+1","floor":19},{"not_picked":["Slimebound:SlimeSpikes","Slimebound:ComboTackle"],"picked":"Slimebound:ViciousTackle+1","floor":20},{"not_picked":["Slimebound:FinishingTackle","Slimebound:LeechingTouch"],"picked":"Slimebound:FirmFortitude+1","floor":21},{"not_picked":["Slimebound:Grow+1","Slimebound:LeechingTouch"],"picked":"Slimebound:SpikyOuterGoop","floor":22},{"not_picked":["Slimebound:PressTheAttack","Slimebound:LeechEnergy"],"picked":"Slimebound:SamplingLick","floor":25},{"not_picked":["Slimebound:GoopTackle","Slimebound:SlimeSpikes"],"picked":"Slimebound:RejuvenatingLick","floor":27},{"not_picked":["Slimebound:Teamwork","Slimebound:FinishingTackle"],"picked":"Slimebound:Replication+1","floor":30},{"not_picked":["Slimebound:ViciousTackle","Slimebound:Grow+1"],"picked":"Slimebound:Equalize","floor":31},{"not_picked":["Slimebound:SplitBruiser","Slimebound:LeechingTouch+1"],"picked":"Slimebound:GoopTackle+1","floor":32}],"player_experience":190207,"relics_obtained":[{"floor":4.0,"key":"hubris:MedicalManual"},{"floor":11.0,"key":"Calipers"},{"floor":24,"key":"Shuriken"}],"event_choices":[{"damage_healed":0.0,"max_hp_gain":0.0,"max_hp_loss":0.0,"gold_gain":0.0,"event_name":"Scrap Ooze","player_choice":"Success","floor":3.0,"gold_loss":0.0,"damage_taken":12.0,"relics_obtained":["hubris:SlimyHat"]},{"damage_healed":0,"gold_gain":0,"player_choice":"Leave","damage_taken":0,"max_hp_gain":0,"max_hp_loss":0,"event_name":"conspire:Investor","floor":28,"gold_loss":0}],"is_beta":false,"boss_relics":[{"not_picked":["Honey Jar","hubris:VirtuousBlindfold"],"picked":"Coffee Dripper"}],"items_purged_floors":[],"is_endless":false,"potions_floor_spawned":[2,5,9,15,20,22,27,31,32],"killed_by":"downfall:Watcher","ascension_level":0}}