{"host":"gttgmv2wah99hzdm","time":1609107526,"event":{"mods":["AchievementEnabler","BaseMod","Bestiary","Block Reminder","Filter the Spire","Highlight Path","Minty Spire (QoL Compilation)","Permanent Neow","Random Character Button","Relic Stats","StSLib","ojb\u0027s Info Mod"],"gold_per_floor":[109,109,184,194,210,210,236,236,236,0,0,30,30,45,45,141,141,156,169,2,2,20,20,20,20,20,20,41,60,60,103,103,199,199,213,236,236,259,275,316,329,329,356,356,381,420,420,451,451,451,451,451,451,46,80,80],"floor_reached":57,"playtime":4114,"items_purged":["Intimidate"],"score":2680,"play_id":"55125e16-3614-4d4a-bafc-d2baf4ab9f80","local_time":"20201227161846","is_ascension_mode":true,"campfire_choices":[{"data":"Immolate","floor":6.0,"key":"SMITH"},{"data":"Feel No Pain","floor":8.0,"key":"SMITH"},{"data":"Entrench","floor":15.0,"key":"SMITH"},{"data":"Shockwave","floor":23.0,"key":"SMITH"},{"data":"Burning Pact","floor":27.0,"key":"SMITH"},{"floor":32.0,"key":"REST"},{"data":"Juggernaut","floor":42.0,"key":"SMITH"},{"floor":44.0,"key":"RECALL"},{"data":"Bludgeon","floor":49.0,"key":"SMITH"},{"data":"Flame Barrier","floor":53.0,"key":"SMITH"}],"circlet_count":0,"master_deck":["AscendersBane","Immolate+1","Havoc","Carnage","Twin Strike","Seeing Red","Barricade","Metallicize","Burning Pact+1","Flame Barrier+1","Double Tap","Flame Barrier","Entrench+1","Berserk","Shockwave+1","Ghostly","Ghostly","Ghostly","Thunderclap","Clothesline","Armaments","Impervious","Entrench","Evolve","Juggernaut+1","Bludgeon+1","Flame Barrier","Shockwave+1"],"relics":["Pandora\u0027s Box","Gremlin Horn","Eternal Feather","Juzu Bracelet","Golden Idol","Runic Dome","PreservedInsect","Bag of Preparation","Ornamental Fan","Snecko Eye","Omamori","Torii","FossilizedHelix","Happy Flower","Orichalcum","Champion Belt"],"acts_visited":["Exordium","TheCity","TheBeyond","TheEnding"],"potions_floor_usage":[56,56],"damage_taken":[{"damage":0.0,"enemies":"2 Louse","floor":1.0,"turns":1.0},{"damage":0.0,"enemies":"Cultist","floor":4.0,"turns":2.0},{"damage":6.0,"enemies":"Jaw Worm","floor":5.0,"turns":3.0},{"damage":18.0,"enemies":"Lagavulin","floor":7.0,"turns":4.0},{"damage":23.0,"enemies":"Gremlin Nob","floor":12.0,"turns":4.0},{"damage":4.0,"enemies":"2 Fungi Beasts","floor":14.0,"turns":2.0},{"damage":6.0,"enemies":"Slime Boss","floor":16.0,"turns":17.0},{"damage":12.0,"enemies":"Shell Parasite","floor":18.0,"turns":7.0},{"damage":31.0,"enemies":"3 Byrds","floor":19.0,"turns":5.0},{"damage":3.0,"enemies":"Shelled Parasite and Fungi","floor":22.0,"turns":5.0},{"damage":24.0,"enemies":"Cultist and Chosen","floor":28.0,"turns":6.0},{"damage":0.0,"enemies":"Snecko","floor":29.0,"turns":4.0},{"damage":9.0,"enemies":"Slavers","floor":31.0,"turns":4.0},{"damage":4.0,"enemies":"Champ","floor":33.0,"turns":35.0},{"damage":2.0,"enemies":"3 Shapes","floor":35.0,"turns":3.0},{"damage":0.0,"enemies":"3 Darklings","floor":36.0,"turns":4.0},{"damage":1.0,"enemies":"Writhing Mass","floor":38.0,"turns":6.0},{"damage":0.0,"enemies":"Maw","floor":39.0,"turns":9.0},{"damage":0.0,"enemies":"Nemesis","floor":40.0,"turns":11.0},{"damage":0.0,"enemies":"4 Shapes","floor":41.0,"turns":5.0},{"damage":0.0,"enemies":"Spire Growth","floor":45.0,"turns":4.0},{"damage":2.0,"enemies":"Reptomancer","floor":46.0,"turns":5.0},{"damage":2.0,"enemies":"Mind Bloom Boss Battle","floor":48.0,"turns":5.0},{"damage":2.0,"enemies":"Time Eater","floor":50.0,"turns":13.0},{"damage":1.0,"enemies":"Donu and Deca","floor":51.0,"turns":9.0},{"damage":0.0,"enemies":"Shield and Spear","floor":55.0,"turns":6.0},{"damage":43,"enemies":"The Heart","floor":56,"turns":12}],"seed_played":"-6621850059994479097","potions_obtained":[{"floor":1.0,"key":"Explosive Potion"},{"floor":11.0,"key":"FairyPotion"},{"floor":16.0,"key":"LiquidMemories"},{"floor":18.0,"key":"BloodPotion"},{"floor":22.0,"key":"FearPotion"},{"floor":36.0,"key":"AttackPotion"},{"floor":40.0,"key":"Regen Potion"},{"floor":41.0,"key":"CultistPotion"}],"is_trial":false,"path_per_floor":["M","?","?","M","M","R","E","R","T","$","?","E","?","M","R","B",null,"M","M","$","?","M","R","?","?","T","R","M","M","?","E","R","B",null,"M","M","?","M","M","E","M","R","T","R","M","E","?","?","R","B","B",null,"R","$","E","B",null],"character_chosen":"IRONCLAD","items_purchased":["Flame Barrier","Double Tap","PreservedInsect","Happy Flower","Orichalcum"],"campfire_rested":1,"item_purchase_floors":[10,10,20,54,54],"current_hp_per_floor":[68,73,62,62,56,56,38,38,38,38,38,15,15,11,20,14,58,46,15,15,15,12,24,36,36,36,36,12,12,12,3,25,21,32,30,36,36,35,35,35,35,36,36,36,36,34,34,32,36,34,33,35,36,36,36,7],"gold":80,"neow_bonus":"BOSS_RELIC","is_daily":false,"chose_seed":false,"campfire_upgraded":8,"win_rate":0.0,"timestamp":1609107526,"path_taken":["M","?","?","M","M","R","E","R","T","$","?","E","?","M","R","BOSS","M","M","$","?","M","R","?","?","T","R","M","M","?","E","R","BOSS","M","M","?","M","M","E","M","R","T","R","M","E","?","?","R","BOSS","BOSS","R","$","E","BOSS"],"items_purchased_type":["Card","Card","Relic","Relic","Relic"],"build_version":"2020-12-22","purchased_purges":1,"victory":true,"max_hp_per_floor":[75,80,80,80,80,80,80,80,80,80,80,80,72,72,72,72,72,72,72,72,36,36,36,36,36,36,36,36,36,36,36,36,36,36,36,36,36,36,36,36,36,36,36,36,36,36,36,36,36,36,36,36,36,36,36,36],"relic_stats":{"Gremlin Horn":[19,19],"Torii":16,"Happy Flower":[6],"counters":[27,191],"Golden Idol":177,"Eternal Feather":39,"PreservedInsect":229,"Juzu Bracelet":2,"Bag of Preparation":[34],"Orichalcum":[12],"Ornamental Fan":[40],"Snecko Eye":[184,187,162,158],"Pandora\u0027s Box":["Immolate","Havoc","Feel No Pain","Carnage","Twin Strike","Rupture","Seeing Red","Intimidate","Barricade"],"Champion Belt":[3],"obtain_stats":[{"Gremlin Horn":7,"Torii":46,"Happy Flower":54,"Golden Idol":13,"Eternal Feather":9,"PreservedInsect":20,"Juzu Bracelet":12,"Bag of Preparation":26,"Omamori":40,"Orichalcum":54,"Burning Blood":0,"Runic Dome":17,"Ornamental Fan":31,"Snecko Eye":34,"Pandora\u0027s Box":0,"Champion Belt":55,"FossilizedHelix":48},{"Gremlin Horn":4,"Torii":22,"Happy Flower":25,"Golden Idol":5,"Eternal Feather":4,"PreservedInsect":9,"Juzu Bracelet":5,"Bag of Preparation":10,"Omamori":19,"Orichalcum":25,"Burning Blood":0,"Runic Dome":7,"Ornamental Fan":13,"Snecko Eye":14,"Pandora\u0027s Box":0,"Champion Belt":26,"FossilizedHelix":23},{"Gremlin Horn":10,"Torii":146,"Happy Flower":173,"Golden Idol":14,"Eternal Feather":10,"PreservedInsect":45,"Juzu Bracelet":14,"Bag of Preparation":50,"Omamori":132,"Orichalcum":173,"Burning Blood":0,"Runic Dome":33,"Ornamental Fan":64,"Snecko Eye":99,"Pandora\u0027s Box":0,"Champion Belt":179,"FossilizedHelix":151}]},"card_choices":[{"not_picked":["Flex","Cleave"],"picked":"Metallicize","floor":1.0},{"not_picked":["Pummel","Whirlwind"],"picked":"Iron Wave","floor":4.0},{"not_picked":["Thunderclap","Flex"],"picked":"Burning Pact","floor":5.0},{"not_picked":["Heavy Blade","Anger","Havoc"],"picked":"SKIP","floor":7.0},{"not_picked":["Body Slam","Limit Break"],"picked":"Flame Barrier","floor":12.0},{"not_picked":["Iron Wave","Warcry"],"picked":"Entrench","floor":14.0},{"not_picked":["Barricade","Immolate"],"picked":"Berserk","floor":16.0},{"not_picked":["Warcry","Clash","Pommel Strike"],"picked":"SKIP","floor":18.0},{"not_picked":["Body Slam","Clash"],"picked":"Shockwave","floor":19.0},{"not_picked":["Sword Boomerang","Rage"],"picked":"Thunderclap","floor":22.0},{"not_picked":["Combust+1","Cleave","Flex"],"picked":"SKIP","floor":28.0},{"not_picked":["Dropkick","Rampage","Dual Wield+1"],"picked":"SKIP","floor":29.0},{"not_picked":["Hemokinesis","Infernal Blade","Rupture"],"picked":"SKIP","floor":31.0},{"not_picked":["Bludgeon","Fiend Fire"],"picked":"Impervious","floor":33.0},{"not_picked":["Sentinel","Shrug It Off"],"picked":"Entrench","floor":35.0},{"not_picked":["Iron Wave","Shrug It Off"],"picked":"Evolve","floor":36.0},{"not_picked":["Hemokinesis","Clothesline","Shrug It Off+1"],"picked":"SKIP","floor":38.0},{"not_picked":["Shrug It Off","Rage"],"picked":"Juggernaut","floor":39.0},{"not_picked":["Shrug It Off","Exhume"],"picked":"Bludgeon","floor":40.0},{"not_picked":["Shrug It Off","Wild Strike"],"picked":"Flame Barrier","floor":41.0},{"not_picked":["Armaments","Wild Strike+1","Thunderclap"],"picked":"SKIP","floor":45.0},{"not_picked":["Metallicize+1","Pommel Strike"],"picked":"Shockwave+1","floor":46.0},{"not_picked":["Twin Strike","Cleave","Wild Strike+1"],"picked":"SKIP","floor":55.0}],"player_experience":1001550,"relics_obtained":[{"floor":7.0,"key":"Gremlin Horn"},{"floor":9.0,"key":"Eternal Feather"},{"floor":12.0,"key":"Juzu Bracelet"},{"floor":26.0,"key":"Bag of Preparation"},{"floor":31.0,"key":"Ornamental Fan"},{"floor":40.0,"key":"Omamori"},{"floor":46.0,"key":"Torii"},{"floor":48.0,"key":"FossilizedHelix"},{"floor":55.0,"key":"Champion Belt"}],"event_choices":[{"damage_healed":0.0,"max_hp_gain":5.0,"max_hp_loss":0.0,"gold_gain":0.0,"event_name":"Big Fish","player_choice":"Donut","floor":2.0,"gold_loss":0.0,"damage_taken":0.0},{"damage_healed":0.0,"max_hp_gain":0.0,"max_hp_loss":0.0,"gold_gain":75.0,"event_name":"World of Goop","player_choice":"Gather Gold","floor":3.0,"gold_loss":0.0,"damage_taken":11.0},{"damage_healed":0.0,"max_hp_gain":0.0,"max_hp_loss":0.0,"gold_gain":0.0,"event_name":"Lab","player_choice":"Got Potions","floor":11.0,"gold_loss":0.0,"damage_taken":0.0},{"damage_healed":0.0,"max_hp_gain":0.0,"max_hp_loss":8.0,"gold_gain":0.0,"event_name":"Golden Idol","player_choice":"Lose Max HP","floor":13.0,"gold_loss":0.0,"damage_taken":0.0,"relics_obtained":["Golden Idol"]},{"damage_healed":0.0,"max_hp_gain":0.0,"max_hp_loss":36.0,"gold_gain":0.0,"event_name":"Ghosts","player_choice":"Became a Ghost","floor":21.0,"gold_loss":0.0,"damage_taken":0.0,"cards_obtained":["Ghostly","Ghostly","Ghostly"]},{"cards_removed":["Rupture"],"damage_healed":12.0,"max_hp_gain":0.0,"max_hp_loss":0.0,"gold_gain":0.0,"event_name":"Bonfire Elementals","player_choice":"Offered Uncommon","floor":24.0,"gold_loss":0.0,"damage_taken":0.0},{"damage_healed":0.0,"max_hp_gain":0.0,"max_hp_loss":0.0,"gold_gain":0.0,"cards_transformed":["Bash","Iron Wave"],"event_name":"Drug Dealer","player_choice":"Became Test Subject","floor":25.0,"gold_loss":0.0,"damage_taken":0.0,"cards_obtained":["Clothesline","Armaments"]},{"cards_removed":["Feel No Pain"],"damage_healed":0.0,"max_hp_gain":0.0,"max_hp_loss":0.0,"gold_gain":0.0,"event_name":"Falling","player_choice":"Removed Power","floor":37.0,"gold_loss":0.0,"damage_taken":0.0},{"damage_healed":0.0,"max_hp_gain":0.0,"max_hp_loss":0.0,"gold_gain":0.0,"event_name":"SensoryStone","player_choice":"Memory 1","floor":47.0,"gold_loss":0.0,"damage_taken":0.0},{"damage_healed":0.0,"max_hp_gain":0.0,"max_hp_loss":0.0,"gold_gain":0.0,"event_name":"MindBloom","player_choice":"Fight","floor":48.0,"gold_loss":0.0,"damage_taken":0.0}],"is_beta":false,"boss_relics":[{"not_picked":["Calling Bell","Runic Cube"],"picked":"Runic Dome"},{"not_picked":["Sozu","Runic Pyramid"],"picked":"Snecko Eye"}],"items_purged_floors":[54],"is_endless":false,"potions_floor_spawned":[1,12,16,18,22,28,29,36,39,40,41,48],"ascension_level":20}}