{"host":"kq2g769nefmuyn7c","time":1609083349,"event":{"mods":["Act Like it!","BaseMod","Gensokyo","Marisa£®ÏF”Í°°ƒß¿Ì…≥£©","Minty Spire (QoL Compilation)","Reimu£®≤©¿ˆ¡È√Œ£©","Replay The Spire","StSLib"],"gold_per_floor":[110,110,122,65,65,95,95,125,125,125,152,165,197,216,216,316,316,328,328,208,133,133,133,168,168,168,186,186,51,84,96,96,199,199,211,222,222,222,234,261,261,292,317,317,317,113,140,90,90,90,90],"floor_reached":50,"playtime":3777,"items_purged":["Strike_Lin:ReiMu","Writhe","Strike_Lin:ReiMu"],"score":948,"play_id":"5b6a85ec-2570-41f8-b2ae-3165325462e2","local_time":"20201227233549","is_ascension_mode":true,"campfire_choices":[{"data":"Gathering:ReiMu","floor":7.0,"key":"SMITH"},{"data":"SafetyPray:ReiMu","floor":10.0,"key":"SMITH"},{"floor":15.0,"key":"REST"},{"data":"PrepareRite:ReiMu","floor":23.0,"key":"SMITH"},{"data":"AirManeuver:ReiMu","floor":25.0,"key":"SMITH"},{"data":"DependentForm:ReiMu","floor":32.0,"key":"SMITH"},{"data":"Gensokyo:FourOfAKind","floor":41.0,"key":"SMITH"},{"data":"LovePray:ReiMu","floor":44.0,"key":"SMITH"},{"floor":49.0,"key":"RECALL"}],"circlet_count":0,"master_deck":["Defend_Lin:ReiMu","Defend_Lin:ReiMu","Defend_Lin:ReiMu","Defend_Lin:ReiMu","NB:ReiMu+1","Stagnation:ReiMu","Gathering:ReiMu+1","PrepareRite:ReiMu+1","UniversalSpiritual:ReiMu+1","SafetyPray:ReiMu+1","Pot Of Greed+1","AirManeuver:ReiMu+1","LearningPray:ReiMu","FantasyMoon:ReiMu","BlastKick2:ReiMu","Mountainwind:ReiMu","YinYang:ReiMu","Amulet:ReiMu","Gensokyo:FourOfAKind+1","Gensokyo:FourOfAKind","Gensokyo:FourOfAKind","Gensokyo:FourOfAKind","Pot Of Greed+1","LovePray:ReiMu+1","ShadowOfCrow2:ReiMu","OctopathBindingBorder2:ReiMu","SubAcupoint:ReiMu","DependentForm:ReiMu+1","Free:ReiMu","ManaGlint:ReiMu+1","Enchanting:ReiMu+1","Gensokyo:ReactiveArmor","SpringWay:ReiMu+1","Pot Of Greed+1","SafetyPray:ReiMu+1","YinYangSign:ReiMu+1","Meditation:ReiMu+1"],"relics":["FlyPower:ReiMu","NeowsBlessing","ReplayTheSpireMod:Lightbulb","Grinning Jar","Replay:Bottled Eggs","HornCleat","Bottled Lightning","Replay:Bronze Core","Gensokyo:DemonMask","Onion Ring","Mastiff:ReiMu","Smiling Mask","Coffee Dripper","Gensokyo:EmptyGrave","Bronze Scales","Happy Flower","CheatingSign:ReiMu","ReplayTheSpireMod:TigerMarble"],"acts_visited":["Gensokyo:Gensokyo","Gensokyo:Gensokyoer","Gensokyo:Gensokyoest"],"potions_floor_usage":[50],"damage_taken":[{"damage":0.0,"enemies":"Gensokyo:3_Fairies","floor":1.0,"turns":2.0},{"damage":0.0,"enemies":"Gensokyo:Gryphon","floor":3.0,"turns":1.0},{"damage":0.0,"enemies":"Gensokyo:Cirno","floor":6.0,"turns":2.0},{"damage":14.0,"enemies":"Gensokyo:Aya","floor":8.0,"turns":12.0},{"damage":0.0,"enemies":"Gensokyo:Mamizou","floor":11.0,"turns":11.0},{"damage":10.0,"enemies":"Gensokyo:Python","floor":12.0,"turns":6.0},{"damage":15.0,"enemies":"Gensokyo:Aya","floor":13.0,"turns":9.0},{"damage":11.0,"enemies":"Gensokyo:Gryphon_and_Rabbit","floor":14.0,"turns":8.0},{"damage":8.0,"enemies":"Gensokyo:Yukari","floor":16.0,"turns":11.0},{"damage":1.0,"enemies":"Gensokyo:AngelMirror","floor":18.0,"turns":6.0},{"damage":0.0,"enemies":"Gensokyo:Koishi","floor":24.0,"turns":8.0},{"damage":4.0,"enemies":"Gensokyo:3_Dogs","floor":27.0,"turns":5.0},{"damage":10.0,"enemies":"Gensokyo:Tenshi","floor":30.0,"turns":5.0},{"damage":0.0,"enemies":"Gensokyo:Wraith","floor":31.0,"turns":5.0},{"damage":2.0,"enemies":"Gensokyo:Eiki","floor":33.0,"turns":8.0},{"damage":11.0,"enemies":"Gensokyo:AncientGuardian","floor":35.0,"turns":6.0},{"damage":9.0,"enemies":"Gensokyo:3_Bats","floor":36.0,"turns":3.0},{"damage":0.0,"enemies":"Gensokyo:Dusk_and_Dawn","floor":39.0,"turns":5.0},{"damage":14.0,"enemies":"Gensokyo:Marisa","floor":40.0,"turns":5.0},{"damage":1.0,"enemies":"Gensokyo:Doremy","floor":42.0,"turns":6.0},{"damage":13.0,"enemies":"Gensokyo:Kasen","floor":47.0,"turns":8.0},{"damage":11,"enemies":"Gensokyo:Shinki","floor":50,"turns":4}],"seed_played":"-8678874440995580158","potions_obtained":[{"floor":1.0,"key":"BlessingOfTheForge"},{"floor":6.0,"key":"Strength Potion"},{"floor":8.0,"key":"ZuzhouPotion:ReiMu"},{"floor":24.0,"key":"PinkPotion:ReiMu"},{"floor":27.0,"key":"Milkshake"},{"floor":31.0,"key":"LiquidFlight:ReiMu"},{"floor":47.0,"key":"Elixir"}],"is_trial":false,"path_per_floor":["M","?","M","$","?","E","R","E","T","R","E","M","E","M","R","B",null,"M","?","?","$","?","R","E","R","T","M","?","$","E","M","R","B",null,"M","M","?","?","M","E","R","E","T","R","?","COS","E","$","R","B"],"character_chosen":"REIMU","items_purchased":["UniversalSpiritual:ReiMu+1","OctopathBindingBorder2:ReiMu"],"campfire_rested":1,"item_purchase_floors":[4,29],"current_hp_per_floor":[59,59,59,59,59,59,59,45,45,45,45,35,20,9,28,20,54,53,46,46,46,46,46,46,46,46,42,42,42,32,32,32,30,42,31,22,22,22,22,8,29,28,28,28,22,22,9,9,9,0,0],"gold":90,"neow_bonus":"THREE_ENEMY_KILL","is_daily":false,"chose_seed":false,"campfire_upgraded":7,"win_rate":0.0,"timestamp":1609083349,"path_taken":["M","?","M","$","?","E","R","E","T","R","E","M","E","M","R","BOSS","M","?","?","$","?","R","E","R","T","?","?","$","E","M","R","BOSS","M","M","?","?","M","E","R","E","T","R","?","COS","E","$","R","BOSS"],"items_purchased_type":["Card","Card"],"build_version":"2020-12-22","purchased_purges":3,"victory":false,"max_hp_per_floor":[65,65,65,65,65,65,65,65,65,65,65,65,65,65,65,65,65,65,46,46,46,46,46,46,46,46,46,46,46,46,46,46,46,46,46,46,46,43,43,43,43,43,43,43,43,43,43,43,43,43,43],"card_choices":[{"not_picked":["Meditation:ReiMu","RainPray2:ReiMu"],"picked":"Gathering:ReiMu","floor":1.0},{"not_picked":["WonderfulDomain:ReiMu","RainPray2:ReiMu"],"picked":"PrepareRite:ReiMu","floor":3.0},{"not_picked":["WonderfulDomain:ReiMu","EmergencyTakeOff:ReiMu"],"picked":"SafetyPray:ReiMu","floor":6.0},{"not_picked":["YinYangSign:ReiMu","UniversalSpiritual:ReiMu"],"picked":"AirManeuver:ReiMu","floor":8.0},{"not_picked":["SubcavityInstant:ReiMu","OctopathBindingBorder2:ReiMu"],"picked":"LearningPray:ReiMu","floor":11.0},{"not_picked":["Meditation:ReiMu","OrbThrow:ReiMu"],"picked":"FantasyMoon:ReiMu","floor":12.0},{"not_picked":["Mountainwind:ReiMu","AirStrike:ReiMu"],"picked":"BlastKick2:ReiMu","floor":13.0},{"not_picked":["KamiSacrifice:ReiMu","Amulet:ReiMu"],"picked":"Mountainwind:ReiMu","floor":14.0},{"not_picked":["BlastKick2:ReiMu","OctopathSalyBorderN:ReiMu"],"picked":"YinYang:ReiMu","floor":16.0},{"not_picked":["Meditation:ReiMu","SubcavityInstant:ReiMu"],"picked":"Amulet:ReiMu","floor":18.0},{"not_picked":["SpringWay:ReiMu","Conquer:ReiMu"],"picked":"ShadowOfCrow2:ReiMu","floor":24.0},{"not_picked":["RainPray2:ReiMu","UpKicking:ReiMu","SpreadBorder2:ReiMu"],"picked":"SKIP","floor":27.0},{"not_picked":["SubcavityInstant:ReiMu+1","Enchanting:ReiMu"],"picked":"SubAcupoint:ReiMu","floor":30.0},{"not_picked":["OrbThrow:ReiMu","UniversalSpiritual:ReiMu"],"picked":"DependentForm:ReiMu","floor":31.0},{"not_picked":["HakureiPhantom:ReiMu","DependentForm:ReiMu"],"picked":"Free:ReiMu","floor":33.0},{"not_picked":["SpringWay:ReiMu","SafetyPray:ReiMu"],"picked":"ManaGlint:ReiMu+1","floor":35.0},{"not_picked":["SpiritualOutbreak2:ReiMu","AirStrike:ReiMu"],"picked":"Enchanting:ReiMu+1","floor":36.0},{"not_picked":["WonderfulDomain:ReiMu+1","AlertArray:ReiMu"],"picked":"SpringWay:ReiMu+1","floor":39.0},{"not_picked":["Mountainwind:ReiMu","RainPray2:ReiMu"],"picked":"SafetyPray:ReiMu+1","floor":40.0},{"not_picked":["SafetyPray:ReiMu","LovePray:ReiMu"],"picked":"YinYangSign:ReiMu+1","floor":42.0},{"not_picked":["CeremonyResonance:ReiMu","Amulet:ReiMu+1"],"picked":"Meditation:ReiMu+1","floor":47.0}],"player_experience":113796,"relics_obtained":[{"floor":6.0,"key":"ReplayTheSpireMod:Lightbulb"},{"floor":8.0,"key":"Grinning Jar"},{"floor":9.0,"key":"Replay:Bottled Eggs"},{"floor":11.0,"key":"HornCleat"},{"floor":13.0,"key":"Bottled Lightning"},{"floor":24.0,"key":"Onion Ring"},{"floor":26.0,"key":"Mastiff:ReiMu"},{"floor":30.0,"key":"Smiling Mask"},{"floor":40.0,"key":"Bronze Scales"},{"floor":42.0,"key":"Happy Flower"}],"event_choices":[],"is_beta":false,"boss_relics":[{"not_picked":["Black Star","Calling Bell"],"picked":"Replay:Bronze Core"},{"not_picked":["DonationBox:ReiMu","Runic Pyramid"],"picked":"Coffee Dripper"}],"items_purged_floors":[21,29,48],"is_endless":false,"potions_floor_spawned":[1,6,8,12,24,27,31,33,36,39,47],"killed_by":"Gensokyo:Shinki","ascension_level":8}}