{"host":"52zmxm0oht7x0uft","time":1609108751,"event":{"mods":["AchievementEnabler","BaseMod","Minty Spire (QoL Compilation)","Quick Restart"],"gold_per_floor":[115,127,127,139,64,64,82,97,146,173,188,263,263,263,263,364,364,377,38,56,73,73,73,86,121,121,121,46,46,76,92,92,196,196,211,230,230,230,230],"floor_reached":38,"playtime":2168,"items_purged":["Strike_R","Strike_R"],"score":554,"play_id":"a6769b8d-6257-4d49-a01e-48a83765ce3b","local_time":"20201227233911","is_ascension_mode":true,"campfire_choices":[{"data":"Disarm","floor":6,"key":"SMITH"},{"data":"Entrench","floor":13,"key":"SMITH"},{"data":"Disarm","floor":15,"key":"SMITH"},{"data":"Flame Barrier","floor":23,"key":"SMITH"},{"floor":27,"key":"RECALL"},{"data":"Entrench","floor":32,"key":"SMITH"}],"circlet_count":0,"master_deck":["Strike_R+1","Strike_R+1","Defend_R+1","Defend_R+1","Defend_R+1","Defend_R+1","Bash","Body Slam+1","Disarm+1","Iron Wave","Entrench+1","Disarm+1","Flame Barrier+1","Necronomicurse","Entrench+1"],"relics":["Burning Blood","Potion Belt","Kunai","Busted Crown","Singing Bowl","Bag of Preparation","Frozen Egg 2","Necronomicon","Meat on the Bone","Coffee Dripper"],"acts_visited":["Exordium","TheCity","TheBeyond"],"potions_floor_usage":[10,25,38,38,38],"damage_taken":[{"damage":8,"enemies":"Jaw Worm","floor":1,"turns":5},{"damage":1,"enemies":"Cultist","floor":2,"turns":4},{"damage":0,"enemies":"2 Louse","floor":4,"turns":2},{"damage":8,"enemies":"Blue Slaver","floor":7,"turns":5},{"damage":5,"enemies":"2 Fungi Beasts","floor":8,"turns":4},{"damage":30,"enemies":"Lagavulin","floor":10,"turns":10},{"damage":11,"enemies":"Red Slaver","floor":11,"turns":5},{"damage":31,"enemies":"The Guardian","floor":16,"turns":19},{"damage":31,"enemies":"Spheric Guardian","floor":18,"turns":8},{"damage":8,"enemies":"Shell Parasite","floor":20,"turns":12},{"damage":6,"enemies":"Snecko","floor":21,"turns":8},{"damage":0,"enemies":"Snake Plant","floor":24,"turns":6},{"damage":4,"enemies":"Book of Stabbing","floor":25,"turns":8},{"damage":6,"enemies":"Slavers","floor":30,"turns":12},{"damage":17,"enemies":"3 Cultists","floor":31,"turns":8},{"damage":41,"enemies":"Automaton","floor":33,"turns":14},{"damage":18,"enemies":"3 Shapes","floor":35,"turns":7},{"damage":0,"enemies":"Orb Walker","floor":36,"turns":5},{"damage":121,"enemies":"2 Orb Walkers","floor":38,"turns":8}],"seed_played":"-4891445475553873105","potions_obtained":[{"floor":1,"key":"Strength Potion"},{"floor":7,"key":"AttackPotion"},{"floor":11,"key":"Ancient Potion"},{"floor":21,"key":"GamblersBrew"},{"floor":25,"key":"ElixirPotion"},{"floor":30,"key":"ElixirPotion"},{"floor":36,"key":"ColorlessPotion"}],"is_trial":false,"path_per_floor":["M","M","?","M","$","R","M","M","T","E","M","?","R","?","R","B",null,"M","$","M","M","?","R","M","E","T","R","?","?","E","M","R","B",null,"M","M","?","?"],"character_chosen":"IRONCLAD","items_purchased":["Singing Bowl"],"campfire_rested":0,"item_purchase_floors":[19],"current_hp_per_floor":[86,88,88,88,88,88,86,87,87,63,58,47,47,47,47,22,88,63,63,61,63,63,63,71,75,75,75,75,59,59,62,62,41,98,88,96,96,0,0],"gold":230,"neow_bonus":"TEN_PERCENT_HP_BONUS","is_daily":false,"chose_seed":false,"campfire_upgraded":5,"win_rate":0.0,"timestamp":1609108751,"path_taken":["M","M","?","M","$","R","M","M","T","E","?","?","R","?","R","BOSS","M","$","M","M","?","R","M","E","T","R","?","?","E","M","R","BOSS","M","M","?","?"],"items_purchased_type":["Relic"],"build_version":"2020-12-22","purchased_purges":2,"victory":false,"max_hp_per_floor":[88,88,88,88,88,88,88,88,88,88,88,88,88,88,88,88,88,88,88,88,90,90,90,92,94,94,94,94,94,94,96,96,98,98,100,102,97,97,97],"card_choices":[{"not_picked":["Twin Strike","Headbutt"],"picked":"Body Slam","floor":1},{"not_picked":["Clothesline","Havoc","Feel No Pain"],"picked":"SKIP","floor":2},{"not_picked":["Thunderclap","Clothesline"],"picked":"Disarm","floor":4},{"not_picked":["Perfected Strike","Body Slam"],"picked":"Iron Wave","floor":7},{"not_picked":["Fire Breathing","Clash"],"picked":"Entrench","floor":8},{"not_picked":["Inflame","Bloodletting","Twin Strike"],"picked":"SKIP","floor":10},{"not_picked":["Sever Soul","Combust"],"picked":"Disarm","floor":11},{"not_picked":["Hemokinesis"],"picked":"SKIP","floor":18},{"not_picked":[],"picked":"Flame Barrier","floor":20},{"not_picked":["Sword Boomerang"],"picked":"Singing Bowl","floor":21},{"not_picked":["Dropkick+1"],"picked":"Singing Bowl","floor":24},{"not_picked":["Infernal Blade"],"picked":"Singing Bowl","floor":25},{"not_picked":[],"picked":"Entrench","floor":30},{"not_picked":["Evolve+1"],"picked":"Singing Bowl","floor":31},{"not_picked":["Reaper"],"picked":"Singing Bowl","floor":33},{"not_picked":["Shrug It Off"],"picked":"Singing Bowl","floor":35},{"not_picked":["Thunderclap"],"picked":"Singing Bowl","floor":36}],"player_experience":325477,"relics_obtained":[{"floor":9,"key":"Potion Belt"},{"floor":10,"key":"Kunai"},{"floor":25,"key":"Bag of Preparation"},{"floor":26,"key":"Frozen Egg 2"},{"floor":29,"key":"Necronomicon"},{"floor":30,"key":"Meat on the Bone"}],"event_choices":[{"damage_healed":0,"gold_gain":0,"player_choice":"Forge","damage_taken":0,"max_hp_gain":0,"max_hp_loss":0,"event_name":"Accursed Blacksmith","floor":3,"gold_loss":0,"cards_upgraded":["Body Slam"]},{"damage_healed":0,"gold_gain":75,"player_choice":"Gather Gold","damage_taken":11,"max_hp_gain":0,"max_hp_loss":0,"event_name":"World of Goop","floor":12,"gold_loss":0},{"damage_healed":0,"gold_gain":0,"player_choice":"Ignored","damage_taken":0,"max_hp_gain":0,"max_hp_loss":0,"event_name":"Liars Game","floor":14,"gold_loss":0},{"damage_healed":0,"gold_gain":0,"player_choice":"Simplicity","damage_taken":0,"max_hp_gain":0,"max_hp_loss":0,"event_name":"Back to Basics","floor":22,"gold_loss":0,"cards_upgraded":["Strike_R","Strike_R","Strike_R","Defend_R","Defend_R","Defend_R","Defend_R"]},{"cards_removed":["Strike_R"],"damage_healed":0,"gold_gain":0,"player_choice":"Gave Gold","damage_taken":0,"max_hp_gain":0,"max_hp_loss":0,"event_name":"Beggar","floor":28,"gold_loss":75},{"damage_healed":0,"gold_gain":0,"player_choice":"Obtained Book","damage_taken":16,"max_hp_gain":0,"max_hp_loss":0,"event_name":"Cursed Tome","floor":29,"gold_loss":0},{"damage_healed":0,"gold_gain":0,"player_choice":"Max HP","damage_taken":0,"max_hp_gain":0,"max_hp_loss":5,"event_name":"Winding Halls","floor":37,"gold_loss":0},{"damage_healed":0,"gold_gain":0,"player_choice":"Fight","damage_taken":0,"max_hp_gain":0,"max_hp_loss":0,"event_name":"Mysterious Sphere","floor":38,"gold_loss":0}],"is_beta":false,"boss_relics":[{"not_picked":["Mark of Pain","Runic Dome"],"picked":"Busted Crown"},{"not_picked":["Snecko Eye","Cursed Key"],"picked":"Coffee Dripper"}],"items_purged_floors":[5,19],"is_endless":false,"potions_floor_spawned":[1,7,11,21,25,30,36],"killed_by":"2 Orb Walkers","ascension_level":4}}