{"host":"tknto047uabgu3zm","time":1609041632,"event":{"mods":["AchievementEnabler","BaseMod","Bestiary","Block Reminder","Colored Map","Colored Powertips","Highlight Path","Minty Spire (QoL Compilation)","MonsterHotkey","Permanent Neow","Random Character Button","Rare Cards Sparkle","Relic Sorter","Relic Stats","StSLib"],"gold_per_floor":[116,116,134,153,167,167,224,224,277,291,291,307,323,159,159,258,258,278,278,69,69,119,119,138,138,207,207,222,222,222,265,265,265,265],"floor_reached":33,"playtime":1218,"items_purged":[],"score":509,"play_id":"4e6dd8ad-4407-4b6e-aeef-012aa46dead3","local_time":"20201226200032","is_ascension_mode":true,"campfire_choices":[{"data":"Bash","floor":8.0,"key":"SMITH"},{"floor":15,"key":"REST"},{"floor":23,"key":"REST"},{"floor":25,"key":"REST"},{"floor":29,"key":"REST"},{"floor":32,"key":"REST"}],"circlet_count":0,"master_deck":["AscendersBane","Strike_R","Strike_R","Strike_R","Strike_R","Defend_R+1","Defend_R","Bash+1","Metallicize","Power Through","Sever Soul","Dropkick","Headbutt","Fire Breathing","Flex","Battle Trance","Double Tap+1","Corruption","Disarm","Dark Embrace","Feel No Pain","Shame","Cleave","Feel No Pain","Shockwave","Fire Breathing","Fire Breathing"],"relics":["Burning Blood","Strawberry","Dream Catcher","Golden Idol","Red Skull","Fusion Hammer","Pen Nib","War Paint","Blue Candle","Mercury Hourglass"],"acts_visited":["Exordium","TheCity"],"potions_floor_usage":[16,27],"damage_taken":[{"damage":6.0,"enemies":"Cultist","floor":1.0,"turns":3.0},{"damage":16.0,"enemies":"Jaw Worm","floor":3.0,"turns":4.0},{"damage":0.0,"enemies":"2 Louse","floor":4.0,"turns":3.0},{"damage":1.0,"enemies":"Blue Slaver","floor":5.0,"turns":4.0},{"damage":27.0,"enemies":"Gremlin Nob","floor":7.0,"turns":4.0},{"damage":20.0,"enemies":"Large Slime","floor":10.0,"turns":7.0},{"damage":4.0,"enemies":"3 Louse","floor":12.0,"turns":5.0},{"damage":4.0,"enemies":"Red Slaver","floor":13.0,"turns":4.0},{"damage":43,"enemies":"Hexaghost","floor":16,"turns":8},{"damage":35,"enemies":"3 Byrds","floor":18,"turns":5},{"damage":15,"enemies":"Chosen","floor":24,"turns":5},{"damage":0,"enemies":"Slavers","floor":27,"turns":1},{"damage":12,"enemies":"Snecko","floor":28,"turns":5},{"damage":31,"enemies":"Gremlin Leader","floor":31,"turns":7},{"damage":99,"enemies":"Champ","floor":33,"turns":13}],"seed_played":"1995545033040782959","potions_obtained":[{"floor":1.0,"key":"Swift Potion"},{"floor":3.0,"key":"Dexterity Potion"},{"floor":4.0,"key":"Block Potion"},{"floor":10.0,"key":"FairyPotion"},{"floor":18,"key":"SmokeBomb"},{"floor":31,"key":"SpeedPotion"}],"is_trial":false,"path_per_floor":["M","?","M","M","M","$","?","R","T","M","?","M","M","$","R","B",null,"M","?","$","?","?","R","M","R","T","E","M","R","?","E","R","B"],"character_chosen":"IRONCLAD","items_purchased":["Red Skull","Feel No Pain","Pen Nib"],"campfire_rested":5,"item_purchase_floors":[14,20,20],"current_hp_per_floor":[50,50,40,46,51,51,37,37,37,23,23,25,27,27,49,12,59,30,30,30,30,30,52,43,65,65,71,65,74,74,49,71,0,0],"gold":265,"neow_bonus":"REMOVE_TWO","is_daily":false,"chose_seed":false,"campfire_upgraded":1,"win_rate":0.0,"timestamp":1609041632,"path_taken":["M","?","M","?","M","$","?","R","T","M","?","M","M","$","R","BOSS","M","?","$","?","?","R","?","R","T","E","M","R","?","E","R","BOSS"],"items_purchased_type":["Relic","Card","Relic"],"build_version":"2020-12-22","purchased_purges":0,"victory":false,"max_hp_per_floor":[75,75,75,75,75,75,82,82,82,82,74,74,74,74,74,74,74,74,74,74,74,74,74,74,74,74,74,74,74,74,74,74,74,74],"relic_stats":{"Dream Catcher":5,"counters":[15,78],"Golden Idol":55,"Blue Candle":[2],"Pen Nib":[6],"War Paint":["Defend_R","Double Tap"],"obtain_stats":[{"Dream Catcher":9,"Golden Idol":11,"Strawberry":7,"Blue Candle":26,"Fusion Hammer":17,"Pen Nib":20,"War Paint":21,"Burning Blood":0,"Red Skull":14,"Mercury Hourglass":31},{"Dream Catcher":5,"Golden Idol":6,"Strawberry":4,"Blue Candle":11,"Fusion Hammer":9,"Pen Nib":10,"War Paint":10,"Burning Blood":0,"Red Skull":8,"Mercury Hourglass":14},{"Dream Catcher":18,"Golden Idol":25,"Strawberry":14,"Blue Candle":52,"Fusion Hammer":42,"Pen Nib":47,"War Paint":47,"Burning Blood":0,"Red Skull":34,"Mercury Hourglass":65}],"Burning Blood":84,"Mercury Hourglass":[6]},"card_choices":[{"not_picked":["Rupture","Clothesline"],"picked":"Metallicize","floor":1.0},{"not_picked":["Headbutt","Entrench"],"picked":"Power Through","floor":3.0},{"not_picked":["Wild Strike","Clothesline"],"picked":"Sever Soul","floor":4.0},{"not_picked":["Pommel Strike","Dark Embrace"],"picked":"Dropkick","floor":5.0},{"not_picked":["Pommel Strike","Armaments"],"picked":"Headbutt","floor":7.0},{"not_picked":["Perfected Strike","Havoc"],"picked":"Fire Breathing","floor":10.0},{"not_picked":["Warcry","Iron Wave"],"picked":"Flex","floor":12.0},{"not_picked":["Carnage","Heavy Blade"],"picked":"Battle Trance","floor":13.0},{"not_picked":["Iron Wave","Headbutt"],"picked":"Double Tap","floor":15},{"not_picked":["Demon Form","Reaper"],"picked":"Corruption","floor":16},{"not_picked":["Clash","Anger+1"],"picked":"Disarm","floor":18},{"not_picked":["Dual Wield","Clothesline"],"picked":"Cleave","floor":23},{"not_picked":["Twin Strike","Pommel Strike"],"picked":"Feel No Pain","floor":24},{"not_picked":["Iron Wave","Perfected Strike"],"picked":"Shockwave","floor":25},{"not_picked":["True Grit","Headbutt"],"picked":"Fire Breathing","floor":28},{"not_picked":["Twin Strike","Armaments+1"],"picked":"Fire Breathing","floor":31}],"player_experience":480955,"relics_obtained":[{"floor":9.0,"key":"Dream Catcher"},{"floor":26,"key":"Blue Candle"},{"floor":31,"key":"Mercury Hourglass"}],"event_choices":[{"cards_removed":["Defend_R"],"damage_healed":0.0,"max_hp_gain":0.0,"max_hp_loss":0.0,"gold_gain":0.0,"event_name":"Purifier","player_choice":"Purged","floor":2.0,"gold_loss":0.0,"damage_taken":0.0},{"damage_healed":0.0,"max_hp_gain":0.0,"max_hp_loss":0.0,"gold_gain":0.0,"event_name":"Dead Adventurer","player_choice":"Searched \u00272\u0027 times","floor":7.0,"gold_loss":0.0,"damage_taken":0.0,"relics_obtained":["Strawberry"]},{"damage_healed":0.0,"max_hp_gain":0.0,"max_hp_loss":8.0,"gold_gain":0.0,"event_name":"Golden Idol","player_choice":"Lose Max HP","floor":11.0,"gold_loss":0.0,"damage_taken":0.0,"relics_obtained":["Golden Idol"]},{"damage_healed":0,"gold_gain":0,"player_choice":"Read","damage_taken":0,"max_hp_gain":0,"max_hp_loss":0,"event_name":"The Library","floor":19,"gold_loss":0,"cards_obtained":["Dark Embrace"]},{"damage_healed":0,"gold_gain":0,"player_choice":"Stole Relic","damage_taken":0,"relics_obtained":["War Paint"],"max_hp_gain":0,"max_hp_loss":0,"event_name":"Addict","floor":21,"gold_loss":0,"cards_obtained":["Shame"]},{"damage_healed":0,"gold_gain":50,"player_choice":"Pray","damage_taken":0,"max_hp_gain":0,"max_hp_loss":0,"event_name":"Golden Shrine","floor":22,"gold_loss":0},{"damage_healed":0,"gold_gain":0,"player_choice":"Ignored","damage_taken":0,"max_hp_gain":0,"max_hp_loss":0,"event_name":"Ghosts","floor":30,"gold_loss":0}],"is_beta":false,"boss_relics":[{"not_picked":["Empty Cage","Black Star"],"picked":"Fusion Hammer"}],"items_purged_floors":[],"is_endless":false,"potions_floor_spawned":[1,3,4,10,12,18,31],"killed_by":"Champ","ascension_level":17}}