{"host":"wgutmjbkdh3egq5e","time":1609101558,"event":{"mods":["BaseMod","Bestiary","Colored Powertips","Defuse TimeMaze Blight","Minty Spire (QoL Compilation)","Relic Stats","StSLib"],"gold_per_floor":[117,117,132,145,220,220,220,11,36,36,49,79,52,80,80,177,177,189,201,20,31,31,65,65,65,142,142,153,153,153],"floor_reached":29,"playtime":1777,"items_purged":["Fire Breathing"],"score":314,"play_id":"eb8d1b00-f1e7-4001-821a-96bfea34302d","local_time":"20201227213918","is_ascension_mode":true,"campfire_choices":[{"data":"Flame Barrier","floor":6,"key":"SMITH"},{"floor":10,"key":"REST"},{"floor":15,"key":"REST"},{"floor":27,"key":"REST"}],"circlet_count":0,"master_deck":["Bash","Flame Barrier+1","Double Tap","Disarm","Dropkick","Hemokinesis","Limit Break","Warcry","Anger","Sever Soul","Clothesline","Fire Breathing","Battle Trance","Iron Wave","Feel No Pain","Corruption","Dark Embrace","Shrug It Off","Shrug It Off","Metallicize","Wild Strike+1","J.A.X.","Headbutt+1","Shrug It Off"],"relics":["Pandora\u0027s Box","Sling","MealTicket","Darkstone Periapt","Smiling Mask","SlaversCollar","Blood Vial","Ornamental Fan"],"acts_visited":["Exordium","TheCity"],"potions_floor_usage":[12,16,23,23,28],"damage_taken":[{"damage":23,"enemies":"Small Slimes","floor":1,"turns":4},{"damage":14,"enemies":"Jaw Worm","floor":3,"turns":3},{"damage":0,"enemies":"2 Louse","floor":4,"turns":3},{"damage":13,"enemies":"Blue Slaver","floor":11,"turns":4},{"damage":24,"enemies":"3 Sentries","floor":12,"turns":4},{"damage":13,"enemies":"Gremlin Nob","floor":14,"turns":4},{"damage":15,"enemies":"Hexaghost","floor":16,"turns":6},{"damage":0,"enemies":"3 Byrds","floor":18,"turns":4},{"damage":28,"enemies":"Shell Parasite","floor":19,"turns":9},{"damage":23,"enemies":"Centurion and Healer","floor":21,"turns":7},{"damage":15,"enemies":"Book of Stabbing","floor":23,"turns":6},{"damage":35,"enemies":"Snake Plant","floor":28,"turns":5},{"damage":15,"enemies":"Cultist and Chosen","floor":29,"turns":3}],"seed_played":"4866574365626013273","potions_obtained":[{"floor":1,"key":"CultistPotion"},{"floor":3,"key":"DistilledChaos"},{"floor":4,"key":"GamblersBrew"},{"floor":14,"key":"Block Potion"},{"floor":16,"key":"EssenceOfSteel"},{"floor":21,"key":"AttackPotion"},{"floor":23,"key":"BlessingOfTheForge"},{"floor":28,"key":"Strength Potion"}],"is_trial":false,"path_per_floor":["M","?","M","M","?","R","?","$","T","R","M","E","$","E","R","B",null,"M","M","$","M","?","E","?","T","T","R","M","M"],"character_chosen":"IRONCLAD","items_purchased":["Sling","Clothesline","Iron Wave","Shrug It Off","Metallicize"],"campfire_rested":3,"item_purchase_floors":[8,8,13,20,20],"current_hp_per_floor":[57,57,43,43,32,32,25,25,25,49,36,12,27,14,38,23,66,66,38,53,30,30,15,15,15,15,39,6,0,0],"gold":153,"neow_bonus":"BOSS_RELIC","is_daily":false,"chose_seed":false,"campfire_upgraded":1,"win_rate":0.0,"timestamp":1609101558,"path_taken":["M","?","M","M","?","R","?","$","T","R","M","E","?","E","R","BOSS","M","M","$","M","?","E","?","?","T","R","M","M"],"items_purchased_type":["Relic","Card","Card","Card","Card"],"build_version":"2020-12-22","purchased_purges":1,"victory":false,"max_hp_per_floor":[80,80,80,80,80,80,80,80,80,80,80,80,80,80,80,80,80,80,80,80,80,80,80,80,80,80,80,80,80,80],"relic_stats":{"Darkstone Periapt":0,"Blood Vial":4,"counters":[13,62],"Ornamental Fan":[4],"Pandora\u0027s Box":["Flame Barrier","Double Tap","Disarm","Dropkick","Hemokinesis","Limit Break","Limit Break","Warcry","Brutality"],"MealTicket":30,"Smiling Mask":25,"obtain_stats":[{"Darkstone Periapt":12,"Blood Vial":23,"SlaversCollar":17,"Ornamental Fan":26,"Pandora\u0027s Box":0,"MealTicket":9,"Sling":8,"Smiling Mask":14,"Burning Blood":0},{"Darkstone Periapt":5,"Blood Vial":11,"SlaversCollar":7,"Ornamental Fan":11,"Pandora\u0027s Box":0,"MealTicket":3,"Sling":3,"Smiling Mask":6,"Burning Blood":0},{"Darkstone Periapt":18,"Blood Vial":54,"SlaversCollar":28,"Ornamental Fan":54,"Pandora\u0027s Box":0,"MealTicket":10,"Sling":10,"Smiling Mask":22,"Burning Blood":0}]},"card_choices":[{"not_picked":["Combust","Sentinel"],"picked":"Anger","floor":1},{"not_picked":["Hemokinesis","Sword Boomerang"],"picked":"Sever Soul","floor":3},{"not_picked":["Heavy Blade","Perfected Strike","Hemokinesis"],"picked":"SKIP","floor":4},{"not_picked":["Flex","Body Slam"],"picked":"Fire Breathing","floor":11},{"not_picked":["Body Slam","Armaments"],"picked":"Battle Trance","floor":12},{"not_picked":["Blood for Blood","Carnage"],"picked":"Feel No Pain","floor":14},{"not_picked":["Berserk","Brutality"],"picked":"Corruption","floor":16},{"not_picked":["Sword Boomerang","Anger"],"picked":"Dark Embrace","floor":18},{"not_picked":["Havoc","Disarm"],"picked":"Shrug It Off","floor":19},{"not_picked":["Perfected Strike","Body Slam+1"],"picked":"Wild Strike+1","floor":21},{"not_picked":["Warcry","Intimidate"],"picked":"Headbutt+1","floor":23},{"not_picked":["Seeing Red","Searing Blow"],"picked":"Shrug It Off","floor":28}],"player_experience":813261,"relics_obtained":[{"floor":9,"key":"MealTicket"},{"floor":12,"key":"Darkstone Periapt"},{"floor":14,"key":"Smiling Mask"},{"floor":23,"key":"Blood Vial"},{"floor":26,"key":"Ornamental Fan"}],"event_choices":[{"damage_healed":0,"gold_gain":0,"cards_transformed":["Brutality"],"player_choice":"Change","damage_taken":0,"max_hp_gain":0,"max_hp_loss":0,"event_name":"Living Wall","floor":2,"gold_loss":0,"cards_obtained":["Fire Breathing"]},{"damage_healed":0,"gold_gain":75,"player_choice":"Gather Gold","damage_taken":11,"max_hp_gain":0,"max_hp_loss":0,"event_name":"World of Goop","floor":5,"gold_loss":0},{"cards_removed":["Limit Break"],"damage_healed":0,"gold_gain":0,"player_choice":"Card Removal","damage_taken":7,"max_hp_gain":0,"max_hp_loss":0,"event_name":"Golden Wing","floor":7,"gold_loss":0},{"damage_healed":0,"gold_gain":0,"player_choice":"Obtain J.A.X.","damage_taken":0,"max_hp_gain":0,"max_hp_loss":0,"event_name":"Drug Dealer","floor":22,"gold_loss":0,"cards_obtained":["J.A.X."]},{"damage_healed":0,"gold_gain":0,"player_choice":"Ignored","damage_taken":0,"max_hp_gain":0,"max_hp_loss":0,"event_name":"Cursed Tome","floor":24,"gold_loss":0}],"is_beta":false,"boss_relics":[{"not_picked":["Philosopher\u0027s Stone","Black Star"],"picked":"SlaversCollar"}],"items_purged_floors":[20],"is_endless":false,"potions_floor_spawned":[1,3,4,14,16,21,23,28],"killed_by":"Cultist and Chosen","ascension_level":5}}