{"host":"kos1s9q8ffr8fqos","time":1609043288,"event":{"mods":["AchievementEnabler","AlwaysNeverKeys","BaseMod","Bestiary","Better Altar","Better Match","Better Note","Better Sensory Stone","Better Skull","Better Third Choice","Better Vampires","Colored Map","Colored Powertips","Curses Come First","Downfall","Hermit","Infinite Spire","Jorbs\u0027s Wanderer Trilogy","Minty Spire (QoL Compilation)","Quick Restart","Random Character Button","Relic Stats","Replay The Spire","StSLib","The Blue Laboratory","The Disciple","The Hierophant"],"gold_per_floor":[99,99,99,99,374,299,299,313,341,164,89,89,89,89,106,201,201,201,211,230,242,252,252,326,326,342,356,356,356,381,392,407,510,510,435,446,456,456,510,510,510,537,549,137,137,72,72,82,96,96],"floor_reached":51,"playtime":2522,"items_purged":["Regret","Guardian:Strike_Guardian","Guardian:Defend_Guardian"],"score":832,"play_id":"40ae871f-63fc-434b-9197-399c856a6fac","local_time":"20201226222808","is_ascension_mode":true,"campfire_choices":[{"floor":1,"key":"RECALL"},{"data":"Guardian:RefractedBeam","floor":11,"key":"SMITH"},{"data":"Guardian:RefractedBeam+1","floor":13,"key":"SMITH"},{"data":"Guardian:FierceBash","floor":18,"key":"SMITH"},{"data":"Guardian:SphericShield","floor":23,"key":"SMITH"},{"data":"Guardian:RefractedBeam+3","floor":25,"key":"SMITH"},{"data":"Guardian:RefractedBeam+4","floor":29,"key":"SMITH"},{"data":"Guardian:BaubleBeam","floor":35,"key":"SMITH"},{"data":"Guardian:RefractedBeam+5","floor":40,"key":"SMITH"},{"data":"expansioncontent:DefensiveStance","floor":47,"key":"SMITH"}],"circlet_count":0,"master_deck":["Guardian:Strike_Guardian","Guardian:Strike_Guardian","Guardian:Strike_Guardian","Guardian:Defend_Guardian","Guardian:Defend_Guardian","Guardian:Defend_Guardian","Guardian:TwinSlam+1","Guardian:RefractedBeam+6","Guardian:SphericShield+1","expansioncontent:Hexaburn","Guardian:FierceBash+1","AbeCurse","Guardian:Harden+1","Guardian:PolyBeam+1","Guardian:SphericShield","Guardian:CrystalBeam","Guardian:BaubleBeam+1","Guardian:ShieldSpikes+1","Guardian:Orbwalk+1","Guardian:ChargeUp+1","infinitespire:FutureSight","Guardian:SpikerProtocol+1","Guardian:Repulse+1","Guardian:DecasProtection+1","Guardian:PrismaticBeam","Guardian:PrismaticBeam","expansioncontent:DefensiveStance+1","Madness","Guardian:ShieldCharger"],"relics":["Snecko Eye","Guardian:PickAxe","FossilizedHelix","downfall:HeartBlessingRed","infinitespire:Lychee Nut","downfall:HeartBlessingBlue","Abe\u0027s Treasure","ReplayTheSpireMod:Shallot","Smiling Mask","Replay:Bronze Core","downfall:HeartBlessingGreen","Gambling Chip","Chameleon Ring","Ornamental Fan","Thread and Needle"],"acts_visited":["Exordium","TheCity","TheBeyond"],"potions_floor_usage":[27,33,39],"damage_taken":[{"damage":0,"enemies":"2 Louse","floor":8,"turns":2},{"damage":8,"enemies":"Replay:BlueRogue","floor":9,"turns":5},{"damage":2,"enemies":"downfall:FleeingMerchant","floor":10,"turns":4},{"damage":0,"enemies":"Jaw Worm","floor":15,"turns":1},{"damage":52,"enemies":"downfall:Defect","floor":16,"turns":6},{"damage":0,"enemies":"3 Byrds","floor":19,"turns":3},{"damage":0,"enemies":"Shell Parasite","floor":20,"turns":3},{"damage":0,"enemies":"Sentry and Sphere","floor":21,"turns":3},{"damage":0,"enemies":"Snecko","floor":22,"turns":3},{"damage":0,"enemies":"Cultist and Chosen","floor":26,"turns":3},{"damage":0,"enemies":"Centurion and Healer","floor":27,"turns":3},{"damage":0,"enemies":"Book of Stabbing","floor":30,"turns":4},{"damage":0,"enemies":"Sentry and Sphere","floor":31,"turns":3},{"damage":0,"enemies":"Snecko","floor":32,"turns":3},{"damage":5,"enemies":"downfall:Ironclad","floor":33,"turns":7},{"damage":0,"enemies":"3 Shapes","floor":36,"turns":3},{"damage":0,"enemies":"Orb Walker","floor":37,"turns":3},{"damage":0,"enemies":"2 Orb Walkers","floor":39,"turns":4},{"damage":0,"enemies":"R_Hoarder","floor":42,"turns":6},{"damage":0,"enemies":"Writhing Mass","floor":43,"turns":3},{"damage":0,"enemies":"downfall:FleeingMerchant","floor":44,"turns":4},{"damage":0,"enemies":"downfall:FleeingMerchant","floor":46,"turns":5},{"damage":0,"enemies":"4 Shapes","floor":48,"turns":5},{"damage":0,"enemies":"Transient","floor":49,"turns":5},{"damage":0,"enemies":"downfall:Watcher","floor":50,"turns":5}],"seed_played":"7512932953620149071","potions_obtained":[{"floor":16,"key":"Fire Potion"},{"floor":19,"key":"SteroidPotion"},{"floor":22,"key":"blueLaboratory:ForbiddenFruitJuice"},{"floor":26,"key":"blueLaboratory:LouseDecoction"},{"floor":32,"key":"GamblersBrew"},{"floor":33,"key":"SpeedPotion"},{"floor":39,"key":"AttackPotion"}],"is_trial":false,"path_per_floor":["R","?","?","T","?","R","T","M","E","$","R","?","R","?","M","B",null,"R","M","M","M","M","R","T","R","M","M","?","R","E","M","M","B",null,"R","M","M","?","?","R","T","E","M","$","?","$","R","M","M","B",null],"character_chosen":"GUARDIAN","items_purchased":["expansioncontent:Hexaburn","Guardian:PrismaticBeam","Thread and Needle"],"campfire_rested":0,"item_purchase_floors":[10,44,44],"current_hp_per_floor":[80,62,62,62,62,62,62,62,54,58,68,68,68,68,68,18,70,70,70,70,70,70,70,70,70,70,70,70,70,70,70,70,66,70,70,70,70,53,59,59,59,65,70,70,70,70,70,70,70,70],"gold":96,"neow_bonus":"BOSS_RELIC","is_daily":false,"chose_seed":false,"campfire_upgraded":9,"win_rate":0.0,"timestamp":1609043288,"path_taken":["R","?","?","?","?","R","T","?","E","$","R","?","R","?","M","BOSS","R","M","M","M","M","R","T","R","M","M","?","R","E","M","M","BOSS","R","M","M","?","?","R","T","E","M","$","?","?","R","M","M","BOSS"],"items_purchased_type":["Card","Card","Relic"],"build_version":"2020-12-22","purchased_purges":3,"victory":true,"max_hp_per_floor":[80,80,80,80,80,80,80,80,60,60,70,70,70,70,70,70,70,70,70,70,70,70,70,70,70,70,70,70,70,70,70,70,70,70,70,70,70,70,70,70,70,70,70,70,70,70,70,70,70,70],"relic_stats":{"counters":[25,96],"Ornamental Fan":[44],"Gambling Chip":[16],"Snecko Eye":[179,160,186,167],"Smiling Mask":125,"obtain_stats":[{"downfall:HeartBlessingRed":6,"Guardian:ModeShifter":0,"downfall:HeartBlessingGreen":35,"Thread and Needle":44,"Smiling Mask":30,"Guardian:PickAxe":2,"Chameleon Ring":41,"ReplayTheSpireMod:Shallot":24,"infinitespire:Lychee Nut":9,"downfall:HeartBlessingBlue":11,"Ornamental Fan":42,"Replay:Bronze Core":34,"Gambling Chip":39,"Snecko Eye":0,"FossilizedHelix":4,"Abe\u0027s Treasure":17},{"downfall:HeartBlessingRed":0,"Guardian:ModeShifter":0,"downfall:HeartBlessingGreen":15,"Thread and Needle":21,"Smiling Mask":12,"Guardian:PickAxe":0,"Chameleon Ring":18,"ReplayTheSpireMod:Shallot":9,"infinitespire:Lychee Nut":2,"downfall:HeartBlessingBlue":3,"Ornamental Fan":19,"Replay:Bronze Core":15,"Gambling Chip":18,"Snecko Eye":0,"FossilizedHelix":0,"Abe\u0027s Treasure":5},{"downfall:HeartBlessingRed":0,"Guardian:ModeShifter":0,"downfall:HeartBlessingGreen":53,"Thread and Needle":76,"Smiling Mask":40,"Guardian:PickAxe":0,"Chameleon Ring":63,"ReplayTheSpireMod:Shallot":30,"infinitespire:Lychee Nut":7,"downfall:HeartBlessingBlue":11,"Ornamental Fan":69,"Replay:Bronze Core":53,"Gambling Chip":63,"Snecko Eye":0,"FossilizedHelix":0,"Abe\u0027s Treasure":18}]},"card_choices":[{"not_picked":["Guardian:PrimingBeam","Guardian:RollAttack"],"picked":"Guardian:RefractedBeam","floor":8},{"not_picked":["Guardian:TemporalShield","Guardian:DonusPower"],"picked":"Guardian:SphericShield","floor":9},{"not_picked":["Guardian:PiercingHide","Guardian:Planning","Guardian:TemporalStrike"],"picked":"SKIP","floor":10},{"not_picked":["Guardian:GuardianWhirl","Guardian:EvasiveProtocol","Guardian:Gem_Lightblue"],"picked":"SKIP","floor":15},{"not_picked":["Guardian:GatlingBeam","Guardian:ExploitGems"],"picked":"Guardian:FierceBash","floor":16},{"not_picked":["Guardian:VentSteam+1","Guardian:Gem_Green"],"picked":"Guardian:Harden+1","floor":19},{"not_picked":["Guardian:Gem_Crimson","Guardian:Recover","Guardian:PrismaticBarrier"],"picked":"SKIP","floor":20},{"not_picked":["Guardian:TemporalStrike+1","Guardian:Incinerate+1","Guardian:Suspension"],"picked":"SKIP","floor":21},{"not_picked":["Guardian:Reroute","Guardian:VentSteam+1"],"picked":"Guardian:PolyBeam+1","floor":22},{"not_picked":["Guardian:Reroute+1","Guardian:PiercingHide"],"picked":"Guardian:SphericShield","floor":26},{"not_picked":["Guardian:Suspension","Guardian:PiercingHide"],"picked":"Guardian:CrystalBeam","floor":27},{"not_picked":["Guardian:BronzeOrb+1","Guardian:SentryBeam"],"picked":"Guardian:BaubleBeam","floor":30},{"not_picked":["Guardian:Gem_Green","Guardian:Suspension"],"picked":"Guardian:ShieldSpikes+1","floor":31},{"not_picked":["Guardian:Preprogram","Guardian:Recover","Guardian:EvasiveProtocol"],"picked":"SKIP","floor":32},{"not_picked":["Guardian:SphericShield","Guardian:HyperBeam_Guardian"],"picked":"Guardian:Gem_Synthetic","floor":33},{"not_picked":["Guardian:Suspension+1","Guardian:ChargeCore+1"],"picked":"Guardian:Orbwalk+1","floor":36},{"not_picked":["Guardian:PolyBeam","Guardian:Reroute+1"],"picked":"Guardian:ChargeUp+1","floor":37},{"not_picked":["infinitespire:Oblivion","infinitespire:Punishment"],"picked":"infinitespire:FutureSight","floor":38},{"not_picked":["Guardian:GuardianWhirl+1","Guardian:Suspension+1"],"picked":"Guardian:SpikerProtocol+1","floor":39},{"not_picked":["Guardian:Gem_Crimson","Guardian:Gem_Green"],"picked":"Guardian:Repulse+1","floor":42},{"not_picked":["Guardian:Suspension+1","Guardian:PrimingBeam+1"],"picked":"Guardian:DecasProtection+1","floor":43},{"not_picked":["Guardian:ChargeCore","Guardian:Suspension","Guardian:TemporalShield"],"picked":"SKIP","floor":44},{"not_picked":["expansioncontent:SlimeTackle","expansioncontent:YouAreMine"],"picked":"expansioncontent:DefensiveStance","floor":45},{"not_picked":["HandOfGreed","Replay:Bootleg Shield Generator"],"picked":"Madness","floor":45},{"not_picked":["Guardian:Recover+1","Guardian:Gem_Cyan","Guardian:Harden"],"picked":"SKIP","floor":46},{"not_picked":["Guardian:GuardianWhirl+1","Guardian:CrystalBeam+1"],"picked":"Guardian:ShieldCharger","floor":48},{"not_picked":["Guardian:WalkerClaw","Guardian:Gem_Green","Guardian:ArmoredProtocol"],"picked":"SKIP","floor":49}],"player_experience":1277475,"relics_obtained":[{"floor":4,"key":"FossilizedHelix"},{"floor":9,"key":"infinitespire:Lychee Nut"},{"floor":24,"key":"ReplayTheSpireMod:Shallot"},{"floor":30,"key":"Smiling Mask"},{"floor":39,"key":"Gambling Chip"},{"floor":41,"key":"Chameleon Ring"},{"floor":42,"key":"Ornamental Fan"}],"event_choices":[{"cards_removed":["Guardian:CurlUp"],"damage_healed":0,"gold_gain":0,"player_choice":"Card Removal","damage_taken":0,"max_hp_gain":0,"max_hp_loss":0,"event_name":"The Cleric","floor":12,"gold_loss":0},{"damage_healed":0,"gold_gain":0,"player_choice":"Fight","damage_taken":0,"max_hp_gain":0,"max_hp_loss":0,"event_name":"Mysterious Sphere","floor":39,"gold_loss":0},{"damage_healed":0,"gold_gain":3,"player_choice":"1","damage_taken":0,"max_hp_gain":0,"max_hp_loss":0,"event_name":"betterStone:BetterStone","floor":45,"gold_loss":0}],"is_beta":false,"boss_relics":[{"not_picked":["Runic Pyramid","Replay:Drink Me"],"picked":"Abe\u0027s Treasure"},{"not_picked":["SacredBark","Calling Bell"],"picked":"Replay:Bronze Core"}],"items_purged_floors":[10,44,46],"is_endless":false,"potions_floor_spawned":[16,19,22,26,32,33,39,43,48,49],"ascension_level":1}}