{"host":"9gczkbtdkbhjojey","time":1609095461,"event":{"mods":["BaseMod","Colored Map","Minty Spire (QoL Compilation)","Quick Restart","StSLib","[功能]功能增强和修复MOD"],"gold_per_floor":[119,119,104,116,116,133,133,143,220,220,210,210,224,249,249,350,350,363,363,363,380,398,398,398,358,358,368,468,468,468,468,468,568,568,580,591,591,591,591,591,591,591,591,602,627,643,643,643,643,643,643,643,643,674,674],"floor_reached":56,"playtime":3800,"items_purged":["Pain","Strike_P","Defend_P","Strike_P","Defend_P"],"score":1371,"play_id":"ae62b68a-1beb-4213-b251-ccc6e2c18760","local_time":"20201228025741","is_ascension_mode":false,"campfire_choices":[{"data":"Apotheosis","floor":10,"key":"SMITH"},{"data":"Eruption","floor":15,"key":"SMITH"},{"data":"FollowUp","floor":23,"key":"SMITH"},{"floor":30,"key":"RECALL"},{"data":"Crescendo","floor":32,"key":"SMITH"},{"data":"MentalFortress","floor":41,"key":"SMITH"},{"data":"1","floor":49,"key":"LIFT"},{"data":"2","floor":52,"key":"LIFT"}],"circlet_count":0,"master_deck":["Defend_P+1","Eruption+1","Vigilance+1","Crescendo+1","Apotheosis+1","EmptyBody+1","FollowUp+1","FlurryOfBlows+1","Establishment+1","EmptyMind+1","Perseverance+1","Scrawl+1","Meditate+1","MentalFortress+1","SandsOfTime+1","Adaptation"],"relics":["PureWater","Ginger","Toxic Egg 2","Pear","Anchor","Blue Candle","Lee\u0027s Waffle","Mummified Hand","Lantern","Toolbox","Blood Vial","Empty Cage","MealTicket","Kunai","Cauldron","Matryoshka","GoldenEye","Molten Egg 2","TheAbacus","Whetstone","White Beast Statue","Sling","Busted Crown","Bottled Lightning","Mercury Hourglass","Dead Branch","Dream Catcher","Strange Spoon","Strawberry","Bird Faced Urn","Boot","Toy Ornithopter","Girya","Melange","War Paint","Bottled Tornado","Medical Kit","Sundial"],"acts_visited":["Exordium","TheCity","TheBeyond","TheEnding"],"potions_floor_usage":[54,55,55],"damage_taken":[{"damage":8,"enemies":"Small Slimes","floor":1,"turns":3},{"damage":4,"enemies":"Cultist","floor":4,"turns":3},{"damage":0,"enemies":"Jaw Worm","floor":6,"turns":3},{"damage":9,"enemies":"Gremlin Gang","floor":8,"turns":4},{"damage":0,"enemies":"Large Slime","floor":13,"turns":2},{"damage":6,"enemies":"Lagavulin","floor":14,"turns":5},{"damage":48,"enemies":"The Guardian","floor":16,"turns":7},{"damage":2,"enemies":"Spheric Guardian","floor":18,"turns":3},{"damage":0,"enemies":"3 Byrds","floor":21,"turns":4},{"damage":0,"enemies":"Centurion and Healer","floor":22,"turns":3},{"damage":0,"enemies":"Cultist and Chosen","floor":27,"turns":3},{"damage":1,"enemies":"Champ","floor":33,"turns":5},{"damage":16,"enemies":"3 Shapes","floor":35,"turns":3},{"damage":0,"enemies":"3 Darklings","floor":36,"turns":2},{"damage":0,"enemies":"Maw","floor":44,"turns":4},{"damage":0,"enemies":"Nemesis","floor":45,"turns":3},{"damage":10,"enemies":"4 Shapes","floor":46,"turns":3},{"damage":1,"enemies":"Awakened One","floor":50,"turns":5},{"damage":0,"enemies":"Shield and Spear","floor":54,"turns":3},{"damage":12,"enemies":"The Heart","floor":55,"turns":7}],"seed_played":"3511223076471279553","potions_obtained":[{"floor":1,"key":"FearPotion"},{"floor":1,"key":"Regen Potion"},{"floor":4,"key":"EssenceOfSteel"},{"floor":20,"key":"LiquidMemories"},{"floor":20,"key":"Energy Potion"},{"floor":36,"key":"Ambrosia"},{"floor":54,"key":"Strength Potion"}],"is_trial":false,"path_per_floor":["M","?","$","M","$","M","?","M","T","R","$","?","M","E","R","B",null,"M","?","$","M","M","R","?","?","T","M","?","$","R","$","R","B",null,"M","M","$","?","$","?","R","?","T","M","E","M","$","?","R","B",null,"R","$","E","B",null],"character_chosen":"WATCHER","items_purchased":["Apotheosis","Toxic Egg 2","Pear","Anchor","Blue Candle","Lee\u0027s Waffle","Mummified Hand","Lantern","Toolbox","FollowUp","MealTicket","Kunai","Cauldron","Perseverance+1","GoldenEye","Molten Egg 2","TheAbacus","Whetstone","White Beast Statue","Sling","Bottled Lightning","Mercury Hourglass","MentalFortress","Dead Branch","Dream Catcher","Strange Spoon","SandsOfTime+1","Toy Ornithopter","Girya","Melange","War Paint","Bottled Tornado","Medical Kit","Adaptation","Strength Potion"],"campfire_rested":0,"item_purchase_floors":[3,3,3,5,5,5,11,11,11,11,20,20,20,20,29,29,29,31,31,31,37,37,37,39,39,39,47,47,47,47,53,53,53,53,53],"current_hp_per_floor":[64,50,60,56,89,89,89,80,80,80,80,80,80,74,74,28,89,87,87,87,89,89,89,72,72,72,74,74,89,89,94,94,93,94,78,80,94,94,94,94,94,94,101,101,101,93,101,101,101,101,101,101,101,101,93],"gold":674,"neow_bonus":"ONE_RARE_RELIC","is_daily":false,"chose_seed":false,"campfire_upgraded":5,"win_rate":0.0,"timestamp":1609095461,"path_taken":["M","?","$","M","$","M","?","M","T","R","$","?","?","E","R","BOSS","M","?","$","M","?","R","?","?","T","?","?","$","R","$","R","BOSS","M","?","$","?","$","?","R","?","T","?","E","M","$","?","R","BOSS","R","$","E","BOSS"],"items_purchased_type":["Card","Relic","Relic","Relic","Relic","Relic","Relic","Relic","Relic","Card","Relic","Relic","Relic","Card","Relic","Relic","Relic","Relic","Relic","Relic","Relic","Relic","Card","Relic","Relic","Relic","Card","Relic","Relic","Relic","Relic","Relic","Relic","Card","Potion"],"build_version":"2020-12-22","purchased_purges":5,"victory":true,"max_hp_per_floor":[72,72,82,82,89,89,89,89,89,89,89,89,89,89,89,89,89,89,89,89,89,89,89,94,94,94,94,94,94,94,94,94,94,94,94,94,94,94,94,94,94,94,101,101,101,101,101,101,101,101,101,101,101,101,101],"card_choices":[{"not_picked":["PathToVictory","DeceiveReality"],"picked":"Crescendo","floor":1},{"not_picked":["ThirdEye+1","Conclude","Crescendo+1"],"picked":"SKIP","floor":4},{"not_picked":["Collect+1","SashWhip","Wireheading"],"picked":"SKIP","floor":6},{"not_picked":["CutThroughFate","Evaluate+1"],"picked":"EmptyBody+1","floor":8},{"not_picked":["Evaluate+1","EmptyBody+1"],"picked":"FlurryOfBlows","floor":13},{"not_picked":["Halt+1","Wallop","SashWhip"],"picked":"SKIP","floor":14},{"not_picked":["SpiritShield+1","DevaForm"],"picked":"Establishment","floor":16},{"not_picked":["Prostrate+1","WreathOfFlame+1"],"picked":"EmptyMind+1","floor":18},{"not_picked":["FollowUp","Evaluate+1"],"picked":"Scrawl+1","floor":21},{"not_picked":["Halt+1","FlyingSleeves"],"picked":"FlurryOfBlows","floor":22},{"not_picked":["Vengeance+1","Adaptation+1"],"picked":"Meditate+1","floor":27},{"not_picked":["Wireheading+1"],"picked":"SKIP","floor":35},{"not_picked":["ThirdEye+1"],"picked":"SKIP","floor":36},{"not_picked":["CutThroughFate+1"],"picked":"SKIP","floor":44},{"not_picked":["Pray+1"],"picked":"SKIP","floor":45},{"not_picked":["ClearTheMind+1"],"picked":"SKIP","floor":46},{"not_picked":["SignatureMove+1"],"picked":"SKIP","floor":54}],"player_experience":101286,"relics_obtained":[{"floor":14,"key":"Blood Vial"},{"floor":26,"key":"Matryoshka"},{"floor":43,"key":"Strawberry"},{"floor":43,"key":"Bird Faced Urn"},{"floor":45,"key":"Boot"},{"floor":54,"key":"Sundial"}],"event_choices":[{"damage_healed":0,"gold_gain":0,"player_choice":"Entered Light","damage_taken":14,"max_hp_gain":0,"max_hp_loss":0,"event_name":"Shining Light","floor":2,"gold_loss":0,"cards_upgraded":["Strike_P","Defend_P"]},{"damage_healed":0,"gold_gain":0,"player_choice":"Leave","damage_taken":0,"max_hp_gain":0,"max_hp_loss":0,"event_name":"The Cleric","floor":7,"gold_loss":0},{"damage_healed":0,"gold_gain":0,"player_choice":"0 cards matched","damage_taken":0,"max_hp_gain":0,"max_hp_loss":0,"event_name":"Match and Keep!","floor":12,"gold_loss":0,"cards_obtained":[]},{"cards_removed":["Strike_P"],"damage_healed":0,"gold_gain":0,"player_choice":"Offered Basic","damage_taken":0,"max_hp_gain":0,"max_hp_loss":0,"event_name":"Bonfire Elementals","floor":19,"gold_loss":0},{"damage_healed":0,"gold_gain":0,"player_choice":"Shed Blood","damage_taken":22,"max_hp_gain":5,"max_hp_loss":0,"event_name":"Forgotten Altar","floor":24,"gold_loss":0},{"damage_healed":0,"gold_gain":0,"player_choice":"Upgraded Two","damage_taken":0,"max_hp_gain":0,"max_hp_loss":0,"event_name":"Designer","floor":25,"gold_loss":40,"cards_upgraded":["Establishment","Vigilance"]},{"damage_healed":0,"gold_gain":100,"player_choice":"Pray","damage_taken":0,"max_hp_gain":0,"max_hp_loss":0,"event_name":"Golden Shrine","floor":28,"gold_loss":0},{"damage_healed":0,"gold_gain":0,"player_choice":"Memory 1","damage_taken":0,"max_hp_gain":0,"max_hp_loss":0,"event_name":"SensoryStone","floor":38,"gold_loss":0},{"damage_healed":0,"gold_gain":0,"player_choice":"Ignored","damage_taken":0,"max_hp_gain":0,"max_hp_loss":0,"event_name":"Tomb of Lord Red Mask","floor":40,"gold_loss":0},{"damage_healed":0,"gold_gain":0,"player_choice":"Ignored","damage_taken":0,"max_hp_gain":0,"max_hp_loss":0,"event_name":"Purifier","floor":42,"gold_loss":0},{"cards_removed":["FlurryOfBlows"],"damage_healed":0,"gold_gain":0,"player_choice":"Removed Attack","damage_taken":0,"max_hp_gain":0,"max_hp_loss":0,"event_name":"Falling","floor":48,"gold_loss":0}],"is_beta":false,"boss_relics":[{"not_picked":["Fusion Hammer","Pandora\u0027s Box"],"picked":"Empty Cage"},{"not_picked":["Snecko Eye","Astrolabe"],"picked":"Busted Crown"}],"items_purged_floors":[3,3,3,11,11],"is_endless":false,"potions_floor_spawned":[1,1,4,6,8,14,14,16,18,21,22,27,33,33,35,35,35,36,36,36,44,44,44,45,46,46,46,54,54,54],"ascension_level":0}}