{"host":"nwjx7hbomubpmo86","time":1609031727,"event":{"mods":["AchievementEnabler","BaseMod","Better Note","Better Third Choice","Downfall","Hermit","Hubris","Minty Spire (QoL Compilation)","Replay The Spire","StSLib","The Blackbeard","The Necromancer","slay the spire mod where everything is the same but ironclad has a cowboy hat"],"gold_per_floor":[113,113,113,113,168,168,168,195,195,19174,19099,16761,16794,16811,16811,16888,16888,16908,15580,15580,13796,13810,13836,11792,11803,11803,11803,11814,11814,11814,11840,11840,11911,11911,11929,10083,10093,10107,10127,10162,9283,9350,9350,9381,9406,9449,9449,9463,0,0],"floor_reached":51,"playtime":2410,"items_purged":["Strike_R","Strike_R"],"score":1647,"play_id":"b9b2b7c0-9879-40f2-9895-e92fffab93d8","local_time":"20201227021527","is_ascension_mode":true,"campfire_choices":[{"data":"Fire Breathing","floor":6,"key":"SMITH"},{"data":"Armaments","floor":30,"key":"SMITH"},{"data":"Pot Of Greed","floor":32,"key":"SMITH"}],"circlet_count":0,"master_deck":["AscendersBane","Bash","Spot Weakness+1","Hallucinations","Fire Breathing+1","Bloodletting+1","Disarm+1","Fire Breathing+1","Clothesline","Combust+1","Combust+1","Feed","The Bomb","expansioncontent:PrepareCrush","Combust+1","Offering","Hemogenesis","Metallicize+1","Replay:SS_hec_1+1","Secret Weapon","Anger","Shockwave","Exhume","Life Link+1","Carnage","Replay:SS_forest_2+1","Iron Wave","Carnage","Pot Of Greed+1","Pot Of Greed","Inflame+1","expansioncontent:DashGenerateEvil","Pot Of Greed","Pummel","Feel No Pain+1","Decay","Armaments+1","Combust+1","Demon Form+1","ReplayReversal","Reckless Charge","Reaper","hubris:SharpeningStone","Feel No Pain+1","Pot Of Greed","Infernal Blade+1","Armaments+1","ReplayTheSpireMod:Uncanny Aura+1","Double Tap+1","Inflame+1","Disarm","Pummel","Iron Wave","Replay:SS_fish_2","Heavy Blade","Cleave","Replay:Undeath\u0027s Touch","Pot Of Greed","Demon Form+1","ReplayTheSpireMod:Brewmster+1","Inflame+1","Replay:SS_fish_1","Rupture+1","Thunderclap","Defy Death","Heavy Blade"],"relics":["Burning Blood","hubris:Icosahedron","ReplayTheSpireMod:Ring of Exchange","ReplayTheSpireMod:Ring of Challenge","hubris:Towel","Replay:Mystery Machine","Frozen Egg 2","hubris:TenFootPole","Onion Ring","DollysMirror","Bottled Flame","Honey Jar","Akabeko","Art of War","Ooze Armor","hubris:Zylophone","Potion Belt","Medical Kit","betterThird:NestCultRelic","Bottled Tornado","Pet Ghost","Runic Cube","ReplayTheSpireMod:Shallot","Grinning Jar","SacredBark","Tiny Chest","Replay:WaspNest","Toy Ornithopter","Pandora\u0027s Box","Omamori","Astrolabe","Pen Nib","ReplayFunnel","Lantern","Strawberry","Toolbox","Replay:Arrowhead","Replay:Baseball","Bronze Scales","War Paint","hubris:SlimyHat","Red Mask"],"acts_visited":["Exordium","TheCity","TheBeyond"],"potions_floor_usage":[13,22,23,23,23,25,31,33,46,46,46,46,46,50,50,50,50,50,50],"damage_taken":[{"damage":17.0,"enemies":"Small Slimes","floor":1.0,"turns":4.0},{"damage":12,"enemies":"2 Louse","floor":5,"turns":5},{"damage":30,"enemies":"Lagavulin","floor":8,"turns":6},{"damage":12,"enemies":"Gremlin Nob","floor":13,"turns":3},{"damage":0,"enemies":"Cultist","floor":14,"turns":2},{"damage":37,"enemies":"Hexaghost","floor":16,"turns":5},{"damage":12,"enemies":"Chosen","floor":18,"turns":3},{"damage":19,"enemies":"Shell Parasite","floor":22,"turns":3},{"damage":40,"enemies":"Slavers","floor":23,"turns":3},{"damage":28,"enemies":"Shelled Parasite and Fungi","floor":25,"turns":5},{"damage":3,"enemies":"3 Cultists","floor":28,"turns":5},{"damage":28,"enemies":"Gremlin Leader","floor":31,"turns":4},{"damage":50,"enemies":"Collector","floor":33,"turns":8},{"damage":19,"enemies":"3 Shapes","floor":35,"turns":4},{"damage":20,"enemies":"Orb Walker","floor":37,"turns":3},{"damage":27,"enemies":"4 Shapes","floor":38,"turns":4},{"damage":38,"enemies":"Jaw Worm Horde","floor":39,"turns":4},{"damage":47,"enemies":"Giant Head","floor":40,"turns":7},{"damage":103,"enemies":"2 Orb Walkers","floor":42,"turns":4},{"damage":19,"enemies":"R_Hoarder","floor":44,"turns":5},{"damage":46,"enemies":"Nemesis","floor":46,"turns":5},{"damage":20,"enemies":"Writhing Mass","floor":48,"turns":4},{"damage":44,"enemies":"Time Eater","floor":50,"turns":7}],"seed_played":"-498193272601163575","potions_obtained":[{"floor":14,"key":"HeartOfIron"},{"floor":16,"key":"AttackPotion"},{"floor":18,"key":"Toxic Potion"},{"floor":31,"key":"SpeedPotion"},{"floor":37,"key":"SpeedPotion"},{"floor":39,"key":"Adrenaline Potion"},{"floor":44,"key":"Strength Potion"}],"is_trial":false,"path_per_floor":["M","?","?","?","M","R","?","E","T","$","?","$","E","M","R","B",null,"M","$","?","$","M","E","$","M","T","?","M","?","R","E","R","B",null,"M","$","M","M","M","E","$","?","T","E","T","E","?","M","R","B",null],"character_chosen":"IRONCLAD","items_purchased":["Disarm","hubris:TenFootPole","Onion Ring","DollysMirror","Clothesline","Combust+1","Combust+1","Feed","Bottled Flame","Honey Jar","Akabeko","The Bomb","expansioncontent:PrepareCrush","BloodPotion","Toxic Potion","hubris:Zylophone","Potion Belt","Adrenaline Potion","Adrenaline Potion","Replay:SS_hec_1+1","Secret Weapon","Anger","Shockwave","Exhume","Medical Kit","Bottled Tornado","Pet Ghost","Runic Cube","Life Link+1","Carnage","Replay:SS_forest_2+1","Grinning Jar","SacredBark","Tiny Chest","PowerPotion","Reflective Coating","Inflame+1","Strength Potion","expansioncontent:DashGenerateEvil","Pummel","Twin Strike","Omamori","Astrolabe","Pen Nib","Inflame+1","Disarm","Pummel","Iron Wave","Replay:SS_fish_2","Lantern","Strawberry","ReplayTheSpireMod:Brewmster+1","Toolbox","Inflame+1","Replay:SS_fish_1"],"campfire_rested":0,"item_purchase_floors":[10,10,10,10,10,10,12,12,12,12,12,12,12,12,12,19,19,19,19,19,19,19,19,19,19,21,21,21,21,21,21,24,24,24,24,24,24,24,24,24,24,36,36,36,36,36,36,36,36,41,41,41,41,41,41],"current_hp_per_floor":[57,57,57,57,51,51,51,27,27,27,27,27,75,75,75,47,70,71,71,71,71,66,40,40,84,84,84,87,87,87,72,72,40,75,85,85,86,65,90,94,101,102,102,109,109,109,109,95,95,109],"gold":0,"neow_bonus":"RANDOM_EVENT","is_daily":false,"chose_seed":false,"campfire_upgraded":3,"win_rate":0.0,"timestamp":1609031727,"path_taken":["M","?","?","?","M","R","?","E","T","$","?","$","E","M","R","BOSS","M","$","?","$","M","E","$","M","T","?","M","?","R","E","R","BOSS","M","$","M","M","M","E","$","?","T","E","?","E","?","M","R","BOSS"],"items_purchased_type":["Card","Relic","Relic","Relic","Card","Card","Card","Card","Relic","Relic","Relic","Card","Card","Potion","Potion","Relic","Relic","Potion","Potion","Card","Card","Card","Card","Card","Relic","Relic","Relic","Relic","Card","Card","Card","Relic","Relic","Relic","Potion","Potion","Card","Potion","Card","Card","Card","Relic","Relic","Relic","Card","Card","Card","Card","Card","Relic","Relic","Card","Relic","Card","Card"],"build_version":"2020-12-22","purchased_purges":2,"victory":true,"max_hp_per_floor":[75,75,75,75,75,75,75,75,75,75,75,75,75,75,75,78,78,78,78,78,78,81,84,84,84,84,84,87,87,87,87,87,87,87,90,90,90,90,90,94,101,105,105,109,109,109,109,109,109,109],"card_choices":[{"not_picked":["Sword Boomerang","Pommel Strike"],"picked":"Twin Strike","floor":1.0},{"not_picked":["ReplayTheSpireMod:Strike From Hell","Demonic Infusion"],"picked":"Fire Breathing","floor":5},{"not_picked":["hubris:CleavingFinish","Warcry"],"picked":"Bloodletting","floor":8},{"not_picked":["Sword Boomerang","Abandon","Wild Strike"],"picked":"Combust+1","floor":13},{"not_picked":["hubris:CleavingFinish","Pommel Strike","Searing Blow"],"picked":"Offering","floor":14},{"not_picked":["Impervious","Demonic Infusion","Eclipse"],"picked":"Hemogenesis","floor":16},{"not_picked":["Flex","Disarm","Thunderclap+1"],"picked":"Metallicize+1","floor":18},{"not_picked":["ReplayReversal","Warcry","Flex"],"picked":"Iron Wave","floor":22},{"not_picked":["Feed","ReplayReversal","Second Wind+1"],"picked":"Carnage","floor":23},{"not_picked":["Disarm","Cleave","Pummel"],"picked":"Feel No Pain+1","floor":25},{"not_picked":["Run Through","Clash","Thunderclap"],"picked":"Armaments","floor":28},{"not_picked":["ReplayTheSpireMod:LeadingStrike","Shrug It Off","hubris:CleavingFinish"],"picked":"Combust+1","floor":31},{"not_picked":["Impervious","Double Tap","Brutality+1"],"picked":"Demon Form+1","floor":33},{"not_picked":["Thunderclap","ReplayTheSpireMod:Strike From Hell","Dark Embrace+1"],"picked":"Infernal Blade","floor":35},{"not_picked":["Clothesline","Wild Strike","True Grit"],"picked":"Heavy Blade","floor":37},{"not_picked":["Clash","Anger","Life Link+1"],"picked":"Cleave","floor":38},{"not_picked":["Twin Strike","Dark Embrace+1","Anger"],"picked":"Replay:Undeath\u0027s Touch","floor":39},{"not_picked":["Battle Trance","Wild Strike+1","Heavy Blade"],"picked":"Demon Form+1","floor":40},{"not_picked":["Dropkick","True Grit+1","ReplayTheSpireMod:Muscle Training"],"picked":"Rupture+1","floor":42},{"not_picked":["hubris:CleavingFinish+1","hubris:SharpeningStone","Searing Blow"],"picked":"Thunderclap","floor":44},{"not_picked":["Dual Wield+1","Rampage+1","Headbutt+1"],"picked":"Defy Death","floor":46},{"not_picked":["True Grit+1","Twin Strike","ReplayTheSpireMod:Strike From Hell"],"picked":"Heavy Blade","floor":48}],"player_experience":584060,"relics_obtained":[{"floor":4,"key":"ReplayTheSpireMod:Ring of Exchange"},{"floor":4,"key":"ReplayTheSpireMod:Ring of Challenge"},{"floor":8,"key":"Replay:Mystery Machine"},{"floor":9,"key":"Frozen Egg 2"},{"floor":13,"key":"Art of War"},{"floor":23,"key":"ReplayTheSpireMod:Shallot"},{"floor":26,"key":"Replay:WaspNest"},{"floor":31,"key":"Toy Ornithopter"},{"floor":40,"key":"ReplayFunnel"},{"floor":42,"key":"Replay:Arrowhead"},{"floor":43,"key":"Replay:Baseball"},{"floor":44,"key":"Bronze Scales"},{"floor":45,"key":"War Paint"},{"floor":46,"key":"hubris:SlimyHat"}],"event_choices":[{"damage_healed":0,"gold_gain":0,"cards_transformed":["Strike_R"],"player_choice":"Change","damage_taken":0,"max_hp_gain":0,"max_hp_loss":0,"event_name":"Living Wall","floor":2,"gold_loss":0,"cards_obtained":["Spot Weakness"]},{"cards_removed":["Strike_R"],"damage_healed":0,"gold_gain":0,"player_choice":"Card Removal","damage_taken":0,"max_hp_gain":0,"max_hp_loss":0,"event_name":"The Cleric","floor":11,"gold_loss":75},{"damage_healed":0,"gold_gain":0,"player_choice":"Madness","damage_taken":0,"relics_obtained":["betterThird:NestCultRelic"],"max_hp_gain":0,"max_hp_loss":0,"event_name":"betterThird:BetterNest","floor":20,"gold_loss":0},{"damage_healed":0,"gold_gain":0,"player_choice":"Smashed Altar","damage_taken":0,"max_hp_gain":0,"max_hp_loss":0,"event_name":"Forgotten Altar","floor":27,"gold_loss":0,"cards_obtained":["Decay"]},{"damage_healed":0,"gold_gain":0,"player_choice":"Ignored","damage_taken":0,"max_hp_gain":0,"max_hp_loss":0,"event_name":"Fountain of Cleansing","floor":29,"gold_loss":0},{"damage_healed":0,"gold_gain":0,"player_choice":"Fight","damage_taken":0,"max_hp_gain":0,"max_hp_loss":0,"event_name":"Mysterious Sphere","floor":42,"gold_loss":0},{"damage_healed":0,"gold_gain":0,"player_choice":"Paid","damage_taken":0,"relics_obtained":["Red Mask"],"max_hp_gain":0,"max_hp_loss":0,"event_name":"Tomb of Lord Red Mask","floor":49,"gold_loss":9463}],"is_beta":false,"boss_relics":[{"not_picked":["ReplayTheSpireMod:DimensionalGlitch","hubris:VirtuousBlindfold"],"picked":"Ooze Armor"},{"not_picked":["Frozen Eye","PrismaticShard"],"picked":"Pandora\u0027s Box"}],"items_purged_floors":[10,12],"is_endless":false,"potions_floor_spawned":[14,16,18,31,37,39,44],"ascension_level":19}}