{"host":"kmq7aw60w430zvtx","time":1609084592,"event":{"mods":["BaseMod","Downfall","GifTheSpireLib","Hermit","Hubris","Minty Spire (QoL Compilation)","Replay The Spire","StSLib","The Construct","The Cursed","The Hierophant","The Jungle","The Necromancer","The Runesmith"],"gold_per_floor":[117,67,84,94,94,94,105,105,105,105,137,149,149,62,62,164,164,178,197,197,112,37,64,64,77,77,77,77,91,191,226,226,331,331,349,360,55,55,19,33,63,63,89,104,120,120,120,133,133,133,133,133,11,45,45],"floor_reached":56,"playtime":3258,"items_purged":["Defend_G","Grand Finale"],"score":1463,"play_id":"e0da7941-d129-45b3-86cf-e6e4a0c1d6b4","local_time":"20201227165632","is_ascension_mode":true,"campfire_choices":[{"floor":6,"key":"RECALL"},{"data":"Blade Dance","floor":10,"key":"SMITH"},{"floor":13,"key":"REST"},{"data":"After Image","floor":24,"key":"SMITH"},{"data":"Blade Dance","floor":27,"key":"SMITH"},{"floor":32,"key":"REST"},{"data":"After Image","floor":42,"key":"SMITH"},{"data":"Envenom","floor":46,"key":"SMITH"},{"data":"Blade Dance","floor":49,"key":"SMITH"},{"data":"Accuracy","floor":52,"key":"SMITH"}],"circlet_count":0,"master_deck":["Strike_G","Strike_G+1","Strike_G+2","Defend_G+1","Defend_G+1","Defend_G","Defend_G","Survivor","Neutralize","Blade Dance+1","Backstab","Hidden Blade","Escape Plan","Escape Plan","Blade Dance+1","Good Instincts","After Image+1","Slice+1","Cloak And Dagger","Choke","ReplayTheSpireMod:Shiv Toss","After Image+1","Neutralize","Sucker Punch+1","Outmaneuver","Infinite Blades+1","Envenom+1","Accuracy+1","Blade Dance+1","Deflect","Deflect","Dodge and Roll","Masterful Stab+1","Terror+1","Sucker Punch+1","Escape Plan","Slice","Finisher+1"],"relics":["NeowsBlessing","Sizzling Blood","Replay:Ringing Soul","Pantograph","Runesmith:AutoHammer","WristBlade","Centennial Puzzle","Simple Rune","construct:RocketBooster","Letter Opener","Mirror","hubris:VirtuousBlindfold","ClockworkSouvenir","Bag of Preparation","Chameleon Ring","Juzu Bracelet","hubris:Towel","Ornamental Fan"],"acts_visited":["Exordium","TheCity","TheBeyond","TheEnding"],"potions_floor_usage":[16,16,29,30,31,45,55,55,55],"damage_taken":[{"damage":0,"enemies":"Jaw Worm","floor":1,"turns":1},{"damage":0,"enemies":"Small Slimes","floor":3,"turns":1},{"damage":0,"enemies":"Cultist","floor":4,"turns":1},{"damage":5,"enemies":"Gremlin Gang","floor":7,"turns":6},{"damage":36,"enemies":"3 Sentries","floor":11,"turns":12},{"damage":15,"enemies":"Exordium Wildlife","floor":12,"turns":3},{"damage":15,"enemies":"Slime Boss","floor":16,"turns":10},{"damage":6,"enemies":"2 Thieves","floor":18,"turns":3},{"damage":1,"enemies":"3 Byrds","floor":19,"turns":5},{"damage":18,"enemies":"Slavers","floor":23,"turns":5},{"damage":0,"enemies":"3 Cultists","floor":25,"turns":5},{"damage":40,"enemies":"Snecko","floor":29,"turns":8},{"damage":6,"enemies":"Colosseum Slavers","floor":30,"turns":4},{"damage":0,"enemies":"Colosseum Nobs","floor":30,"turns":4},{"damage":6,"enemies":"Gremlin Leader","floor":31,"turns":4},{"damage":38,"enemies":"Automaton","floor":33,"turns":9},{"damage":8,"enemies":"3 Shapes","floor":35,"turns":4},{"damage":1,"enemies":"3 Darklings","floor":36,"turns":3},{"damage":0,"enemies":"Maw","floor":40,"turns":7},{"damage":12,"enemies":"Nemesis","floor":41,"turns":7},{"damage":0,"enemies":"Transient","floor":44,"turns":5},{"damage":15,"enemies":"4 Shapes","floor":45,"turns":2},{"damage":8,"enemies":"Maw","floor":48,"turns":5},{"damage":44,"enemies":"Donu and Deca","floor":50,"turns":10},{"damage":39,"enemies":"Shield and Spear","floor":54,"turns":6},{"damage":37,"enemies":"The Heart","floor":55,"turns":7}],"seed_played":"8480095159521718092","potions_obtained":[{"floor":1,"key":"Adrenaline Potion"},{"floor":12,"key":"SkillPotion"},{"floor":15,"key":"hexamod:EctoCoolerPotion"},{"floor":18,"key":"construct:ShiftPotion"},{"floor":25,"key":"Explosive Potion"},{"floor":29,"key":"SteroidPotion"},{"floor":31,"key":"Energy Potion"},{"floor":33,"key":"Explosive Potion"},{"floor":41,"key":"Weak Potion"},{"floor":44,"key":"Dexterity Potion"},{"floor":45,"key":"champ:CounterPotion"},{"floor":48,"key":"Venom Potion"}],"is_trial":false,"path_per_floor":["M","?","M","M","?","R","M","?","T","R","E","M","R","$","R","B",null,"M","M","?","?","$","E","R","M","T","R","?","M","?","E","R","B",null,"M","M","$","?","$","M","E","R","T","M","M","R","?","M","R","B",null,"R","$","E","B",null],"character_chosen":"THE_SILENT","items_purchased":["Good Instincts","ClockworkSouvenir","Bag of Preparation","Deflect","Slice"],"campfire_rested":2,"item_purchase_floors":[14,37,37,39,53],"current_hp_per_floor":[70,70,70,70,74,74,73,73,73,73,44,36,60,63,63,75,83,84,90,90,90,90,79,79,86,86,86,89,56,61,62,95,79,105,104,110,110,113,116,123,118,118,118,125,117,117,117,116,116,100,130,130,133,101,93],"gold":45,"neow_bonus":"THREE_ENEMY_KILL","is_daily":false,"chose_seed":false,"campfire_upgraded":7,"win_rate":0.0,"timestamp":1609084592,"path_taken":["M","?","M","M","?","R","M","?","T","R","E","?","R","$","R","BOSS","M","?","?","?","$","E","R","M","T","R","?","?","?","E","R","BOSS","M","M","$","?","?","M","E","R","T","M","M","R","?","M","R","BOSS","R","$","E","BOSS"],"items_purchased_type":["Card","Relic","Relic","Card","Card"],"build_version":"2020-12-22","purchased_purges":2,"victory":true,"max_hp_per_floor":[70,70,70,70,74,74,74,74,74,74,77,80,80,83,83,86,86,89,92,92,92,92,95,95,98,98,98,101,104,107,110,110,113,113,116,119,119,122,125,128,131,131,131,134,137,137,137,140,140,140,140,140,143,146,146],"card_choices":[{"not_picked":["Backflip","Prepared"],"picked":"Blade Dance","floor":1},{"not_picked":["Replay:Poison Smokescreen","hubris:SlightOfHand"],"picked":"Backstab","floor":3},{"not_picked":["Poisoned Stab","Choke"],"picked":"Hidden Blade","floor":4},{"not_picked":["Flechettes","Bane"],"picked":"Escape Plan","floor":7},{"not_picked":["ReplayTheSpireMod:The Works","Replay:Poison Smokescreen"],"picked":"Escape Plan","floor":11},{"not_picked":["Finisher","Poison Darts"],"picked":"Blade Dance","floor":12},{"not_picked":["Replay:Bag of Tricks","Burst"],"picked":"After Image","floor":16},{"not_picked":["Dagger Spray+1","Dodge and Roll"],"picked":"Slice+1","floor":18},{"not_picked":["Quick Slash","Dagger Spray"],"picked":"Cloak And Dagger","floor":19},{"not_picked":["Well Laid Plans","Acrobatics"],"picked":"Choke","floor":23},{"not_picked":["Underhanded Strike","PiercingWail"],"picked":"ReplayTheSpireMod:Shiv Toss","floor":25},{"not_picked":["Quick Slash","Dagger Throw"],"picked":"Sucker Punch+1","floor":29},{"not_picked":["Dash","Sucker Punch"],"picked":"Outmaneuver","floor":30},{"not_picked":["Flechettes","Backflip"],"picked":"Infinite Blades+1","floor":31},{"not_picked":["Poison Darts","ReplayTheSpireMod:From All Sides"],"picked":"Envenom","floor":33},{"not_picked":["Backflip","Slice+1"],"picked":"Accuracy","floor":35},{"not_picked":["Sucker Punch+1","Dodge and Roll+1"],"picked":"Blade Dance","floor":36},{"not_picked":["Prepared","Flying Knee"],"picked":"Dodge and Roll","floor":40},{"not_picked":["Outmaneuver","Bane"],"picked":"Masterful Stab+1","floor":41},{"not_picked":["ReplayTheSpireMod:Speed Training","Masterful Stab"],"picked":"Terror+1","floor":44},{"not_picked":["ReplayTheSpireMod:The Works","Terror"],"picked":"Sucker Punch+1","floor":45},{"not_picked":["Flying Knee+1","ReplayTheSpireMod:Tripwire+1"],"picked":"Escape Plan","floor":48},{"not_picked":["Blur","Dagger Spray+1"],"picked":"Finisher+1","floor":54}],"player_experience":251352,"relics_obtained":[{"floor":9,"key":"Pantograph"},{"floor":11,"key":"Runesmith:AutoHammer"},{"floor":23,"key":"Simple Rune"},{"floor":30,"key":"construct:RocketBooster"},{"floor":30,"key":"Letter Opener"},{"floor":31,"key":"Mirror"},{"floor":41,"key":"Chameleon Ring"},{"floor":43,"key":"Juzu Bracelet"},{"floor":54,"key":"Ornamental Fan"}],"event_choices":[{"cards_removed":["Strike_G"],"damage_healed":0,"gold_gain":0,"player_choice":"Card Removal","damage_taken":0,"max_hp_gain":0,"max_hp_loss":0,"event_name":"The Cleric","floor":2,"gold_loss":50},{"damage_healed":0,"gold_gain":0,"player_choice":"Gave Potion","damage_taken":0,"relics_obtained":["Replay:Ringing Soul"],"max_hp_gain":0,"max_hp_loss":0,"event_name":"WeMeetAgain","floor":8,"gold_loss":0},{"damage_healed":0,"gold_gain":0,"player_choice":"Obtained Relic","damage_taken":0,"relics_obtained":["Centennial Puzzle"],"max_hp_gain":0,"max_hp_loss":0,"event_name":"Addict","floor":21,"gold_loss":85},{"damage_healed":0,"gold_gain":0,"player_choice":"2 cards matched","damage_taken":0,"max_hp_gain":0,"max_hp_loss":0,"event_name":"Match and Keep!","floor":28,"gold_loss":0,"cards_obtained":["After Image","Neutralize"]},{"damage_healed":0,"gold_gain":0,"player_choice":"Fight","damage_taken":0,"max_hp_gain":0,"max_hp_loss":0,"event_name":"Colosseum","floor":30,"gold_loss":0},{"damage_healed":0,"gold_gain":0,"player_choice":"Fought Nobs","damage_taken":0,"max_hp_gain":0,"max_hp_loss":0,"event_name":"Colosseum","floor":30,"gold_loss":0},{"damage_healed":0,"gold_gain":0,"cards_transformed":["Strike_G"],"player_choice":"Transformed","damage_taken":0,"max_hp_gain":0,"max_hp_loss":0,"event_name":"Transmorgrifier","floor":38,"gold_loss":0,"cards_obtained":["Grand Finale"]}],"is_beta":false,"boss_relics":[{"not_picked":["Runic Dome","Philosopher\u0027s Stone"],"picked":"WristBlade"},{"not_picked":["hubris:GrandSneckoEye","Replay:Grab Bag"],"picked":"hubris:VirtuousBlindfold"}],"items_purged_floors":[22,53],"is_endless":false,"potions_floor_spawned":[1,12,18,25,29,31,33,41,44,45,48],"ascension_level":5}}