{"host":"lix655q3qm1o3wym","time":1609029841,"event":{"mods":["Act Like it!","BaseMod","Colored Powertips","Downfall","Minty Spire (QoL Compilation)","StSLib"],"gold_per_floor":[99,99,99,99,99,132,213,225,255,272,302,54,74,249,261,358,358,358,358,358,358,2,2,2,2,2,2,2,2,2,2,2,2,2,2,2,2,2,2,2,2,2,2,2,0,0,0,0,0,0],"floor_reached":51,"playtime":3646,"items_purged":["Slimebound:Strike_Slimebound"],"score":827,"play_id":"67968e51-aef9-4564-b3da-c0553fab8373","local_time":"20201226174401","is_ascension_mode":true,"campfire_choices":[{"data":"Slimebound:Split","floor":1.0,"key":"SMITH"},{"data":"Slimebound:CheckThePlaybook","floor":18.0,"key":"SMITH"},{"data":"Slimebound:FirmFortitude","floor":23.0,"key":"SMITH"},{"data":"expansioncontent:QuickStudy","floor":25.0,"key":"SMITH"},{"data":"Slimebound:FormOfPuddle","floor":27.0,"key":"SMITH"},{"data":"Ghostly","floor":30.0,"key":"SMITH"},{"data":"Sadistic Nature","floor":35.0,"key":"SMITH"},{"data":"Slimebound:Darklings","floor":40.0,"key":"SMITH"},{"data":"Slimebound:Replication","floor":47,"key":"SMITH"}],"circlet_count":0,"master_deck":["Slimebound:Tackle","Slimebound:Defend_Slimebound","Slimebound:Defend_Slimebound","Slimebound:Defend_Slimebound","Slimebound:Split+1","Slimebound:CorrosiveSpit","Slimebound:SlimeSpikes","Slimebound:SlimeTap","Slimebound:GrowthPunch","Slimebound:FormOfPuddle+1","Slimebound:MassFeed","Slimebound:Chomp+1","Slimebound:FlameTackle+1","Slimebound:SlimeSpikes","Slimebound:CheckThePlaybook+1","expansioncontent:QuickStudy+1","Slimebound:ComboTackle+1","Doubt","Slimebound:FirmFortitude+1","Slimebound:OozeBath","Ghostly+1","Ghostly","Ghostly","Ghostly","Ghostly","Slimebound:FormOfPuddle+1","Slimebound:RollThrough+1","Sadistic Nature+1","Slimebound:Recollect","Slimebound:HungryTackle+1","Slimebound:RollThrough+1","Slimebound:Replication+1","Slimebound:Darklings+1","Slimebound:RollThrough+1","Slimebound:Chomp+1","Slimebound:BestDefense","Slimebound:FormOfPuddle+1","Slimebound:FlameTackle+1","Slimebound:SlimeBrawl+1"],"relics":["Slimebound:AbsorbEndCombat","downfall:HeartsMalice","Question Card","Molten Egg 2","Mercury Hourglass","Centennial Puzzle","downfall:Hecktoplasm","downfall:HeartBlessingGreen","Regal Pillow","Boot","PreservedInsect","Empty Cage","Pear","Turnip","Gremlin Horn","MealTicket","Slimebound:MaxSlimesRelic"],"acts_visited":["Exordium","TheCity","TheBeyond"],"potions_floor_usage":[],"damage_taken":[{"damage":0.0,"enemies":"Small Slimes","floor":2.0,"turns":1.0},{"damage":0.0,"enemies":"Cultist","floor":3.0,"turns":1.0},{"damage":0.0,"enemies":"Jaw Worm","floor":5.0,"turns":1.0},{"damage":32.0,"enemies":"Gremlin Nob","floor":6.0,"turns":5.0},{"damage":13.0,"enemies":"2 Fungi Beasts","floor":8.0,"turns":2.0},{"damage":28.0,"enemies":"Lagavulin","floor":9.0,"turns":5.0},{"damage":15.0,"enemies":"Blue Slaver","floor":10.0,"turns":2.0},{"damage":12.0,"enemies":"downfall:FleeingMerchant","floor":12.0,"turns":4.0},{"damage":16.0,"enemies":"Exordium Wildlife","floor":13.0,"turns":4.0},{"damage":9.0,"enemies":"Large Slime","floor":15.0,"turns":2.0},{"damage":25.0,"enemies":"downfall:Watcher","floor":16.0,"turns":5.0},{"damage":15.0,"enemies":"Chosen","floor":19.0,"turns":2.0},{"damage":12.0,"enemies":"Shell Parasite","floor":21.0,"turns":6.0},{"damage":3.0,"enemies":"downfall:FleeingMerchant","floor":22.0,"turns":4.0},{"damage":5.0,"enemies":"Snecko","floor":26.0,"turns":5.0},{"damage":11.0,"enemies":"Slavers","floor":28.0,"turns":6.0},{"damage":6.0,"enemies":"Snake Plant","floor":29.0,"turns":3.0},{"damage":6.0,"enemies":"Centurion and Healer","floor":32.0,"turns":6.0},{"damage":26.0,"enemies":"downfall:Silent","floor":33.0,"turns":6.0},{"damage":6.0,"enemies":"3 Darklings","floor":36.0,"turns":5.0},{"damage":5.0,"enemies":"2 Orb Walkers","floor":39.0,"turns":4.0},{"damage":27.0,"enemies":"Giant Head","floor":42.0,"turns":7.0},{"damage":11.0,"enemies":"Orb Walker","floor":44.0,"turns":5.0},{"damage":21.0,"enemies":"downfall:FleeingMerchant","floor":45.0,"turns":4.0},{"damage":13,"enemies":"3 Darklings","floor":46,"turns":4},{"damage":0,"enemies":"Reptomancer","floor":48,"turns":6},{"damage":27,"enemies":"Sphere and 2 Shapes","floor":49,"turns":3},{"damage":45,"enemies":"downfall:Ironclad","floor":50,"turns":11}],"seed_played":"-568744470590221240","potions_obtained":[{"floor":6.0,"key":"Strength Potion"},{"floor":8.0,"key":"Slimebound:SlimedPotion"},{"floor":9.0,"key":"Energy Potion"},{"floor":13.0,"key":"champ:CounterPotion"},{"floor":19.0,"key":"champ:CounterPotion"},{"floor":28.0,"key":"hexamod:EctoCoolerPotion"},{"floor":29.0,"key":"Swift Potion"},{"floor":33.0,"key":"SpeedPotion"},{"floor":39.0,"key":"Slimebound:ThreeZeroPotion"},{"floor":46,"key":"AttackPotion"},{"floor":48,"key":"BlessingOfTheForge"}],"is_trial":false,"path_per_floor":["R","M","M","?","M","E","T","M","E","M","?","$","M","?","M","B",null,"R","M","?","M","$","R","T","R","M","R","E","M","R","T","M","B",null,"R","M","?","?","?","R","T","E","?","M","$","M","R","E","M","B",null],"character_chosen":"SLIMEBOUND","items_purchased":["expansioncontent:QuickStudy","Slimebound:ComboTackle+1","Sadistic Nature","Slimebound:Recollect"],"campfire_rested":0,"item_purchase_floors":[12,12,22,22],"current_hp_per_floor":[60,60,60,60,60,42,42,45,31,26,26,26,25,25,26,15,69,69,64,34,37,37,37,37,37,37,37,39,39,39,39,46,40,46,46,49,49,59,57,57,57,40,52,44,55,53,53,55,49,48],"gold":0,"neow_bonus":"THREE_ENEMY_KILL","is_daily":false,"chose_seed":false,"campfire_upgraded":9,"win_rate":0.0,"timestamp":1609029841,"path_taken":["R","M","M","?","?","E","T","M","E","M","?","$","M","?","M","BOSS","R","M","?","M","$","R","T","R","M","R","E","M","R","?","M","BOSS","R","M","?","?","?","R","T","E","?","M","?","M","R","E","M","BOSS"],"items_purchased_type":["Card","Card","Card","Card"],"build_version":"2020-12-22","purchased_purges":1,"victory":true,"max_hp_per_floor":[60,60,60,60,60,60,60,66,66,66,66,66,69,69,69,69,69,69,69,34,37,37,37,37,37,37,37,40,43,43,43,46,46,46,46,49,49,59,59,59,59,59,52,55,55,55,55,55,55,55],"card_choices":[{"not_picked":["Slimebound:Schlurp","Slimebound:ComboTackle"],"picked":"Slimebound:SlimeSpikes","floor":2.0},{"not_picked":["Slimebound:SplitAcid","Slimebound:SplitLeeching"],"picked":"Slimebound:SlimeTap","floor":3.0},{"not_picked":["Slimebound:SamplingLick","Slimebound:LeechEnergy"],"picked":"Slimebound:FormOfPuddle","floor":5.0},{"not_picked":["Slimebound:Dissolve","Slimebound:TongueLash"],"picked":"Slimebound:MassFeed","floor":6.0},{"not_picked":["Slimebound:SplitMire","Slimebound:RollThrough+1","Slimebound:FinishingTackle+1"],"picked":"Slimebound:Chomp+1","floor":8.0},{"not_picked":["Slimebound:SplitAcid","Slimebound:SamplingLick","Slimebound:GoopSpray"],"picked":"Slimebound:FlameTackle+1","floor":9.0},{"not_picked":["Slimebound:Schlurp","Slimebound:PressTheAttack+1","Slimebound:GoopSpray"],"picked":"Slimebound:SlimeSpikes","floor":10.0},{"not_picked":["Slimebound:ComboTackle+1","Slimebound:LeechEnergy+1","Slimebound:PressTheAttack+1"],"picked":"Slimebound:CheckThePlaybook","floor":12.0},{"not_picked":["Slimebound:SplitMire","Slimebound:Schlurp","Slimebound:ComboTackle+1","Slimebound:LeadByExample"],"picked":"SKIP","floor":13.0},{"not_picked":["Slimebound:LeechingTouch+1","Slimebound:RainOfGoop","Slimebound:GoopSpray"],"picked":"Slimebound:FirmFortitude","floor":15.0},{"not_picked":["Slimebound:OneTwoCombo+1","Slimebound:SelfFormingGoo","Slimebound:MinionMaster"],"picked":"Slimebound:OozeBath","floor":16.0},{"not_picked":["Slimebound:LeechingTouch+1","Slimebound:SplitMire","Slimebound:ComboTackle+1","Slimebound:SamplingLick"],"picked":"SKIP","floor":19.0},{"not_picked":["Slimebound:LeechingTouch+1","Slimebound:BestDefense","Slimebound:AcidTongue"],"picked":"Slimebound:FormOfPuddle+1","floor":21.0},{"not_picked":["Slimebound:DisruptingSlam+1","Slimebound:SplitMire","Slimebound:LeechEnergy+1"],"picked":"Slimebound:RollThrough+1","floor":22.0},{"not_picked":["Slimebound:Dissolve","Slimebound:SplitMire","Slimebound:Schlurp","Slimebound:TongueLash+1"],"picked":"SKIP","floor":26.0},{"not_picked":["Slimebound:SpikyOuterGoop+1","Slimebound:ForwardTackle+1","Slimebound:SlimeSlap+1"],"picked":"Slimebound:HungryTackle+1","floor":28.0},{"not_picked":["Slimebound:SplitBruiser","Slimebound:ComboTackle+1","Slimebound:GrowthPunch+1","Slimebound:ViciousTackle+1"],"picked":"SKIP","floor":29.0},{"not_picked":["Slimebound:SplitAcid+1","Slimebound:FinishingTackle+1","Slimebound:GoopSpray"],"picked":"Slimebound:RollThrough+1","floor":32.0},{"not_picked":["Slimebound:GoopSpray","Slimebound:SplitAcid+1","Slimebound:FinishingTackle+1"],"picked":"Slimebound:Replication","floor":36.0},{"not_picked":["Slimebound:Dissolve","Slimebound:SplitLeeching+1","Slimebound:HauntingLick+1"],"picked":"Slimebound:RollThrough+1","floor":39.0},{"not_picked":["Slimebound:FinishingTackle+1","Slimebound:Recollect","Slimebound:SlimeBrawl"],"picked":"Slimebound:Chomp+1","floor":42.0},{"not_picked":["Slimebound:LeechingTouch+1","Slimebound:RollThrough+1","Slimebound:SlimeSpikes","Slimebound:FirmFortitude+1"],"picked":"SKIP","floor":44.0},{"not_picked":["Slimebound:SlimeBrawl+1","Slimebound:Recollect","Slimebound:SplitMire+1"],"picked":"Slimebound:BestDefense","floor":45},{"not_picked":["Slimebound:SplitMire+1","Slimebound:GoopSpray","Slimebound:FinishingTackle+1"],"picked":"Slimebound:FormOfPuddle+1","floor":46},{"not_picked":["Slimebound:ComboTackle+1","Slimebound:SplitBruiser+1","Slimebound:SplitAcid+1"],"picked":"Slimebound:FlameTackle+1","floor":48},{"not_picked":["Slimebound:MassFeed+1","Slimebound:RollThrough+1","Slimebound:SplitAcid+1"],"picked":"Slimebound:SlimeBrawl+1","floor":49}],"player_experience":577210,"relics_obtained":[{"floor":6.0,"key":"Question Card"},{"floor":7.0,"key":"Molten Egg 2"},{"floor":9.0,"key":"Mercury Hourglass"},{"floor":24.0,"key":"Regal Pillow"},{"floor":28.0,"key":"Boot"},{"floor":31.0,"key":"PreservedInsect"},{"floor":38.0,"key":"Pear"},{"floor":39.0,"key":"Turnip"},{"floor":41.0,"key":"Gremlin Horn"},{"floor":42.0,"key":"MealTicket"},{"floor":48,"key":"Slimebound:MaxSlimesRelic"}],"event_choices":[{"damage_healed":0.0,"max_hp_gain":0.0,"max_hp_loss":0.0,"gold_gain":0.0,"cards_transformed":["Slimebound:Defend_Slimebound"],"event_name":"Transmorgrifier","player_choice":"Transformed","floor":4.0,"gold_loss":0.0,"damage_taken":0.0,"cards_obtained":["Slimebound:GrowthPunch"]},{"damage_healed":0.0,"max_hp_gain":0.0,"max_hp_loss":35.0,"gold_gain":0.0,"event_name":"Ghosts","player_choice":"Became a Ghost","floor":20.0,"gold_loss":0.0,"damage_taken":0.0,"cards_obtained":["Ghostly","Ghostly","Ghostly","Ghostly","Ghostly"]},{"damage_healed":0.0,"max_hp_gain":0.0,"max_hp_loss":0.0,"gold_gain":0.0,"event_name":"Mysterious Sphere","player_choice":"Fight","floor":39.0,"gold_loss":0.0,"damage_taken":0.0}],"is_beta":false,"boss_relics":[{"not_picked":["Black Star","Astrolabe"],"picked":"downfall:Hecktoplasm"},{"not_picked":["Runic Dome","Fusion Hammer"],"picked":"Empty Cage"}],"items_purged_floors":[22],"is_endless":false,"potions_floor_spawned":[6,8,9,13,19,28,29,33,39,46,48],"ascension_level":2}}