{"host":"f5gffvlv6a66yqkd","time":1609068081,"event":{"mods":["2.2 Compatiblity","BaseMod","Colored Map","DeckTracker","Keyboard Shortcuts","Minty Spire (QoL Compilation)","Permanent Neow","Quick Restart","Relic Stats","StSLib","SuperFastMode"],"gold_per_floor":[111,121,139,159,159,159,173,173,200,213,240,251,176,186,186,258,258,274,84,84,84,137,137,137,137],"floor_reached":24,"playtime":631,"items_purged":["Defend_P","Strike_P"],"score":396,"play_id":"3b50078c-34b9-4edd-be29-b56868338fee","local_time":"20201227202121","is_ascension_mode":true,"campfire_choices":[{"data":"Eruption","floor":6.0,"key":"SMITH"},{"data":"Adaptation","floor":8.0,"key":"SMITH"},{"data":"CrushJoints","floor":15,"key":"SMITH"},{"data":"Ragnarok","floor":23,"key":"SMITH"}],"circlet_count":0,"master_deck":["AscendersBane","Strike_P","Strike_P+1","Defend_P+1","Defend_P","Eruption+1","Vigilance","EmptyMind","CrushJoints+1","Adaptation+1","FlurryOfBlows","LessonLearned","InnerPeace","Ragnarok+1"],"relics":["PureWater","Strawberry","Happy Flower","Sozu","Orichalcum"],"acts_visited":["Exordium","TheCity"],"potions_floor_usage":[16,16],"damage_taken":[{"damage":0.0,"enemies":"2 Louse","floor":1.0,"turns":3.0},{"damage":0.0,"enemies":"Cultist","floor":2.0,"turns":4.0},{"damage":4.0,"enemies":"Jaw Worm","floor":3.0,"turns":5.0},{"damage":10.0,"enemies":"2 Fungi Beasts","floor":4.0,"turns":3.0},{"damage":6.0,"enemies":"Blue Slaver","floor":7.0,"turns":5.0},{"damage":14.0,"enemies":"Lots of Slimes","floor":10.0,"turns":3.0},{"damage":12.0,"enemies":"Lagavulin","floor":11.0,"turns":5.0},{"damage":1.0,"enemies":"3 Louse","floor":12.0,"turns":6.0},{"damage":6.0,"enemies":"Looter","floor":14.0,"turns":3.0},{"damage":9,"enemies":"Hexaghost","floor":16,"turns":6},{"damage":19,"enemies":"Spheric Guardian","floor":18,"turns":4},{"damage":50,"enemies":"Slavers","floor":24,"turns":3}],"seed_played":"-4782526594810060979","potions_obtained":[{"floor":1.0,"key":"ColorlessPotion"},{"floor":3.0,"key":"PowerPotion"},{"floor":14,"key":"Fruit Juice"}],"is_trial":false,"path_per_floor":["M","M","M","M","?","R","M","R","T","M","E","M","$","M","R","B",null,"M","$","?","?","T","R","E"],"character_chosen":"WATCHER","items_purchased":["Ragnarok"],"campfire_rested":0,"item_purchase_floors":[19],"current_hp_per_floor":[61,61,57,47,47,47,41,41,48,34,22,21,21,15,15,11,63,44,44,44,44,44,44,0,0],"gold":137,"neow_bonus":"REMOVE_CARD","is_daily":false,"chose_seed":false,"campfire_upgraded":4,"win_rate":0.0,"timestamp":1609068081,"path_taken":["M","M","M","M","?","R","M","R","T","M","E","?","$","M","R","BOSS","M","$","?","?","?","R","E"],"items_purchased_type":["Card"],"build_version":"2020-12-22","purchased_purges":2,"victory":false,"max_hp_per_floor":[68,68,68,68,68,68,68,68,75,75,75,75,75,75,75,80,80,80,80,80,80,80,80,80,80],"relic_stats":{"Sozu":0,"Happy Flower":[7],"counters":[12,50],"Orichalcum":[6],"obtain_stats":[{"Sozu":17,"Happy Flower":11,"Strawberry":9,"PureWater":0,"Orichalcum":22},{"Sozu":10,"Happy Flower":7,"Strawberry":5,"PureWater":0,"Orichalcum":11},{"Sozu":43,"Happy Flower":28,"Strawberry":20,"PureWater":0,"Orichalcum":47}]},"card_choices":[{"not_picked":["Prostrate","Halt"],"picked":"EmptyMind","floor":1.0},{"not_picked":["LikeWater","Evaluate","EmptyBody"],"picked":"SKIP","floor":2.0},{"not_picked":["Wireheading","JustLucky"],"picked":"CrushJoints","floor":3.0},{"not_picked":["WaveOfTheHand","ReachHeaven"],"picked":"Adaptation","floor":4.0},{"not_picked":["FlyingSleeves","Sanctity","Collect"],"picked":"SKIP","floor":7.0},{"not_picked":["Collect","ClearTheMind"],"picked":"FlurryOfBlows","floor":10.0},{"not_picked":["Prostrate","FlurryOfBlows"],"picked":"LessonLearned","floor":11.0},{"not_picked":["PathToVictory","ClearTheMind","Evaluate"],"picked":"SKIP","floor":12.0},{"not_picked":["Evaluate","FollowUp"],"picked":"InnerPeace","floor":14},{"not_picked":["EmptyFist","PathToVictory","SignatureMove"],"picked":"SKIP","floor":18}],"player_experience":1494648,"relics_obtained":[{"floor":9.0,"key":"Strawberry"},{"floor":11.0,"key":"Happy Flower"},{"floor":22,"key":"Orichalcum"}],"event_choices":[{"cards_removed":["Strike_P"],"damage_healed":0.0,"max_hp_gain":0.0,"max_hp_loss":0.0,"gold_gain":0.0,"event_name":"Purifier","player_choice":"Purged","floor":5.0,"gold_loss":0.0,"damage_taken":0.0},{"damage_healed":0,"gold_gain":0,"player_choice":"Ignored","damage_taken":0,"max_hp_gain":0,"max_hp_loss":0,"event_name":"The Mausoleum","floor":21,"gold_loss":0}],"is_beta":false,"boss_relics":[{"not_picked":["Ectoplasm","Calling Bell"],"picked":"Sozu"}],"items_purged_floors":[13,19],"is_endless":false,"potions_floor_spawned":[1,3,11,12,14],"killed_by":"Slavers","ascension_level":20}}