{"host":"sh8ot41fo7a0kahq","time":1609078289,"event":{"mods":["ATMod(°¢èªMod)","BaseMod","Better Third Choice","Colored Powertips","Displayed Cursed Tome","Minty Spire (QoL Compilation)","Quick Restart","Spicy Shops","StSLib","UnlockEverythingMod","¡¾ÒÅÎï¿¨ÅÆ¡¿REMEMod"],"gold_per_floor":[118,118,138,138,158,189,189,204,204,204,221,238,253,178,178,178,178],"floor_reached":16,"playtime":1427,"items_purged":["Strike_B"],"score":146,"play_id":"3bc83906-609b-4e18-b489-35ea6b5fe333","local_time":"20201227221129","is_ascension_mode":true,"campfire_choices":[{"data":"Coolheaded","floor":7,"key":"SMITH"},{"data":"Recycle","floor":15,"key":"SMITH"}],"circlet_count":0,"master_deck":["Strike_B","Strike_B","Defend_B","Defend_B","Defend_B","Defend_B","Zap","Dualcast","AT_Dispersion","DevaForm+1","Self Repair","Coolheaded+1","Recycle+1"],"relics":["Cracked Core","AT_ATBox","REME_ComplimentaryCards","Singing Bowl","REME_HourglassOfDeath"],"acts_visited":["Exordium"],"potions_floor_usage":[],"damage_taken":[{"damage":8,"enemies":"2 Louse","floor":1,"turns":2},{"damage":10,"enemies":"Jaw Worm","floor":3,"turns":6},{"damage":4,"enemies":"Cultist","floor":5,"turns":4},{"damage":2,"enemies":"Lagavulin","floor":6,"turns":8},{"damage":20,"enemies":"Looter","floor":8,"turns":4},{"damage":13,"enemies":"Large Slime","floor":11,"turns":7},{"damage":22,"enemies":"Blue Slaver","floor":12,"turns":4},{"damage":14,"enemies":"2 Fungi Beasts","floor":13,"turns":4},{"damage":24,"enemies":"The Guardian","floor":16,"turns":2}],"seed_played":"-8383745332748728001","potions_obtained":[{"floor":5,"key":"CultistPotion"},{"floor":6,"key":"DuplicationPotion"},{"floor":12,"key":"SpeedPotion"}],"is_trial":false,"path_per_floor":["M","?","M","$","M","E","R","M","T","T","M","M","M","$","R","B"],"character_chosen":"DEFECT","items_purchased":[],"campfire_rested":0,"item_purchase_floors":[],"current_hp_per_floor":[60,53,43,43,46,53,53,40,40,40,36,23,18,18,18,0,0],"gold":178,"neow_bonus":"UPGRADE_CARD","is_daily":false,"chose_seed":false,"campfire_upgraded":2,"win_rate":0.0,"timestamp":1609078289,"path_taken":["M","?","M","$","M","E","R","M","T","?","M","M","M","$","R","BOSS"],"items_purchased_type":[],"build_version":"2020-12-22","purchased_purges":1,"victory":false,"max_hp_per_floor":[75,75,75,75,75,77,77,77,77,77,79,81,83,83,83,83,83],"card_choices":[{"not_picked":["Leap","Hologram","Stack"],"picked":"SKIP","floor":1},{"not_picked":["Turbo","Conserve Battery"],"picked":"Self Repair","floor":3},{"not_picked":["Force Field","Conserve Battery"],"picked":"Coolheaded","floor":5},{"not_picked":["Sweeping Beam","Reboot","Conserve Battery"],"picked":"Singing Bowl","floor":6},{"not_picked":["Chaos","AT_HeatAcrobatics"],"picked":"Recycle","floor":8},{"not_picked":["Streamline","REME_SelfUpgrade","Barrage"],"picked":"Singing Bowl","floor":11},{"not_picked":["Hologram","Coolheaded","Stack"],"picked":"Singing Bowl","floor":12},{"not_picked":["Hologram","Fusion","Coolheaded"],"picked":"Singing Bowl","floor":13}],"player_experience":294657,"relics_obtained":[{"floor":6,"key":"Singing Bowl"},{"floor":10,"key":"REME_HourglassOfDeath"}],"event_choices":[{"cards_removed":["Strike_B"],"damage_healed":0,"gold_gain":0,"player_choice":"Card Removal","damage_taken":7,"max_hp_gain":0,"max_hp_loss":0,"event_name":"Golden Wing","floor":2,"gold_loss":0}],"is_beta":false,"boss_relics":[],"items_purged_floors":[14],"is_endless":false,"potions_floor_spawned":[5,6,12],"killed_by":"The Guardian","ascension_level":8}}