{"host":"mcdusr64esz012l0","time":1609054387,"event":{"mods":["BaseMod","Minty Spire (QoL Compilation)","Relic Stats"],"gold_per_floor":[215,4,4,4,17,17,49,49,49,77,77,108,61,87,87,161,161,171,171,186,186,120,146,146,157,157,157,190,206,121,5,5,78,78,91,91,109,125,0,33,33,63,109,109,122,137,162,58,58,58],"floor_reached":51,"playtime":2323,"items_purged":["Strike_B"],"score":1429,"play_id":"eed84636-e780-4da0-9c45-59d580441e2c","local_time":"20201227023307","is_ascension_mode":true,"campfire_choices":[{"floor":6,"key":"REST"},{"floor":8,"key":"REST"},{"data":"Consume","floor":11,"key":"SMITH"},{"floor":15,"key":"REST"},{"data":"Fission","floor":24,"key":"SMITH"},{"data":"Lockon","floor":27,"key":"SMITH"},{"data":"Capacitor","floor":32,"key":"SMITH"},{"floor":41,"key":"REST"},{"floor":44,"key":"RECALL"},{"floor":49,"key":"REST"}],"circlet_count":0,"master_deck":["AscendersBane","Strike_B","Strike_B","Defend_B","Defend_B","Defend_B","Defend_B","Zap+1","Dualcast","Glacier","Electrodynamics","Lockon+1","Steam","FTL","Consume+1","Ball Lightning","Leap+1","Fission+1","Cold Snap","Sweeping Beam+1","Capacitor+1","Defragment+1","Fission+1","Storm","Glacier+1","Chaos+1","Skim+1","White Noise+1","Blizzard","Steam+1"],"relics":["Cracked Core","Orrery","Anchor","Meat on the Bone","StrikeDummy","DataDisk","Ancient Tea Set","Sozu","War Paint","Blood Vial","Matryoshka","Toxic Egg 2","Centennial Puzzle","Fusion Hammer","Red Mask","CaptainsWheel","Pen Nib","Potion Belt","Thread and Needle"],"acts_visited":["Exordium","TheCity","TheBeyond"],"potions_floor_usage":[7,10,18],"damage_taken":[{"damage":16,"enemies":"Small Slimes","floor":1,"turns":4},{"damage":1,"enemies":"Jaw Worm","floor":5,"turns":2},{"damage":14,"enemies":"3 Sentries","floor":7,"turns":4},{"damage":20,"enemies":"Lagavulin","floor":10,"turns":5},{"damage":8,"enemies":"Gremlin Nob","floor":12,"turns":3},{"damage":10,"enemies":"The Guardian","floor":16,"turns":7},{"damage":0,"enemies":"3 Byrds","floor":18,"turns":2},{"damage":4,"enemies":"2 Thieves","floor":20,"turns":3},{"damage":9,"enemies":"Slavers","floor":23,"turns":3},{"damage":3,"enemies":"Chosen and Byrds","floor":25,"turns":5},{"damage":17,"enemies":"Book of Stabbing","floor":28,"turns":5},{"damage":7,"enemies":"Snecko","floor":29,"turns":4},{"damage":15,"enemies":"Automaton","floor":33,"turns":9},{"damage":1,"enemies":"3 Shapes","floor":35,"turns":2},{"damage":34,"enemies":"3 Darklings","floor":37,"turns":4},{"damage":17,"enemies":"Maw","floor":38,"turns":5},{"damage":14,"enemies":"Nemesis","floor":40,"turns":5},{"damage":15,"enemies":"Giant Head","floor":42,"turns":8},{"damage":0,"enemies":"Writhing Mass","floor":45,"turns":5},{"damage":12,"enemies":"Transient","floor":46,"turns":6},{"damage":0,"enemies":"Mind Bloom Boss Battle","floor":47,"turns":5},{"damage":24,"enemies":"Awakened One","floor":50,"turns":16}],"seed_played":"-4574103064200002126","potions_obtained":[{"floor":5,"key":"Energy Potion"},{"floor":7,"key":"Weak Potion"},{"floor":16,"key":"DistilledChaos"}],"is_trial":false,"path_per_floor":["M","$","?","?","M","R","E","R","T","E","R","E","?","T","R","B",null,"M","?","M","?","?","E","R","M","T","R","E","M","?","$","R","B",null,"M","?","M","M","?","E","R","E","T","R","M","M","?","$","R","B",null],"character_chosen":"DEFECT","items_purchased":["Orrery","FTL","Defragment","Blizzard","Steam+1"],"campfire_rested":5,"item_purchase_floors":[2,2,31,48,48],"current_hp_per_floor":[48,48,48,48,47,68,54,71,71,51,51,43,43,43,64,54,67,67,67,63,63,63,54,54,53,53,53,38,45,45,45,45,44,64,65,65,45,42,42,42,63,50,50,50,52,42,44,44,65,43],"gold":58,"neow_bonus":"HUNDRED_GOLD","is_daily":false,"chose_seed":false,"campfire_upgraded":4,"win_rate":0.0,"timestamp":1609054387,"path_taken":["M","$","?","?","M","R","E","R","T","E","R","E","?","?","R","BOSS","M","?","M","?","?","E","R","M","T","R","E","?","?","$","R","BOSS","M","?","M","?","?","E","R","E","T","R","M","M","?","$","R","BOSS"],"items_purchased_type":["Relic","Card","Card","Card","Card"],"build_version":"2020-12-22","purchased_purges":1,"victory":true,"max_hp_per_floor":[71,71,71,71,71,71,71,71,71,71,71,71,71,71,71,71,71,71,71,71,71,71,71,71,71,71,71,71,71,71,71,71,71,71,71,71,71,71,71,71,71,71,71,71,71,71,71,71,71,71],"relic_stats":{"Sozu":8,"Blood Vial":26,"Centennial Puzzle":[24],"counters":[22,112],"Pen Nib":[6],"War Paint":["Leap","Zap"],"obtain_stats":[{"Potion Belt":43,"Thread and Needle":47,"Pen Nib":42,"War Paint":22,"Ancient Tea Set":14,"Sozu":17,"Blood Vial":23,"Anchor":7,"DataDisk":12,"Centennial Puzzle":30,"CaptainsWheel":40,"Matryoshka":26,"Orrery":2,"Fusion Hammer":34,"Red Mask":39,"Toxic Egg 2":28,"Cracked Core":0,"StrikeDummy":10,"Meat on the Bone":9},{"Potion Belt":18,"Thread and Needle":21,"Pen Nib":18,"War Paint":8,"Ancient Tea Set":5,"Sozu":6,"Blood Vial":9,"Anchor":3,"DataDisk":5,"Centennial Puzzle":12,"CaptainsWheel":17,"Matryoshka":10,"Orrery":1,"Fusion Hammer":13,"Red Mask":16,"Toxic Egg 2":11,"Cracked Core":0,"StrikeDummy":4,"Meat on the Bone":3},{"Potion Belt":80,"Thread and Needle":96,"Pen Nib":80,"War Paint":30,"Ancient Tea Set":18,"Sozu":25,"Blood Vial":33,"Anchor":10,"DataDisk":18,"Centennial Puzzle":47,"CaptainsWheel":72,"Matryoshka":38,"Orrery":4,"Fusion Hammer":56,"Red Mask":67,"Toxic Egg 2":43,"Cracked Core":0,"StrikeDummy":15,"Meat on the Bone":10}],"Meat on the Bone":60},"card_choices":[{"not_picked":["Gash","Blizzard","Stack"],"picked":"SKIP","floor":1},{"not_picked":["Stack","Leap"],"picked":"Glacier","floor":2},{"not_picked":["Self Repair","Aggregate"],"picked":"Electrodynamics","floor":2},{"not_picked":["Turbo","Stack"],"picked":"Lockon","floor":2},{"not_picked":["Streamline","Turbo"],"picked":"Steam","floor":2},{"not_picked":["Undo","Force Field"],"picked":"Consume","floor":5},{"not_picked":["Rip and Tear","Force Field"],"picked":"Ball Lightning","floor":7},{"not_picked":["Turbo","Steam","Melter"],"picked":"SKIP","floor":10},{"not_picked":["Steam Power","Sweeping Beam"],"picked":"Leap","floor":12},{"not_picked":["Electrodynamics","Reboot"],"picked":"Fission","floor":16},{"not_picked":["Darkness","Beam Cell"],"picked":"Cold Snap","floor":18},{"not_picked":["Storm","Hello World","Auto Shields"],"picked":"SKIP","floor":20},{"not_picked":["Streamline","Undo","Double Energy"],"picked":"SKIP","floor":23},{"not_picked":["Turbo+1","Lockon"],"picked":"Sweeping Beam+1","floor":25},{"not_picked":["Go for the Eyes","Stack+1"],"picked":"Capacitor","floor":28},{"not_picked":["Gash","Rebound","Beam Cell"],"picked":"SKIP","floor":29},{"not_picked":["Rainbow+1","Thunder Strike"],"picked":"Fission+1","floor":33},{"not_picked":["Streamline","Fusion+1"],"picked":"Storm","floor":35},{"not_picked":["Barrage+1","Rebound+1","Genetic Algorithm+1"],"picked":"SKIP","floor":37},{"not_picked":["Coolheaded+1","Stack+1"],"picked":"Glacier+1","floor":38},{"not_picked":["Turbo+1","Darkness+1","Stack+1"],"picked":"SKIP","floor":40},{"not_picked":["Gash+1","Genetic Algorithm+1","Ball Lightning"],"picked":"SKIP","floor":42},{"not_picked":["Cold Snap","Streamline"],"picked":"Chaos+1","floor":45},{"not_picked":["Cold Snap+1","Force Field+1"],"picked":"Skim+1","floor":46},{"not_picked":["Aggregate+1","Stack+1"],"picked":"White Noise+1","floor":47}],"player_experience":998070,"relics_obtained":[{"floor":7,"key":"Anchor"},{"floor":9,"key":"Meat on the Bone"},{"floor":10,"key":"StrikeDummy"},{"floor":12,"key":"DataDisk"},{"floor":14,"key":"Ancient Tea Set"},{"floor":23,"key":"Blood Vial"},{"floor":26,"key":"Matryoshka"},{"floor":28,"key":"Toxic Egg 2"},{"floor":40,"key":"CaptainsWheel"},{"floor":42,"key":"Pen Nib"},{"floor":43,"key":"Potion Belt"},{"floor":47,"key":"Thread and Needle"}],"event_choices":[{"cards_removed":["Strike_B"],"damage_healed":0,"gold_gain":0,"player_choice":"Forget","damage_taken":0,"max_hp_gain":0,"max_hp_loss":0,"event_name":"Living Wall","floor":3,"gold_loss":0},{"damage_healed":0,"gold_gain":0,"player_choice":"Ignored","damage_taken":0,"max_hp_gain":0,"max_hp_loss":0,"event_name":"Liars Game","floor":4,"gold_loss":0},{"damage_healed":0,"gold_gain":0,"player_choice":"Left Gold","damage_taken":0,"max_hp_gain":0,"max_hp_loss":0,"event_name":"World of Goop","floor":13,"gold_loss":47},{"damage_healed":0,"gold_gain":0,"player_choice":"Ignored","damage_taken":0,"max_hp_gain":0,"max_hp_loss":0,"event_name":"Vampires","floor":19,"gold_loss":0},{"damage_healed":0,"gold_gain":0,"player_choice":"Ignored","damage_taken":0,"max_hp_gain":0,"max_hp_loss":0,"event_name":"Ghosts","floor":21,"gold_loss":0},{"damage_healed":0,"gold_gain":0,"player_choice":"Paid Gold","damage_taken":0,"relics_obtained":["War Paint"],"max_hp_gain":0,"max_hp_loss":0,"event_name":"WeMeetAgain","floor":22,"gold_loss":66},{"damage_healed":0,"gold_gain":0,"player_choice":"Obtained Relic","damage_taken":0,"relics_obtained":["Centennial Puzzle"],"max_hp_gain":0,"max_hp_loss":0,"event_name":"Addict","floor":30,"gold_loss":85},{"damage_healed":0,"gold_gain":0,"player_choice":"Forge","damage_taken":0,"max_hp_gain":0,"max_hp_loss":0,"event_name":"Accursed Blacksmith","floor":36,"gold_loss":0,"cards_upgraded":["Defragment"]},{"damage_healed":0,"gold_gain":0,"player_choice":"Paid","damage_taken":0,"relics_obtained":["Red Mask"],"max_hp_gain":0,"max_hp_loss":0,"event_name":"Tomb of Lord Red Mask","floor":39,"gold_loss":125},{"damage_healed":0,"gold_gain":0,"player_choice":"Fight","damage_taken":0,"max_hp_gain":0,"max_hp_loss":0,"event_name":"MindBloom","floor":47,"gold_loss":0}],"is_beta":false,"boss_relics":[{"not_picked":["SacredBark","Empty Cage"],"picked":"Sozu"},{"not_picked":["Velvet Choker","Tiny House"],"picked":"Fusion Hammer"}],"items_purged_floors":[31],"is_endless":false,"potions_floor_spawned":[5,7,16,18,28,29,35,37,38,45,47],"ascension_level":19}}