{"host":"mcdusr64esz012l0","time":1609087008,"event":{"mods":["BaseMod","Minty Spire (QoL Compilation)","Relic Stats"],"gold_per_floor":[112,112,126,49,62,94,94,94,94,94,15,46,46,60,60,159,159,178,178,93,93,18,18,35,61,88,102,102,128,143,43,43,115,115,127,144,144,144,19,19,38,69,69,78,116,116,158,172,172,172],"floor_reached":51,"playtime":3557,"items_purged":["Strike_P","Strike_P","Prostrate+1"],"score":1648,"play_id":"014d8663-7aa0-4ef1-8369-9930b896d556","local_time":"20201227113648","is_ascension_mode":true,"campfire_choices":[{"floor":8,"key":"REST"},{"floor":13,"key":"REST"},{"data":"Strike_P","floor":15,"key":"PURGE"},{"data":"Ragnarok","floor":23,"key":"SMITH"},{"data":"WheelKick","floor":28,"key":"SMITH"},{"data":"Strike_P","floor":32,"key":"PURGE"},{"data":"ReachHeaven","floor":40,"key":"SMITH"},{"floor":44,"key":"REST"},{"data":"Vigilance","floor":46,"key":"SMITH"},{"data":"LessonLearned","floor":49,"key":"PURGE"}],"circlet_count":0,"master_deck":["AscendersBane","Eruption","Vigilance+1","ReachHeaven+1","ReachHeaven+1","Swivel","EmptyBody+1","Protect+1","Ragnarok+1","Protect+1","RitualDagger","WheelKick+1","Omniscience+1","Worship+1","DeusExMachina+1","CutThroughFate+1","TalkToTheHand+1","Protect+1","Master of Strategy+1","EmptyMind+1","TalkToTheHand+1","Meditate+1","Worship+1"],"relics":["Snecko Eye","Peace Pipe","Bloody Idol","HornCleat","Anchor","Toxic Egg 2","VioletLotus","Nunchaku","Orichalcum","Bag of Marbles","Letter Opener","Astrolabe","Dream Catcher","CeramicFish","Toy Ornithopter","Regal Pillow"],"acts_visited":["Exordium","TheCity","TheBeyond"],"potions_floor_usage":[6,12,16,36,45,50,50],"damage_taken":[{"damage":0,"enemies":"Cultist","floor":1,"turns":3},{"damage":7,"enemies":"Jaw Worm","floor":3,"turns":3},{"damage":0,"enemies":"Small Slimes","floor":5,"turns":1},{"damage":12,"enemies":"Lagavulin","floor":6,"turns":3},{"damage":0,"enemies":"3 Sentries","floor":12,"turns":4},{"damage":0,"enemies":"2 Fungi Beasts","floor":14,"turns":3},{"damage":43,"enemies":"The Guardian","floor":16,"turns":7},{"damage":0,"enemies":"Chosen","floor":18,"turns":2},{"damage":0,"enemies":"3 Byrds","floor":24,"turns":4},{"damage":7,"enemies":"Book of Stabbing","floor":25,"turns":4},{"damage":0,"enemies":"Cultist and Chosen","floor":27,"turns":2},{"damage":0,"enemies":"Slavers","floor":29,"turns":4},{"damage":0,"enemies":"3 Cultists","floor":30,"turns":3},{"damage":32,"enemies":"Collector","floor":33,"turns":7},{"damage":0,"enemies":"Orb Walker","floor":35,"turns":1},{"damage":0,"enemies":"3 Darklings","floor":36,"turns":3},{"damage":0,"enemies":"Transient","floor":41,"turns":6},{"damage":9,"enemies":"Nemesis","floor":42,"turns":7},{"damage":0,"enemies":"Reptomancer","floor":45,"turns":3},{"damage":0,"enemies":"Nemesis","floor":47,"turns":5},{"damage":0,"enemies":"Sphere and 2 Shapes","floor":48,"turns":2},{"damage":27,"enemies":"Time Eater","floor":50,"turns":5}],"seed_played":"-9194957336061007652","potions_obtained":[{"floor":5,"key":"DistilledChaos"},{"floor":6,"key":"Dexterity Potion"},{"floor":14,"key":"ColorlessPotion"},{"floor":24,"key":"Fruit Juice"},{"floor":29,"key":"LiquidMemories"},{"floor":36,"key":"GamblersBrew"},{"floor":45,"key":"DuplicationPotion"}],"is_trial":false,"path_per_floor":["M","?","M","$","M","E","?","R","T","?","$","E","R","M","R","B",null,"M","?","?","?","$","R","M","E","T","M","R","E","M","$","R","B",null,"M","M","?","?","$","R","M","E","T","R","E","R","E","M","R","B",null],"character_chosen":"WATCHER","items_purchased":["ReachHeaven","Swivel"],"campfire_rested":3,"item_purchase_floors":[4,11],"current_hp_per_floor":[61,54,47,47,47,35,35,53,53,27,27,27,45,45,45,2,47,47,41,41,41,41,41,46,44,49,54,54,59,62,62,62,35,55,60,62,62,52,52,52,57,53,53,62,67,67,67,67,67,45],"gold":172,"neow_bonus":"BOSS_RELIC","is_daily":false,"chose_seed":false,"campfire_upgraded":4,"win_rate":0.0,"timestamp":1609087008,"path_taken":["M","?","M","$","M","E","?","R","T","?","$","E","R","M","R","BOSS","M","?","?","?","?","R","M","E","T","M","R","E","M","$","R","BOSS","M","M","?","?","$","R","M","E","T","R","E","R","E","M","R","BOSS"],"items_purchased_type":["Card","Card"],"build_version":"2020-12-22","purchased_purges":3,"victory":true,"max_hp_per_floor":[68,68,68,68,68,68,62,62,62,62,62,62,62,62,62,62,62,62,62,62,62,62,62,62,62,62,62,62,62,62,62,62,62,62,62,62,62,62,62,62,62,62,62,62,67,67,67,67,67,67],"relic_stats":{"Regal Pillow":0,"counters":[22,82],"Astrolabe":["CutThroughFate","TalkToTheHand","Prostrate"],"CeramicFish":27,"Letter Opener":[111],"Orichalcum":[6],"Peace Pipe":5,"Nunchaku":[13],"Dream Catcher":1,"Bloody Idol":50,"Snecko Eye":[154,137,154,137],"VioletLotus":[18],"obtain_stats":[{"Regal Pillow":47,"Golden Idol":7,"Astrolabe":34,"CeramicFish":43,"Letter Opener":29,"Orichalcum":25,"Peace Pipe":6,"Anchor":10,"Nunchaku":20,"Dream Catcher":42,"HornCleat":9,"Bloody Idol":21,"Snecko Eye":0,"VioletLotus":17,"Bag of Marbles":26,"PureWater":0,"Toxic Egg 2":12,"Toy Ornithopter":45},{"Regal Pillow":20,"Golden Idol":4,"Astrolabe":14,"CeramicFish":18,"Letter Opener":12,"Orichalcum":10,"Peace Pipe":4,"Anchor":4,"Nunchaku":8,"Dream Catcher":18,"HornCleat":4,"Bloody Idol":8,"Snecko Eye":0,"VioletLotus":7,"Bag of Marbles":10,"PureWater":0,"Toxic Egg 2":5,"Toy Ornithopter":19},{"Regal Pillow":75,"Golden Idol":10,"Astrolabe":50,"CeramicFish":67,"Letter Opener":40,"Orichalcum":34,"Peace Pipe":10,"Anchor":10,"Nunchaku":26,"Dream Catcher":67,"HornCleat":10,"Bloody Idol":26,"Snecko Eye":0,"VioletLotus":24,"Bag of Marbles":34,"PureWater":0,"Toxic Egg 2":14,"Toy Ornithopter":70}],"Toy Ornithopter":5},"card_choices":[{"not_picked":["ClearTheMind","FlurryOfBlows","Halt"],"picked":"SKIP","floor":1},{"not_picked":["Crescendo","ClearTheMind","PathToVictory"],"picked":"SKIP","floor":3},{"not_picked":["PathToVictory","FollowUp"],"picked":"ReachHeaven","floor":5},{"not_picked":["Prostrate","Crescendo"],"picked":"Adaptation","floor":6},{"not_picked":["Swivel+1","Vengeance+1"],"picked":"EmptyBody+1","floor":12},{"not_picked":["WaveOfTheHand+1","FlyingSleeves"],"picked":"Protect+1","floor":14},{"not_picked":["Establishment","Vault+1"],"picked":"Ragnarok","floor":16},{"not_picked":["FollowUp","JustLucky"],"picked":"Protect+1","floor":18},{"not_picked":["Vengeance+1","WreathOfFlame+1"],"picked":"WheelKick","floor":24},{"not_picked":["InnerPeace+1","BowlingBash"],"picked":"Omniscience+1","floor":25},{"not_picked":["FollowUp","Crescendo+1","CrushJoints"],"picked":"SKIP","floor":27},{"not_picked":["SashWhip","Crescendo+1"],"picked":"LessonLearned","floor":29},{"not_picked":["Evaluate+1","FearNoEvil"],"picked":"Worship+1","floor":30},{"not_picked":["MasterReality","Ragnarok"],"picked":"DeusExMachina+1","floor":33},{"not_picked":["ReachHeaven","Vengeance+1"],"picked":"Protect+1","floor":35},{"not_picked":["EmptyFist","Evaluate+1","PathToVictory+1"],"picked":"SKIP","floor":36},{"not_picked":["Purity+1","Blind+1"],"picked":"Master of Strategy+1","floor":38},{"not_picked":["EmptyBody+1","CutThroughFate"],"picked":"EmptyMind+1","floor":41},{"not_picked":["FlurryOfBlows","Crescendo+1","FlyingSleeves"],"picked":"SKIP","floor":42},{"not_picked":["DeceiveReality+1","Pray+1"],"picked":"TalkToTheHand+1","floor":44},{"not_picked":["CutThroughFate+1","Swivel+1"],"picked":"Meditate+1","floor":45},{"not_picked":["EmptyFist","EmptyBody+1"],"picked":"Worship+1","floor":47},{"not_picked":["BowlingBash","EmptyBody+1","Protect+1"],"picked":"SKIP","floor":48}],"player_experience":1000393,"relics_obtained":[{"floor":6,"key":"Peace Pipe"},{"floor":9,"key":"HornCleat"},{"floor":12,"key":"Toxic Egg 2"},{"floor":25,"key":"Orichalcum"},{"floor":26,"key":"Bag of Marbles"},{"floor":29,"key":"Letter Opener"},{"floor":42,"key":"Dream Catcher"},{"floor":43,"key":"CeramicFish"},{"floor":45,"key":"Toy Ornithopter"},{"floor":47,"key":"Regal Pillow"}],"event_choices":[{"cards_removed":["Defend_P"],"damage_healed":0,"gold_gain":0,"player_choice":"Card Removal","damage_taken":7,"max_hp_gain":0,"max_hp_loss":0,"event_name":"Golden Wing","floor":2,"gold_loss":0},{"damage_healed":0,"gold_gain":0,"player_choice":"Lose Max HP","damage_taken":0,"relics_obtained":["Golden Idol"],"max_hp_gain":0,"max_hp_loss":6,"event_name":"Golden Idol","floor":7,"gold_loss":0},{"damage_healed":0,"gold_gain":0,"player_choice":"Success","damage_taken":26,"relics_obtained":["Anchor"],"max_hp_gain":0,"max_hp_loss":0,"event_name":"Scrap Ooze","floor":10,"gold_loss":0},{"damage_healed":0,"gold_gain":0,"player_choice":"Joined the Cult","damage_taken":6,"max_hp_gain":0,"max_hp_loss":0,"event_name":"Nest","floor":19,"gold_loss":0,"cards_obtained":["RitualDagger"]},{"damage_healed":0,"gold_gain":0,"player_choice":"Obtained Relic","damage_taken":0,"relics_obtained":["Nunchaku"],"max_hp_gain":0,"max_hp_loss":0,"event_name":"Addict","floor":20,"gold_loss":85},{"damage_healed":0,"gold_gain":0,"player_choice":"Gave Idol","damage_taken":0,"relics_obtained":["Bloody Idol"],"max_hp_gain":0,"max_hp_loss":0,"event_name":"Forgotten Altar","floor":21,"relics_lost":["Golden Idol"],"gold_loss":0},{"cards_removed":["Adaptation"],"damage_healed":0,"gold_gain":0,"player_choice":"Removed Power","damage_taken":0,"max_hp_gain":0,"max_hp_loss":0,"event_name":"Falling","floor":37,"gold_loss":0},{"damage_healed":0,"gold_gain":0,"player_choice":"Memory 3","damage_taken":10,"max_hp_gain":0,"max_hp_loss":0,"event_name":"SensoryStone","floor":38,"gold_loss":0}],"is_beta":false,"boss_relics":[{"not_picked":["Runic Dome","Sozu"],"picked":"VioletLotus"},{"not_picked":["Runic Pyramid","Philosopher\u0027s Stone"],"picked":"Astrolabe"}],"items_purged_floors":[22,31,39],"is_endless":false,"potions_floor_spawned":[5,6,14,24,29,30,36,45,47],"ascension_level":18}}