{"host":"ygfasg9u7olr7skw","time":1609082437,"event":{"mods":["AchievementEnabler","BaseMod","Better Note","Better Vampires","Colored Powertips","Minty Spire (QoL Compilation)","Replay The Spire","Spicy Shops","StSLib","The IronCluck"],"gold_per_floor":[112,130,143,163,338,338,49,49,49,49,69,83,83,94,94,192,192,206,206,225,140,140,140,155,30,30,48,48,59,134,150,150,253,253,267,283,301,343,393,393,420,436,436,46,46,46,46,46,130,130,130],"floor_reached":50,"playtime":3905,"items_purged":["Doubt","Strike_P","Strike_P","Strike_P"],"score":514,"play_id":"f91b236f-fa01-47af-82e2-cda9378561ff","local_time":"20201227102037","is_ascension_mode":false,"campfire_choices":[{"data":"Eruption","floor":8,"key":"SMITH"},{"data":"FearNoEvil","floor":10,"key":"SMITH"},{"floor":13,"key":"REST"},{"data":"CrushJoints","floor":15,"key":"SMITH"},{"data":"SandsOfTime","floor":23,"key":"SMITH"},{"floor":28,"key":"REST"},{"floor":32,"key":"REST"},{"floor":40,"key":"REST"},{"floor":45,"key":"REST"},{"data":"Halt","floor":47,"key":"SMITH"}],"circlet_count":0,"master_deck":["Strike_P","Defend_P","Defend_P","Defend_P","Defend_P","Eruption+1","Vigilance","CrushJoints+1","SandsOfTime+1","FearNoEvil+1","Vengeance","FollowUp+1","Replay:Cycle+1","Halt+1","EmptyFist+1","ClearTheMind+1","EmptyBody+1"],"relics":["HolyWater","Replay:Towering Pillar of Hats","Eternal Feather","Philosopher\u0027s Stone","Replay:Kaleidoscope","Bottled Flame","Ornamental Fan","Frozen Egg 2","Calipers","Shuriken","Golden Egg","Molten Egg 2"],"acts_visited":["Exordium","TheCity","TheBeyond"],"potions_floor_usage":[2,24,27,29,41,50],"damage_taken":[{"damage":3,"enemies":"2 Louse","floor":1,"turns":3},{"damage":0,"enemies":"Cultist","floor":2,"turns":2},{"damage":0,"enemies":"Small Slimes","floor":3,"turns":2},{"damage":8,"enemies":"Exordium Thugs","floor":4,"turns":7},{"damage":7,"enemies":"2 Fungi Beasts","floor":11,"turns":3},{"damage":17,"enemies":"3 Louse","floor":12,"turns":3},{"damage":5,"enemies":"Looter","floor":14,"turns":3},{"damage":0,"enemies":"Slime Boss","floor":16,"turns":5},{"damage":0,"enemies":"Shell Parasite","floor":18,"turns":2},{"damage":1,"enemies":"Spheric Guardian","floor":20,"turns":3},{"damage":31,"enemies":"Shelled Parasite and Fungi","floor":24,"turns":3},{"damage":14,"enemies":"Cultist and Chosen","floor":27,"turns":3},{"damage":5,"enemies":"Centurion and Healer","floor":29,"turns":4},{"damage":19,"enemies":"Shelled Parasite and Fungi","floor":31,"turns":3},{"damage":43,"enemies":"Automaton","floor":33,"turns":8},{"damage":29,"enemies":"3 Darklings","floor":35,"turns":5},{"damage":11,"enemies":"Orb Walker","floor":36,"turns":2},{"damage":15,"enemies":"Writhing Mass","floor":37,"turns":3},{"damage":10,"enemies":"Mind Bloom Boss Battle","floor":39,"turns":7},{"damage":9,"enemies":"R_Hoarder","floor":41,"turns":7},{"damage":0,"enemies":"Transient","floor":42,"turns":5},{"damage":86,"enemies":"Replay:Hell Engine","floor":50,"turns":8}],"seed_played":"6199693016440722862","potions_obtained":[{"floor":1,"key":"FearPotion"},{"floor":2,"key":"Fruit Juice"},{"floor":16,"key":"Swift Potion"},{"floor":18,"key":"PowerPotion"},{"floor":27,"key":"Fire Potion"},{"floor":31,"key":"Elixir"},{"floor":39,"key":"ColorlessPotion"},{"floor":41,"key":"Toxic Potion"}],"is_trial":false,"path_per_floor":["M","M","M","M","?","?","$","R","T","R","M","M","R","M","R","B",null,"M","?","M","?","?","R","M","$","T","M","R","M","T","M","R","B",null,"M","M","M","?","?","R","E","M","T","$","R","$","R","$","R","B"],"character_chosen":"WATCHER","items_purchased":["SandsOfTime","FearNoEvil","Molten Egg 2"],"campfire_rested":5,"item_purchase_floors":[7,7,44],"current_hp_per_floor":[76,81,81,73,73,73,73,73,73,79,72,55,84,79,84,84,84,84,84,83,83,83,84,53,53,53,39,73,68,68,49,83,40,84,55,44,29,29,19,53,44,44,44,44,78,78,84,84,84,0,0],"gold":130,"neow_bonus":"TEN_PERCENT_HP_BONUS","is_daily":false,"chose_seed":false,"campfire_upgraded":5,"win_rate":0.0,"timestamp":1609082437,"path_taken":["M","M","M","M","?","?","$","R","T","R","?","M","R","M","R","BOSS","M","?","M","?","?","R","M","$","T","M","R","M","?","M","R","BOSS","M","M","?","?","?","R","E","?","T","$","R","?","R","$","R","BOSS"],"items_purchased_type":["Card","Card","Relic"],"build_version":"2020-12-22","purchased_purges":4,"victory":false,"max_hp_per_floor":[79,84,84,84,84,84,84,84,84,84,84,84,84,84,84,84,84,84,84,84,84,84,84,84,84,84,84,84,84,84,84,84,84,84,84,84,84,84,84,84,84,84,84,84,84,84,84,84,84,84,84],"card_choices":[{"not_picked":["Meditate","BowlingBash","InnerPeace"],"picked":"SKIP","floor":1},{"not_picked":["Vengeance","Replay:ManipulateFuture"],"picked":"CrushJoints","floor":2},{"not_picked":["Replay:AtTheReady","Replay:ManipulateFuture","ThirdEye"],"picked":"SKIP","floor":3},{"not_picked":["Replay:BluntJabs","Worship","Evaluate"],"picked":"SKIP","floor":4},{"not_picked":["Replay:AtTheReady","ThirdEye","TalkToTheHand"],"picked":"SKIP","floor":11},{"not_picked":["PathToVictory","BowlingBash"],"picked":"Vengeance","floor":12},{"not_picked":["Replay:ManipulateFuture","Replay:DivineShield","SignatureMove"],"picked":"SKIP","floor":14},{"not_picked":["Replay:Anticipation","BowlingBash+1"],"picked":"FollowUp+1","floor":18},{"not_picked":["ThirdEye","Perseverance+1"],"picked":"Replay:Cycle+1","floor":20},{"not_picked":["CrushJoints","BattleHymn"],"picked":"Halt","floor":24},{"not_picked":["EmptyFist","SandsOfTime","Nirvana"],"picked":"SKIP","floor":27},{"not_picked":["CarveReality+1","Fasting2","Perseverance"],"picked":"SKIP","floor":29},{"not_picked":["JustLucky","Replay:BluntJabs","ThirdEye"],"picked":"SKIP","floor":31},{"not_picked":["Replay:AtTheReady","JustLucky","CutThroughFate"],"picked":"SKIP","floor":35},{"not_picked":["WindmillStrike","Conclude"],"picked":"EmptyFist+1","floor":36},{"not_picked":["Replay:BluntJabs","SashWhip"],"picked":"ClearTheMind+1","floor":37},{"not_picked":["Prostrate","DeceiveReality+1"],"picked":"EmptyBody+1","floor":38},{"not_picked":["WaveOfTheHand","Replay:Hum","Ragnarok"],"picked":"SKIP","floor":41},{"not_picked":["Consecrate+1","Replay:AtTheReady","CutThroughFate+1"],"picked":"SKIP","floor":42}],"player_experience":170819,"relics_obtained":[{"floor":9,"key":"Eternal Feather"},{"floor":26,"key":"Bottled Flame"},{"floor":30,"key":"Ornamental Fan"},{"floor":38,"key":"Frozen Egg 2"},{"floor":39,"key":"Calipers"},{"floor":41,"key":"Shuriken"},{"floor":43,"key":"Golden Egg"}],"event_choices":[{"damage_healed":0,"gold_gain":175,"player_choice":"AGREE","damage_taken":0,"max_hp_gain":0,"max_hp_loss":0,"event_name":"Liars Game","floor":5,"gold_loss":0,"cards_obtained":["Doubt"]},{"damage_healed":0,"gold_gain":0,"player_choice":"Gave Potion","damage_taken":0,"relics_obtained":["Replay:Towering Pillar of Hats"],"max_hp_gain":0,"max_hp_loss":0,"event_name":"WeMeetAgain","floor":6,"gold_loss":0},{"cards_removed":["Strike_P"],"damage_healed":0,"gold_gain":0,"player_choice":"Give","damage_taken":0,"max_hp_gain":0,"max_hp_loss":0,"event_name":"betterNote:BetterNote","floor":19,"gold_loss":0,"cards_obtained":["None"]},{"damage_healed":0,"gold_gain":0,"player_choice":"Obtained Relic","damage_taken":0,"relics_obtained":["Replay:Kaleidoscope"],"max_hp_gain":0,"max_hp_loss":0,"event_name":"Addict","floor":21,"gold_loss":85},{"damage_healed":0,"gold_gain":0,"player_choice":"Ignored","damage_taken":0,"max_hp_gain":0,"max_hp_loss":0,"event_name":"Ghosts","floor":22,"gold_loss":0},{"damage_healed":0,"gold_gain":0,"player_choice":"Fight","damage_taken":0,"max_hp_gain":0,"max_hp_loss":0,"event_name":"MindBloom","floor":39,"gold_loss":0}],"is_beta":false,"boss_relics":[{"not_picked":["Sozu","Kintsugi"],"picked":"Philosopher\u0027s Stone"},{"not_picked":["Cursed Key","SlaversCollar"],"picked":"HolyWater"}],"items_purged_floors":[7,7,25,44],"is_endless":false,"potions_floor_spawned":[1,2,16,18,27,31,39,41],"killed_by":"Replay:Hell Engine","ascension_level":0}}