{"host":"qj91dvco5uhu9oti","time":1609075101,"event":{"mods":["BaseMod","Colored Map","Keyboard Shortcuts","Minty Spire (QoL Compilation)","Permanent Neow","Relic Stats","StSLib","SuperFastMode","everything is the same but u backflip on backflip"],"gold_per_floor":[11,11,23,23,0,0,17,0,0,12,36,58,70,82,94,106,106],"floor_reached":16,"playtime":372,"items_purged":[],"score":153,"play_id":"88cc110b-6955-43fd-8e5b-d4da319bd7fe","local_time":"20201227221821","is_ascension_mode":true,"campfire_choices":[{"data":"Neutralize","floor":6.0,"key":"SMITH"},{"data":"Blade Dance","floor":15.0,"key":"SMITH"}],"circlet_count":0,"master_deck":["AscendersBane","Strike_G","Strike_G","Strike_G","Strike_G","Defend_G","Defend_G","Defend_G","Defend_G","Defend_G","Survivor","Neutralize+1","Grand Finale","PiercingWail","Calculated Gamble+1","Blade Dance+1","Dodge and Roll"],"relics":["Ring of the Snake","Tiny Chest","MawBank"],"acts_visited":["Exordium"],"potions_floor_usage":[16],"damage_taken":[{"damage":6.0,"enemies":"Cultist","floor":1.0,"turns":5.0},{"damage":10.0,"enemies":"Jaw Worm","floor":3.0,"turns":9.0},{"damage":1.0,"enemies":"Small Slimes","floor":7.0,"turns":6.0},{"damage":1.0,"enemies":"Looter","floor":8.0,"turns":4.0},{"damage":7.0,"enemies":"3 Louse","floor":11.0,"turns":6.0},{"damage":12.0,"enemies":"Exordium Wildlife","floor":12.0,"turns":5.0},{"damage":9,"enemies":"Slime Boss","floor":16,"turns":6}],"seed_played":"-8923873080249778284","potions_obtained":[{"floor":7.0,"key":"Block Potion"},{"floor":11.0,"key":"BlessingOfTheForge"}],"is_trial":false,"path_per_floor":["M","?","M","?","$","R","M","M","T","$","M","M","$","?","R","B"],"character_chosen":"THE_SILENT","items_purchased":["PiercingWail"],"campfire_rested":0,"item_purchase_floors":[5],"current_hp_per_floor":[53,53,43,36,36,36,35,34,34,34,27,15,15,15,15,6,6],"gold":106,"neow_bonus":"THREE_RARE_CARDS","is_daily":false,"chose_seed":false,"campfire_upgraded":2,"win_rate":0.0,"timestamp":1609075101,"path_taken":["M","?","M","?","$","R","M","M","T","$","M","?","?","?","R","BOSS"],"items_purchased_type":["Card"],"build_version":"2020-12-22","purchased_purges":0,"victory":false,"max_hp_per_floor":[66,66,66,66,66,66,66,66,66,66,66,66,66,66,66,66,66],"relic_stats":{"counters":[7,41],"Tiny Chest":0,"MawBank":84,"obtain_stats":[{"Tiny Chest":4,"MawBank":9,"Ring of the Snake":0},{"Tiny Chest":2,"MawBank":4,"Ring of the Snake":0},{"Tiny Chest":14,"MawBank":24,"Ring of the Snake":0}],"Ring of the Snake":[14]},"card_choices":[{"not_picked":["Storm of Steel","Glass Knife"],"picked":"Grand Finale","floor":0.0},{"not_picked":["Outmaneuver","Deflect","Quick Slash"],"picked":"SKIP","floor":1.0},{"not_picked":["Cloak And Dagger","Terror","Poisoned Stab"],"picked":"SKIP","floor":3.0},{"not_picked":["Slice","Outmaneuver"],"picked":"Calculated Gamble","floor":7.0},{"not_picked":["Quick Slash","Poisoned Stab","Infinite Blades"],"picked":"SKIP","floor":8.0},{"not_picked":["Deadly Poison","Catalyst"],"picked":"Blade Dance","floor":11.0},{"not_picked":["Bane","Flying Knee","Dodge and Roll"],"picked":"SKIP","floor":12.0},{"not_picked":["Bane","Flying Knee"],"picked":"Dodge and Roll","floor":12.0}],"player_experience":294294,"relics_obtained":[{"floor":9.0,"key":"MawBank"}],"event_choices":[{"cards_removed":["Strike_G"],"damage_healed":0.0,"max_hp_gain":0.0,"max_hp_loss":0.0,"gold_gain":0.0,"event_name":"Living Wall","player_choice":"Forget","floor":2.0,"gold_loss":0.0,"damage_taken":0.0},{"damage_healed":0.0,"max_hp_gain":0.0,"max_hp_loss":0.0,"gold_gain":0.0,"event_name":"Scrap Ooze","player_choice":"Success","floor":4.0,"gold_loss":0.0,"damage_taken":7.0,"relics_obtained":["Tiny Chest"]},{"damage_healed":0.0,"max_hp_gain":0.0,"max_hp_loss":0.0,"gold_gain":0.0,"event_name":"Accursed Blacksmith","player_choice":"Forge","floor":14.0,"gold_loss":0.0,"damage_taken":0.0,"cards_upgraded":["Calculated Gamble"]}],"is_beta":false,"boss_relics":[],"items_purged_floors":[],"is_endless":false,"potions_floor_spawned":[7,11],"killed_by":"Slime Boss","ascension_level":14}}