{"host":"kw4o7b3ro2ktmmbe","time":1609048433,"event":{"mods":["BaseMod","Evolution","Minty Spire (QoL Compilation)","StSLib","The Death Knight","Treasure Hunter"],"gold_per_floor":[385,335,410,585,107,107,121,121,192,192,205,205,205,218,218,324,324,339,358,14,27,43,43,75,75,75,104,64,64,64,98,98,203,203,225,7,0,0,14,49,68,68,68,101,101,28,28,28,28,28],"floor_reached":51,"playtime":4283,"items_purged":["Doubt"],"score":1014,"play_id":"3d763470-5d98-4b13-bb3b-161f3a620063","local_time":"20201227185353","is_ascension_mode":true,"campfire_choices":[{"data":"DeathKnight:Ossuary","floor":6.0,"key":"SMITH"},{"data":"DeathKnight:RuneTap","floor":8.0,"key":"SMITH"},{"floor":15.0,"key":"REST"},{"data":"TH:ArmorSpikes","floor":23.0,"key":"SMITH"},{"floor":30.0,"key":"REST"},{"floor":32.0,"key":"REST"},{"data":"DeathKnight:Contagion","floor":42.0,"key":"SMITH"},{"data":"DeathKnight:Contagion","floor":47,"key":"SMITH"},{"data":"TH:CursedSword","floor":49,"key":"SMITH"}],"circlet_count":0,"master_deck":["DeathKnight:DreadStrike+1","DeathKnight:DreadStrike+1","DeathKnight:DreadStrike+1","DeathKnight:DreadStrike","DeathKnight:DreadStrike+1","DeathKnight:Defend_DeathKnight","DeathKnight:Defend_DeathKnight","DeathKnight:Defend_DeathKnight","DeathKnight:Defend_DeathKnight","DeathKnight:RuneTap+1","DeathKnight:RuneStrike+1","DeathKnight:Ossuary+1","DeathKnight:Pestilence+1","TH:CopperCoins+1","DeathKnight:DancingRuneblade+1","DeathKnight:Ossuary+1","TH:ArmorSpikes+1","DeathKnight:Outbreak+1","DeathKnight:BloodBoil+1","DeathKnight:DeathGrip+1","DeathKnight:PlagueStrike+1","DeathKnight:BoneShield+1","TH:TreasureMap","DeathKnight:AntiMagicShell+1","TH:CursedSword+1","TH:ElvenBoots","DeathKnight:AntiMagicShell+1","Writhe","TH:BikiniMail","DeathKnight:Contagion+1","TH:DeckOfManyThings","DeathKnight:UnholyExperiment+1","DeathKnight:Contagion+1","DeathKnight:FoulBulwark+1","Apotheosis+1","DeathKnight:Lichborne+1","TH:TreasureMap","DeathKnight:AntiMagicShell+1","TH:CursedSword","TH:CursedSword"],"relics":["EVO:Axolotl","Runic Pyramid","Toxic Egg 2","OrangePellets","StrikeDummy","DeathKnight:Shadowmourne","Membership Card","Kunai","MealTicket","Juzu Bracelet","Mercury Hourglass","Shuriken","Ginger","TungstenRod","SlaversCollar","Darkstone Periapt","Red Mask","Gremlin Horn","Omamori","Whetstone","DeathKnight:SoulFragment"],"acts_visited":["Exordium","TheCity","TheBeyond"],"potions_floor_usage":[50,50,50,50],"damage_taken":[{"damage":4.0,"enemies":"Jaw Worm","floor":1.0,"turns":4.0},{"damage":0.0,"enemies":"2 Louse","floor":7.0,"turns":2.0},{"damage":4.0,"enemies":"Small Slimes","floor":11.0,"turns":3.0},{"damage":6.0,"enemies":"Exordium Thugs","floor":14.0,"turns":3.0},{"damage":2.0,"enemies":"The Guardian","floor":16.0,"turns":7.0},{"damage":14.0,"enemies":"2 Thieves","floor":18.0,"turns":3.0},{"damage":2.0,"enemies":"Spheric Guardian","floor":19.0,"turns":3.0},{"damage":1.0,"enemies":"Snecko","floor":21.0,"turns":3.0},{"damage":0.0,"enemies":"3 Cultists","floor":22.0,"turns":4.0},{"damage":13.0,"enemies":"Slavers","floor":24.0,"turns":4.0},{"damage":31.0,"enemies":"Book of Stabbing","floor":27.0,"turns":4.0},{"damage":10.0,"enemies":"Slavers","floor":31.0,"turns":3.0},{"damage":32.0,"enemies":"Automaton","floor":33.0,"turns":8.0},{"damage":19.0,"enemies":"3 Shapes","floor":35.0,"turns":4.0},{"damage":12.0,"enemies":"3 Darklings","floor":39.0,"turns":5.0},{"damage":1.0,"enemies":"Giant Head","floor":40.0,"turns":6.0},{"damage":0.0,"enemies":"Sphere and 2 Shapes","floor":41.0,"turns":3.0},{"damage":7.0,"enemies":"Reptomancer","floor":44.0,"turns":5.0},{"damage":42,"enemies":"Time Eater","floor":50,"turns":7}],"seed_played":"6663522267689653646","potions_obtained":[{"floor":1.0,"key":"Ancient Potion"},{"floor":14.0,"key":"ColorlessPotion"},{"floor":18.0,"key":"SteroidPotion"},{"floor":40.0,"key":"DeathKnight:VirulencePotion"},{"floor":41.0,"key":"Dexterity Potion"}],"is_trial":false,"path_per_floor":["M","?","?","?","$","R","M","R","T","?","M","?","?","M","R","B",null,"M","M","$","M","M","R","E","?","T","E","?","?","R","E","R","B",null,"M","$","?","?","M","E","M","R","T","E","?","$","R","?","R","B",null],"character_chosen":"DEATH_KNIGHT","items_purchased":["Toxic Egg 2","OrangePellets","Membership Card","Kunai","MealTicket","DeathKnight:FoulBulwark+1","Darkstone Periapt","Apotheosis+1","DeathKnight:SoulFragment"],"campfire_rested":3,"item_purchase_floors":[5,5,20,20,20,36,36,36,46],"current_hp_per_floor":[64,64,53,53,53,53,53,53,53,53,49,54,38,32,56,54,74,60,58,58,69,69,69,56,56,56,25,25,25,49,39,63,43,71,52,67,67,86,74,73,73,73,73,66,66,81,81,81,81,39],"gold":28,"neow_bonus":"BOSS_RELIC","is_daily":false,"chose_seed":false,"campfire_upgraded":6,"win_rate":0.0,"timestamp":1609048433,"path_taken":["M","?","?","?","$","R","M","R","T","?","?","?","?","M","R","BOSS","M","M","$","M","M","R","E","?","T","E","?","?","R","E","R","BOSS","M","$","?","?","M","E","M","R","T","E","?","$","R","?","R","BOSS"],"items_purchased_type":["Relic","Relic","Relic","Relic","Relic","Card","Relic","Card","Relic"],"build_version":"2020-12-22","purchased_purges":1,"victory":true,"max_hp_per_floor":[75,75,75,75,75,75,75,75,75,75,75,80,80,80,80,80,80,80,80,80,80,80,80,80,80,80,80,80,80,80,80,80,80,80,80,80,80,86,86,86,86,86,86,86,86,86,86,86,86,86],"card_choices":[{"not_picked":["DeathKnight:DeathGrip","DeathKnight:DeathAndDecay"],"picked":"DeathKnight:Ossuary","floor":1.0},{"not_picked":["DeathKnight:BoneShield+1","DeathKnight:RaiseAlly+1"],"picked":"DeathKnight:Pestilence+1","floor":7.0},{"not_picked":["TH:PixieDust"],"picked":"TH:CopperCoins","floor":9.0},{"not_picked":["DeathKnight:HartStrike","DeathKnight:ShatteringStrikes"],"picked":"DeathKnight:DancingRuneblade","floor":11.0},{"not_picked":["DeathKnight:FrosPresence","DeathKnight:SindragosasBreath"],"picked":"DeathKnight:Ossuary+1","floor":14.0},{"not_picked":["TH:PixieDust"],"picked":"TH:ArmorSpikes","floor":16.0},{"not_picked":["DeathKnight:Simulacrum+1","DeathKnight:VampiricBlood"],"picked":"DeathKnight:Outbreak+1","floor":16.0},{"not_picked":["DeathKnight:Culling","DeathKnight:ThirstingStrike"],"picked":"DeathKnight:BloodBoil+1","floor":18.0},{"not_picked":["DeathKnight:BludPresence","DeathKnight:Hysteria"],"picked":"DeathKnight:DeathGrip+1","floor":19.0},{"not_picked":["DeathKnight:DreadStrike","DeathKnight:DancingRuneblade"],"picked":"DeathKnight:PlagueStrike+1","floor":21.0},{"not_picked":["DeathKnight:MindFreeze+1","DeathKnight:DreadStrike"],"picked":"DeathKnight:BoneShield+1","floor":22.0},{"not_picked":["TH:PixieDust"],"picked":"TH:TreasureMap","floor":24.0},{"not_picked":["DeathKnight:DeathGrip+1","DeathKnight:FrostStrike"],"picked":"DeathKnight:AntiMagicShell+1","floor":24.0},{"not_picked":["TH:PixieDust"],"picked":"TH:CursedSword","floor":26.0},{"not_picked":["TH:PixieDust"],"picked":"TH:ElvenBoots","floor":27.0},{"not_picked":["DeathKnight:RunicCorruption+1","DeathKnight:Rot"],"picked":"DeathKnight:AntiMagicShell+1","floor":27.0},{"not_picked":["TH:Mimic"],"picked":"TH:BikiniMail","floor":31.0},{"not_picked":["DeathKnight:Hemostasis+1","DeathKnight:DeathAndDecay"],"picked":"DeathKnight:Contagion","floor":31.0},{"not_picked":["TH:PixieDust"],"picked":"TH:DeckOfManyThings","floor":33.0},{"not_picked":["DeathKnight:VampiricBlood","DeathKnight:RunicDetonation"],"picked":"DeathKnight:UnholyExperiment+1","floor":33.0},{"not_picked":["DeathKnight:Hysteria","DeathKnight:FrosPresence+1"],"picked":"DeathKnight:Contagion","floor":35.0},{"not_picked":["DeathKnight:IceboundArmor+1","DeathKnight:RunicCorruption+1"],"picked":"DeathKnight:Lichborne+1","floor":39.0},{"not_picked":["TH:ArmorSpikes"],"picked":"TH:TreasureMap","floor":40.0},{"not_picked":["DeathKnight:BludPresence","DeathKnight:ArmyOfTheDead+1"],"picked":"DeathKnight:AntiMagicShell+1","floor":40.0},{"not_picked":["DeathKnight:HartStrike","DeathKnight:BloodTap+1","DeathKnight:Marrowrend+1"],"picked":"SKIP","floor":41.0},{"not_picked":["TH:TreasureMap"],"picked":"TH:CursedSword","floor":43.0},{"not_picked":["TH:BikiniMail"],"picked":"TH:CursedSword","floor":44.0},{"not_picked":["DeathKnight:BludPresence","DeathKnight:IceboundArmor+1","DeathKnight:RunicCorruption+1"],"picked":"SKIP","floor":44.0}],"player_experience":1861008,"relics_obtained":[{"floor":9.0,"key":"StrikeDummy"},{"floor":24.0,"key":"Juzu Bracelet"},{"floor":26.0,"key":"Mercury Hourglass"},{"floor":27.0,"key":"Shuriken"},{"floor":31.0,"key":"TungstenRod"},{"floor":40.0,"key":"Gremlin Horn"},{"floor":43.0,"key":"Omamori"},{"floor":44.0,"key":"Whetstone"}],"event_choices":[{"cards_removed":["DeathKnight:Defend_DeathKnight"],"damage_healed":0.0,"max_hp_gain":0.0,"max_hp_loss":0.0,"gold_gain":0.0,"event_name":"The Cleric","player_choice":"Card Removal","floor":2.0,"gold_loss":50.0,"damage_taken":0.0},{"damage_healed":0.0,"max_hp_gain":0.0,"max_hp_loss":0.0,"gold_gain":75.0,"event_name":"World of Goop","player_choice":"Gather Gold","floor":3.0,"gold_loss":0.0,"damage_taken":11.0},{"damage_healed":0.0,"max_hp_gain":0.0,"max_hp_loss":0.0,"gold_gain":175.0,"event_name":"Liars Game","player_choice":"AGREE","floor":4.0,"gold_loss":0.0,"damage_taken":0.0,"cards_obtained":["Doubt"]},{"damage_healed":0.0,"max_hp_gain":0.0,"max_hp_loss":0.0,"gold_gain":0.0,"event_name":"Upgrade Shrine","player_choice":"Upgraded","floor":10.0,"gold_loss":0.0,"damage_taken":0.0,"cards_upgraded":["DeathKnight:DreadStrike"]},{"damage_healed":0.0,"max_hp_gain":5.0,"max_hp_loss":0.0,"gold_gain":0.0,"event_name":"Big Fish","player_choice":"Donut","floor":12.0,"gold_loss":0.0,"damage_taken":0.0},{"damage_healed":0.0,"max_hp_gain":0.0,"max_hp_loss":0.0,"gold_gain":0.0,"event_name":"Shining Light","player_choice":"Entered Light","floor":13.0,"gold_loss":0.0,"damage_taken":16.0,"cards_upgraded":["TH:CopperCoins","DeathKnight:DancingRuneblade"]},{"damage_healed":0.0,"max_hp_gain":0.0,"max_hp_loss":0.0,"gold_gain":0.0,"event_name":"N\u0027loth","player_choice":"Ignored","floor":25.0,"gold_loss":0.0,"damage_taken":0.0},{"damage_healed":0.0,"max_hp_gain":0.0,"max_hp_loss":0.0,"gold_gain":0.0,"event_name":"Designer","player_choice":"Upgraded Two","floor":28.0,"gold_loss":40.0,"damage_taken":0.0,"cards_upgraded":["DeathKnight:RuneStrike","DeathKnight:DreadStrike"]},{"damage_healed":0.0,"max_hp_gain":0.0,"max_hp_loss":0.0,"gold_gain":0.0,"event_name":"The Mausoleum","player_choice":"Opened","floor":29.0,"gold_loss":0.0,"damage_taken":0.0,"relics_obtained":["Ginger"],"cards_obtained":["Writhe"]},{"damage_healed":0.0,"max_hp_gain":0.0,"max_hp_loss":0.0,"gold_gain":0.0,"event_name":"Tomb of Lord Red Mask","player_choice":"Paid","floor":37.0,"gold_loss":7.0,"damage_taken":0.0,"relics_obtained":["Red Mask"]},{"damage_healed":20.0,"max_hp_gain":0.0,"max_hp_loss":0.0,"gold_gain":0.0,"event_name":"Winding Halls","player_choice":"Writhe","floor":38.0,"gold_loss":0.0,"damage_taken":0.0,"cards_obtained":["Writhe"]},{"damage_healed":0,"gold_gain":0,"player_choice":"Ignored","damage_taken":0,"max_hp_gain":0,"max_hp_loss":0,"event_name":"Mysterious Sphere","floor":45,"gold_loss":0},{"cards_removed":["Writhe"],"damage_healed":0,"gold_gain":0,"player_choice":"Purged","damage_taken":0,"max_hp_gain":0,"max_hp_loss":0,"event_name":"Purifier","floor":48,"gold_loss":0}],"is_beta":false,"boss_relics":[{"not_picked":["Astrolabe","Fusion Hammer"],"picked":"DeathKnight:Shadowmourne"},{"not_picked":["Sozu","SacredBark"],"picked":"SlaversCollar"}],"items_purged_floors":[5],"is_endless":false,"potions_floor_spawned":[1,14,18,21,22,40,41,44],"ascension_level":6}}