{"host":"zhec3g4cvsmevugl","time":1609065492,"event":{"mods":["BaseMod","BetterRewards","Curses Come First","Minty Spire (QoL Compilation)","Relic Stats","Slay-I","StSLib"],"gold_per_floor":[114,129,129,89,104,104,104,104,104,104,119,149,149,164,164,164,164],"floor_reached":16,"playtime":627,"items_purged":[],"score":124,"play_id":"82cbb51c-b8cf-41f4-814d-349162b0fb97","local_time":"20201227183812","daily_mods":["Chimera","Red Cards","Lethality"],"is_ascension_mode":false,"campfire_choices":[{"data":"Eruption","floor":6.0,"key":"SMITH"},{"data":"ReachHeaven","floor":8.0,"key":"SMITH"},{"floor":15,"key":"REST"}],"circlet_count":0,"master_deck":["Bash+1","Survivor","Zap","Eruption+1","Strike_R","Strike_G","Strike_B","Defend_R","Defend_G","Defend_P","Power Through+1","ReachHeaven+1","Consecrate","Wild Strike","Metallicize","Flex"],"relics":["PureWater","Regal Pillow","Question Card","Spirit Poop","Dead Branch","Girya"],"acts_visited":["Exordium"],"potions_floor_usage":[12,14],"damage_taken":[{"damage":0.0,"enemies":"2 Louse","floor":1.0,"turns":1.0},{"damage":0.0,"enemies":"Small Slimes","floor":2.0,"turns":2.0},{"damage":0.0,"enemies":"Cultist","floor":5.0,"turns":3.0},{"damage":5,"enemies":"Blue Slaver","floor":11,"turns":2},{"damage":0,"enemies":"Lagavulin","floor":12,"turns":2},{"damage":8,"enemies":"Red Slaver","floor":14,"turns":2},{"damage":89,"enemies":"Hexaghost","floor":16,"turns":2}],"seed_played":"4726349093531193793","potions_obtained":[{"floor":4.0,"key":"Strength Potion"},{"floor":4.0,"key":"SneckoOil"},{"floor":4.0,"key":"DuplicationPotion"},{"floor":11,"key":"BlessingOfTheForge"},{"floor":12,"key":"BottledMiracle"}],"is_trial":false,"path_per_floor":["M","M","?","?","M","R","?","R","T","?","M","E","T","M","R","B"],"character_chosen":"WATCHER","items_purchased":[],"campfire_rested":1,"item_purchase_floors":[],"current_hp_per_floor":[72,72,58,58,58,58,58,58,58,58,53,53,53,45,72,0,0],"gold":164,"neow_bonus":"","is_daily":true,"chose_seed":false,"campfire_upgraded":2,"win_rate":0.0,"timestamp":1609065492,"path_taken":["M","M","?","?","?","R","?","R","T","?","?","E","?","M","R","BOSS"],"items_purchased_type":[],"build_version":"2020-12-22","purchased_purges":0,"victory":false,"max_hp_per_floor":[72,72,72,72,72,72,72,72,72,72,72,72,72,72,72,72,72],"relic_stats":{"Regal Pillow":6,"counters":[7,14],"Dead Branch":[4],"Question Card":3,"obtain_stats":[{"Girya":13,"Regal Pillow":7,"Dead Branch":12,"Spirit Poop":10,"PureWater":0,"Question Card":9},{"Girya":5,"Regal Pillow":3,"Dead Branch":5,"Spirit Poop":3,"PureWater":0,"Question Card":3},{"Girya":10,"Regal Pillow":6,"Dead Branch":10,"Spirit Poop":6,"PureWater":0,"Question Card":6}]},"card_choices":[{"not_picked":["Warcry","Armaments"],"picked":"Power Through","floor":1.0},{"not_picked":["ThirdEye","Study"],"picked":"ReachHeaven","floor":2.0},{"not_picked":["Whirlwind","Wild Strike"],"picked":"Consecrate","floor":5.0},{"not_picked":["TalkToTheHand","EmptyFist","PathToVictory"],"picked":"Wild Strike","floor":11},{"not_picked":["Tantrum","BowlingBash","Cleave"],"picked":"Metallicize","floor":12},{"not_picked":["Rampage","Heavy Blade","Nirvana"],"picked":"Flex","floor":14}],"player_experience":178608,"relics_obtained":[{"floor":9.0,"key":"Question Card"},{"floor":12,"key":"Dead Branch"},{"floor":13,"key":"Girya"}],"event_choices":[{"damage_healed":0.0,"max_hp_gain":0.0,"max_hp_loss":0.0,"gold_gain":0.0,"event_name":"Shining Light","player_choice":"Entered Light","floor":3.0,"gold_loss":0.0,"damage_taken":14.0,"cards_upgraded":["Power Through","Bash"]},{"damage_healed":0.0,"max_hp_gain":0.0,"max_hp_loss":0.0,"gold_gain":0.0,"event_name":"The Woman in Blue","player_choice":"Bought 3 Potions","floor":4.0,"gold_loss":0.0,"damage_taken":0.0},{"damage_healed":0.0,"max_hp_gain":0.0,"max_hp_loss":0.0,"gold_gain":0.0,"event_name":"Big Fish","player_choice":"Box","floor":7.0,"gold_loss":0.0,"damage_taken":0.0,"relics_obtained":["Regal Pillow"],"cards_obtained":["Regret"]},{"cards_removed":["Regret"],"damage_healed":0,"gold_gain":0,"player_choice":"Offered Curse","damage_taken":0,"relics_obtained":["Spirit Poop"],"max_hp_gain":0,"max_hp_loss":0,"event_name":"Bonfire Elementals","floor":10,"gold_loss":0}],"is_beta":false,"boss_relics":[],"items_purged_floors":[],"is_endless":false,"potions_floor_spawned":[5,11,12],"killed_by":"Hexaghost","ascension_level":0}}