{"host":"202rh853cfmsp27s","time":1609063955,"event":{"mods":["2.2 Compatiblity","AchievementEnabler","BaseMod","Bestiary","Better Altar","Better Match","Better Note","Better Sensory Stone","Better Skull","Better Third Choice","Better Vampires","BetterRewards","Colored Map","Colored Powertips","Curses Come First","Decade(???)","DeckTracker","Displayed Cursed Tome","Downfall","GifTheSpireLib","Gold Saver","Googly Eyes","Gremlin Mod","Hermit","Highlight Path","Infinite Spire","Minty Spire (QoL Compilation)","Permanent Neow","Random Character Button","Rare Cards Sparkle","Relic Stats","Replay The Spire","Shade Mod","Spicy Shops","StSLib","The Animator","The Bug Knight","The Wild Card","Transform Curses","Unceasing Turn Reminder"],"gold_per_floor":[577,577,590,658,678,710,710,738,738,748,766,766,3,22,22,120,120,136,136,136,147,62,97,97,116,116,0,35,35,35,50,50,149,149,162,162,179,179,34,66,77,77,146,146,194,19,19,30,30,30,30],"floor_reached":50,"playtime":2549,"items_purged":["Strike_B"],"score":795,"play_id":"181a083f-1b12-4277-9f90-4ab361cbf844","local_time":"20201227031235","is_ascension_mode":true,"campfire_choices":[{"floor":12,"key":"REST"},{"data":"Chill","floor":24,"key":"SMITH"},{"floor":32,"key":"DIG"},{"floor":44,"key":"DIG"},{"floor":47,"key":"DIG"},{"data":"Echo Form","floor":49,"key":"SMITH"}],"circlet_count":0,"master_deck":["Zap+1","Dualcast","Streamline+1","Mirror Shield+1","Redo","Beam Cell","Coolheaded","BasicCrystalCard+1","Panic Button","Machine Learning","Ball Lightning","Coolheaded","Conserve Battery","Storm","Ball Lightning","Rainbow","infinitespire:Gouge","Conserve Battery","Panic Button","Chill+1","ReplayTheSpireMod:System Scan","Coolheaded+1","Recycle","Seek","Doom and Gloom+1","Multi-Cast","Thunder Strike","ReplayTheSpireMod:Calculation Training+1","Echo Form+1","BootSequence+1","ReplayTheSpireMod:IOU","ReplayTheSpireMod:IOU","ReplayTheSpireMod:IOU","ReplayTheSpireMod:IOU","ReplayTheSpireMod:IOU","ReplayTheSpireMod:IOU","ReplayTheSpireMod:IOU","Fusion","Redo","Genetic Algorithm","Undo+1","Biased Cognition","Sweeping Beam+1","Auto Shields","Buffer+1"],"relics":["Cracked Core","Anchor","Replay:PocketPolymizer","ReplayTheSpireMod:Ring of Exchange","Ring of Hypnosis","Ancient Tea Set","infinitespire:ShieldingShard","TungstenRod","Medical Kit","Question Card","Velvet Choker","Chameleon Ring","Replay:Bottled Eggs","HornCleat","Replay:Bottled Snecko","Bottled Flame","Coffee Dripper","Replay:Wax Seal","Letter Opener","ClockworkSouvenir","Carrot","Shovel","Molten Egg 2","Golden Egg","Durian","Strawberry","infinitespire:Freezer","Bag of Preparation"],"acts_visited":["Exordium","TheCity","TheBeyond"],"potions_floor_usage":[6,8,23,37],"damage_taken":[{"damage":7,"enemies":"Jaw Worm","floor":1,"turns":3},{"damage":0,"enemies":"Small Slimes","floor":3,"turns":2},{"damage":0,"enemies":"2 Louse","floor":5,"turns":2},{"damage":27,"enemies":"Lagavulin","floor":6,"turns":5},{"damage":21,"enemies":"Gremlin Nob","floor":8,"turns":4},{"damage":0,"enemies":"Blue Slaver","floor":10,"turns":3},{"damage":8,"enemies":"Exordium Wildlife","floor":11,"turns":3},{"damage":0,"enemies":"Large Slime","floor":14,"turns":4},{"damage":6,"enemies":"Slime Boss","floor":16,"turns":7},{"damage":0,"enemies":"3 Byrds","floor":18,"turns":5},{"damage":0,"enemies":"Spheric Guardian","floor":21,"turns":3},{"damage":5,"enemies":"Book of Stabbing","floor":23,"turns":5},{"damage":5,"enemies":"Snake Plant","floor":25,"turns":3},{"damage":2,"enemies":"HollowMod:Nosk","floor":28,"turns":7},{"damage":7,"enemies":"Centurion and Healer","floor":31,"turns":6},{"damage":18,"enemies":"Collector","floor":33,"turns":7},{"damage":0,"enemies":"3 Shapes","floor":35,"turns":4},{"damage":0,"enemies":"3 Darklings","floor":37,"turns":3},{"damage":54,"enemies":"Nightmare","floor":40,"turns":8},{"damage":5,"enemies":"Jaw Worm Horde","floor":41,"turns":4},{"damage":0,"enemies":"Writhing Mass","floor":48,"turns":5},{"damage":17,"enemies":"Time Eater","floor":50,"turns":6}],"seed_played":"-3827649013424378398","potions_obtained":[{"floor":1,"key":"Venom Potion"},{"floor":4,"key":"Fire Potion"},{"floor":8,"key":"Energy Potion"},{"floor":14,"key":"sneckomod:MuddlingPotion"},{"floor":16,"key":"SmokeBomb"},{"floor":18,"key":"PowerPotion"},{"floor":25,"key":"EssenceOfSteel"},{"floor":41,"key":"sneckomod:MuddlingPotion"},{"floor":42,"key":"CultistPotion"},{"floor":42,"key":"Ancient Potion"}],"is_trial":false,"path_per_floor":["M","?","M","?","M","E","?","E","T","M","M","R","$","M","R_BF","B",null,"M","?","?","M","?","E","R","M","T","?","E","?","$","M","R_BF","B",null,"M","?","M","?","$","NM","M","R","T","R","T","$","R","M","R","B"],"character_chosen":"DEFECT","items_purchased":["TungstenRod","Medical Kit","Question Card","Replay:Wax Seal","Letter Opener","ClockworkSouvenir","Carrot","Shovel","Fusion","Redo","infinitespire:Freezer","Sweeping Beam+1"],"campfire_rested":1,"item_purchase_floors":[13,13,13,39,39,39,39,39,39,39,46,46],"current_hp_per_floor":[68,68,68,68,68,41,41,20,20,20,12,34,34,34,56,50,75,75,58,58,58,58,53,53,48,48,48,46,46,46,39,39,21,75,75,61,61,61,61,7,2,2,2,7,14,14,14,14,14,0,0],"gold":30,"neow_bonus":"UPGRADE_CARD","is_daily":false,"chose_seed":false,"campfire_upgraded":2,"win_rate":0.0,"timestamp":1609063955,"path_taken":["M","?","M","?","M","E","?","E","T","M","M","R","$","M","R_BF","BOSS","M","?","?","M","?","E","R","M","T","?","E","?","?","M","R_BF","BOSS","M","?","M","?","$","NM","M","R","T","R","?","?","R","M","R","BOSS"],"items_purchased_type":["Relic","Relic","Relic","Relic","Relic","Relic","Relic","Relic","Card","Card","Relic","Card"],"build_version":"2020-12-22","purchased_purges":1,"victory":false,"max_hp_per_floor":[75,75,75,75,75,75,75,75,75,75,75,75,75,75,75,75,75,75,75,75,75,75,75,75,75,75,75,75,75,75,75,75,75,75,75,75,75,75,75,75,75,75,75,80,87,87,87,87,87,87,87],"relic_stats":{"Shovel":3,"counters":[22,99],"Bag of Preparation":[4],"Letter Opener":[52],"Medical Kit":[1],"Question Card":21,"obtain_stats":[{"ReplayTheSpireMod:Ring of Exchange":7,"Golden Egg":43,"Carrot":39,"Replay:PocketPolymizer":6,"Bag of Preparation":47,"Ancient Tea Set":8,"ClockworkSouvenir":39,"infinitespire:ShieldingShard":9,"Chameleon Ring":22,"HornCleat":26,"Shovel":39,"Strawberry":45,"Replay:Bottled Snecko":28,"Replay:Bottled Eggs":23,"Replay:Wax Seal":39,"Cracked Core":0,"Ring of Hypnosis":7,"Velvet Choker":17,"Letter Opener":39,"Medical Kit":13,"Question Card":13,"Anchor":4,"Bottled Flame":32,"Molten Egg 2":40,"Coffee Dripper":34,"Durian":44,"TungstenRod":13,"infinitespire:Freezer":46},{"ReplayTheSpireMod:Ring of Exchange":4,"Golden Egg":20,"Carrot":18,"Replay:PocketPolymizer":4,"Bag of Preparation":20,"Ancient Tea Set":5,"ClockworkSouvenir":18,"infinitespire:ShieldingShard":5,"Chameleon Ring":11,"HornCleat":13,"Shovel":18,"Strawberry":20,"Replay:Bottled Snecko":14,"Replay:Bottled Eggs":12,"Replay:Wax Seal":18,"Cracked Core":0,"Ring of Hypnosis":4,"Velvet Choker":9,"Letter Opener":18,"Medical Kit":7,"Question Card":7,"Anchor":2,"Bottled Flame":15,"Molten Egg 2":19,"Coffee Dripper":16,"Durian":20,"TungstenRod":7,"infinitespire:Freezer":20},{"ReplayTheSpireMod:Ring of Exchange":12,"Golden Egg":88,"Carrot":76,"Replay:PocketPolymizer":12,"Bag of Preparation":88,"Ancient Tea Set":16,"ClockworkSouvenir":76,"infinitespire:ShieldingShard":16,"Chameleon Ring":41,"HornCleat":49,"Shovel":76,"Strawberry":88,"Replay:Bottled Snecko":56,"Replay:Bottled Eggs":46,"Replay:Wax Seal":76,"Cracked Core":0,"Ring of Hypnosis":12,"Velvet Choker":33,"Letter Opener":76,"Medical Kit":22,"Question Card":22,"Anchor":5,"Bottled Flame":62,"Molten Egg 2":84,"Coffee Dripper":69,"Durian":88,"TungstenRod":22,"infinitespire:Freezer":88}],"TungstenRod":27},"card_choices":[{"not_picked":["Gash","Steam"],"picked":"Streamline","floor":1},{"not_picked":["BasicCrystalCard","Multi-Cast"],"picked":"Redo","floor":3},{"not_picked":["Self Repair","Undo"],"picked":"Beam Cell","floor":4},{"not_picked":["Compile Driver","Streamline"],"picked":"Coolheaded","floor":4},{"not_picked":["Barrage","ReplayTheSpireMod:Repulse"],"picked":"BasicCrystalCard","floor":5},{"not_picked":["ReplayTheSpireMod:Reroute Power","Rebound"],"picked":"Panic Button","floor":6},{"not_picked":["Cold Snap","Sweeping Beam"],"picked":"Machine Learning","floor":8},{"not_picked":["Skim","Redo"],"picked":"Ball Lightning","floor":10},{"not_picked":["Beam Cell","All For One"],"picked":"Coolheaded","floor":11},{"not_picked":["Compile Driver","Steam Power","Doom and Gloom"],"picked":"Storm","floor":14},{"not_picked":["Echo Form","Amplify","Meteor Strike"],"picked":"Rainbow","floor":16},{"not_picked":["FTL+1","Leap","Cold Snap+1"],"picked":"Lockon","floor":18},{"not_picked":["infinitespire:Fortify","infinitespire:SealOfDarkness+"],"picked":"infinitespire:Gouge","floor":19},{"not_picked":["Reinforced Body","Go for the Eyes","Barrage"],"picked":"Conserve Battery","floor":21},{"not_picked":["Scrape","Meteor Strike","Leap"],"picked":"Panic Button","floor":23},{"not_picked":["FIFO Queue","Redo","Heatsinks"],"picked":"ReplayTheSpireMod:System Scan","floor":25},{"not_picked":["Turbo","All For One","Compile Driver"],"picked":"Coolheaded+1","floor":28},{"not_picked":["Static Discharge","Barrage+1","Coolheaded"],"picked":"Doom and Gloom+1","floor":31},{"not_picked":["Buffer","Reboot","Mirror Shield"],"picked":"Thunder Strike","floor":33},{"not_picked":["Tempest","BasicCrystalCard","Coolheaded+1"],"picked":"ReplayTheSpireMod:Calculation Training+1","floor":35},{"not_picked":["Sweeping Beam","Ball Lightning","Streamline"],"picked":"BootSequence+1","floor":37},{"not_picked":["All For One+1","Tempest","Melter+1"],"picked":"Genetic Algorithm","floor":40},{"not_picked":["Ball Lightning+1","Turbo+1","Compile Driver+1"],"picked":"Undo+1","floor":41},{"not_picked":["Reprogram","Melter+1","Cold Snap+1"],"picked":"Auto Shields","floor":48}],"player_experience":116777,"relics_obtained":[{"floor":4,"key":"Anchor"},{"floor":6,"key":"Replay:PocketPolymizer"},{"floor":7,"key":"ReplayTheSpireMod:Ring of Exchange"},{"floor":7,"key":"Ring of Hypnosis"},{"floor":8,"key":"Ancient Tea Set"},{"floor":9,"key":"infinitespire:ShieldingShard"},{"floor":23,"key":"Replay:Bottled Eggs"},{"floor":26,"key":"HornCleat"},{"floor":28,"key":"Replay:Bottled Snecko"},{"floor":32,"key":"Bottled Flame"},{"floor":40,"key":"Molten Egg 2"},{"floor":43,"key":"Golden Egg"},{"floor":44,"key":"Durian"},{"floor":45,"key":"Strawberry"},{"floor":47,"key":"Bag of Preparation"}],"event_choices":[{"damage_healed":0,"gold_gain":0,"player_choice":"Obtained Relic","damage_taken":0,"relics_obtained":["Chameleon Ring"],"max_hp_gain":0,"max_hp_loss":0,"event_name":"Addict","floor":22,"gold_loss":85},{"damage_healed":0,"gold_gain":0,"player_choice":"Paid Fearfully","damage_taken":0,"max_hp_gain":0,"max_hp_loss":0,"event_name":"Masked Bandits","floor":27,"gold_loss":116},{"damage_healed":0,"gold_gain":0,"cards_transformed":["Defend_B","Defend_B"],"player_choice":"Became Test Subject","damage_taken":0,"max_hp_gain":0,"max_hp_loss":0,"event_name":"Drug Dealer","floor":29,"gold_loss":0,"cards_obtained":["Recycle","Seek"]},{"damage_healed":0,"gold_gain":3,"player_choice":"2","damage_taken":0,"max_hp_gain":0,"max_hp_loss":15,"event_name":"betterStone:BetterStone","floor":36,"gold_loss":0},{"cards_removed":["Lockon"],"damage_healed":0,"gold_gain":0,"player_choice":"Removed Attack","damage_taken":0,"max_hp_gain":0,"max_hp_loss":0,"event_name":"Falling","floor":38,"gold_loss":0}],"is_beta":false,"boss_relics":[{"not_picked":["Tiny House","Membership Card"],"picked":"Velvet Choker"},{"not_picked":["Frozen Eye","ReplayTheSpireMod:ShopPack"],"picked":"Coffee Dripper"}],"items_purged_floors":[13],"is_endless":true,"potions_floor_spawned":[1,8,14,16,18,25,31,41],"killed_by":"Time Eater","ascension_level":2}}