{"host":"qc1sjgtdjonvdsd8","time":1609045067,"event":{"mods":["BaseMod","Colored Map","Colored Powertips","Curses Come First","Minty Spire (QoL Compilation)","Replay The Spire","StSLib"],"gold_per_floor":[109,121,121,132,55,55,389,408,408,424,199,263,278,293,293,389,389,409,409,424,157,167,167,194,194,194,205,205,233,233,233,250,127,127,227,227,239,258,273,273,273,273,286,286,286,298,298,93,113,129,129,129,129,129,41,73,73,73],"floor_reached":57,"playtime":3810,"items_purged":["Doubt","Second Wind+1","Defend_R","Defend_R","Strike_R"],"score":648,"play_id":"d6b09fc8-930f-4e6f-90fe-3df98d3ccc07","local_time":"20201226205747","is_ascension_mode":false,"campfire_choices":[{"data":"True Grit","floor":6,"key":"SMITH"},{"data":"Whirlwind","floor":23,"key":"SMITH"},{"data":"ReplayTheSpireMod:Muscle Training","floor":28,"key":"SMITH"},{"floor":34,"key":"REST"},{"data":"ReplayTheSpireMod:LeadingStrike","floor":42,"key":"SMITH"},{"floor":47,"key":"RECALL"},{"floor":51,"key":"REST"},{"data":"Pot Of Greed","floor":54,"key":"SMITH"}],"circlet_count":0,"master_deck":["Strike_R","Strike_R","Bash+1","Shrug It Off","Carnage","True Grit+1","Twin Strike","Feed","ReplayTheSpireMod:Muscle Training+1","Disarm","Seeing Red","Blood for Blood","Heavy Blade","Twin Strike+1","Corruption","Iron Wave+1","Shrug It Off+1","Whirlwind+1","Necronomicurse","Heavy Blade","Pommel Strike+1","Violence","Violence","Inflame","Warcry+1","Flame Barrier","Pummel","Reaper","ReplayTheSpireMod:LeadingStrike+1","ReplayTheSpireMod:Limb From Limb+1","ReplayTheSpireMod:Muscle Training","Pot Of Greed+1","Pot Of Greed+1","Pot Of Greed","Madness","Flex+1"],"relics":["Burning Blood","Ring of Panic","Ring of Fury","ReplayTheSpireMod:Shallot","Old Coin","Bird Faced Urn","Orrery","Blue Doll","Astrolabe","Necronomicon","Smiling Mask","Gremlin Food","Sozu","Replay:Rubber Ducky","Grinning Jar","Shuriken"],"acts_visited":["Exordium","TheCity","TheBeyond","TheEnding"],"potions_floor_usage":[12,16,18,22,27,27,29,35],"damage_taken":[{"damage":1,"enemies":"2 Louse","floor":1,"turns":3},{"damage":2,"enemies":"Cultist","floor":2,"turns":4},{"damage":8,"enemies":"Small Slimes","floor":4,"turns":3},{"damage":0,"enemies":"Gremlin Nob","floor":7,"turns":3},{"damage":0,"enemies":"Exordium Thugs","floor":8,"turns":4},{"damage":11,"enemies":"Large Slime","floor":10,"turns":5},{"damage":14,"enemies":"Lagavulin Event","floor":12,"turns":5},{"damage":0,"enemies":"Blue Slaver","floor":13,"turns":2},{"damage":0,"enemies":"2 Fungi Beasts","floor":14,"turns":3},{"damage":1,"enemies":"Slime Boss","floor":16,"turns":6},{"damage":4,"enemies":"2 Thieves","floor":18,"turns":3},{"damage":9,"enemies":"Shell Parasite","floor":20,"turns":2},{"damage":9,"enemies":"Centurion and Healer","floor":22,"turns":3},{"damage":37,"enemies":"Replay:Snechameleon","floor":24,"turns":5},{"damage":2,"enemies":"3 Cultists","floor":27,"turns":4},{"damage":16,"enemies":"Slavers","floor":29,"turns":3},{"damage":0,"enemies":"Snecko","floor":32,"turns":3},{"damage":20,"enemies":"Automaton","floor":35,"turns":5},{"damage":3,"enemies":"Orb Walker","floor":37,"turns":2},{"damage":18,"enemies":"3 Shapes","floor":38,"turns":1},{"damage":12,"enemies":"Sphere and 2 Shapes","floor":39,"turns":1},{"damage":3,"enemies":"Spire Growth","floor":43,"turns":2},{"damage":4,"enemies":"3 Darklings","floor":46,"turns":3},{"damage":42,"enemies":"Transient","floor":49,"turns":5},{"damage":9,"enemies":"4 Shapes","floor":50,"turns":3},{"damage":44,"enemies":"Replay:Hell Engine","floor":52,"turns":8},{"damage":61,"enemies":"Shield and Spear","floor":56,"turns":5},{"damage":52,"enemies":"The Heart","floor":57,"turns":2}],"seed_played":"5903572142013178989","potions_obtained":[{"floor":8,"key":"DuplicationPotion"},{"floor":10,"key":"Swift Potion"},{"floor":13,"key":"HeartOfIron"},{"floor":14,"key":"Strength Potion"},{"floor":16,"key":"Regen Potion"},{"floor":18,"key":"Regen Potion"},{"floor":24,"key":"Swift Potion"},{"floor":32,"key":"AttackPotion"},{"floor":35,"key":"Dexterity Potion"}],"is_trial":false,"path_per_floor":["M","M","?","M","?","R","E","M","T","M","$","?","M","M","R_BF","B",null,"M","?","M","$","M","R","E","?","T","M","R","E","PTL","PTL","M","$","R","B",null,"M","M","M","?","?","R","M","?","T","M","R","$","M","M","R","B",null,"R","$","E","B"],"character_chosen":"IRONCLAD","items_purchased":["Orrery","Pommel Strike+1","Violence","Pummel","Grinning Jar","Madness"],"campfire_rested":2,"item_purchase_floors":[11,21,21,33,48,55],"current_hp_per_floor":[80,80,80,78,78,78,80,80,80,75,75,67,73,82,82,86,86,86,70,67,67,75,75,44,44,44,64,64,54,54,54,62,62,86,72,86,86,74,70,70,70,70,86,86,86,86,86,86,51,53,79,55,92,92,92,41,0,0],"gold":73,"neow_bonus":"UPGRADE_CARD","is_daily":false,"chose_seed":false,"campfire_upgraded":5,"win_rate":0.0,"timestamp":1609045067,"path_taken":["M","M","?","M","?","R","E","M","T","?","$","?","M","M","R_BF","BOSS","M","?","M","$","M","R","E","?","T","?","R","E","PTL","PTL","M","$","R","BOSS","M","M","M","?","?","R","?","?","T","M","R","$","M","M","R","BOSS","R","$","E","BOSS"],"items_purchased_type":["Relic","Card","Card","Card","Relic","Card"],"build_version":"2020-12-22","purchased_purges":5,"victory":false,"max_hp_per_floor":[80,80,80,80,80,80,80,80,80,80,80,80,80,83,83,86,86,86,86,86,86,86,86,86,86,86,86,86,86,86,86,86,86,86,86,86,86,86,86,86,86,86,86,86,86,86,86,86,86,89,89,92,92,92,92,92,92,92],"card_choices":[{"not_picked":["Replay:Undeath\u0027s Touch","Run Through"],"picked":"Shrug It Off","floor":1},{"not_picked":["Run Through","Iron Wave"],"picked":"Carnage","floor":2},{"not_picked":["Clothesline","Clash"],"picked":"True Grit","floor":4},{"not_picked":["Abandon","Clash","Wild Strike"],"picked":"SKIP","floor":7},{"not_picked":["Armaments","Clothesline"],"picked":"Twin Strike","floor":8},{"not_picked":["Sentinel","Anger","Iron Wave"],"picked":"SKIP","floor":10},{"not_picked":["Havoc","Clash"],"picked":"Feed","floor":11},{"not_picked":["Warcry","Second Wind"],"picked":"ReplayTheSpireMod:Muscle Training","floor":11},{"not_picked":["Seeing Red","Twin Strike"],"picked":"Disarm","floor":11},{"not_picked":["Perfected Strike","ReplayTheSpireMod:Limb From Limb"],"picked":"Seeing Red","floor":11},{"not_picked":["ReplayTheSpireMod:Limb From Limb","Dark Embrace"],"picked":"Blood for Blood","floor":11},{"not_picked":["Headbutt","Fire Breathing"],"picked":"Heavy Blade","floor":12},{"not_picked":["True Grit","Perfected Strike","Pommel Strike"],"picked":"SKIP","floor":13},{"not_picked":["Armaments","Demonic Infusion"],"picked":"Twin Strike","floor":14},{"not_picked":["Double Tap","Exhume"],"picked":"Corruption","floor":16},{"not_picked":["Warcry","Run Through"],"picked":"Whirlwind","floor":18},{"not_picked":["Shrug It Off","Pommel Strike"],"picked":"Heavy Blade","floor":20},{"not_picked":["Shrug It Off","Limit Break"],"picked":"Inflame","floor":22},{"not_picked":["Metallicize","Wild Strike"],"picked":"Warcry+1","floor":24},{"not_picked":["Thunderclap+1","Perfected Strike","Searing Blow"],"picked":"SKIP","floor":27},{"not_picked":["Perfected Strike","Cleave","Headbutt"],"picked":"SKIP","floor":29},{"not_picked":["Twin Strike+1","Body Slam"],"picked":"Flame Barrier","floor":32},{"not_picked":["Demonic Infusion","Barricade"],"picked":"Reaper","floor":35},{"not_picked":["Headbutt+1","Pommel Strike+1"],"picked":"ReplayTheSpireMod:LeadingStrike","floor":37},{"not_picked":["Life Link+1","Anger+1"],"picked":"ReplayTheSpireMod:Limb From Limb+1","floor":38},{"not_picked":["Combust","Rampage+1","Warcry"],"picked":"SKIP","floor":39},{"not_picked":["Spot Weakness+1","Shrug It Off+1","Havoc"],"picked":"SKIP","floor":43},{"not_picked":["Second Wind+1","Massacre"],"picked":"ReplayTheSpireMod:Muscle Training","floor":46},{"not_picked":["Anger","Rupture","Sentinel"],"picked":"SKIP","floor":49},{"not_picked":["Run Through","Havoc","Dark Embrace"],"picked":"SKIP","floor":50},{"not_picked":["Wild Strike","Armaments+1"],"picked":"Flex+1","floor":56}],"player_experience":174351,"relics_obtained":[{"floor":3,"key":"Ring of Panic"},{"floor":3,"key":"Ring of Fury"},{"floor":7,"key":"Old Coin"},{"floor":9,"key":"Bird Faced Urn"},{"floor":12,"key":"Blue Doll"},{"floor":19,"key":"Necronomicon"},{"floor":24,"key":"Smiling Mask"},{"floor":29,"key":"Gremlin Food"},{"floor":45,"key":"Replay:Rubber Ducky"},{"floor":56,"key":"Shuriken"}],"event_choices":[{"damage_healed":0,"gold_gain":0,"player_choice":"Paid Gold","damage_taken":0,"relics_obtained":["ReplayTheSpireMod:Shallot"],"max_hp_gain":0,"max_hp_loss":0,"event_name":"WeMeetAgain","floor":5,"gold_loss":77},{"damage_healed":0,"gold_gain":0,"player_choice":"Searched \u00271\u0027 times","damage_taken":0,"max_hp_gain":0,"max_hp_loss":0,"event_name":"Dead Adventurer","floor":12,"gold_loss":0},{"damage_healed":0,"gold_gain":0,"player_choice":"Obtained Book","damage_taken":16,"max_hp_gain":0,"max_hp_loss":0,"event_name":"Cursed Tome","floor":19,"gold_loss":0},{"damage_healed":0,"gold_gain":0,"player_choice":"Ignored","damage_taken":0,"max_hp_gain":0,"max_hp_loss":0,"event_name":"NoteForYourself","floor":25,"gold_loss":0},{"damage_healed":0,"gold_gain":0,"player_choice":"Ignored","damage_taken":0,"max_hp_gain":0,"max_hp_loss":0,"event_name":"Tomb of Lord Red Mask","floor":40,"gold_loss":0},{"damage_healed":0,"gold_gain":0,"player_choice":"Got Potions","damage_taken":0,"max_hp_gain":0,"max_hp_loss":0,"event_name":"Lab","floor":41,"gold_loss":0},{"cards_removed":["Sentinel"],"damage_healed":0,"gold_gain":0,"player_choice":"Removed Skill","damage_taken":0,"max_hp_gain":0,"max_hp_loss":0,"event_name":"Falling","floor":44,"gold_loss":0}],"is_beta":false,"boss_relics":[{"not_picked":["Painkiller Herb","SacredBark"],"picked":"Astrolabe"},{"not_picked":["Replay:Drink Me","SlaversCollar"],"picked":"Sozu"}],"items_purged_floors":[11,21,33,48,55],"is_endless":false,"potions_floor_spawned":[8,10,13,14,16,18,24,32,35,38,43,46,50,56],"killed_by":"The Heart","ascension_level":0}}