{"host":"od099uxc49ip1k8b","time":1609035567,"event":{"mods":["AchievementEnabler","Act Like it!","BaseMod","Downfall","Friendly Minions","Gensokyo","Hermit","Highlight Path","Infinite Spire","Koishi","KomeijiMod","Marisa????????","Minty Spire (QoL Compilation)","Quick Restart","Rare Cards Sparkle","Reimu??????","Remilia??????","Replay The Spire","StSLib","Td1madao Mod","The Administrix","The Alterego","The Animator","The Cursed","The Gatherer","The Servant 0.9.4","The Wild Card","Waifu the Spire","WarShipGirlsR/????R mod","Yohane!","Yuyuko"],"gold_per_floor":[113,133,153,171,190,190,210,210,210,210,225,245,261,261,261,358,358,371,371,148,168,168,198,216,228,228,228,228,242,242,262,262,362,362,396,396,438,481,532,532,532,532,532,238,263,263,163,163,163,270,270,290,316,316,339,370,370,391,430,455,478,478,514,555,592,592,655,655,712,765,806,766,814,814,874,874,874,874,874,874,948,1019,1031,1169,1181,1270,1371,1443,1443],"floor_reached":88,"playtime":14116,"items_purged":[],"score":1782,"play_id":"3f5cd1e0-1efe-4a6d-ab2f-6d9dbfbe8cfc","local_time":"20201226211927","is_ascension_mode":false,"campfire_choices":[{"floor":6,"key":"REST"},{"data":"MasterSpark","floor":8,"key":"SMITH"},{"data":"CasketOfStar","floor":10,"key":"SMITH"},{"data":"GrandCross","floor":15,"key":"SMITH"},{"floor":27,"key":"REST"},{"data":"PulseMagic","floor":30,"key":"SMITH"},{"floor":32,"key":"REST"},{"floor":40,"key":"REST"},{"floor":42,"key":"REST"},{"data":"EarthLightRay","floor":46,"key":"SMITH"},{"floor":49,"key":"REST"},{"data":"AsteroidBelt","floor":57,"key":"SMITH"},{"floor":62,"key":"REST"},{"data":"EscapeVelocity","floor":66,"key":"SMITH"},{"floor":74,"key":"REST"},{"floor":76,"key":"REST"},{"floor":80,"key":"REST"},{"floor":83,"key":"REST"}],"circlet_count":0,"master_deck":["Strike_MRS+1","Strike_MRS+1","Strike_MRS+1","Strike_MRS+1","Defend_MRS+1","Defend_MRS+1","Defend_MRS+1","Defend_MRS+1","MasterSpark+1","UpSweep+1","PowerUp","GrandCross+1","AsteroidBelt+1","PowerUp","CasketOfStar+1","MagicAbsorber","EarthLightRay+1","TreasureHunter","PulseMagic+1","SuperPerseids","StarBarrage+1","infinitespire:Punishment+1","EnergyFlow","SuperPerseids","UltimateShortwave+1","6A+1","MagicChant+1","ShootTheMoon+1","BinaryStars","SporeBomb","6A+1","EarthLightRay+1","SuperNova","OortCloud","EscapeVelocity+1","infinitespire:Menacing+1","MillisecondPulsars","ZunPunch:ReiMu","ManaConvection+1","CollectingQuirk+1","SprinkleStarSeal","infinitespire:SealOfDarkness+"],"relics":["BewitchedHakkero","infinitespire:Golems Mask","Black Star","Toy Ornithopter","Replay:PocketPolymizer","infinitespire:BottledMercury","HandmadeGrimoire","infinitespire:EvilPickle","SlaversCollar","infinitespire:FocusingShard","Regal Pillow","Question Card","infinitespire:Satchel","Bird Faced Urn","Gremlin Food","Golden Egg","Incense Burner","White Beast Statue","Enchiridion","Letter Opener","MawBank","Tea:ReiMu","Philosopher\u0027s Stone","Pocketwatch"],"acts_visited":["Exordium","TheCity","TheBeyond","Exordium","TheCity","TheBeyond"],"potions_floor_usage":[2,21,23,24,33,33,50,50,50,61,67,82,82,84,88,88,88,88],"damage_taken":[{"damage":0,"enemies":"Cultist","floor":1,"turns":3},{"damage":11,"enemies":"Jaw Worm","floor":2,"turns":3},{"damage":0,"enemies":"2 Louse","floor":3,"turns":2},{"damage":8,"enemies":"Large Slime","floor":4,"turns":4},{"damage":7,"enemies":"Gremlin Gang","floor":5,"turns":4},{"damage":10,"enemies":"Looter","floor":7,"turns":3},{"damage":11,"enemies":"Lots of Slimes","floor":11,"turns":5},{"damage":1,"enemies":"2 Fungi Beasts","floor":12,"turns":3},{"damage":13,"enemies":"Exordium Wildlife","floor":13,"turns":4},{"damage":29,"enemies":"Fading Forest","floor":16,"turns":11},{"damage":18,"enemies":"3 Byrds","floor":18,"turns":8},{"damage":6,"enemies":"Shell Parasite","floor":21,"turns":7},{"damage":23,"enemies":"Nightmare","floor":23,"turns":6},{"damage":24,"enemies":"Snake Plant","floor":24,"turns":4},{"damage":2,"enemies":"Chosen and Byrds","floor":25,"turns":4},{"damage":2,"enemies":"Cultist and Chosen","floor":29,"turns":3},{"damage":18,"enemies":"3 Cultists","floor":31,"turns":4},{"damage":14,"enemies":"Pondfish","floor":33,"turns":7},{"damage":20,"enemies":"3 Darklings","floor":35,"turns":4},{"damage":5,"enemies":"3 Shapes","floor":37,"turns":2},{"damage":43,"enemies":"3 Darklings","floor":38,"turns":7},{"damage":0,"enemies":"Transient","floor":39,"turns":1},{"damage":5,"enemies":"Sphere and 2 Shapes","floor":45,"turns":3},{"damage":61,"enemies":"Time Eater","floor":50,"turns":5},{"damage":0,"enemies":"Cultist","floor":52,"turns":2},{"damage":0,"enemies":"2 Louse","floor":53,"turns":1},{"damage":0,"enemies":"Small Slimes","floor":55,"turns":1},{"damage":0,"enemies":"Exordium Wildlife","floor":56,"turns":2},{"damage":18,"enemies":"Looter","floor":58,"turns":3},{"damage":25,"enemies":"Gremlin Nob","floor":59,"turns":4},{"damage":18,"enemies":"Lots of Slimes","floor":61,"turns":3},{"damage":0,"enemies":"Large Slime","floor":63,"turns":3},{"damage":0,"enemies":"2 Fungi Beasts","floor":64,"turns":2},{"damage":4,"enemies":"Red Slaver","floor":65,"turns":2},{"damage":4,"enemies":"Fading Forest","floor":67,"turns":11},{"damage":0,"enemies":"Spheric Guardian","floor":69,"turns":1},{"damage":0,"enemies":"Shell Parasite","floor":70,"turns":3},{"damage":0,"enemies":"3 Cultists","floor":71,"turns":3},{"damage":51,"enemies":"Snecko","floor":73,"turns":5},{"damage":36,"enemies":"Book of Stabbing","floor":75,"turns":3},{"damage":0,"enemies":"Nightmare","floor":81,"turns":3},{"damage":34,"enemies":"Snake Plant","floor":82,"turns":3},{"damage":40,"enemies":"Automaton","floor":84,"turns":5},{"damage":0,"enemies":"Orb Walker","floor":86,"turns":2},{"damage":0,"enemies":"3 Shapes","floor":87,"turns":2},{"damage":49,"enemies":"infinitespire:Three Voidlings","floor":88,"turns":2},{"damage":0,"enemies":"Nightmare_Alpha","floor":88,"turns":2}],"seed_played":"-9212357850631101463","potions_obtained":[{"floor":1,"key":"ColorlessPotion"},{"floor":2,"key":"Energy Potion"},{"floor":11,"key":"Strength Potion"},{"floor":18,"key":"GamblersBrew"},{"floor":24,"key":"PowerPotion"},{"floor":29,"key":"Toxic Potion"},{"floor":38,"key":"ColorlessPotion"},{"floor":45,"key":"LiquidBronze"},{"floor":47,"key":"Swift Potion"},{"floor":47,"key":"DistilledChaos"},{"floor":50,"key":"ZuzhouPotion:ReiMu"},{"floor":53,"key":"ShroomBrew"},{"floor":58,"key":"JyouchiReiPotion"},{"floor":59,"key":"champ:CounterPotion"},{"floor":63,"key":"Adrenaline Potion"},{"floor":65,"key":"CalmPotion"},{"floor":69,"key":"Explosive Potion"},{"floor":71,"key":"Guardian:BlockOnCardUsePotion"},{"floor":84,"key":"hexamod:EctoCoolerPotion"},{"floor":86,"key":"BottledSpark"},{"floor":87,"key":"SkillPotion"},{"floor":88,"key":"GamblersBrew"}],"is_trial":false,"path_per_floor":["M","M","M","M","M","R","M","R","T","R","M","M","M","?","R","B",null,"M","?","$","M","?","NM","M","M","T","R","?","M","R","M","R","B",null,"M","AVR","M","M","M","R","?","R","T","$","M","R","?","?","R","B",null,"M","M","?","M","M","R","M","E","T","M","R","M","M","M","R","B",null,"M","M","M","?","M","R","E","R","T","?","T","R","NM","M","R","B",null,"M","M","?"],"character_chosen":"MARISA","items_purchased":["Toy Ornithopter","SuperPerseids","SporeBomb","Question Card"],"campfire_rested":11,"item_purchase_floors":[20,20,44,44],"current_hp_per_floor":[75,64,64,56,49,71,61,61,61,61,50,49,40,65,65,50,75,57,57,57,60,60,46,31,33,33,55,55,57,57,43,65,65,75,55,55,54,15,15,37,37,59,59,59,58,58,58,58,75,30,75,75,75,75,75,75,75,63,44,44,39,75,75,75,71,71,75,75,75,75,75,75,26,63,33,70,70,54,54,75,75,49,75,54,75,75,75,64,64],"gold":1443,"neow_bonus":"THREE_CARDS","is_daily":false,"chose_seed":false,"campfire_upgraded":7,"win_rate":0.0,"timestamp":1609035567,"path_taken":["M","?","M","M","M","R","M","R","T","R","M","M","M","?","R","BOSS","M","?","$","M","?","NM","M","?","T","R","?","M","R","M","R","BOSS","M","AVR","M","?","M","R","?","R","T","$","M","R","?","?","R","BOSS","M","M","?","M","M","R","M","E","T","?","R","M","M","M","R","BOSS","M","M","M","?","M","R","E","R","T","?","?","R","NM","M","R","BOSS","M","M","?"],"items_purchased_type":["Relic","Card","Card","Relic"],"build_version":"2020-12-22","purchased_purges":0,"victory":false,"max_hp_per_floor":[75,75,75,75,75,75,75,75,75,75,75,75,75,75,75,75,75,75,75,75,75,75,75,75,75,75,75,75,75,75,75,75,75,75,75,75,75,75,75,75,75,75,75,75,75,75,75,75,75,75,75,75,75,75,75,75,75,75,75,75,75,75,75,75,75,75,75,75,75,75,75,75,75,75,75,75,75,75,75,75,75,75,75,75,75,75,75,75,75],"card_choices":[{"not_picked":["SporeBomb","NonDirectionalLaser"],"picked":"PowerUp","floor":0},{"not_picked":["Robbery","GalacticHalo"],"picked":"GrandCross","floor":1},{"not_picked":["DC","SporeBomb"],"picked":"AsteroidBelt","floor":2},{"not_picked":["DoubleSpark","GravityBeat"],"picked":"PowerUp","floor":3},{"not_picked":["WitchLeyline","OpenUniverse","DoubleSpark"],"picked":"SKIP","floor":4},{"not_picked":["DC","PowerUp","WitchOfGreed"],"picked":"SKIP","floor":5},{"not_picked":["GravityBeat","GalacticHalo"],"picked":"CasketOfStar","floor":7},{"not_picked":["EnergyFlow","PowerUp"],"picked":"MagicAbsorber","floor":11},{"not_picked":["MilkyWay","OneTimeOff"],"picked":"EarthLightRay","floor":12},{"not_picked":["PowerUp","GravityBeat","ShootingEcho"],"picked":"SKIP","floor":13},{"not_picked":["CollectingQuirk","BlazingStar"],"picked":"TreasureHunter","floor":16},{"not_picked":["Acceleration","Occultation"],"picked":"PulseMagic","floor":18},{"not_picked":["GravityBeat","OpenUniverse"],"picked":"StarBarrage","floor":21},{"not_picked":["infinitespire:FutureSight","infinitespire:Fortify"],"picked":"infinitespire:Punishment","floor":23},{"not_picked":["GasGiant","6A"],"picked":"EnergyFlow","floor":23},{"not_picked":["DC","MilkyWay","CasketOfStar"],"picked":"SKIP","floor":24},{"not_picked":["DoubleSpark","NonDirectionalLaser","LuminesStrike"],"picked":"SKIP","floor":25},{"not_picked":["GasGiant","UnstableBomb+1","MilkyWay"],"picked":"SKIP","floor":29},{"not_picked":["DoubleSpark+1","Orbital"],"picked":"SuperPerseids","floor":31},{"not_picked":["AbsoluteMagnitude","BigCrunch"],"picked":"UltimateShortwave","floor":33},{"not_picked":["IllusionStar+1","PowerUp"],"picked":"6A+1","floor":35},{"not_picked":["6A+1","GrandCross+1"],"picked":"MagicChant+1","floor":37},{"not_picked":["Robbery+1","LuminesStrike"],"picked":"ShootTheMoon+1","floor":38},{"not_picked":["6A","IllusionStar"],"picked":"BinaryStars","floor":39},{"not_picked":["GravityBeat+1","ChargeUpSpray","GasGiant+1"],"picked":"6A+1","floor":45},{"not_picked":["DC","WitchOfGreed+1","StarBarrage+1"],"picked":"EarthLightRay+1","floor":47},{"not_picked":["TreasureHunter","BlazingStar","BigCrunch"],"picked":"SuperNova","floor":50},{"not_picked":["StarlightTyphoon","StarBarrage","WitchLeyline"],"picked":"OortCloud","floor":52},{"not_picked":["IllusionStar","UnstableBomb","OneTimeOff","ShootingEcho"],"picked":"SKIP","floor":53},{"not_picked":["EarthLightRay","WitchLeyline","MagicAbsorber","OneTimeOff"],"picked":"SKIP","floor":55},{"not_picked":["ChargingUp","FairyDestructionRay","DarkMatter","6A"],"picked":"SKIP","floor":56},{"not_picked":["SuperPerseids","MysteriousBeam","DeepEcoloBomb"],"picked":"EscapeVelocity","floor":58},{"not_picked":["EarthLightRay","LuminesStrike","IllusionStar","MagicAbsorber"],"picked":"SKIP","floor":59},{"not_picked":["GrandCross","ChargeUpSpray","ShootingEcho","IllusionStar"],"picked":"SKIP","floor":61},{"not_picked":["WitchLeyline","DoubleSpark","TreasureHunter","OneTimeOff"],"picked":"SKIP","floor":63},{"not_picked":["EventHorizon","MilkyWay","AsteroidBelt","AbsoluteMagnitude"],"picked":"SKIP","floor":64},{"not_picked":["DoubleSpark","NonDirectionalLaser","ChargeUpSpray","OneTimeOff"],"picked":"SKIP","floor":65},{"not_picked":["ReplayTheSpireMod:??????????????????????","infinitespire:FinalStrike"],"picked":"infinitespire:Menacing","floor":67},{"not_picked":["BlazingStar","MaximisePower","StarDustReverie"],"picked":"MillisecondPulsars","floor":67},{"not_picked":["SporeBomb+1","OortCloud","PropBag","WitchLeyline"],"picked":"SKIP","floor":69},{"not_picked":["ShootingEcho","OneTimeOff","GasGiant","DragonMeteor"],"picked":"SKIP","floor":70},{"not_picked":["ChargeUpSpray","WitchLeyline+1","StarlightTyphoon","DoubleSpark"],"picked":"SKIP","floor":71},{"not_picked":["MilkyWay+1","OrrerysSun","AsteroidBelt"],"picked":"ManaConvection","floor":73},{"not_picked":["EnergyFlow","GrandCross","Singularity+1"],"picked":"CollectingQuirk","floor":75},{"not_picked":["SporeBomb","GravityBeat","6A+1","OpenUniverse"],"picked":"SKIP","floor":81},{"not_picked":["MagicChant","GrandCross","StarBarrage","SporeBomb"],"picked":"SKIP","floor":82},{"not_picked":["DarkMatter","ShootingEcho+1","6A+1","DoubleSpark"],"picked":"SKIP","floor":86},{"not_picked":["LuminesStrike","6A","IllusionStar"],"picked":"SprinkleStarSeal","floor":87},{"not_picked":["infinitespire:Oblivion","ReplayTheSpireMod:??????????????????????"],"picked":"infinitespire:SealOfDarkness+","floor":88}],"player_experience":151724,"relics_obtained":[{"floor":9,"key":"infinitespire:Golems Mask"},{"floor":23,"key":"Replay:PocketPolymizer"},{"floor":23,"key":"infinitespire:BottledMercury"},{"floor":26,"key":"HandmadeGrimoire"},{"floor":43,"key":"Regal Pillow"},{"floor":59,"key":"infinitespire:Satchel"},{"floor":59,"key":"Bird Faced Urn"},{"floor":60,"key":"Gremlin Food"},{"floor":75,"key":"Golden Egg"},{"floor":75,"key":"Incense Burner"},{"floor":77,"key":"White Beast Statue"},{"floor":78,"key":"Enchiridion"},{"floor":79,"key":"Letter Opener"},{"floor":81,"key":"MawBank"},{"floor":81,"key":"Tea:ReiMu"},{"floor":88,"key":"Pocketwatch"}],"event_choices":[{"damage_healed":25,"gold_gain":0,"player_choice":"Banana","damage_taken":0,"max_hp_gain":0,"max_hp_loss":0,"event_name":"Big Fish","floor":14,"gold_loss":0},{"damage_healed":0,"gold_gain":0,"player_choice":"Simplicity","damage_taken":0,"max_hp_gain":0,"max_hp_loss":0,"event_name":"Back to Basics","floor":19,"gold_loss":0,"cards_upgraded":["Strike_MRS","Strike_MRS","Strike_MRS","Strike_MRS","Defend_MRS","Defend_MRS","Defend_MRS","Defend_MRS"]},{"damage_healed":0,"gold_gain":0,"player_choice":"Ignored","damage_taken":0,"max_hp_gain":0,"max_hp_loss":0,"event_name":"Transmorgrifier","floor":22,"gold_loss":0},{"damage_healed":0,"gold_gain":0,"player_choice":"Upgraded","damage_taken":0,"max_hp_gain":0,"max_hp_loss":0,"event_name":"Upgrade Shrine","floor":28,"gold_loss":0,"cards_upgraded":["infinitespire:Punishment"]},{"cards_removed":["Confused"],"damage_healed":0,"gold_gain":0,"player_choice":"Removed Curses","damage_taken":0,"max_hp_gain":0,"max_hp_loss":0,"event_name":"Fountain of Cleansing","floor":54,"gold_loss":0},{"damage_healed":0,"gold_gain":0,"player_choice":"Hand rover O-miki","damage_taken":0,"max_hp_gain":0,"max_hp_loss":0,"event_name":"ZunEvent","floor":72,"relics_lost":["ZunR:ReiMu"],"gold_loss":0,"cards_obtained":["ZunPunch:ReiMu"]},{"damage_healed":0,"gold_gain":0,"player_choice":"Obtained Book","damage_taken":16,"max_hp_gain":0,"max_hp_loss":0,"event_name":"Cursed Tome","floor":78,"gold_loss":0}],"is_beta":false,"boss_relics":[{"not_picked":["Coffee Dripper","ChewingGum"],"picked":"Black Star"},{"not_picked":["Sozu","Honey Jar"],"picked":"SlaversCollar"},{"not_picked":["ReplayTheSpireMod:SealedPack","SacredBark"],"picked":"BewitchedHakkero"},{"not_picked":["Replay:Drink Me","ReplayTheSpireMod:DimensionalGlitch","ReplayTheSpireMod:Onyx Gauntlets"]},{"not_picked":["Honey Jar","Velvet Choker"],"picked":"Philosopher\u0027s Stone"}],"items_purged_floors":[],"is_endless":true,"potions_floor_spawned":[1,2,11,18,24,29,38,45,50,53,58,59,63,65,69,71,73,82,84,86,87,88,88],"killed_by":"Nightmare_Alpha","ascension_level":0}}