{"host":"5bdt6s51dmpd4l3v","time":1609079945,"event":{"mods":["AchievementEnabler","BaseMod","Colored Map","Colored Powertips","Highlight Path","Minty Spire (QoL Compilation)","Quick Restart","Rare Cards Sparkle","StSLib"],"gold_per_floor":[115,62,79,97,109,109,141,141,167,183,193,193,28,53,53,128,128,141,141,161,161,179,179,179,179],"floor_reached":24,"playtime":478,"items_purged":[],"score":385,"play_id":"29ce8854-4be6-471d-82d7-8f6f62da2057","local_time":"20201227223905","is_ascension_mode":true,"campfire_choices":[{"data":"Armaments","floor":6.0,"key":"SMITH"},{"data":"Battle Trance","floor":8.0,"key":"SMITH"},{"data":"Flex","floor":12.0,"key":"SMITH"},{"data":"Shockwave","floor":15.0,"key":"SMITH"},{"floor":23,"key":"REST"}],"circlet_count":0,"master_deck":["AscendersBane","Strike_R","Strike_R","Strike_R","Strike_R","Strike_R","Defend_R","Defend_R","Defend_R","Defend_R","Bash","Armaments+1","Sword Boomerang","Battle Trance+1","Headbutt","Twin Strike","Flex+1","Shockwave+1","Brutality","Seeing Red","Necronomicurse"],"relics":["Burning Blood","NeowsBlessing","Toy Ornithopter","Lantern","Brimstone","Pen Nib","Philosopher\u0027s Stone","Necronomicon"],"acts_visited":["Exordium","TheCity"],"potions_floor_usage":[20,22],"damage_taken":[{"damage":0.0,"enemies":"Jaw Worm","floor":1.0,"turns":1.0},{"damage":0.0,"enemies":"2 Louse","floor":3.0,"turns":1.0},{"damage":0.0,"enemies":"Small Slimes","floor":4.0,"turns":1.0},{"damage":11.0,"enemies":"Looter","floor":5.0,"turns":2.0},{"damage":15.0,"enemies":"Gremlin Nob","floor":7.0,"turns":3.0},{"damage":12.0,"enemies":"Large Slime","floor":10.0,"turns":2.0},{"damage":9.0,"enemies":"Red Slaver","floor":11.0,"turns":3.0},{"damage":12.0,"enemies":"3 Sentries","floor":14.0,"turns":3.0},{"damage":40.0,"enemies":"Hexaghost","floor":16.0,"turns":5.0},{"damage":15,"enemies":"Shell Parasite","floor":18,"turns":3},{"damage":8,"enemies":"2 Thieves","floor":20,"turns":2},{"damage":36,"enemies":"Centurion and Healer","floor":22,"turns":4},{"damage":45,"enemies":"Snake Plant","floor":24,"turns":3}],"seed_played":"-2175173115799460745","potions_obtained":[{"floor":3.0,"key":"FearPotion"},{"floor":5.0,"key":"Energy Potion"},{"floor":7.0,"key":"Fire Potion"},{"floor":10.0,"key":"Block Potion"},{"floor":16.0,"key":"Regen Potion"},{"floor":20,"key":"LiquidMemories"}],"is_trial":false,"path_per_floor":["M","$","M","M","M","R","E","R","T","M","M","R","$","E","R","B",null,"M","?","M","?","M","R","M"],"character_chosen":"IRONCLAD","items_purchased":["Sword Boomerang","Brimstone"],"campfire_rested":1,"item_purchase_floors":[2,13],"current_hp_per_floor":[74,74,75,75,70,70,61,61,61,60,62,62,62,56,56,22,62,53,32,40,40,15,37,0,0],"gold":179,"neow_bonus":"THREE_ENEMY_KILL","is_daily":false,"chose_seed":false,"campfire_upgraded":4,"win_rate":0.0,"timestamp":1609079945,"path_taken":["M","$","M","M","M","R","E","R","T","M","M","R","$","E","R","BOSS","M","?","M","?","M","R","M"],"items_purchased_type":["Card","Relic"],"build_version":"2020-12-22","purchased_purges":0,"victory":false,"max_hp_per_floor":[75,75,75,75,75,75,75,75,75,75,75,75,75,75,75,75,75,75,75,75,75,75,75,75,75],"card_choices":[{"not_picked":["Sword Boomerang","Anger"],"picked":"Armaments","floor":1.0},{"not_picked":["Spot Weakness","Thunderclap"],"picked":"Battle Trance","floor":3.0},{"not_picked":["Reckless Charge","Iron Wave"],"picked":"Headbutt","floor":4.0},{"not_picked":["Immolate","Cleave"],"picked":"Twin Strike","floor":5.0},{"not_picked":["Rupture","Uppercut","Heavy Blade"],"picked":"SKIP","floor":7.0},{"not_picked":["Combust","Anger","Evolve"],"picked":"SKIP","floor":10.0},{"not_picked":["Thunderclap","Havoc"],"picked":"Flex","floor":11.0},{"not_picked":["Wild Strike","Flex"],"picked":"Shockwave","floor":14.0},{"not_picked":["Fiend Fire","Juggernaut"],"picked":"Brutality","floor":16.0},{"not_picked":["Heavy Blade","Headbutt"],"picked":"Seeing Red","floor":18},{"not_picked":["Reckless Charge","Carnage","Sword Boomerang"],"picked":"SKIP","floor":20},{"not_picked":["Immolate","Clash","Anger"],"picked":"SKIP","floor":22}],"player_experience":256490,"relics_obtained":[{"floor":7.0,"key":"Toy Ornithopter"},{"floor":9.0,"key":"Lantern"},{"floor":14.0,"key":"Pen Nib"},{"floor":19,"key":"Necronomicon"}],"event_choices":[{"damage_healed":0,"gold_gain":0,"player_choice":"Obtained Book","damage_taken":21,"max_hp_gain":0,"max_hp_loss":0,"event_name":"Cursed Tome","floor":19,"gold_loss":0},{"damage_healed":0,"gold_gain":0,"player_choice":"Ignored","damage_taken":0,"max_hp_gain":0,"max_hp_loss":0,"event_name":"Beggar","floor":21,"gold_loss":0}],"is_beta":false,"boss_relics":[{"not_picked":["Pandora\u0027s Box","Busted Crown"],"picked":"Philosopher\u0027s Stone"}],"items_purged_floors":[],"is_endless":false,"potions_floor_spawned":[3,5,7,10,16,20],"killed_by":"Snake Plant","ascension_level":17}}