{"host":"g75gtovmj0ine2rf","time":1609063660,"event":{"mods":["2.2 Compatiblity","AchievementEnabler","Act Like it!","Aspiration","Astrologer","Bard","BaseMod","Better Match","BetterRewards","CapriCore","Challenge The Spire","ChefMod","Colored Map","Conspire","Energized Spire","Friendly Minions","Gensokyo","Halation","Hallownest","Hermit","HexUI Lib","Highlight Path","Hubris","Infinite Spire","Jedi Mod","Lobotomy","Minty Spire (QoL Compilation)","Puzzle Mod","Quick Restart","Rare Cards Sparkle","Relic Stats","Replay The Spire","Shade Mod","Shop Mod","Spicy Shops","StSLib","SuperFastMode","The Construct","The Cursed","The Factory","The Jungle","The Runesmith","TheBandit","TheFirefly","TheSwordswoman","TheVacant","Transform Curses","Wandering Minibosses","thorton","vexMod"],"gold_per_floor":[113,113,123,135,34,69,69,69,69,97,12,25,190,65,65,442,442,457,37,37,37,37,55,55,55,55,55],"floor_reached":25,"playtime":1715,"items_purged":[],"score":370,"play_id":"7e399e71-46ee-4dea-b716-f79f945efae7","local_time":"20201227210740","is_ascension_mode":true,"campfire_choices":[{"floor":7.0,"key":"REST"},{"floor":15.0,"key":"REST"},{"floor":24,"key":"REST"}],"circlet_count":0,"master_deck":["AscendersBane","wariomod:Strike+1","wariomod:Strike+1","wariomod:Strike","wariomod:Strike+1","wariomod:Defend","wariomod:Defend","wariomod:Defend","wariomod:Defend","wariomod:Step","wariomod:Leap","wariomod:EndlessBlast+1","wariomod:BodyBlock","wariomod:BodyBlock","wariomod:TempestBlasts","wariomod:SmackSlam","wariomod:BoomForm+1","wariomod:WipeClean","wariomod:SilenceBombs","wariomod:DropBash","wariomod:Bomblaster","Hallownest:curseDreamersLament"],"relics":["wariomod:TheHat","Gremlin Food","hubris:Towel","Gremlin Horn","Ancient Tea Set","Replay:Rubber Ducky","Old Coin","thethorton:CrushedCigarette","Membership Card","Runesmith:AutoHammer","vexMod:GhostlyGear","aspiration:ChemicalBlood","halation:EternalFortune","Hallownest:WatcherSealRelic"],"acts_visited":["Exordium","Gensokyo:Gensokyo"],"potions_floor_usage":[23,25,25],"damage_taken":[{"damage":9.0,"enemies":"Gensokyo:Gryphon","floor":1.0,"turns":4.0},{"damage":0.0,"enemies":"Gensokyo:3_Fairies","floor":3.0,"turns":4.0},{"damage":0.0,"enemies":"Gensokyo:Python","floor":4.0,"turns":6.0},{"damage":31.0,"enemies":"Gensokyo:Mamizou","floor":6.0,"turns":10.0},{"damage":2.0,"enemies":"Gensokyo:Cirno","floor":10.0,"turns":5.0},{"damage":11.0,"enemies":"Gensokyo:LivingMonolith","floor":12.0,"turns":5.0},{"damage":10.0,"enemies":"Gensokyo:CorruptedTreant","floor":13.0,"turns":6.0},{"damage":11.0,"enemies":"Gensokyo:Kokoro","floor":16.0,"turns":12.0},{"damage":31.0,"enemies":"Hallownest:2_Mistakes","floor":18.0,"turns":9.0},{"damage":28,"enemies":"Hallownest:3_Youths","floor":23,"turns":4},{"damage":45,"enemies":"Hallownest:monsterMisterMushroom","floor":25,"turns":7}],"seed_played":"-2036089608921601282","potions_obtained":[{"floor":4.0,"key":"PowerPotion"},{"floor":10.0,"key":"Explosive Potion"},{"floor":13.0,"key":"FearPotion"}],"is_trial":false,"path_per_floor":["M","?","M","M","COS","E","R","?","T","E","$","M","M","?","R_BF","B",null,"M","$","?","?","?","M","R","M"],"character_chosen":"THE_BANDIT","items_purchased":["wariomod:TempestBlasts","Membership Card","Runesmith:AutoHammer","vexMod:GhostlyGear","aspiration:ChemicalBlood","wariomod:DropBash"],"campfire_rested":3,"item_purchase_floors":[11,19,19,19,19,19],"current_hp_per_floor":[56,56,56,56,56,25,46,46,46,44,44,33,23,23,44,33,62,31,31,34,34,34,6,28,0,0,0],"gold":55,"neow_bonus":"RANDOM_COMMON_RELIC","is_daily":false,"chose_seed":false,"campfire_upgraded":0,"win_rate":0.0,"timestamp":1609063660,"path_taken":["M","?","M","M","COS","E","R","?","T","E","?","M","M","?","R_BF","BOSS","M","$","?","?","?","M","R","M"],"items_purchased_type":["Card","Relic","Relic","Relic","Relic","Card"],"build_version":"2020-12-22","purchased_purges":0,"victory":false,"max_hp_per_floor":[72,72,72,72,72,72,72,72,72,72,72,72,72,72,72,72,72,72,72,75,75,75,75,75,75,75,75],"relic_stats":{"Gremlin Horn":[14,14],"counters":[11,72],"obtain_stats":[{"Gremlin Food":0,"Gremlin Horn":6,"wariomod:TheHat":0,"hubris:Towel":2,"Ancient Tea Set":9,"Replay:Rubber Ducky":10,"Old Coin":16,"vexMod:GhostlyGear":19,"Hallownest:WatcherSealRelic":22,"halation:EternalFortune":20,"thethorton:CrushedCigarette":17,"Membership Card":19,"Runesmith:AutoHammer":19,"aspiration:ChemicalBlood":19},{"Gremlin Food":0,"Gremlin Horn":4,"wariomod:TheHat":0,"hubris:Towel":1,"Ancient Tea Set":4,"Replay:Rubber Ducky":5,"Old Coin":8,"vexMod:GhostlyGear":9,"Hallownest:WatcherSealRelic":9,"halation:EternalFortune":9,"thethorton:CrushedCigarette":8,"Membership Card":9,"Runesmith:AutoHammer":9,"aspiration:ChemicalBlood":9},{"Gremlin Food":0,"Gremlin Horn":24,"wariomod:TheHat":0,"hubris:Towel":4,"Ancient Tea Set":24,"Replay:Rubber Ducky":29,"Old Coin":44,"vexMod:GhostlyGear":61,"Hallownest:WatcherSealRelic":61,"halation:EternalFortune":61,"thethorton:CrushedCigarette":52,"Membership Card":61,"Runesmith:AutoHammer":61,"aspiration:ChemicalBlood":61}]},"card_choices":[{"not_picked":["wariomod:Game","wariomod:DanceDash","wariomod:Bombshield"],"picked":"SKIP","floor":1.0},{"not_picked":["wariomod:DanceDash","wariomod:TrekTime","wariomod:SimpleShield"],"picked":"SKIP","floor":3.0},{"not_picked":["wariomod:BumRush","wariomod:HastyRush"],"picked":"wariomod:EndlessBlast","floor":4.0},{"not_picked":["wariomod:DoubleDash","wariomod:SimpleShield"],"picked":"wariomod:BodyBlock","floor":6.0},{"not_picked":["wariomod:DropBash","wariomod:DonateDraw"],"picked":"wariomod:BodyBlock","floor":10.0},{"not_picked":["wariomod:Game","wariomod:SpaceSwap"],"picked":"wariomod:SmackSlam","floor":12.0},{"not_picked":["wariomod:BlastDash","wariomod:SpikeSlash","wariomod:NullJump"],"picked":"SKIP","floor":13.0},{"not_picked":["wariomod:ShipSmash+1","wariomod:MassiveParty+1"],"picked":"wariomod:BoomForm+1","floor":14.0},{"not_picked":["wariomod:ShipSmash","wariomod:KeyFinisher"],"picked":"wariomod:WipeClean","floor":16.0},{"not_picked":["wariomod:SmallSprint","wariomod:DoubleDash"],"picked":"wariomod:SilenceBombs","floor":18.0},{"not_picked":["wariomod:Leapslam+1","wariomod:DanceDash"],"picked":"wariomod:Bomblaster","floor":21.0},{"not_picked":["wariomod:SmallSprint","wariomod:Goblast","wariomod:BodyBlock"],"picked":"SKIP","floor":23}],"player_experience":1342575,"relics_obtained":[{"floor":6.0,"key":"Gremlin Horn"},{"floor":9.0,"key":"Ancient Tea Set"},{"floor":10.0,"key":"Replay:Rubber Ducky"}],"event_choices":[{"damage_healed":0.0,"max_hp_gain":0.0,"max_hp_loss":0.0,"gold_gain":0.0,"event_name":"betterMatch:BetterMatch","player_choice":"2","floor":14.0,"gold_loss":0.0,"damage_taken":0.0,"cards_obtained":["betterMatch:RareCard"]}],"is_beta":false,"boss_relics":[{"not_picked":["vexMod:MegatonBomb","Coffee Dripper"],"picked":"thethorton:CrushedCigarette"}],"items_purged_floors":[],"is_endless":false,"potions_floor_spawned":[4,6,10,13,18],"killed_by":"Hallownest:monsterMisterMushroom","ascension_level":17}}