{"host":"cjhtzh7tp54jdfyv","time":1609104450,"event":{"mods":["AchievementEnabler","BaseMod","Colored Map","Colored Powertips","Curses Come First","DeckTracker","Filter the Spire","Minty Spire (QoL Compilation)","RNG Fix","Relic Sorter","Relic Stats","StSLib","The Cursed","The Disciple","The Marked","UnlockEverythingMod","Waifu the Spire","ojb\u0027s Better Paths Mod","ojb\u0027s Info Mod"],"gold_per_floor":[117,132,146,34,47,47,72,92,142,156,188,188,188,27,27,101,101,120,120,134,159,59,84,84,116,116,116,133,150,168,168,168,168,168],"floor_reached":33,"playtime":3767,"items_purged":["TheCursedMod:Strike_TheCursed","TheCursedMod:Strike_TheCursed"],"score":590,"play_id":"f280f6a6-b56a-4362-bd09-a2cd93b365d8","local_time":"20201227162730","is_ascension_mode":true,"campfire_choices":[{"floor":6,"key":"REST"},{"data":"TheCursedMod:SpitefulPlan","floor":13,"key":"SMITH"},{"data":"TheCursedMod:SaltUponWound","floor":15,"key":"SMITH"},{"floor":24,"key":"REST"},{"floor":27,"key":"REST"},{"floor":32,"key":"REST"}],"circlet_count":0,"master_deck":["AscendersBane","TheCursedMod:Defend_TheCursed+1","TheCursedMod:Defend_TheCursed","TheCursedMod:Defend_TheCursed","TheCursedMod:Defend_TheCursed","TheCursedMod:CursedWand","TheCursedMod:CleanUpWorkshop","TheCursedMod:Dregs","TheCursedMod:CursedBoomerang","TheCursedMod:Stigma","TheCursedMod:HellsGateOpen","TheCursedMod:RapidMovement+1","TheCursedMod:WearCloak","TheCursedMod:Wield","TheCursedMod:AbyssShockwave","TheCursedMod:Wield","TheCursedMod:SpitefulPlan+1","TheCursedMod:CircleOfAbyss","TheCursedMod:SurpriseAttack","TheCursedMod:SaltUponWound+1","TheCursedMod:VoidForm","TheCursedMod:RavingStaff","TheCursedMod:Obscuration","TheCursedMod:DoubleShield","TheCursedMod:FleshFromBone","TheCursedMod:Grudge","TheCursedMod:Obscuration","TheCursedMod:SmokeScreen","TheCursedMod:SurpriseAttack","TheCursedMod:SpitefulPlan","TheCursedMod:BlessingInDisguise","Pain","TheCursedMod:SpitefulPray"],"relics":["TheCursedMod:BlackMagic101","Dream Catcher","Nunchaku","Odd Mushroom","War Paint","Pocketwatch","Dead Branch","Orrery","TheCursedMod:OminousMark","Red Mask","Question Card","Shuriken","TheCursedMod:DemonicMark","WarpedTongs"],"acts_visited":["Exordium","TheCity"],"potions_floor_usage":[8,8,21,23,23,29,33,33],"damage_taken":[{"damage":2,"enemies":"Small Slimes","floor":1,"turns":5},{"damage":13,"enemies":"Jaw Worm","floor":2,"turns":7},{"damage":0,"enemies":"2 Louse","floor":3,"turns":3},{"damage":16,"enemies":"Gremlin Gang","floor":5,"turns":5},{"damage":5,"enemies":"3 Sentries","floor":7,"turns":9},{"damage":6,"enemies":"The Mushroom Lair","floor":8,"turns":4},{"damage":6,"enemies":"Blue Slaver","floor":10,"turns":4},{"damage":17,"enemies":"Gremlin Nob","floor":11,"turns":4},{"damage":15,"enemies":"Hexaghost","floor":16,"turns":9},{"damage":0,"enemies":"Chosen","floor":18,"turns":4},{"damage":6,"enemies":"Shell Parasite","floor":20,"turns":3},{"damage":17,"enemies":"Masked Bandits","floor":21,"turns":4},{"damage":8,"enemies":"Book of Stabbing","floor":23,"turns":5},{"damage":28,"enemies":"Slavers","floor":25,"turns":5},{"damage":7,"enemies":"Sentry and Sphere","floor":28,"turns":6},{"damage":29,"enemies":"Snake Plant","floor":29,"turns":8},{"damage":0,"enemies":"3 Cultists","floor":30,"turns":3},{"damage":68,"enemies":"Automaton","floor":33,"turns":10}],"seed_played":"-5655953884266626931","potions_obtained":[{"floor":2,"key":"Energy Potion"},{"floor":3,"key":"BlessingOfTheForge"},{"floor":8,"key":"AttackPotion"},{"floor":11,"key":"SmokeBomb"},{"floor":16,"key":"DuplicationPotion"},{"floor":21,"key":"FearPotion"},{"floor":25,"key":"EssenceOfSteel"},{"floor":30,"key":"EntropicBrew"}],"is_trial":false,"path_per_floor":["M","M","M","$","M","R","E","?","T","M","E","?","R","$","R","B",null,"M","?","M","?","$","E","R","E","T","R","M","M","M","?","R","B"],"character_chosen":"THE_CURSED","items_purchased":["TheCursedMod:HellsGateOpen","Orrery"],"campfire_rested":4,"item_purchase_floors":[4,14],"current_hp_per_floor":[62,49,49,49,33,54,49,43,43,37,20,20,20,20,20,5,55,55,55,49,32,32,24,45,17,17,38,31,2,2,2,23,0,0],"gold":168,"neow_bonus":"RANDOM_COMMON_RELIC","is_daily":false,"chose_seed":false,"campfire_upgraded":2,"win_rate":0.0,"timestamp":1609104450,"path_taken":["M","M","M","?","M","R","E","?","T","M","E","?","R","$","R","BOSS","M","?","M","?","$","E","R","E","T","R","M","?","M","?","R","BOSS"],"items_purchased_type":["Card","Relic"],"build_version":"2020-12-22","purchased_purges":2,"victory":false,"max_hp_per_floor":[71,71,71,71,71,71,71,71,71,71,71,71,71,71,71,71,71,71,71,71,71,71,71,71,71,71,71,71,71,71,71,71,71,71],"relic_stats":{"Dream Catcher":4,"Nunchaku":[13],"counters":[18,98],"Shuriken":[9],"Dead Branch":[138],"War Paint":["TheCursedMod:RapidMovement","TheCursedMod:Defend_TheCursed"],"Question Card":7,"obtain_stats":[{"TheCursedMod:BlackMagic101":0,"Dead Branch":12,"Odd Mushroom":8,"War Paint":9,"Question Card":23,"TheCursedMod:DemonicMark":26,"WarpedTongs":31,"Dream Catcher":0,"Nunchaku":7,"TheCursedMod:OminousMark":17,"Shuriken":25,"Orrery":14,"Red Mask":21,"Pocketwatch":11},{"TheCursedMod:BlackMagic101":0,"Dead Branch":8,"Odd Mushroom":6,"War Paint":6,"Question Card":13,"TheCursedMod:DemonicMark":14,"WarpedTongs":17,"Dream Catcher":0,"Nunchaku":5,"TheCursedMod:OminousMark":9,"Shuriken":14,"Orrery":8,"Red Mask":12,"Pocketwatch":8},{"TheCursedMod:BlackMagic101":0,"Dead Branch":41,"Odd Mushroom":33,"War Paint":33,"Question Card":66,"TheCursedMod:DemonicMark":71,"WarpedTongs":88,"Dream Catcher":0,"Nunchaku":29,"TheCursedMod:OminousMark":50,"Shuriken":71,"Orrery":41,"Red Mask":61,"Pocketwatch":41}],"Pocketwatch":[35],"WarpedTongs":[10]},"card_choices":[{"not_picked":["TheCursedMod:CursedSpellbook","TheCursedMod:CircleOfAmplification","TheCursedMod:Stretching"],"picked":"SKIP","floor":1},{"not_picked":["TheCursedMod:RapidMovement","TheCursedMod:TroublousMinions"],"picked":"TheCursedMod:CursedBoomerang","floor":2},{"not_picked":["TheCursedMod:CircleOfCorruption","TheCursedMod:StingEye"],"picked":"TheCursedMod:Stigma","floor":3},{"not_picked":["TheCursedMod:SpitefulPray","TheCursedMod:TacticalStrike"],"picked":"TheCursedMod:RapidMovement","floor":5},{"not_picked":["TheCursedMod:Mangle","TheCursedMod:FuryStrike"],"picked":"TheCursedMod:WearCloak","floor":6},{"not_picked":["TheCursedMod:SmokeScreen","TheCursedMod:SpitefulPray"],"picked":"TheCursedMod:Wield","floor":7},{"not_picked":["TheCursedMod:ReleasedKnowledge","TheCursedMod:FleshFromBone"],"picked":"TheCursedMod:AbyssShockwave","floor":8},{"not_picked":["TheCursedMod:Evocation","TheCursedMod:DoubleShield"],"picked":"TheCursedMod:Wield","floor":10},{"not_picked":["TheCursedMod:Wield","TheCursedMod:CursedShiv"],"picked":"TheCursedMod:SpitefulPlan","floor":11},{"not_picked":["TheCursedMod:CircleOfFlame","TheCursedMod:CircleOfFocus"],"picked":"TheCursedMod:CircleOfAbyss","floor":14},{"not_picked":["TheCursedMod:CircleOfFlame","TheCursedMod:CursedBoomerang"],"picked":"TheCursedMod:SurpriseAttack","floor":14},{"not_picked":["TheCursedMod:TroublousMinions","TheCursedMod:SmokeScreen"],"picked":"TheCursedMod:SaltUponWound","floor":14},{"not_picked":["TheCursedMod:ShockAndAwe","TheCursedMod:StunningStrike"],"picked":"TheCursedMod:VoidForm","floor":16},{"not_picked":["TheCursedMod:TacticalStrike","TheCursedMod:Wield","TheCursedMod:CircleOfCorruption"],"picked":"SKIP","floor":18},{"not_picked":["TheCursedMod:CursedMace","TheCursedMod:Torture"],"picked":"TheCursedMod:DoubleShield","floor":20},{"not_picked":["TheCursedMod:CursedAmulet","TheCursedMod:CircleOfFlame"],"picked":"TheCursedMod:FleshFromBone","floor":21},{"not_picked":["TheCursedMod:CursedBlade","TheCursedMod:CursedAmulet"],"picked":"TheCursedMod:Grudge","floor":23},{"not_picked":["TheCursedMod:RapidMovement","TheCursedMod:VitalStrike","TheCursedMod:StingEye"],"picked":"TheCursedMod:Obscuration","floor":24},{"not_picked":["TheCursedMod:TacticalStrike","TheCursedMod:CursedShiv","TheCursedMod:CircleOfFocus"],"picked":"TheCursedMod:SmokeScreen","floor":25},{"not_picked":["TheCursedMod:CursedShiv","TheCursedMod:SoulCrush","TheCursedMod:Stigma"],"picked":"TheCursedMod:SurpriseAttack","floor":27},{"not_picked":["TheCursedMod:CursedBlade","TheCursedMod:CursedMace","TheCursedMod:UltimatePain"],"picked":"TheCursedMod:SpitefulPlan","floor":28},{"not_picked":["TheCursedMod:FuryStrike","TheCursedMod:CursedBlade","TheCursedMod:CursedShiv","TheCursedMod:RavingStaff"],"picked":"SKIP","floor":29},{"not_picked":["TheCursedMod:SaltUponWound+1","TheCursedMod:Mangle","TheCursedMod:SmokeScreen+1"],"picked":"TheCursedMod:BlessingInDisguise","floor":30},{"not_picked":["TheCursedMod:CursedAmulet","TheCursedMod:CircleOfCorruption","TheCursedMod:AbyssShockwave"],"picked":"TheCursedMod:SpitefulPray","floor":32}],"player_experience":4448266,"relics_obtained":[{"floor":7,"key":"Nunchaku"},{"floor":8,"key":"Odd Mushroom"},{"floor":9,"key":"War Paint"},{"floor":11,"key":"Pocketwatch"},{"floor":21,"key":"Red Mask"},{"floor":23,"key":"Question Card"},{"floor":25,"key":"Shuriken"},{"floor":26,"key":"TheCursedMod:DemonicMark"}],"event_choices":[{"damage_healed":0,"gold_gain":0,"player_choice":"Fought Mushrooms","damage_taken":0,"max_hp_gain":0,"max_hp_loss":0,"event_name":"Mushrooms","floor":8,"gold_loss":0},{"damage_healed":0,"gold_gain":0,"player_choice":"Gave Potion","damage_taken":0,"relics_obtained":["Dead Branch"],"max_hp_gain":0,"max_hp_loss":0,"event_name":"WeMeetAgain","floor":12,"gold_loss":0},{"damage_healed":0,"gold_gain":0,"cards_transformed":["TheCursedMod:Strike_TheCursed","TheCursedMod:Strike_TheCursed"],"player_choice":"Became Test Subject","damage_taken":0,"max_hp_gain":0,"max_hp_loss":0,"event_name":"Drug Dealer","floor":19,"gold_loss":0,"cards_obtained":["TheCursedMod:RavingStaff","TheCursedMod:Obscuration"]},{"damage_healed":0,"gold_gain":0,"player_choice":"Fought Bandits","damage_taken":0,"max_hp_gain":0,"max_hp_loss":0,"event_name":"Masked Bandits","floor":21,"gold_loss":0},{"damage_healed":0,"gold_gain":0,"player_choice":"Rummage","damage_taken":0,"relics_obtained":["WarpedTongs"],"max_hp_gain":0,"max_hp_loss":0,"event_name":"Accursed Blacksmith","floor":31,"gold_loss":0,"cards_obtained":["Pain"]}],"is_beta":false,"boss_relics":[{"not_picked":["Velvet Choker","Ectoplasm"],"picked":"TheCursedMod:OminousMark"}],"items_purged_floors":[4,22],"is_endless":false,"potions_floor_spawned":[2,3,8,11,16,20,21,25,30],"killed_by":"Automaton","ascension_level":20}}