{"host":"hvwa7s69zr612rn1","time":1609038217,"event":{"mods":["BaseMod","Colored Map","Colored Powertips","Downfall","Minty Spire (QoL Compilation)","StSLib"],"gold_per_floor":[0,19,30,30,49,199,199,24,124,150,150,160,160,180,194,291,341,341,355,373,373,40,60,60,76,76,76],"floor_reached":26,"playtime":2492,"items_purged":[],"score":246,"play_id":"6a56c49e-78ec-402b-9325-cb20790013cc","local_time":"20201227140337","is_ascension_mode":true,"campfire_choices":[{"data":"sneckomod:Strike","floor":1,"key":"PURGE"},{"data":"Slimebound:Icky","floor":11,"key":"PURGE"},{"floor":13,"key":"REST"},{"data":"sneckomod:Strike","floor":18,"key":"PURGE"}],"circlet_count":0,"master_deck":["sneckomod:Strike+1","sneckomod:Defend+1","sneckomod:Defend","sneckomod:Defend","sneckomod:TailWhip","sneckomod:SnekBite","sneckomod:Unknown+2","sneckomod:Restock+1","sneckomod:Rotation+1","hexamod:SixthSeal","sneckomod:MasterEye+1","sneckomod:CheapStock","sneckomod:UnknownStrength+2","sneckomod:CheapStock+1","sneckomod:UnknownUncommonPower+2","sneckomod:UnknownClassPURPLE","sneckomod:UnknownEthereal","sneckomod:UnknownUncommonPower+2","sneckomod:UnknownRarePower","sneckomod:UnknownRareAttack","sneckomod:UnknownUncommonAttack+2","sneckomod:Nope","sneckomod:SoulCleanse","sneckomod:UnknownRarePower","Mayhem"],"relics":["sneckomod:SneckoSoul","Peace Pipe","TungstenRod","Gambling Chip","Tiny House","Happy Flower","DollysMirror","Frozen Egg 2"],"acts_visited":["Exordium","TheCity"],"potions_floor_usage":[9,16,19,25,26],"damage_taken":[{"damage":0,"enemies":"Small Slimes","floor":2,"turns":3},{"damage":2,"enemies":"2 Louse","floor":3,"turns":2},{"damage":6,"enemies":"Jaw Worm","floor":5,"turns":3},{"damage":4,"enemies":"downfall:FleeingMerchant","floor":8,"turns":4},{"damage":24,"enemies":"downfall:Heads","floor":9,"turns":6},{"damage":25,"enemies":"3 Sentries","floor":10,"turns":8},{"damage":21,"enemies":"Exordium Thugs","floor":12,"turns":5},{"damage":10,"enemies":"2 Fungi Beasts","floor":14,"turns":3},{"damage":6,"enemies":"Large Slime","floor":15,"turns":7},{"damage":17,"enemies":"downfall:Defect","floor":16,"turns":6},{"damage":8,"enemies":"Chosen","floor":19,"turns":5},{"damage":9,"enemies":"Centurion and Healer","floor":20,"turns":7},{"damage":6,"enemies":"downfall:FleeingMerchant","floor":22,"turns":4},{"damage":14,"enemies":"Snecko","floor":23,"turns":4},{"damage":42,"enemies":"Cultist and Chosen","floor":25,"turns":5},{"damage":36,"enemies":"Book of Stabbing","floor":26,"turns":5}],"seed_played":"-6492727026041353157","potions_obtained":[{"floor":2,"key":"LiquidBronze"},{"floor":3,"key":"PowerPotion"},{"floor":12,"key":"LiquidMemories"},{"floor":12,"key":"Ancient Potion"},{"floor":15,"key":"hexamod:EctoCoolerPotion"},{"floor":16,"key":"PowerPotion"},{"floor":19,"key":"Regen Potion"}],"is_trial":false,"path_per_floor":["R","M","M","?","M","?","T","$","?","E","R","M","R","M","M","B",null,"R","M","M","?","$","M","T","M","E"],"character_chosen":"THE_SNECKO","items_purchased":["sneckomod:CheapStock","sneckomod:UnknownStrength","sneckomod:Unknown1Cost","DollysMirror","Mayhem"],"campfire_rested":1,"item_purchase_floors":[8,8,8,22,22],"current_hp_per_floor":[90,90,88,88,82,82,82,80,57,33,33,12,40,31,26,11,104,104,96,87,87,82,68,68,35,0,0],"gold":76,"neow_bonus":"ONE_RARE_RELIC","is_daily":false,"chose_seed":false,"campfire_upgraded":0,"win_rate":0.0,"timestamp":1609038217,"path_taken":["R","M","M","?","M","?","T","$","?","E","R","?","R","M","M","BOSS","R","M","M","?","?","M","T","M","E"],"items_purchased_type":["Card","Card","Card","Relic","Card"],"build_version":"2020-12-22","purchased_purges":0,"victory":false,"max_hp_per_floor":[90,90,90,90,90,90,90,92,93,94,94,94,94,95,96,98,104,104,104,104,104,105,105,105,105,105,105],"card_choices":[{"not_picked":["sneckomod:WideSting","sneckomod:RainOfDice","sneckomod:UnknownWeak"],"picked":"SKIP","floor":2},{"not_picked":["sneckomod:Unknown2Cost","sneckomod:IronFang"],"picked":"sneckomod:Restock","floor":3},{"not_picked":["sneckomod:SoulRoll","sneckomod:DiceCrush"],"picked":"sneckomod:Rotation","floor":5},{"not_picked":["hexamod:SecondSeal","hexamod:ThirdSeal"],"picked":"hexamod:SixthSeal","floor":8},{"not_picked":["sneckomod:UnknownWeak","sneckomod:SoulRoll"],"picked":"sneckomod:MasterEye","floor":8},{"not_picked":["sneckomod:UnknownWeak","sneckomod:DiceBlock"],"picked":"sneckomod:UnknownUncommonPower","floor":9},{"not_picked":["sneckomod:DefensiveFlair","sneckomod:Nope"],"picked":"sneckomod:UnknownClassPURPLE","floor":10},{"not_picked":["sneckomod:UnlimitedRolls","sneckomod:QuickMove","sneckomod:RainOfDice"],"picked":"SKIP","floor":12},{"not_picked":["sneckomod:UnknownClassPURPLE","sneckomod:DiceBlock"],"picked":"sneckomod:UnknownEthereal","floor":14},{"not_picked":["sneckomod:Unknown0Cost","sneckomod:UnknownVulnerable"],"picked":"sneckomod:UnknownUncommonPower","floor":15},{"not_picked":["sneckomod:UnlimitedRolls","sneckomod:UnknownColorless"],"picked":"sneckomod:UnknownRarePower","floor":16},{"not_picked":["sneckomod:UnlimitedRolls","sneckomod:Cheat"],"picked":"sneckomod:UnknownRareAttack","floor":16},{"not_picked":["sneckomod:UnknownCommonSkill","sneckomod:DiceBlock"],"picked":"sneckomod:UnknownUncommonAttack","floor":17},{"not_picked":["sneckomod:UnknownCommonAttack","sneckomod:UnknownStrength"],"picked":"sneckomod:Nope","floor":19},{"not_picked":["sneckomod:UnknownStrike","sneckomod:QuickBite"],"picked":"sneckomod:SoulCleanse","floor":20},{"not_picked":["sneckomod:UnknownVulnerable","sneckomod:DiceCrush","sneckomod:UnknownBlock"],"picked":"SKIP","floor":22},{"not_picked":["sneckomod:UnknownClassHEXA_GHOST_PURPLE","sneckomod:UnknownStrike","sneckomod:IronFang+1"],"picked":"SKIP","floor":23},{"not_picked":["sneckomod:Unknown1Cost","sneckomod:QuickMove","sneckomod:UnknownClassRED"],"picked":"SKIP","floor":25}],"player_experience":400975,"relics_obtained":[{"floor":7,"key":"TungstenRod"},{"floor":10,"key":"Gambling Chip"},{"floor":21,"key":"Happy Flower"},{"floor":24,"key":"Frozen Egg 2"}],"event_choices":[{"damage_healed":0,"gold_gain":0,"player_choice":"Relic","damage_taken":0,"max_hp_gain":0,"max_hp_loss":0,"event_name":"Wheel of Change","floor":21,"gold_loss":0}],"is_beta":false,"boss_relics":[{"not_picked":["Astrolabe","Sozu"],"picked":"Tiny House"}],"items_purged_floors":[],"is_endless":false,"potions_floor_spawned":[2,3,12,15,16,19],"killed_by":"Book of Stabbing","ascension_level":1}}