{"host":"oiai0qxasotny765","time":1609074139,"event":{"mods":["2.2 Compatiblity","AchievementEnabler","BaseMod","Colored Map","Minty Spire (QoL Compilation)","Permanent Neow","Relic Stats","StSLib","SuperFastMode","everything is the same but u backflip on backflip"],"gold_per_floor":[109,125,140,140,41,41,53,53,53,67,79,98,98,98,98,175,175,195,208,108,108,33,33,62,62,85,98,98,114,131,131,131,205,205,216,226,61,73,85,85,96,111,111,111,121,136,170,183,183,183],"floor_reached":51,"playtime":1610,"items_purged":["Strike_G","Strike_G"],"score":1279,"play_id":"b711601d-c279-48c5-ae5b-752846e6a0bd","local_time":"20201227220219","is_ascension_mode":true,"campfire_choices":[{"data":"Accuracy","floor":6.0,"key":"SMITH"},{"data":"Cloak And Dagger","floor":13.0,"key":"SMITH"},{"data":"Blade Dance","floor":15.0,"key":"SMITH"},{"data":"Malaise","floor":23.0,"key":"SMITH"},{"data":"Neutralize","floor":25.0,"key":"SMITH"},{"data":"Cloak And Dagger","floor":32.0,"key":"SMITH"},{"data":"Phantasmal Killer","floor":40.0,"key":"SMITH"},{"data":"Tools of the Trade","floor":44.0,"key":"SMITH"},{"floor":49,"key":"REST"}],"circlet_count":0,"master_deck":["AscendersBane","Strike_G","Defend_G","Survivor","Neutralize+1","Accuracy+1","Blur","Blade Dance+1","Cloak And Dagger+1","Malaise+1","Blade Dance+1","Escape Plan","Backflip","Cloak And Dagger+1","Accuracy+1","Phantasmal Killer+1","Escape Plan","Leg Sweep","Tools of the Trade+1","Parasite"],"relics":["Ring of the Snake","Pear","Meat on the Bone","HoveringKite","Question Card","Orichalcum","Empty Cage","TheAbacus","Blood Vial","Lantern"],"acts_visited":["Exordium","TheCity","TheBeyond"],"potions_floor_usage":[47,47,50,50],"damage_taken":[{"damage":2.0,"enemies":"Cultist","floor":1.0,"turns":4.0},{"damage":2.0,"enemies":"Small Slimes","floor":2.0,"turns":4.0},{"damage":1.0,"enemies":"2 Louse","floor":3.0,"turns":3.0},{"damage":6.0,"enemies":"Lots of Slimes","floor":7.0,"turns":4.0},{"damage":10.0,"enemies":"Exordium Wildlife","floor":10.0,"turns":3.0},{"damage":0.0,"enemies":"Large Slime","floor":11.0,"turns":6.0},{"damage":0.0,"enemies":"2 Fungi Beasts","floor":12.0,"turns":3.0},{"damage":20.0,"enemies":"The Guardian","floor":16.0,"turns":13.0},{"damage":12.0,"enemies":"Chosen","floor":18.0,"turns":4.0},{"damage":8.0,"enemies":"3 Byrds","floor":19.0,"turns":6.0},{"damage":8.0,"enemies":"Book of Stabbing","floor":24.0,"turns":6.0},{"damage":10.0,"enemies":"3 Cultists","floor":27.0,"turns":4.0},{"damage":11.0,"enemies":"Cultist and Chosen","floor":29.0,"turns":4.0},{"damage":0.0,"enemies":"Chosen and Byrds","floor":30.0,"turns":4.0},{"damage":3.0,"enemies":"Champ","floor":33.0,"turns":6.0},{"damage":1.0,"enemies":"Orb Walker","floor":35.0,"turns":2.0},{"damage":7.0,"enemies":"3 Shapes","floor":36.0,"turns":3.0},{"damage":0.0,"enemies":"Maw","floor":38.0,"turns":5.0},{"damage":0.0,"enemies":"Transient","floor":39.0,"turns":6.0},{"damage":0.0,"enemies":"Spire Growth","floor":41.0,"turns":3.0},{"damage":8.0,"enemies":"4 Shapes","floor":42.0,"turns":5.0},{"damage":7.0,"enemies":"Writhing Mass","floor":45.0,"turns":4.0},{"damage":0.0,"enemies":"3 Darklings","floor":46.0,"turns":3.0},{"damage":16,"enemies":"Reptomancer","floor":47,"turns":5},{"damage":12,"enemies":"Spire Growth","floor":48,"turns":3},{"damage":66,"enemies":"Time Eater","floor":50,"turns":5}],"seed_played":"1246959954268850340","potions_obtained":[{"floor":1.0,"key":"CunningPotion"},{"floor":3.0,"key":"CunningPotion"},{"floor":7.0,"key":"Fire Potion"},{"floor":16.0,"key":"SkillPotion"},{"floor":19.0,"key":"Explosive Potion"},{"floor":29.0,"key":"Dexterity Potion"},{"floor":33.0,"key":"GamblersBrew"},{"floor":35.0,"key":"Fire Potion"},{"floor":42.0,"key":"Strength Potion"},{"floor":47,"key":"Poison Potion"},{"floor":48,"key":"AttackPotion"}],"is_trial":false,"path_per_floor":["M","M","M","?","$","R","M","?","T","M","M","M","R","?","R","B",null,"M","M","$","?","?","R","E","R","T","M","?","M","M","?","R","B",null,"M","M","$","M","M","R","M","M","T","R","M","M","E","M","R","B",null],"character_chosen":"THE_SILENT","items_purchased":["Blade Dance","TheAbacus"],"campfire_rested":1,"item_purchase_floors":[5,37],"current_hp_per_floor":[57,55,54,54,54,54,48,41,51,41,41,41,41,41,41,33,65,53,45,45,45,45,45,49,49,49,39,39,40,40,40,40,49,69,68,61,61,61,61,61,61,53,53,53,48,50,48,50,72,20],"gold":183,"neow_bonus":"REMOVE_CARD","is_daily":false,"chose_seed":false,"campfire_upgraded":8,"win_rate":0.0,"timestamp":1609074139,"path_taken":["M","M","M","?","$","R","M","?","T","M","M","M","R","?","R","BOSS","M","?","$","?","?","R","E","R","T","M","?","M","M","?","R","BOSS","M","M","$","M","M","R","M","M","T","R","?","?","E","M","R","BOSS"],"items_purchased_type":["Card","Relic"],"build_version":"2020-12-22","purchased_purges":2,"victory":true,"max_hp_per_floor":[66,66,66,66,66,66,66,66,76,76,76,76,76,76,76,76,76,76,76,76,76,76,76,76,76,76,76,76,76,76,76,76,76,76,76,76,76,76,76,76,76,76,76,76,76,76,76,76,76,76],"relic_stats":{"Blood Vial":10,"TheAbacus":[72],"counters":[26,118],"HoveringKite":[25],"Orichalcum":[18],"Question Card":14,"obtain_stats":[{"Blood Vial":43,"Lantern":47,"Pear":9,"TheAbacus":37,"HoveringKite":17,"Orichalcum":26,"Question Card":24,"Empty Cage":34,"Ring of the Snake":0,"Meat on the Bone":14},{"Blood Vial":21,"Lantern":24,"Pear":4,"TheAbacus":17,"HoveringKite":8,"Orichalcum":11,"Question Card":11,"Empty Cage":15,"Ring of the Snake":0,"Meat on the Bone":7},{"Blood Vial":98,"Lantern":110,"Pear":15,"TheAbacus":79,"HoveringKite":40,"Orichalcum":56,"Question Card":56,"Empty Cage":74,"Ring of the Snake":0,"Meat on the Bone":27}],"Ring of the Snake":[52],"Meat on the Bone":84},"card_choices":[{"not_picked":["Acrobatics","Prepared"],"picked":"Accuracy","floor":1.0},{"not_picked":["Flying Knee","Escape Plan"],"picked":"Blur","floor":2.0},{"not_picked":["Dagger Throw","Underhanded Strike","Outmaneuver"],"picked":"SKIP","floor":3.0},{"not_picked":["Deadly Poison","Bane","PiercingWail"],"picked":"SKIP","floor":7.0},{"not_picked":["Caltrops","Dodge and Roll","Bane"],"picked":"SKIP","floor":10.0},{"not_picked":["Endless Agony","Acrobatics"],"picked":"Cloak And Dagger","floor":11.0},{"not_picked":["Poisoned Stab","Riddle With Holes","Bane"],"picked":"SKIP","floor":12.0},{"not_picked":["Envenom","Phantasmal Killer"],"picked":"Malaise","floor":16.0},{"not_picked":["Poisoned Stab","Outmaneuver","Slice"],"picked":"SKIP","floor":18.0},{"not_picked":["All Out Attack","Sucker Punch"],"picked":"Blade Dance+1","floor":19.0},{"not_picked":["PiercingWail","Prepared"],"picked":"Escape Plan","floor":24.0},{"not_picked":["Malaise","Catalyst","Riddle With Holes"],"picked":"Backflip","floor":27.0},{"not_picked":["Terror","Masterful Stab","Blade Dance","Flying Knee"],"picked":"SKIP","floor":29.0},{"not_picked":["Flying Knee+1","Outmaneuver","Choke","Backflip"],"picked":"SKIP","floor":30.0},{"not_picked":["Grand Finale","A Thousand Cuts","Unload"],"picked":"Phantasmal Killer","floor":33.0},{"not_picked":["Noxious Fumes","Dagger Throw+1","Dagger Spray+1","Eviscerate+1"],"picked":"SKIP","floor":35.0},{"not_picked":["Dodge and Roll","Dagger Spray","Well Laid Plans"],"picked":"Escape Plan","floor":36.0},{"not_picked":["Riddle With Holes+1","Cloak And Dagger","Bane","Quick Slash"],"picked":"SKIP","floor":38.0},{"not_picked":["Distraction","Underhanded Strike","Deadly Poison"],"picked":"Leg Sweep","floor":39.0},{"not_picked":["Malaise","Bane","PiercingWail","Outmaneuver+1"],"picked":"SKIP","floor":41.0},{"not_picked":["Dodge and Roll+1","Slice","Masterful Stab+1"],"picked":"Tools of the Trade","floor":42.0},{"not_picked":["Terror","Dagger Throw","Predator","Sucker Punch"],"picked":"SKIP","floor":45.0},{"not_picked":["Setup","Skewer","Caltrops","Dagger Spray"],"picked":"SKIP","floor":46.0},{"not_picked":["Terror","Poisoned Stab","Phantasmal Killer","Heel Hook"],"picked":"SKIP","floor":47},{"not_picked":["Predator","Slice","PiercingWail","Sucker Punch"],"picked":"SKIP","floor":48}],"player_experience":289557,"relics_obtained":[{"floor":9.0,"key":"Pear"},{"floor":24.0,"key":"Question Card"},{"floor":26.0,"key":"Orichalcum"},{"floor":43.0,"key":"Blood Vial"},{"floor":47,"key":"Lantern"}],"event_choices":[{"cards_removed":["Strike_G"],"damage_healed":0.0,"max_hp_gain":0.0,"max_hp_loss":0.0,"gold_gain":0.0,"event_name":"Living Wall","player_choice":"Forget","floor":4.0,"gold_loss":0.0,"damage_taken":0.0},{"cards_removed":["Defend_G"],"damage_healed":0.0,"max_hp_gain":0.0,"max_hp_loss":0.0,"gold_gain":0.0,"event_name":"Golden Wing","player_choice":"Card Removal","floor":8.0,"gold_loss":0.0,"damage_taken":7.0},{"damage_healed":0.0,"max_hp_gain":0.0,"max_hp_loss":0.0,"gold_gain":0.0,"event_name":"WeMeetAgain","player_choice":"Gave Potion","floor":14.0,"gold_loss":0.0,"damage_taken":0.0,"relics_obtained":["Meat on the Bone"]},{"damage_healed":0.0,"max_hp_gain":0.0,"max_hp_loss":0.0,"gold_gain":0.0,"event_name":"The Mausoleum","player_choice":"Ignored","floor":21.0,"gold_loss":0.0,"damage_taken":0.0},{"cards_removed":["Defend_G"],"damage_healed":0.0,"max_hp_gain":0.0,"max_hp_loss":0.0,"gold_gain":0.0,"event_name":"Beggar","player_choice":"Gave Gold","floor":22.0,"gold_loss":75.0,"damage_taken":0.0},{"damage_healed":0.0,"max_hp_gain":0.0,"max_hp_loss":0.0,"gold_gain":0.0,"event_name":"The Library","player_choice":"Read","floor":28.0,"gold_loss":0.0,"damage_taken":0.0,"cards_obtained":["Cloak And Dagger"]},{"damage_healed":0.0,"max_hp_gain":0.0,"max_hp_loss":0.0,"gold_gain":0.0,"event_name":"Duplicator","player_choice":"Copied","floor":31.0,"gold_loss":0.0,"damage_taken":0.0,"cards_obtained":["Accuracy"]}],"is_beta":false,"boss_relics":[{"not_picked":["Astrolabe","SlaversCollar"],"picked":"HoveringKite"},{"not_picked":["Tiny House","SacredBark"],"picked":"Empty Cage"}],"items_purged_floors":[5,20],"is_endless":false,"potions_floor_spawned":[1,3,7,16,19,29,33,35,39,42,46,47,48],"ascension_level":18}}