{"host":"w2kjv12xyhtt0cv2","time":1609086609,"event":{"mods":["10 clothes from DAL","Act Like it!","BaseMod","Colored Map","Conspire","Friendly Minions","Gensokyo","Highlight Path","Hubris","Marisa（F雨　魔理沙）","Minty Spire (QoL Compilation)","Quick Restart","Reimu（博丽灵梦）","Relic Stats","Replay The Spire","RumiaBox-露米娅的神秘盒子","Spicy Shops","StSLib","The Servant 0.9.4","UnlockEverythingMod","Waifu the Spire","[功能]功能增强和修复MOD","vexMod","【功能Mod】Neow奖励","【功能Mod】混沌之环修复补丁","【遗物卡牌】REMEMod","没有小屋子和绿帽子啦"],"gold_per_floor":[362,208,208,283,13,48,48,17,65,65,65],"floor_reached":10,"playtime":541,"items_purged":["Strike_Lin:ReiMu"],"score":65,"play_id":"5911b7b5-3f78-463c-ba0f-0231ce0d7f98","local_time":"20201228003009","is_ascension_mode":true,"campfire_choices":[{"data":"hubris:DuctTapeCard","floor":7.0,"key":"SMITH"}],"circlet_count":0,"master_deck":["Strike_Lin:ReiMu","Defend_Lin:ReiMu","Defend_Lin:ReiMu","Defend_Lin:ReiMu","Defend_Lin:ReiMu","NB:ReiMu","Stagnation:ReiMu","Eclipse+1","Poisoned Strike+1","Conquer:ReiMu+1","hubris:DuctTapeCard"],"relics":["FlyPower:ReiMu","REME_ComplimentaryCards","SecretRecord","hubris:EmptyBottle","vexMod:PaidLearning","hubris:DuctTape","Regal Pillow"],"acts_visited":["Exordium"],"potions_floor_usage":[],"damage_taken":[{"damage":0.0,"enemies":"Cultist","floor":1.0,"turns":3.0},{"damage":31.0,"enemies":"Gremlin Nob","floor":6.0,"turns":5.0},{"damage":0,"enemies":"3 Sentries","floor":10,"turns":2}],"seed_played":"9037287381872972029","potions_obtained":[],"is_trial":false,"path_per_floor":["M","$","T","?","$","E","R","$","T","E"],"character_chosen":"REIMU","items_purchased":["Poisoned Strike","hubris:EmptyBottle","vexMod:PaidLearning","Conquer:ReiMu+1"],"campfire_rested":0,"item_purchase_floors":[2,5,5,8],"current_hp_per_floor":[47,47,47,36,36,5,5,5,5,5,5],"gold":65,"neow_bonus":"TWO_FIFTY_GOLD","is_daily":false,"chose_seed":false,"campfire_upgraded":1,"win_rate":0.0,"timestamp":1609086609,"path_taken":["M","$","?","?","$","E","R","$","T","E"],"items_purchased_type":["Card","Relic","Relic","Card"],"build_version":"2020-12-22","purchased_purges":1,"victory":false,"max_hp_per_floor":[65,65,65,65,65,65,65,65,65,65,65],"relic_stats":{"Regal Pillow":0,"counters":[3,10],"obtain_stats":[{"Regal Pillow":9,"hubris:DuctTape":6,"SecretRecord":3,"vexMod:PaidLearning":5,"hubris:EmptyBottle":5,"FlyPower:ReiMu":0,"REME_ComplimentaryCards":0},{"Regal Pillow":2,"hubris:DuctTape":2,"SecretRecord":1,"vexMod:PaidLearning":1,"hubris:EmptyBottle":1,"FlyPower:ReiMu":0,"REME_ComplimentaryCards":0},{"Regal Pillow":8,"hubris:DuctTape":8,"SecretRecord":3,"vexMod:PaidLearning":3,"hubris:EmptyBottle":3,"FlyPower:ReiMu":0,"REME_ComplimentaryCards":0}]},"card_choices":[{"not_picked":["LearningPray:ReiMu","SpreadBorder2:ReiMu","WonderfulDomain:ReiMu"],"picked":"SKIP","floor":1.0},{"not_picked":["WonderfulDomain:ReiMu","MountainWay:ReiMu","Meditation:ReiMu"],"picked":"SKIP","floor":6.0}],"player_experience":36711,"relics_obtained":[{"floor":3.0,"key":"SecretRecord"},{"floor":6.0,"key":"hubris:DuctTape"},{"floor":9.0,"key":"Regal Pillow"}],"event_choices":[{"damage_healed":0.0,"max_hp_gain":0.0,"max_hp_loss":0.0,"gold_gain":75.0,"event_name":"World of Goop","player_choice":"Gather Gold","floor":4.0,"gold_loss":0.0,"damage_taken":11.0}],"is_beta":false,"boss_relics":[],"items_purged_floors":[5],"is_endless":false,"potions_floor_spawned":[],"killed_by":"3 Sentries","ascension_level":1}}