{"host":"qhhcmep1unj6mpf7","time":1609074808,"event":{"mods":["2.2 Compatiblity","AchievementEnabler","BaseMod","Colored Map","DeckTracker","Highlight Path","Keyboard Shortcuts","Minty Spire (QoL Compilation)","Permanent Neow","Quick Restart","Random Character Button","StSLib","SuperFastMode","everything is the same but u backflip on backflip"],"gold_per_floor":[109,127,77,77,91,91,104,8,8,8,8,31,31,52,52,180,180,205,221,221,221],"floor_reached":20,"playtime":760,"items_purged":[],"score":174,"play_id":"1bbff7ce-eeeb-4b92-b54e-81c6fef0cd0c","local_time":"20201227221328","is_ascension_mode":true,"campfire_choices":[{"data":"Creative AI","floor":6,"key":"SMITH"},{"data":"Hologram","floor":13,"key":"SMITH"},{"data":"Coolheaded","floor":15,"key":"SMITH"}],"circlet_count":0,"master_deck":["Strike_B","Strike_B","Strike_B","Strike_B","Defend_B","Defend_B","Defend_B","Defend_B","Zap","Dualcast","Creative AI+1","Hologram+1","Undo","Coolheaded+1","Bandage Up","Biased Cognition","Double Energy"],"relics":["FrozenCore","Bronze Scales","Pantograph","Golden Idol"],"acts_visited":["Exordium","TheCity"],"potions_floor_usage":[16,16],"damage_taken":[{"damage":2,"enemies":"Small Slimes","floor":1,"turns":5},{"damage":5,"enemies":"Jaw Worm","floor":2,"turns":6},{"damage":0,"enemies":"2 Louse","floor":5,"turns":2},{"damage":7,"enemies":"2 Fungi Beasts","floor":7,"turns":4},{"damage":4,"enemies":"Large Slime","floor":12,"turns":9},{"damage":0,"enemies":"3 Louse","floor":14,"turns":3},{"damage":32,"enemies":"Hexaghost","floor":16,"turns":13},{"damage":11,"enemies":"Shell Parasite","floor":18,"turns":9},{"damage":17,"enemies":"Chosen","floor":19,"turns":10},{"damage":25,"enemies":"3 Cultists","floor":20,"turns":4}],"seed_played":"3855554163523913125","potions_obtained":[{"floor":1,"key":"Dexterity Potion"},{"floor":7,"key":"Weak Potion"},{"floor":12,"key":"EssenceOfSteel"},{"floor":16,"key":"SkillPotion"}],"is_trial":false,"path_per_floor":["M","M","$","?","M","R","M","$","T","$","?","M","R","M","R","B",null,"M","M","M"],"character_chosen":"DEFECT","items_purchased":["Coolheaded","Bandage Up"],"campfire_rested":0,"item_purchase_floors":[3,8],"current_hp_per_floor":[52,47,47,40,40,40,33,33,33,33,33,33,33,37,37,34,69,62,53,32,32],"gold":221,"neow_bonus":"THREE_RARE_CARDS","is_daily":false,"chose_seed":false,"campfire_upgraded":3,"win_rate":0.0,"timestamp":1609074808,"path_taken":["M","M","$","?","M","R","M","$","T","$","?","?","R","M","R","BOSS","M","M","M"],"items_purchased_type":["Card","Card"],"build_version":"2020-12-22","purchased_purges":0,"victory":false,"max_hp_per_floor":[75,75,75,75,75,75,75,75,75,75,69,69,69,69,69,69,69,69,69,69,69],"card_choices":[{"not_picked":["Electrodynamics","Machine Learning"],"picked":"Creative AI","floor":0},{"not_picked":["Compile Driver","Streamline"],"picked":"Hologram","floor":1},{"not_picked":["Hologram","Loop"],"picked":"Undo","floor":2},{"not_picked":["Undo","Rip and Tear","Storm"],"picked":"SKIP","floor":5},{"not_picked":["Darkness","Sweeping Beam","Loop"],"picked":"SKIP","floor":7},{"not_picked":["Fusion","Compile Driver","Hologram"],"picked":"SKIP","floor":12},{"not_picked":["Doom and Gloom","Steam","Auto Shields"],"picked":"SKIP","floor":14},{"not_picked":["Thunder Strike","All For One"],"picked":"Biased Cognition","floor":16},{"not_picked":["Static Discharge","Sweeping Beam"],"picked":"Double Energy","floor":18},{"not_picked":["Rebound","Go for the Eyes+1","Leap+1"],"picked":"SKIP","floor":19}],"player_experience":329739,"relics_obtained":[{"floor":9,"key":"Pantograph"}],"event_choices":[{"damage_healed":0,"gold_gain":0,"player_choice":"Success","damage_taken":7,"relics_obtained":["Bronze Scales"],"max_hp_gain":0,"max_hp_loss":0,"event_name":"Scrap Ooze","floor":4,"gold_loss":0},{"damage_healed":0,"gold_gain":0,"player_choice":"Lose Max HP","damage_taken":0,"relics_obtained":["Golden Idol"],"max_hp_gain":0,"max_hp_loss":6,"event_name":"Golden Idol","floor":11,"gold_loss":0}],"is_beta":false,"boss_relics":[{"not_picked":["Fusion Hammer","Coffee Dripper"],"picked":"FrozenCore"}],"items_purged_floors":[],"is_endless":false,"potions_floor_spawned":[1,7,12,16],"killed_by":"3 Cultists","ascension_level":1}}