{"host":"vumwfieg2b2mnrfl","time":1609040590,"event":{"mods":["AchievementEnabler","BaseMod","Minty Spire (QoL Compilation)","Rare Cards Sparkle","Relic Stats"],"gold_per_floor":[113,38,38,113,113,142,142,175,227,227,239,239,253,109,109,181,181,194,212,212,212,64,64,64],"floor_reached":23,"playtime":559,"items_purged":[],"score":429,"play_id":"45f3ed04-9f18-466e-bc62-f373b55a26d2","local_time":"20201226214310","is_ascension_mode":true,"campfire_choices":[{"data":"Bash","floor":7,"key":"SMITH"},{"data":"Shrug It Off","floor":10,"key":"SMITH"},{"data":"Battle Trance","floor":12,"key":"SMITH"},{"data":"Flame Barrier","floor":15,"key":"SMITH"}],"circlet_count":0,"master_deck":["AscendersBane","Strike_R","Strike_R","Defend_R","Defend_R","Defend_R","Bash+1","Whirlwind","Headbutt","Shrug It Off+1","Battle Trance+1","Flame Barrier+1","Barricade","Pommel Strike","Armaments","Sentinel","Intimidate"],"relics":["Burning Blood","NeowsBlessing","Smiling Mask","Akabeko","Vajra","Omamori","ClockworkSouvenir","SlaversCollar","Sling"],"acts_visited":["Exordium","TheCity"],"potions_floor_usage":[16],"damage_taken":[{"damage":0,"enemies":"Cultist","floor":1,"turns":1},{"damage":0,"enemies":"3 Sentries","floor":6,"turns":2},{"damage":0,"enemies":"Lagavulin","floor":8,"turns":1},{"damage":2,"enemies":"2 Louse","floor":11,"turns":2},{"damage":0,"enemies":"Small Slimes","floor":13,"turns":1},{"damage":68,"enemies":"Slime Boss","floor":16,"turns":15},{"damage":19,"enemies":"Spheric Guardian","floor":18,"turns":10},{"damage":12,"enemies":"2 Thieves","floor":19,"turns":3},{"damage":55,"enemies":"Gremlin Leader","floor":23,"turns":5}],"seed_played":"8580989671218531996","potions_obtained":[{"floor":1,"key":"FairyPotion"},{"floor":8,"key":"EssenceOfSteel"},{"floor":19,"key":"Ancient Potion"}],"is_trial":false,"path_per_floor":["M","?","?","?","?","E","R","E","T","R","M","R","M","$","R","B",null,"M","M","?","?","$","E"],"character_chosen":"IRONCLAD","items_purchased":["ClockworkSouvenir","Sling"],"campfire_rested":0,"item_purchase_floors":[14,22],"current_hp_per_floor":[74,74,74,63,45,51,51,57,57,57,61,61,67,67,67,28,63,50,44,44,44,44,0,0],"gold":64,"neow_bonus":"THREE_ENEMY_KILL","is_daily":false,"chose_seed":false,"campfire_upgraded":4,"win_rate":0.0,"timestamp":1609040590,"path_taken":["M","?","?","?","?","E","R","E","T","R","M","R","M","$","R","BOSS","M","M","?","?","?","E"],"items_purchased_type":["Relic","Relic"],"build_version":"2020-12-22","purchased_purges":0,"victory":false,"max_hp_per_floor":[75,75,75,75,75,75,75,75,75,75,75,75,75,75,75,75,75,75,75,75,75,75,75,75],"relic_stats":{"counters":[9,40],"Smiling Mask":0,"obtain_stats":[{"SlaversCollar":17,"NeowsBlessing":0,"Vajra":8,"Omamori":9,"Smiling Mask":5,"Sling":22,"Burning Blood":0,"Akabeko":6,"ClockworkSouvenir":14},{"SlaversCollar":6,"NeowsBlessing":0,"Vajra":3,"Omamori":3,"Smiling Mask":1,"Sling":8,"Burning Blood":0,"Akabeko":2,"ClockworkSouvenir":5},{"SlaversCollar":22,"NeowsBlessing":0,"Vajra":4,"Omamori":4,"Smiling Mask":1,"Sling":35,"Burning Blood":0,"Akabeko":3,"ClockworkSouvenir":7}],"Burning Blood":48},"card_choices":[{"not_picked":["Combust","Heavy Blade"],"picked":"Whirlwind","floor":1},{"not_picked":["Blood for Blood","Burning Pact","Clash"],"picked":"SKIP","floor":6},{"not_picked":["True Grit","Cleave"],"picked":"Shrug It Off","floor":8},{"not_picked":["Warcry","Sword Boomerang"],"picked":"Battle Trance","floor":11},{"not_picked":["True Grit","Clash"],"picked":"Flame Barrier","floor":13},{"not_picked":["Bludgeon","Impervious"],"picked":"Barricade","floor":16},{"not_picked":["Combust","Warcry"],"picked":"Pommel Strike","floor":18},{"not_picked":["Perfected Strike","Heavy Blade"],"picked":"Armaments","floor":19}],"player_experience":317770,"relics_obtained":[{"floor":6,"key":"Akabeko"},{"floor":8,"key":"Vajra"},{"floor":9,"key":"Omamori"}],"event_choices":[{"cards_removed":["Strike_R"],"damage_healed":0,"gold_gain":0,"player_choice":"Card Removal","damage_taken":0,"max_hp_gain":0,"max_hp_loss":0,"event_name":"The Cleric","floor":2,"gold_loss":75},{"damage_healed":0,"gold_gain":0,"cards_transformed":["Strike_R"],"player_choice":"Change","damage_taken":0,"max_hp_gain":0,"max_hp_loss":0,"event_name":"Living Wall","floor":3,"gold_loss":0,"cards_obtained":["Headbutt"]},{"damage_healed":0,"gold_gain":75,"player_choice":"Gather Gold","damage_taken":11,"max_hp_gain":0,"max_hp_loss":0,"event_name":"World of Goop","floor":4,"gold_loss":0},{"damage_healed":0,"gold_gain":0,"player_choice":"Success","damage_taken":18,"relics_obtained":["Smiling Mask"],"max_hp_gain":0,"max_hp_loss":0,"event_name":"Scrap Ooze","floor":5,"gold_loss":0},{"damage_healed":0,"gold_gain":0,"cards_transformed":["Defend_R","Strike_R"],"player_choice":"Became Test Subject","damage_taken":0,"max_hp_gain":0,"max_hp_loss":0,"event_name":"Drug Dealer","floor":20,"gold_loss":0,"cards_obtained":["Sentinel","Intimidate"]},{"damage_healed":0,"gold_gain":0,"player_choice":"Smashed Altar","damage_taken":0,"max_hp_gain":0,"max_hp_loss":0,"event_name":"Forgotten Altar","floor":21,"gold_loss":0,"cards_obtained":["Decay"]}],"is_beta":false,"boss_relics":[{"not_picked":["Mark of Pain","Runic Dome"],"picked":"SlaversCollar"}],"items_purged_floors":[],"is_endless":false,"potions_floor_spawned":[1,8,19],"killed_by":"Gremlin Leader","ascension_level":15}}