{"host":"szp1d6dso4pv7ddl","time":1609027951,"event":{"mods":["AchievementEnabler","Alarm Clock","BaseMod","Bestiary","Block Reminder","Colored Map","Colored Powertips","Curses Come First","Displayed Cursed Tome","Highlight Path","Minty Spire (QoL Compilation)","Permanent Neow","Quick Restart","Relic Sorter","Relic Stats","StSLib","Synergy Search"],"gold_per_floor":[115,115,115,15,15,41,60,10,91,111,122,141,156,156,156,232,232,249,249,3,73,148,176,176,209,209,209,55,74,86,136,136,136,136],"floor_reached":33,"playtime":1390,"items_purged":["Defend_G","Parasite"],"score":512,"play_id":"088027f4-f8ea-43df-856e-1f8e98e6a5a0","local_time":"20201226161231","is_ascension_mode":true,"campfire_choices":[{"floor":15,"key":"REST"},{"floor":24,"key":"REST"},{"floor":27,"key":"REST"},{"floor":32,"key":"REST"}],"circlet_count":0,"master_deck":["AscendersBane","Strike_G","Strike_G","Defend_G","Defend_G","Survivor","Neutralize","Quick Slash","PiercingWail","Blade Dance","Underhanded Strike","Blade Dance","Storm of Steel","Bane+1","Predator+1","Calculated Gamble+1","Acrobatics","Dagger Throw","All Out Attack","Dagger Throw","Expertise+1","Dash","Underhanded Strike","Acrobatics+1"],"relics":["HoveringKite","Singing Bowl","Ninja Scroll","Astrolabe","SsserpentHead","Vajra","Oddly Smooth Stone","Potion Belt","Toxic Egg 2","Paper Crane"],"acts_visited":["Exordium","TheCity"],"potions_floor_usage":[6,16,25,33],"damage_taken":[{"damage":0.0,"enemies":"2 Louse","floor":1.0,"turns":4.0},{"damage":47,"enemies":"Lagavulin","floor":6,"turns":11},{"damage":0,"enemies":"Small Slimes","floor":7,"turns":3},{"damage":0,"enemies":"Cultist","floor":10,"turns":2},{"damage":13,"enemies":"Blue Slaver","floor":11,"turns":2},{"damage":0,"enemies":"2 Fungi Beasts","floor":12,"turns":3},{"damage":0,"enemies":"Exordium Thugs","floor":13,"turns":4},{"damage":34,"enemies":"Hexaghost","floor":16,"turns":9},{"damage":11,"enemies":"Spheric Guardian","floor":18,"turns":3},{"damage":19,"enemies":"2 Thieves","floor":21,"turns":3},{"damage":0,"enemies":"Gremlin Leader","floor":23,"turns":5},{"damage":47,"enemies":"Book of Stabbing","floor":25,"turns":5},{"damage":14,"enemies":"Centurion and Healer","floor":29,"turns":4},{"damage":0,"enemies":"Chosen and Byrds","floor":30,"turns":3},{"damage":53,"enemies":"Champ","floor":33,"turns":7}],"seed_played":"-2934556746654750063","potions_obtained":[{"floor":1.0,"key":"GhostInAJar"},{"floor":6,"key":"Strength Potion"},{"floor":21,"key":"Explosive Potion"},{"floor":23,"key":"SneckoOil"},{"floor":30,"key":"Ancient Potion"}],"is_trial":false,"path_per_floor":["M","?","?","$","?","E","M","$","T","M","M","M","M","?","R","B",null,"M","?","$","M","T","E","R","E","T","R","$","M","M","?","R","B"],"character_chosen":"THE_SILENT","items_purchased":["Quick Slash","Blade Dance","Vajra","Dagger Throw","Expertise+1","Dash"],"campfire_rested":4,"item_purchase_floors":[4,8,20,20,28,28],"current_hp_per_floor":[63,68,61,61,61,14,14,14,14,16,5,7,9,29,53,19,67,56,56,56,39,39,39,63,16,16,40,40,26,26,26,50,0,0],"gold":136,"neow_bonus":"BOSS_RELIC","is_daily":false,"chose_seed":false,"campfire_upgraded":0,"win_rate":0.0,"timestamp":1609027951,"path_taken":["M","?","?","$","?","E","M","$","T","M","?","M","M","?","R","BOSS","M","?","?","?","?","E","R","E","T","R","$","M","M","?","R","BOSS"],"items_purchased_type":["Card","Card","Relic","Card","Card","Card"],"build_version":"2020-12-22","purchased_purges":2,"victory":false,"max_hp_per_floor":[70,75,75,75,75,75,75,75,75,77,79,81,83,83,83,83,83,83,83,80,82,82,82,82,82,82,82,82,82,82,82,82,82,82],"relic_stats":{"SsserpentHead":200,"Singing Bowl":10,"counters":[15,68],"Astrolabe":["Bane","Predator","Calculated Gamble"],"HoveringKite":[32],"obtain_stats":[{"Potion Belt":23,"SsserpentHead":19,"Singing Bowl":6,"Ninja Scroll":9,"Astrolabe":17,"HoveringKite":0,"Vajra":20,"Oddly Smooth Stone":22,"Toxic Egg 2":25,"Paper Crane":26,"Ring of the Snake":0},{"Potion Belt":11,"SsserpentHead":9,"Singing Bowl":2,"Ninja Scroll":3,"Astrolabe":8,"HoveringKite":0,"Vajra":9,"Oddly Smooth Stone":10,"Toxic Egg 2":12,"Paper Crane":12,"Ring of the Snake":0},{"Potion Belt":49,"SsserpentHead":41,"Singing Bowl":15,"Ninja Scroll":18,"Astrolabe":38,"HoveringKite":0,"Vajra":41,"Oddly Smooth Stone":44,"Toxic Egg 2":54,"Paper Crane":54,"Ring of the Snake":0}]},"card_choices":[{"not_picked":["Backstab","Catalyst","Distraction"],"picked":"SKIP","floor":1.0},{"not_picked":["Backstab","Backflip"],"picked":"Blade Dance","floor":6},{"not_picked":["Dagger Throw","Flying Knee"],"picked":"Underhanded Strike","floor":7},{"not_picked":["Backflip","Outmaneuver","Skewer"],"picked":"Singing Bowl","floor":10},{"not_picked":["Caltrops","Burst","Flying Knee"],"picked":"Singing Bowl","floor":11},{"not_picked":["Outmaneuver","Setup","Heel Hook"],"picked":"Singing Bowl","floor":12},{"not_picked":["Flechettes","Dash","Skewer"],"picked":"Singing Bowl","floor":13},{"not_picked":["Die Die Die","Glass Knife"],"picked":"Storm of Steel","floor":16},{"not_picked":["Cloak And Dagger","Dagger Throw"],"picked":"Acrobatics","floor":18},{"not_picked":["Outmaneuver","Eviscerate","Dodge and Roll"],"picked":"Singing Bowl","floor":21},{"not_picked":["Riddle With Holes","Deadly Poison"],"picked":"All Out Attack","floor":23},{"not_picked":["Riddle With Holes+1","Footwork"],"picked":"Dagger Throw","floor":25},{"not_picked":["Flying Knee","Poisoned Stab"],"picked":"Underhanded Strike","floor":29},{"not_picked":["Dodge and Roll+1","Poisoned Stab+1"],"picked":"Acrobatics+1","floor":30}],"player_experience":1024367,"relics_obtained":[{"floor":6,"key":"Singing Bowl"},{"floor":9,"key":"Ninja Scroll"},{"floor":22,"key":"Oddly Smooth Stone"},{"floor":23,"key":"Potion Belt"},{"floor":25,"key":"Toxic Egg 2"},{"floor":26,"key":"Paper Crane"}],"event_choices":[{"damage_healed":0.0,"max_hp_gain":5.0,"max_hp_loss":0.0,"gold_gain":0.0,"event_name":"Big Fish","player_choice":"Donut","floor":2.0,"gold_loss":0.0,"damage_taken":0.0},{"cards_removed":["Defend_G"],"damage_healed":0.0,"max_hp_gain":0.0,"max_hp_loss":0.0,"gold_gain":0.0,"event_name":"Golden Wing","player_choice":"Card Removal","floor":3.0,"gold_loss":0.0,"damage_taken":7.0},{"damage_healed":0.0,"max_hp_gain":0.0,"max_hp_loss":0.0,"gold_gain":0.0,"cards_transformed":["Strike_G"],"event_name":"Transmorgrifier","player_choice":"Transformed","floor":5.0,"gold_loss":0.0,"damage_taken":0.0,"cards_obtained":["PiercingWail"]},{"damage_healed":20,"gold_gain":0,"player_choice":"Healed and dodged fight","damage_taken":0,"max_hp_gain":0,"max_hp_loss":0,"event_name":"Mushrooms","floor":14,"gold_loss":0,"cards_obtained":["Parasite"]},{"damage_healed":0,"gold_gain":0,"player_choice":"Trade","damage_taken":0,"relics_obtained":["SsserpentHead"],"max_hp_gain":0,"max_hp_loss":0,"event_name":"FaceTrader","floor":19,"gold_loss":0},{"damage_healed":0,"gold_gain":0,"player_choice":"Ignored","damage_taken":0,"max_hp_gain":0,"max_hp_loss":0,"event_name":"Cursed Tome","floor":31,"gold_loss":0}],"is_beta":false,"boss_relics":[{"not_picked":["Black Star","Tiny House"],"picked":"Astrolabe"}],"items_purged_floors":[4,20],"is_endless":false,"potions_floor_spawned":[1,6,21,23,30],"killed_by":"Champ","ascension_level":13}}