{"host":"gttgmv2wah99hzdm","time":1609046153,"event":{"mods":["AchievementEnabler","BaseMod","Bestiary","Block Reminder","Filter the Spire","Highlight Path","Minty Spire (QoL Compilation)","Permanent Neow","Random Character Button","Relic Stats","StSLib","ojb\u0027s Info Mod"],"gold_per_floor":[115,135,145,157,157,157,182,182,182,200,200,215,215,244,244,315,315,327,327,346,271,271,271],"floor_reached":22,"playtime":1480,"items_purged":[],"score":382,"play_id":"07a7d2fe-01b0-40a2-8ad9-99f35cc23cbc","local_time":"20201226231553","is_ascension_mode":true,"campfire_choices":[{"floor":6,"key":"REST"},{"floor":8,"key":"REST"},{"floor":11,"key":"REST"},{"floor":15,"key":"REST"}],"circlet_count":0,"master_deck":["AscendersBane","Strike_B","Defend_B","Defend_B","Defend_B","Zap","Dualcast","Barrage","Reinforced Body","Creative AI","Coolheaded","Reprogram","Compile Driver","Capacitor","Heatsinks","Echo Form","Reinforced Body","Lockon","Chill","Ball Lightning"],"relics":["Fusion Hammer","Omamori","Gremlin Horn","The Courier","Ornamental Fan","Cursed Key"],"acts_visited":["Exordium","TheCity"],"potions_floor_usage":[14,22],"damage_taken":[{"damage":7,"enemies":"Cultist","floor":1,"turns":4},{"damage":10,"enemies":"2 Louse","floor":2,"turns":2},{"damage":4,"enemies":"Jaw Worm","floor":3,"turns":6},{"damage":17,"enemies":"3 Louse","floor":4,"turns":4},{"damage":22,"enemies":"Lagavulin","floor":7,"turns":8},{"damage":14,"enemies":"Large Slime","floor":10,"turns":7},{"damage":8,"enemies":"Exordium Thugs","floor":12,"turns":6},{"damage":29,"enemies":"3 Sentries","floor":14,"turns":6},{"damage":37,"enemies":"Slime Boss","floor":16,"turns":11},{"damage":27,"enemies":"Chosen","floor":18,"turns":7},{"damage":4,"enemies":"Spheric Guardian","floor":20,"turns":10},{"damage":30,"enemies":"Shelled Parasite and Fungi","floor":22,"turns":5}],"seed_played":"5150285480776231242","potions_obtained":[{"floor":2,"key":"FocusPotion"},{"floor":7,"key":"FairyPotion"},{"floor":20,"key":"ColorlessPotion"}],"is_trial":false,"path_per_floor":["M","M","M","M","?","R","E","R","T","M","R","M","T","E","R","B",null,"M","?","M","?","M"],"character_chosen":"DEFECT","items_purchased":[],"campfire_rested":4,"item_purchase_floors":[],"current_hp_per_floor":[57,47,43,26,26,47,25,46,46,32,53,45,45,16,37,21,59,32,32,28,28,0,0],"gold":271,"neow_bonus":"BOSS_RELIC","is_daily":false,"chose_seed":false,"campfire_upgraded":0,"win_rate":0.0,"timestamp":1609046153,"path_taken":["M","M","M","M","?","R","E","R","T","?","R","M","?","E","R","BOSS","M","?","M","?","M"],"items_purchased_type":[],"build_version":"2020-12-22","purchased_purges":0,"victory":false,"max_hp_per_floor":[71,71,71,71,71,71,71,71,71,71,71,71,71,71,71,71,71,71,71,71,71,71,71],"relic_stats":{"Gremlin Horn":[5,6],"counters":[12,76],"Ornamental Fan":[12],"Cursed Key":0,"obtain_stats":[{"Gremlin Horn":9,"Ornamental Fan":14,"Fusion Hammer":0,"The Courier":13,"Omamori":7,"Cracked Core":0,"Cursed Key":17},{"Gremlin Horn":5,"Ornamental Fan":8,"Fusion Hammer":0,"The Courier":7,"Omamori":5,"Cracked Core":0,"Cursed Key":9},{"Gremlin Horn":24,"Ornamental Fan":43,"Fusion Hammer":0,"The Courier":37,"Omamori":24,"Cracked Core":0,"Cursed Key":54}]},"card_choices":[{"not_picked":["Coolheaded","Turbo"],"picked":"Barrage","floor":1},{"not_picked":["Stack","Redo"],"picked":"Reinforced Body","floor":2},{"not_picked":["Go for the Eyes","Conserve Battery"],"picked":"Creative AI","floor":3},{"not_picked":["Redo","Turbo"],"picked":"Coolheaded","floor":4},{"not_picked":["Turbo","Barrage"],"picked":"Compile Driver","floor":7},{"not_picked":["Hello World","Double Energy","Reprogram"],"picked":"SKIP","floor":10},{"not_picked":["Ball Lightning","Scrape"],"picked":"Capacitor","floor":12},{"not_picked":["Sweeping Beam","Static Discharge"],"picked":"Heatsinks","floor":14},{"not_picked":["Core Surge","Machine Learning"],"picked":"Echo Form","floor":16},{"not_picked":["Cold Snap","Reprogram"],"picked":"Reinforced Body","floor":18},{"not_picked":["Redo","Rebound"],"picked":"Ball Lightning","floor":20}],"player_experience":983828,"relics_obtained":[{"floor":7,"key":"Omamori"},{"floor":9,"key":"Gremlin Horn"},{"floor":13,"key":"The Courier"},{"floor":14,"key":"Ornamental Fan"}],"event_choices":[{"damage_healed":0,"gold_gain":0,"cards_transformed":["Defend_B"],"player_choice":"Transformed","damage_taken":0,"max_hp_gain":0,"max_hp_loss":0,"event_name":"Transmorgrifier","floor":5,"gold_loss":0,"cards_obtained":["Reprogram"]},{"damage_healed":0,"gold_gain":0,"cards_transformed":["Strike_B","Strike_B"],"player_choice":"Became Test Subject","damage_taken":0,"max_hp_gain":0,"max_hp_loss":0,"event_name":"Drug Dealer","floor":19,"gold_loss":0,"cards_obtained":["Lockon","Chill"]},{"cards_removed":["Strike_B"],"damage_healed":0,"gold_gain":0,"player_choice":"Gave Gold","damage_taken":0,"max_hp_gain":0,"max_hp_loss":0,"event_name":"Beggar","floor":21,"gold_loss":75}],"is_beta":false,"boss_relics":[{"not_picked":["Empty Cage","Busted Crown"],"picked":"Cursed Key"}],"items_purged_floors":[],"is_endless":false,"potions_floor_spawned":[2,7,12,20],"killed_by":"Shelled Parasite and Fungi","ascension_level":19}}