{"host":"8f5cu9y0fpol72qs","time":1609027427,"event":{"mods":["BaseMod","Colored Map","Highlight Path","Minty Spire (QoL Compilation)","StSLib"],"gold_per_floor":[112,37,37,50,0,35,35,62,62,62,72,147,147,175,175,270,270,288,213,225,225,240,268,268,268,268,295,314,340,340,255,255,352,352,363,263,313,42,42,77,77,127,127,0,20,50,70,70,70,70,70,70,70,97,97],"floor_reached":56,"playtime":3393,"items_purged":["Strike_B","Defend_B","Defend_B"],"score":1848,"play_id":"89d45a10-56be-4958-99e0-f900a41b46a6","local_time":"20201226160347","is_ascension_mode":true,"campfire_choices":[{"data":"Defragment","floor":7,"key":"SMITH"},{"floor":13,"key":"REST"},{"data":"Buffer","floor":15,"key":"SMITH"},{"floor":25,"key":"REST"},{"data":"1","floor":32,"key":"LIFT"},{"data":"2","floor":41,"key":"LIFT"},{"floor":49,"key":"RECALL"},{"data":"3","floor":52,"key":"LIFT"}],"circlet_count":0,"master_deck":["AscendersBane","Defend_B","Zap","Dualcast","Defragment+1","Ball Lightning","Buffer+1","Cold Snap","Conserve Battery","Biased Cognition","Compile Driver+1","Go for the Eyes+1","Lockon+1","Self Repair+1","Rip and Tear+1","Core Surge","Echo Form","Coolheaded+1","Capacitor+1","Reinforced Body","Coolheaded+1","Defragment+1"],"relics":["Cracked Core","Lizard Tail","Odd Mushroom","Mercury Hourglass","Regal Pillow","Letter Opener","Velvet Choker","Happy Flower","Question Card","Girya","Sundial","PreservedInsect","Sozu","StoneCalendar","Runic Capacitor","Mango","Torii","Red Mask","Toy Ornithopter","Akabeko"],"acts_visited":["Exordium","TheCity","TheBeyond","TheEnding"],"potions_floor_usage":[23,55,55],"damage_taken":[{"damage":1,"enemies":"Small Slimes","floor":1,"turns":3},{"damage":5,"enemies":"Jaw Worm","floor":4,"turns":4},{"damage":23,"enemies":"Lagavulin","floor":6,"turns":9},{"damage":16,"enemies":"The Mushroom Lair","floor":8,"turns":4},{"damage":0,"enemies":"Cultist","floor":11,"turns":3},{"damage":11,"enemies":"3 Sentries","floor":14,"turns":5},{"damage":0,"enemies":"Slime Boss","floor":16,"turns":9},{"damage":11,"enemies":"2 Thieves","floor":18,"turns":4},{"damage":0,"enemies":"Shell Parasite","floor":20,"turns":5},{"damage":14,"enemies":"Centurion and Healer","floor":22,"turns":7},{"damage":17,"enemies":"Slavers","floor":23,"turns":5},{"damage":0,"enemies":"Gremlin Leader","floor":27,"turns":6},{"damage":6,"enemies":"Snecko","floor":28,"turns":4},{"damage":10,"enemies":"Book of Stabbing","floor":29,"turns":5},{"damage":22,"enemies":"Collector","floor":33,"turns":8},{"damage":0,"enemies":"Orb Walker","floor":35,"turns":3},{"damage":0,"enemies":"Mind Bloom Boss Battle","floor":37,"turns":4},{"damage":11,"enemies":"Giant Head","floor":40,"turns":7},{"damage":31,"enemies":"2 Orb Walkers","floor":42,"turns":4},{"damage":21,"enemies":"3 Darklings","floor":45,"turns":5},{"damage":8,"enemies":"Reptomancer","floor":46,"turns":5},{"damage":0,"enemies":"Jaw Worm Horde","floor":47,"turns":4},{"damage":43,"enemies":"Awakened One","floor":50,"turns":9},{"damage":68,"enemies":"Shield and Spear","floor":54,"turns":5},{"damage":134,"enemies":"The Heart","floor":55,"turns":10}],"seed_played":"-947074877163660282","potions_obtained":[{"floor":6,"key":"Weak Potion"},{"floor":14,"key":"Weak Potion"},{"floor":22,"key":"CultistPotion"},{"floor":23,"key":"FairyPotion"},{"floor":27,"key":"BlessingOfTheForge"}],"is_trial":false,"path_per_floor":["M","$","?","M","?","E","R","?","T","?","M","?","R","E","R","B",null,"M","?","M","?","M","E","?","R","T","E","M","E","?","?","R","B",null,"M","$","?","$","?","E","R","?","T","?","M","E","M","?","R","B",null,"R","$","E","B",null],"character_chosen":"DEFECT","items_purchased":["Runic Capacitor"],"campfire_rested":2,"item_purchase_floors":[38],"current_hp_per_floor":[74,74,74,69,69,46,46,30,30,30,30,19,58,47,47,47,73,62,62,62,62,48,31,31,70,70,70,74,74,74,74,74,62,77,77,77,82,82,82,95,95,74,74,74,63,75,95,91,91,68,85,85,85,27,33],"gold":97,"neow_bonus":"TEN_PERCENT_HP_BONUS","is_daily":false,"chose_seed":false,"campfire_upgraded":2,"win_rate":0.0,"timestamp":1609027427,"path_taken":["M","$","?","M","?","E","R","?","T","?","?","?","R","E","R","BOSS","M","?","M","?","M","E","?","R","T","E","M","E","?","?","R","BOSS","M","$","?","$","?","E","R","?","T","?","M","E","M","?","R","BOSS","R","$","E","BOSS"],"items_purchased_type":["Relic"],"build_version":"2020-12-22","purchased_purges":3,"victory":true,"max_hp_per_floor":[82,82,82,82,82,82,82,82,82,82,82,82,82,82,82,82,82,82,82,82,82,82,82,82,82,82,82,82,82,82,82,82,82,82,82,82,82,82,82,96,96,96,96,96,96,96,96,91,91,91,91,91,91,91,91],"card_choices":[{"not_picked":["Heatsinks","Beam Cell"],"picked":"Coolheaded","floor":1},{"not_picked":["Leap","Turbo"],"picked":"Defragment","floor":4},{"not_picked":["Stack","Go for the Eyes"],"picked":"Ball Lightning","floor":6},{"not_picked":["Hello World","Streamline"],"picked":"Buffer","floor":8},{"not_picked":["Compile Driver","Rebound"],"picked":"Cold Snap","floor":11},{"not_picked":["Stack","Steam"],"picked":"Conserve Battery","floor":14},{"not_picked":["Meteor Strike","Fission"],"picked":"Biased Cognition","floor":16},{"not_picked":["Conserve Battery","Auto Shields"],"picked":"Compile Driver+1","floor":18},{"not_picked":["Gash","Barrage"],"picked":"Go for the Eyes+1","floor":20},{"not_picked":["Steam","Turbo","Heatsinks+1"],"picked":"SKIP","floor":22},{"not_picked":["Gash","Sunder+1"],"picked":"Lockon+1","floor":23},{"not_picked":["Genetic Algorithm","Conserve Battery","Hyperbeam"],"picked":"Self Repair+1","floor":27},{"not_picked":["Leap","Hello World+1","Sweeping Beam"],"picked":"Rip and Tear+1","floor":28},{"not_picked":["Coolheaded","Gash","Blizzard","Cold Snap"],"picked":"SKIP","floor":29},{"not_picked":["Biased Cognition","Hyperbeam","Machine Learning"],"picked":"Echo Form","floor":33},{"not_picked":["Beam Cell+1","Recycle","Hologram"],"picked":"Coolheaded+1","floor":35},{"not_picked":["Compile Driver","Hologram+1","Rip and Tear"],"picked":"Capacitor+1","floor":37},{"not_picked":["Redo+1","Conserve Battery","Reprogram"],"picked":"Reinforced Body","floor":40},{"not_picked":["Force Field","Rebound+1","Chill+1"],"picked":"Coolheaded+1","floor":45},{"not_picked":["Leap+1","Melter","Storm","Cold Snap"],"picked":"SKIP","floor":46},{"not_picked":["Sweeping Beam","Hologram+1","Gash"],"picked":"Defragment+1","floor":47},{"not_picked":["Sweeping Beam+1","Compile Driver","Force Field+1","Lockon"],"picked":"SKIP","floor":54}],"player_experience":703056,"relics_obtained":[{"floor":6,"key":"Lizard Tail"},{"floor":8,"key":"Odd Mushroom"},{"floor":9,"key":"Mercury Hourglass"},{"floor":10,"key":"Regal Pillow"},{"floor":14,"key":"Letter Opener"},{"floor":23,"key":"Happy Flower"},{"floor":26,"key":"Question Card"},{"floor":27,"key":"Girya"},{"floor":29,"key":"Sundial"},{"floor":37,"key":"StoneCalendar"},{"floor":40,"key":"Mango"},{"floor":42,"key":"Torii"},{"floor":46,"key":"Toy Ornithopter"},{"floor":54,"key":"Akabeko"}],"event_choices":[{"cards_removed":["Strike_B"],"damage_healed":0,"gold_gain":0,"player_choice":"Forget","damage_taken":0,"max_hp_gain":0,"max_hp_loss":0,"event_name":"Living Wall","floor":3,"gold_loss":0},{"cards_removed":["Defend_B"],"damage_healed":0,"gold_gain":0,"player_choice":"Card Removal","damage_taken":0,"max_hp_gain":0,"max_hp_loss":0,"event_name":"The Cleric","floor":5,"gold_loss":50},{"damage_healed":0,"gold_gain":0,"player_choice":"Fought Mushrooms","damage_taken":0,"max_hp_gain":0,"max_hp_loss":0,"event_name":"Mushrooms","floor":8,"gold_loss":0},{"damage_healed":0,"gold_gain":0,"player_choice":"Relic","damage_taken":0,"max_hp_gain":0,"max_hp_loss":0,"event_name":"Wheel of Change","floor":10,"gold_loss":0},{"damage_healed":0,"gold_gain":75,"player_choice":"Gather Gold","damage_taken":11,"max_hp_gain":0,"max_hp_loss":0,"event_name":"World of Goop","floor":12,"gold_loss":0},{"cards_removed":["Strike_B"],"damage_healed":0,"gold_gain":0,"player_choice":"Gave Gold","damage_taken":0,"max_hp_gain":0,"max_hp_loss":0,"event_name":"Beggar","floor":19,"gold_loss":75},{"damage_healed":0,"gold_gain":0,"player_choice":"Ignored","damage_taken":0,"max_hp_gain":0,"max_hp_loss":0,"event_name":"Ghosts","floor":21,"gold_loss":0},{"cards_removed":["Strike_B"],"damage_healed":0,"gold_gain":0,"player_choice":"Elegance","damage_taken":0,"max_hp_gain":0,"max_hp_loss":0,"event_name":"Back to Basics","floor":24,"gold_loss":0},{"damage_healed":0,"gold_gain":0,"player_choice":"Read","damage_taken":0,"max_hp_gain":0,"max_hp_loss":0,"event_name":"The Library","floor":30,"gold_loss":0,"cards_obtained":["Core Surge"]},{"damage_healed":0,"gold_gain":0,"player_choice":"Obtained Relic","damage_taken":0,"relics_obtained":["PreservedInsect"],"max_hp_gain":0,"max_hp_loss":0,"event_name":"Addict","floor":31,"gold_loss":85},{"damage_healed":0,"gold_gain":0,"player_choice":"Fight","damage_taken":0,"max_hp_gain":0,"max_hp_loss":0,"event_name":"MindBloom","floor":37,"gold_loss":0},{"cards_removed":["Coolheaded"],"damage_healed":0,"gold_gain":0,"player_choice":"Removed Skill","damage_taken":0,"max_hp_gain":0,"max_hp_loss":0,"event_name":"Falling","floor":39,"gold_loss":0},{"damage_healed":0,"gold_gain":0,"player_choice":"Fight","damage_taken":0,"max_hp_gain":0,"max_hp_loss":0,"event_name":"Mysterious Sphere","floor":42,"gold_loss":0},{"damage_healed":0,"gold_gain":0,"player_choice":"Paid","damage_taken":0,"relics_obtained":["Red Mask"],"max_hp_gain":0,"max_hp_loss":0,"event_name":"Tomb of Lord Red Mask","floor":44,"gold_loss":127},{"damage_healed":0,"gold_gain":0,"player_choice":"Max HP","damage_taken":0,"max_hp_gain":0,"max_hp_loss":5,"event_name":"Winding Halls","floor":48,"gold_loss":0}],"is_beta":false,"boss_relics":[{"not_picked":["Astrolabe","Runic Dome"],"picked":"Velvet Choker"},{"not_picked":["Nuclear Battery","FrozenCore"],"picked":"Sozu"}],"items_purged_floors":[2,36,38],"is_endless":false,"potions_floor_spawned":[6,14,22,23,27,40,42,45,54],"ascension_level":10}}