{"host":"hione0pk5ff35p8e","time":1609096387,"event":{"mods":["AchievementEnabler","Aspiration","Bard","BaseMod","Beaked The Cultist","Better Altar","Better Match","Better Note","Better Sensory Stone","Better Skull","Better Third Choice","BetterRewards","CCEM","Clawfect","Colored Map","Conspire","Downfall","GifTheSpireLib","Googly Eyes","Halation","Hermit","Highlight Path","Hubris","Hunter ??","Infinite Spire","Jedi Mod","Jorbs\u0027s Wanderer Trilogy","Mad Scientist","Marisa????????","Mimic Mod","Minty Spire (QoL Compilation)","Permanent Neow","Rare Cards Sparkle","Replay The Spire","Shade Mod","Shop Mod","Spicy Shops","StSLib","Stuff the Spire","Td1madao Mod","The Administrix","The Blackbeard","The Bug Knight","The Construct","The Cursed","The Disciple","The Gatherer","The Hierophant","The IronCluck","The Jungle","The Marked","The Mystic","The Necromancer","The Problem Sleuth","The Runesmith","The Servant 0.9.4","The Spell Scribe","The Wild Card","The Witch","Unceasing Turn Reminder","[IsaacMod]????","everything is the same but u backflip on backflip","slay the spire mod where everything is the same but ironclad has a cowboy hat"],"gold_per_floor":[99,115,134,151,161,176,230,277,297,61,61,86,86,105,119,119,119],"floor_reached":16,"playtime":960,"items_purged":["ReplayTheSpireMod:RavenHex"],"score":106,"play_id":"9e1bac4b-974b-4282-b07c-8edf409d0e19","local_time":"20201227201307","is_ascension_mode":false,"campfire_choices":[{"data":"beaked:BraceForImpact","floor":1,"key":"SMITH"}],"circlet_count":0,"master_deck":["beaked:Strike_Y","beaked:Strike_Y","beaked:Strike_Y","beaked:Strike_Y","beaked:Strike_Y","beaked:Strike_Y","beaked:Defend_Y","beaked:Defend_Y","beaked:Defend_Y","beaked:Defend_Y","beaked:Ceremony","beaked:Ceremony","beaked:Ceremony","beaked:BraceForImpact+1","beaked:MachineSpirit","beaked:Tweet","beaked:Poke","beaked:SacrificialScars","beaked:Tweet"],"relics":["beaked:MendingPlumage","HushsDoor","YumHeart","MoneyPower","Bag of Marbles","Replay:Mystery Machine","halation:EternalFortune","Gremlin Food"],"acts_visited":["Exordium"],"potions_floor_usage":[12,12,12,16],"damage_taken":[{"damage":3,"enemies":"Cultist","floor":2,"turns":5},{"damage":0,"enemies":"2 Louse","floor":3,"turns":1},{"damage":14,"enemies":"Jaw Worm","floor":4,"turns":4},{"damage":15,"enemies":"2 Fungi Beasts","floor":5,"turns":4},{"damage":8,"enemies":"Red Slaver","floor":6,"turns":5},{"damage":7,"enemies":"Blue Slaver","floor":9,"turns":4},{"damage":11,"enemies":"downfall:FleeingMerchant","floor":10,"turns":4},{"damage":17,"enemies":"Lagavulin","floor":12,"turns":5},{"damage":20,"enemies":"2 Fungi Beasts","floor":14,"turns":5},{"damage":7,"enemies":"Blue Slaver","floor":15,"turns":3},{"damage":54,"enemies":"downfall:Defect","floor":16,"turns":5}],"seed_played":"-7915758806896194597","potions_obtained":[{"floor":4,"key":"champ:CounterPotion"},{"floor":6,"key":"Toxic Potion"},{"floor":9,"key":"AttackPotion"},{"floor":14,"key":"PowerPotion"}],"is_trial":false,"path_per_floor":["R","M","M","M","M","M","T","T","M","$","?","E","?","M","M","B"],"character_chosen":"BEAKED_THE_CULTIST","items_purchased":["Replay:Mystery Machine"],"campfire_rested":0,"item_purchase_floors":[10],"current_hp_per_floor":[50,50,50,45,45,50,50,50,50,46,49,46,31,35,40,0,0],"gold":119,"neow_bonus":"THREE_CARDS","is_daily":false,"chose_seed":false,"campfire_upgraded":1,"win_rate":0.0,"timestamp":1609096387,"path_taken":["R","M","M","M","?","M","T","?","M","$","?","E","?","M","M","BOSS"],"items_purchased_type":["Relic"],"build_version":"2020-12-22","purchased_purges":1,"victory":false,"max_hp_per_floor":[50,50,50,50,50,50,50,50,50,52,55,60,60,62,62,64,64],"card_choices":[{"not_picked":[],"picked":"Bomb","floor":0},{"not_picked":["beaked:RuinSticks","beaked:Evade"],"picked":"beaked:BraceForImpact","floor":0},{"not_picked":["beaked:Windmill","beaked:Evade"],"picked":"beaked:MachineSpirit","floor":2},{"not_picked":["beaked:DigDeeper","beaked:ShadowFade"],"picked":"beaked:Tweet","floor":3},{"not_picked":["beaked:SacrificialAttack","beaked:MimicMachine"],"picked":"beaked:Poke","floor":4},{"not_picked":["beaked:HuntressSpirit","beaked:BloodRitual"],"picked":"ReplayTheSpireMod:RavenHex","floor":5},{"not_picked":["beaked:Resilience","beaked:BarbedWire","beaked:Windmill"],"picked":"SKIP","floor":6},{"not_picked":["beaked:Cower","ReplayTheSpireMod:RavenHex"],"picked":"beaked:SacrificialScars","floor":9},{"not_picked":["beaked:FeelMyPain","beaked:Tweet","beaked:Flinch"],"picked":"SKIP","floor":10},{"not_picked":["beaked:Poke","beaked:FeelMyPain"],"picked":"beaked:Tweet","floor":12},{"not_picked":["beaked:Flinch","beaked:Poke"],"picked":"Bomb","floor":14},{"not_picked":["beaked:Pecker","beaked:Resilience","beaked:CursingBlood"],"picked":"SKIP","floor":15}],"player_experience":21641,"relics_obtained":[{"floor":7,"key":"MoneyPower"},{"floor":8,"key":"Bag of Marbles"},{"floor":12,"key":"halation:EternalFortune"},{"floor":12,"key":"Gremlin Food"}],"event_choices":[],"is_beta":false,"boss_relics":[],"items_purged_floors":[10],"is_endless":false,"potions_floor_spawned":[4,6,9,14],"killed_by":"downfall:Defect","ascension_level":0}}