{"host":"raai0vtvcfkt8csp","time":1609027432,"event":{"mods":["2.2 Compatiblity","AchievementEnabler","BaseMod","Block Reminder","DeckTracker","Defective Defect","GifTheSpireLib","Minty Spire (QoL Compilation)","Quick Restart","Random Character Button","Rare Cards Sparkle","StSLib","Unceasing Turn Reminder"],"gold_per_floor":[113,126,142,156,156,181,181,208,208,3,3,3,78,78,78,181,181,106,106,106,106,106,106,106,106,106,106,106,106,106,106,106,106,106,106,61,61,61,61,61,61,61,61,61,61,25,25,25,25,25,25,25,25,25,25,25],"floor_reached":55,"playtime":2576,"items_purged":[],"score":855,"play_id":"42d4c69c-37d5-4b89-adce-0b8241d190e9","local_time":"20201227010352","is_ascension_mode":true,"campfire_choices":[{"data":"Armaments","floor":11,"key":"SMITH"},{"floor":15,"key":"RECALL"},{"data":"Double Tap","floor":24,"key":"SMITH"},{"data":"Fire Breathing","floor":32,"key":"SMITH"},{"floor":41,"key":"REST"},{"floor":44,"key":"DIG"},{"floor":47,"key":"DIG"},{"floor":49,"key":"DIG"},{"floor":52,"key":"DIG"}],"circlet_count":0,"master_deck":["Strike_R+1","Strike_R+1","Strike_R+1","Strike_R+1","Strike_R+1","Defend_R+1","Defend_R+1","Defend_R+1","Defend_R+1","Bash","Reckless Charge","Clothesline","Dark Embrace","Clash","Rage","Whirlwind","Fire Breathing+1","Feed","Armaments+1","Immolate","Reckless Charge","Ghostly Armor","Flex+1","Double Tap+1","Evolve","Iron Wave+1","Reaper","CurseOfTheBell","Combust","Wild Strike","Reckless Charge","Parasite","Inflame+1","Juggernaut","Clothesline","Combust+1","Burning Pact+1","Power Through+1"],"relics":["Burning Blood","Dead Branch","CaptainsWheel","Calipers","Torii","TungstenRod","Incense Burner","Ectoplasm","Mango","PreservedInsect","Magic Flower","Enchiridion","Du-Vu Doll","Calling Bell","Boot","Sundial","Shovel","Toxic Egg 2","Orichalcum","Ginger","MealTicket","Bag of Marbles","HornCleat","StrikeDummy"],"acts_visited":["Exordium","TheCity","TheBeyond","TheEnding"],"potions_floor_usage":[23,23,31,35,35,37,38,50,50],"damage_taken":[{"damage":4,"enemies":"2 Louse","floor":1,"turns":4},{"damage":2,"enemies":"Jaw Worm","floor":2,"turns":4},{"damage":5,"enemies":"Small Slimes","floor":3,"turns":3},{"damage":8,"enemies":"Blue Slaver","floor":4,"turns":4},{"damage":34,"enemies":"3 Sentries","floor":6,"turns":8},{"damage":10,"enemies":"Lagavulin","floor":8,"turns":7},{"damage":4,"enemies":"Hexaghost","floor":16,"turns":13},{"damage":12,"enemies":"2 Thieves","floor":18,"turns":4},{"damage":0,"enemies":"Spheric Guardian","floor":19,"turns":4},{"damage":18,"enemies":"Centurion and Healer","floor":20,"turns":6},{"damage":18,"enemies":"Snake Plant","floor":21,"turns":5},{"damage":0,"enemies":"Cultist and Chosen","floor":22,"turns":4},{"damage":12,"enemies":"Slavers","floor":23,"turns":5},{"damage":6,"enemies":"3 Cultists","floor":25,"turns":5},{"damage":0,"enemies":"Gremlin Leader","floor":27,"turns":5},{"damage":5,"enemies":"Book of Stabbing","floor":31,"turns":5},{"damage":69,"enemies":"Collector","floor":33,"turns":10},{"damage":0,"enemies":"3 Shapes","floor":35,"turns":6},{"damage":17,"enemies":"3 Darklings","floor":37,"turns":4},{"damage":32,"enemies":"Writhing Mass","floor":38,"turns":8},{"damage":40,"enemies":"Reptomancer","floor":40,"turns":5},{"damage":30,"enemies":"Spire Growth","floor":42,"turns":6},{"damage":0,"enemies":"3 Darklings","floor":45,"turns":3},{"damage":0,"enemies":"4 Shapes","floor":48,"turns":3},{"damage":128,"enemies":"Donu and Deca","floor":50,"turns":11},{"damage":0,"enemies":"Shield and Spear","floor":54,"turns":6},{"damage":105,"enemies":"The Heart","floor":55,"turns":11}],"seed_played":"-4919149526247408755","potions_obtained":[{"floor":1,"key":"FearPotion"},{"floor":19,"key":"BloodPotion"},{"floor":20,"key":"AttackPotion"},{"floor":23,"key":"SpeedPotion"},{"floor":33,"key":"Regen Potion"},{"floor":35,"key":"Fruit Juice"},{"floor":37,"key":"Fruit Juice"},{"floor":38,"key":"ElixirPotion"},{"floor":48,"key":"BlessingOfTheForge"}],"is_trial":false,"path_per_floor":["M","M","M","M","?","E","?","E","T","$","R","T","?","T","R","B",null,"M","M","M","M","M","E","R","M","T","E","?","?","?","E","R","B",null,"M","$","M","M","?","E","R","M","T","R","M","$","R","M","R","B",null,"R","$","E","B"],"character_chosen":"IRONCLAD","items_purchased":["Fire Breathing","Feed","Armaments","Wild Strike","Burning Pact+1"],"campfire_rested":1,"item_purchase_floors":[10,10,10,36,46],"current_hp_per_floor":[72,72,72,70,58,30,54,50,50,50,50,50,40,40,40,42,72,66,72,60,48,54,79,79,79,79,85,73,73,73,82,82,22,92,100,100,97,88,88,57,88,67,67,67,103,103,103,105,105,13,105,105,105,105,0,0],"gold":25,"neow_bonus":"ONE_RARE_RELIC","is_daily":false,"chose_seed":false,"campfire_upgraded":3,"win_rate":0.0,"timestamp":1609027432,"path_taken":["M","M","M","M","?","E","?","E","T","?","R","?","?","?","R","BOSS","M","M","M","M","M","E","R","M","T","E","?","?","?","E","R","BOSS","M","$","M","M","?","E","R","?","T","R","M","$","R","M","R","BOSS","R","$","E","BOSS"],"items_purchased_type":["Card","Card","Card","Card","Card"],"build_version":"2020-12-22","purchased_purges":0,"victory":false,"max_hp_per_floor":[72,72,72,72,72,72,72,72,72,72,72,72,72,72,72,72,72,72,72,72,72,72,89,89,89,89,89,89,89,89,92,92,92,92,100,100,105,105,105,105,105,105,105,105,105,105,105,105,105,105,105,105,105,105,105,105],"card_choices":[{"not_picked":["Searing Blow","Entrench"],"picked":"Reckless Charge","floor":1},{"not_picked":["Clash","Heavy Blade"],"picked":"Clothesline","floor":2},{"not_picked":["Warcry","Burning Pact"],"picked":"Dark Embrace","floor":3},{"not_picked":["Searing Blow","Rampage"],"picked":"Clash","floor":4},{"not_picked":["Exhume","Havoc"],"picked":"Rage","floor":6},{"not_picked":["Thunderclap","Heavy Blade"],"picked":"Whirlwind","floor":8},{"not_picked":["Exhume","Impervious"],"picked":"Immolate","floor":16},{"not_picked":["Anger","Sword Boomerang+1"],"picked":"Reckless Charge","floor":18},{"not_picked":["Warcry","Rage"],"picked":"Ghostly Armor","floor":19},{"not_picked":["Flex","Heavy Blade+1","Pommel Strike"],"picked":"SKIP","floor":20},{"not_picked":["Pommel Strike","Bloodletting","Seeing Red"],"picked":"SKIP","floor":21},{"not_picked":["Twin Strike","Sword Boomerang"],"picked":"Flex+1","floor":22},{"not_picked":["Shrug It Off","Iron Wave"],"picked":"Double Tap","floor":23},{"not_picked":["Headbutt","Intimidate"],"picked":"Evolve","floor":25},{"not_picked":["Rupture","Battle Trance+1"],"picked":"Iron Wave+1","floor":27},{"not_picked":["Clash","Thunderclap+1","Rampage"],"picked":"SKIP","floor":31},{"not_picked":["Exhume","Fiend Fire"],"picked":"Reaper","floor":33},{"not_picked":["Perfected Strike+1","Rampage"],"picked":"Combust","floor":35},{"not_picked":["Headbutt","True Grit"],"picked":"Reckless Charge","floor":37},{"not_picked":["Disarm+1","True Grit"],"picked":"Inflame+1","floor":38},{"not_picked":["Reckless Charge","Twin Strike"],"picked":"Juggernaut","floor":40},{"not_picked":["Clash+1","Heavy Blade+1"],"picked":"Clothesline","floor":42},{"not_picked":["Wild Strike","Shrug It Off+1"],"picked":"Combust+1","floor":45},{"not_picked":["Perfected Strike","Pommel Strike","Twin Strike"],"picked":"SKIP","floor":48},{"not_picked":["Shockwave+1","Bloodletting+1"],"picked":"Power Through+1","floor":54}],"player_experience":463337,"relics_obtained":[{"floor":6,"key":"Calipers"},{"floor":8,"key":"Torii"},{"floor":9,"key":"TungstenRod"},{"floor":12,"key":"Incense Burner"},{"floor":23,"key":"Mango"},{"floor":26,"key":"PreservedInsect"},{"floor":27,"key":"Magic Flower"},{"floor":28,"key":"Enchiridion"},{"floor":31,"key":"Du-Vu Doll"},{"floor":34,"key":"Boot"},{"floor":34,"key":"Sundial"},{"floor":34,"key":"Shovel"},{"floor":40,"key":"Toxic Egg 2"},{"floor":43,"key":"Orichalcum"},{"floor":44,"key":"Ginger"},{"floor":47,"key":"MealTicket"},{"floor":49,"key":"Bag of Marbles"},{"floor":52,"key":"HornCleat"},{"floor":54,"key":"StrikeDummy"}],"event_choices":[{"damage_healed":0,"gold_gain":0,"player_choice":"Success","damage_taken":12,"relics_obtained":["CaptainsWheel"],"max_hp_gain":0,"max_hp_loss":0,"event_name":"Scrap Ooze","floor":5,"gold_loss":0},{"damage_healed":24,"gold_gain":0,"player_choice":"Banana","damage_taken":0,"max_hp_gain":0,"max_hp_loss":0,"event_name":"Big Fish","floor":7,"gold_loss":0},{"damage_healed":0,"gold_gain":75,"player_choice":"Gather Gold","damage_taken":11,"max_hp_gain":0,"max_hp_loss":0,"event_name":"World of Goop","floor":13,"gold_loss":0},{"damage_healed":0,"gold_gain":0,"player_choice":"Obtained Book","damage_taken":16,"max_hp_gain":0,"max_hp_loss":0,"event_name":"Cursed Tome","floor":28,"gold_loss":0},{"damage_healed":0,"gold_gain":0,"player_choice":"Simplicity","damage_taken":0,"max_hp_gain":0,"max_hp_loss":0,"event_name":"Back to Basics","floor":29,"gold_loss":0,"cards_upgraded":["Strike_R","Strike_R","Strike_R","Strike_R","Strike_R","Defend_R","Defend_R","Defend_R","Defend_R"]},{"damage_healed":0,"gold_gain":0,"player_choice":"Ignored","damage_taken":0,"max_hp_gain":0,"max_hp_loss":0,"event_name":"Ghosts","floor":30,"gold_loss":0},{"damage_healed":0,"gold_gain":0,"player_choice":"0 cards matched","damage_taken":0,"max_hp_gain":0,"max_hp_loss":0,"event_name":"Match and Keep!","floor":39,"gold_loss":0,"cards_obtained":[]}],"is_beta":false,"boss_relics":[{"not_picked":["Runic Dome","Runic Cube"],"picked":"Ectoplasm"},{"not_picked":["Cursed Key","Velvet Choker"],"picked":"Calling Bell"}],"items_purged_floors":[],"is_endless":false,"potions_floor_spawned":[1,19,20,22,23,33,35,37,38,48],"killed_by":"The Heart","ascension_level":1}}