{"host":"873t0y8ybyo38pfq","time":1609030902,"event":{"mods":["BaseMod","Bestiary","Colored Map","Colored Powertips","Highlight Path","Minty Spire (QoL Compilation)","Quick Restart","RNG Fix","Rare Cards Sparkle","Relic Stats","StSLib"],"gold_per_floor":[12,87,107,107,121,121,121,148,148,173,173,173,193,213,213,285,285,257,22,41,52,52,78,78,78,78,93,93,128,40,40,40,40,40],"floor_reached":33,"playtime":1148,"items_purged":["Strike_G"],"score":586,"play_id":"1beb31b6-058a-454d-b6ab-bce58ef8ba04","local_time":"20201226200142","is_ascension_mode":true,"campfire_choices":[{"data":"Flechettes","floor":6,"key":"SMITH"},{"floor":11,"key":"REST"},{"data":"Noxious Fumes","floor":15,"key":"SMITH"},{"data":"Cloak And Dagger","floor":25,"key":"SMITH"},{"floor":28,"key":"REST"},{"floor":32,"key":"REST"}],"circlet_count":0,"master_deck":["AscendersBane","Strike_G","Strike_G","Defend_G","Defend_G","Defend_G","Defend_G","Defend_G","Survivor","Neutralize","Flechettes+1","Cloak And Dagger","Backflip","Dash","Outmaneuver","Noxious Fumes+1","Acrobatics","Burst","Eviscerate+1","Dagger Throw","Storm of Steel","PiercingWail","All Out Attack","Calculated Gamble+1","Die Die Die","Cloak And Dagger+1","Acrobatics","Acrobatics+1","Infinite Blades"],"relics":["Ring of the Snake","Du-Vu Doll","Mummified Hand","Sundial","White Beast Statue","Kunai","HoveringKite","Orrery","Centennial Puzzle","Bag of Preparation","Art of War"],"acts_visited":["Exordium","TheCity"],"potions_floor_usage":[8,8,16,21,23],"damage_taken":[{"damage":0,"enemies":"2 Louse","floor":1,"turns":3},{"damage":0,"enemies":"Cultist","floor":3,"turns":3},{"damage":1,"enemies":"Jaw Worm","floor":5,"turns":3},{"damage":8,"enemies":"3 Sentries","floor":8,"turns":10},{"damage":33,"enemies":"Lagavulin","floor":10,"turns":8},{"damage":2,"enemies":"Looter","floor":13,"turns":3},{"damage":0,"enemies":"3 Louse","floor":14,"turns":3},{"damage":7,"enemies":"Hexaghost","floor":16,"turns":9},{"damage":10,"enemies":"2 Thieves","floor":18,"turns":4},{"damage":0,"enemies":"Spheric Guardian","floor":20,"turns":3},{"damage":1,"enemies":"Snecko","floor":21,"turns":4},{"damage":17,"enemies":"Gremlin Leader","floor":23,"turns":6},{"damage":18,"enemies":"Snake Plant","floor":27,"turns":5},{"damage":19,"enemies":"Book of Stabbing","floor":29,"turns":6},{"damage":38,"enemies":"Collector","floor":33,"turns":6}],"seed_played":"2643917459912220795","potions_obtained":[{"floor":3,"key":"Regen Potion"},{"floor":5,"key":"Dexterity Potion"},{"floor":8,"key":"Energy Potion"},{"floor":10,"key":"GhostInAJar"},{"floor":13,"key":"DuplicationPotion"},{"floor":16,"key":"LiquidBronze"},{"floor":18,"key":"Fire Potion"},{"floor":21,"key":"BlessingOfTheForge"},{"floor":23,"key":"SkillPotion"},{"floor":27,"key":"Fire Potion"}],"is_trial":false,"path_per_floor":["M","?","M","?","M","R","T","E","T","E","R","?","M","M","R","B",null,"M","$","M","M","$","E","?","R","T","M","R","E","$","?","R","B"],"character_chosen":"THE_SILENT","items_purchased":["Orrery","Infinite Blades"],"campfire_rested":3,"item_purchase_floors":[19,30],"current_hp_per_floor":[59,48,48,41,40,40,40,47,47,14,33,33,31,31,31,24,56,46,46,46,45,45,28,28,28,28,10,29,10,10,10,29,0,0],"gold":40,"neow_bonus":"ONE_RARE_RELIC","is_daily":false,"chose_seed":false,"campfire_upgraded":3,"win_rate":0.0,"timestamp":1609030902,"path_taken":["M","?","M","?","?","R","?","E","T","E","R","?","M","M","R","BOSS","M","$","M","M","$","E","?","R","T","M","R","E","$","?","R","BOSS"],"items_purchased_type":["Relic","Card"],"build_version":"2020-12-22","purchased_purges":1,"victory":false,"max_hp_per_floor":[66,66,66,66,66,66,66,66,66,66,66,66,66,66,66,66,66,66,66,66,66,66,66,66,66,66,66,66,66,66,66,66,66,66],"relic_stats":{"Centennial Puzzle":[9],"counters":[15,76],"Mummified Hand":[10],"Sundial":[10],"HoveringKite":[27],"Bag of Preparation":[6],"Art of War":[0],"Kunai":[26],"obtain_stats":[{"Du-Vu Doll":0,"Centennial Puzzle":23,"Mummified Hand":7,"Sundial":8,"HoveringKite":17,"Orrery":19,"Bag of Preparation":26,"Art of War":29,"Kunai":10,"White Beast Statue":9,"Ring of the Snake":0},{"Du-Vu Doll":0,"Centennial Puzzle":12,"Mummified Hand":3,"Sundial":4,"HoveringKite":8,"Orrery":9,"Bag of Preparation":12,"Art of War":14,"Kunai":5,"White Beast Statue":4,"Ring of the Snake":0},{"Du-Vu Doll":0,"Centennial Puzzle":59,"Mummified Hand":9,"Sundial":19,"HoveringKite":42,"Orrery":46,"Bag of Preparation":59,"Art of War":70,"Kunai":27,"White Beast Statue":19,"Ring of the Snake":0}],"Ring of the Snake":[30]},"card_choices":[{"not_picked":["Backflip","PiercingWail"],"picked":"Flechettes","floor":1},{"not_picked":["Infinite Blades","Blur"],"picked":"Cloak And Dagger","floor":3},{"not_picked":["Expertise","Underhanded Strike"],"picked":"Backflip","floor":5},{"not_picked":["PiercingWail","Dagger Throw"],"picked":"Dash","floor":8},{"not_picked":["Caltrops","Dagger Throw"],"picked":"Outmaneuver","floor":10},{"not_picked":["Flying Knee","Slice"],"picked":"Noxious Fumes","floor":13},{"not_picked":["Eviscerate","Footwork"],"picked":"Acrobatics","floor":14},{"not_picked":["Night Terror","Unload"],"picked":"Burst","floor":16},{"not_picked":["Dodge and Roll","Sucker Punch+1","Bane"],"picked":"SKIP","floor":18},{"not_picked":["PiercingWail","Slice"],"picked":"Eviscerate+1","floor":19},{"not_picked":["Crippling Poison","Deflect"],"picked":"Dagger Throw","floor":19},{"not_picked":["Deflect","Poisoned Stab+1"],"picked":"Storm of Steel","floor":19},{"not_picked":["Quick Slash","Flechettes"],"picked":"PiercingWail","floor":19},{"not_picked":["Dodge and Roll","Distraction"],"picked":"All Out Attack","floor":19},{"not_picked":["Dodge and Roll+1","Slice+1"],"picked":"Calculated Gamble+1","floor":20},{"not_picked":["Poisoned Stab","Finisher"],"picked":"Die Die Die","floor":21},{"not_picked":["Quick Slash","Outmaneuver"],"picked":"Cloak And Dagger","floor":23},{"not_picked":["Tactician","Underhanded Strike"],"picked":"Acrobatics","floor":27},{"not_picked":["Skewer+1","Dodge and Roll"],"picked":"Acrobatics+1","floor":29}],"player_experience":1358342,"relics_obtained":[{"floor":7,"key":"Mummified Hand"},{"floor":8,"key":"Sundial"},{"floor":9,"key":"White Beast Statue"},{"floor":10,"key":"Kunai"},{"floor":23,"key":"Centennial Puzzle"},{"floor":26,"key":"Bag of Preparation"},{"floor":29,"key":"Art of War"}],"event_choices":[{"damage_healed":0,"gold_gain":75,"player_choice":"Gather Gold","damage_taken":11,"max_hp_gain":0,"max_hp_loss":0,"event_name":"World of Goop","floor":2,"gold_loss":0},{"cards_removed":["Strike_G"],"damage_healed":0,"gold_gain":0,"player_choice":"Card Removal","damage_taken":7,"max_hp_gain":0,"max_hp_loss":0,"event_name":"Golden Wing","floor":4,"gold_loss":0},{"cards_removed":["Strike_G"],"damage_healed":0,"gold_gain":0,"player_choice":"Offered Basic","damage_taken":0,"max_hp_gain":0,"max_hp_loss":0,"event_name":"Bonfire Elementals","floor":12,"gold_loss":0},{"damage_healed":0,"gold_gain":0,"player_choice":"Ignored","damage_taken":0,"max_hp_gain":0,"max_hp_loss":0,"event_name":"Cursed Tome","floor":31,"gold_loss":0}],"is_beta":false,"boss_relics":[{"not_picked":["SlaversCollar","WristBlade"],"picked":"HoveringKite"}],"items_purged_floors":[19],"is_endless":false,"potions_floor_spawned":[3,5,8,10,13,14,16,18,20,21,23,27,29],"killed_by":"Collector","ascension_level":20}}