{"host":"lpcxcvdszk9zyesf","time":1609072207,"event":{"mods":["BaseMod","Better Third Choice","BetterRewards","Minty Spire (QoL Compilation)","Rare Cards Sparkle","Relic Stats","Say the Spire","Spicy Shops","StSLib"],"gold_per_floor":[109,124,124,139,159,159,109,109,132,7,26,126,126,143,143,247,247,263,279,204,57,57,57,74,74,74,74,88,123,123,140,140,242,242,256,274,57,57,57],"floor_reached":38,"playtime":1707,"items_purged":["Strike_R","Strike_R","Strike_R"],"score":794,"play_id":"45e0d0f8-63bd-4ba9-9e9d-7b0311db8b7a","local_time":"20201227203007","is_ascension_mode":true,"campfire_choices":[{"data":"Metamorphosis","floor":6.0,"key":"SMITH"},{"data":"Dual Wield","floor":8.0,"key":"SMITH"},{"data":"Whirlwind","floor":13.0,"key":"SMITH"},{"data":"Berserk","floor":15.0,"key":"SMITH"},{"floor":23.0,"key":"REST"},{"floor":27.0,"key":"REST"},{"data":"Demon Form","floor":30.0,"key":"SMITH"},{"data":"Offering","floor":32.0,"key":"SMITH"}],"circlet_count":0,"master_deck":["Defend_R","Defend_R","Defend_R","Bash","Metamorphosis+1","Dual Wield+1","Pummel","Whirlwind+1","Heavy Blade","Berserk+1","Intimidate","Reaper","Dropkick","Battle Trance+1","Berserk+1","Demon Form+1","Uppercut","Flame Barrier","Offering+1","Entrench+1","Inflame","Limit Break","CurseOfTheBell","Evolve+1","Flex","Immolate","Seeing Red"],"relics":["Burning Blood","Dream Catcher","Kunai","Lee\u0027s Waffle","Anchor","Toolbox","Juzu Bracelet","Philosopher\u0027s Stone","DollysMirror","Bottled Lightning","Bronze Scales","Calling Bell","Strawberry","Matryoshka","Unceasing Top"],"acts_visited":["Exordium","TheCity","TheBeyond"],"potions_floor_usage":[],"damage_taken":[{"damage":0.0,"enemies":"2 Louse","floor":1.0,"turns":3.0},{"damage":6.0,"enemies":"Small Slimes","floor":2.0,"turns":3.0},{"damage":2.0,"enemies":"Jaw Worm","floor":4.0,"turns":2.0},{"damage":4.0,"enemies":"Red Slaver","floor":5.0,"turns":5.0},{"damage":8.0,"enemies":"Gremlin Gang","floor":11.0,"turns":4.0},{"damage":0.0,"enemies":"Exordium Wildlife","floor":14.0,"turns":3.0},{"damage":2.0,"enemies":"Slime Boss","floor":16.0,"turns":4.0},{"damage":3.0,"enemies":"2 Thieves","floor":18.0,"turns":2.0},{"damage":38.0,"enemies":"Spheric Guardian","floor":19.0,"turns":4.0},{"damage":35.0,"enemies":"Shelled Parasite and Fungi","floor":24.0,"turns":4.0},{"damage":0.0,"enemies":"Snake Plant","floor":25.0,"turns":1.0},{"damage":30.0,"enemies":"3 Cultists","floor":28.0,"turns":4.0},{"damage":13.0,"enemies":"Gremlin Leader","floor":29.0,"turns":5.0},{"damage":22.0,"enemies":"Chosen and Byrds","floor":31.0,"turns":3.0},{"damage":34.0,"enemies":"Automaton","floor":33.0,"turns":4.0},{"damage":75.0,"enemies":"3 Shapes","floor":35.0,"turns":5.0},{"damage":0.0,"enemies":"3 Darklings","floor":36.0,"turns":2.0},{"damage":38,"enemies":"Transient","floor":38,"turns":5}],"seed_played":"4668294154993841418","potions_obtained":[{"floor":2.0,"key":"ElixirPotion"},{"floor":4.0,"key":"LiquidMemories"},{"floor":5.0,"key":"Dexterity Potion"},{"floor":18.0,"key":"SmokeBomb"},{"floor":29.0,"key":"Weak Potion"},{"floor":31.0,"key":"ColorlessPotion"},{"floor":35.0,"key":"Swift Potion"}],"is_trial":false,"path_per_floor":["M","M","?","M","M","R","?","R","T","$","M","?","R","M","R","B",null,"M","M","?","$","?","R","M","M","T","R","M","E","R","M","R","B",null,"M","M","$","M"],"character_chosen":"IRONCLAD","items_purchased":["Dream Catcher","Kunai","Lee\u0027s Waffle","Anchor","Metamorphosis","Toolbox","DollysMirror","Immolate","Seeing Red"],"campfire_rested":2,"item_purchase_floors":[0,0,0,0,0,0,21,37,37],"current_hp_per_floor":[87,87,80,84,86,86,86,86,86,86,84,84,84,87,87,87,87,87,55,55,55,55,81,52,58,58,84,60,87,87,77,77,61,88,31,37,37,0,0],"gold":57,"neow_bonus":"","is_daily":false,"chose_seed":false,"campfire_upgraded":6,"win_rate":0.0,"timestamp":1609072207,"path_taken":["M","M","?","M","M","R","?","R","T","?","M","?","R","M","R","BOSS","M","M","?","$","?","R","M","M","T","R","M","E","R","M","R","BOSS","M","M","$","M"],"items_purchased_type":["Relic","Relic","Relic","Relic","Card","Relic","Relic","Card","Card"],"build_version":"2020-12-22","purchased_purges":3,"victory":false,"max_hp_per_floor":[87,87,87,87,87,87,87,87,87,87,87,87,87,87,87,87,87,87,87,87,87,87,87,87,87,87,87,87,87,87,87,87,87,94,94,94,94,94,94],"relic_stats":{"Dream Catcher":2,"Lee\u0027s Waffle":15,"counters":[65,267],"Bronze Scales":[66],"Juzu Bracelet":2,"Kunai":[26],"obtain_stats":[{"Singing Bowl":7,"Torii":39,"Black Blood":17,"Juzu Bracelet":22,"Ginger":41,"Boot":9,"Empty Cage":17,"Burning Blood":0,"Dream Catcher":0,"Matryoshka":34,"DollysMirror":21,"Strawberry":43,"Toolbox":0,"Philosopher\u0027s Stone":17,"Red Mask":38,"Chemical X":22,"Kunai":0,"Lee\u0027s Waffle":0,"Pear":26,"Astrolabe":34,"Velvet Choker":34,"Oddly Smooth Stone":0,"Pen Nib":0,"Odd Mushroom":13,"Orichalcum":7,"Medical Kit":0,"Mercury Hourglass":46,"Calling Bell":34,"Anchor":0,"Brimstone":37,"Bronze Scales":3,"Bird Faced Urn":43,"Molten Egg 2":26,"Membership Card":28,"Bottled Lightning":46,"FossilizedHelix":44,"Toy Ornithopter":31,"Unceasing Top":34,"Pocketwatch":14},{"Singing Bowl":4,"Torii":20,"Black Blood":33,"Juzu Bracelet":12,"Ginger":21,"Boot":4,"Empty Cage":8,"Burning Blood":0,"Dream Catcher":47,"Matryoshka":62,"DollysMirror":56,"Strawberry":21,"Toolbox":47,"Philosopher\u0027s Stone":54,"Red Mask":42,"Chemical X":12,"Kunai":47,"Lee\u0027s Waffle":47,"Pear":36,"Astrolabe":40,"Velvet Choker":17,"Oddly Smooth Stone":25,"Pen Nib":0,"Odd Mushroom":6,"Orichalcum":29,"Medical Kit":25,"Mercury Hourglass":23,"Calling Bell":62,"Anchor":47,"Brimstone":42,"Bronze Scales":2,"Bird Faced Urn":43,"Molten Egg 2":13,"Membership Card":37,"Bottled Lightning":45,"FossilizedHelix":21,"Toy Ornithopter":39,"Unceasing Top":62,"Pocketwatch":32},{"Singing Bowl":15,"Torii":87,"Black Blood":149,"Juzu Bracelet":49,"Ginger":94,"Boot":15,"Empty Cage":33,"Burning Blood":0,"Dream Catcher":204,"Matryoshka":255,"DollysMirror":234,"Strawberry":94,"Toolbox":204,"Philosopher\u0027s Stone":228,"Red Mask":183,"Chemical X":49,"Kunai":204,"Lee\u0027s Waffle":204,"Pear":157,"Astrolabe":175,"Velvet Choker":75,"Oddly Smooth Stone":120,"Pen Nib":0,"Odd Mushroom":23,"Orichalcum":135,"Medical Kit":120,"Mercury Hourglass":107,"Calling Bell":255,"Anchor":204,"Brimstone":183,"Bronze Scales":7,"Bird Faced Urn":186,"Molten Egg 2":53,"Membership Card":160,"Bottled Lightning":194,"FossilizedHelix":94,"Toy Ornithopter":168,"Unceasing Top":255,"Pocketwatch":143}],"Burning Blood":441,"Unceasing Top":[3]},"card_choices":[{"not_picked":["Thunderclap","Sword Boomerang"],"picked":"Dual Wield","floor":1.0},{"not_picked":["Uppercut","Clothesline"],"picked":"Pummel","floor":2.0},{"not_picked":["Pommel Strike","Heavy Blade"],"picked":"Whirlwind","floor":4.0},{"not_picked":["Wild Strike","Battle Trance"],"picked":"Heavy Blade","floor":5.0},{"not_picked":["Rampage","Warcry"],"picked":"Berserk","floor":11.0},{"not_picked":["Twin Strike","Havoc"],"picked":"Intimidate","floor":14.0},{"not_picked":["Impervious","Berserk"],"picked":"Reaper","floor":16.0},{"not_picked":["Dual Wield+1","Iron Wave"],"picked":"Dropkick","floor":18.0},{"not_picked":["Sword Boomerang+1","Flex"],"picked":"Battle Trance+1","floor":19.0},{"not_picked":["Dual Wield","Second Wind"],"picked":"Uppercut","floor":23.0},{"not_picked":["Fire Breathing","Burning Pact"],"picked":"Flame Barrier","floor":24.0},{"not_picked":["True Grit","Heavy Blade+1"],"picked":"Offering","floor":28.0},{"not_picked":["Iron Wave","Body Slam+1"],"picked":"Entrench+1","floor":29.0},{"not_picked":["Headbutt","Sword Boomerang"],"picked":"Inflame","floor":31.0},{"not_picked":["Brutality","Bludgeon"],"picked":"Limit Break","floor":33.0},{"not_picked":["Dropkick","Flex"],"picked":"Evolve+1","floor":35.0},{"not_picked":["Twin Strike+1","Heavy Blade"],"picked":"Flex","floor":36.0}],"player_experience":260309,"relics_obtained":[{"floor":9.0,"key":"Juzu Bracelet"},{"floor":26.0,"key":"Bottled Lightning"},{"floor":29.0,"key":"Bronze Scales"},{"floor":34.0,"key":"Strawberry"},{"floor":34.0,"key":"Matryoshka"},{"floor":34.0,"key":"Unceasing Top"}],"event_choices":[{"cards_removed":["Strike_R"],"damage_healed":0.0,"max_hp_gain":0.0,"max_hp_loss":0.0,"gold_gain":0.0,"event_name":"Golden Wing","player_choice":"Card Removal","floor":3.0,"gold_loss":0.0,"damage_taken":7.0},{"cards_removed":["Strike_R"],"damage_healed":0.0,"max_hp_gain":0.0,"max_hp_loss":0.0,"gold_gain":0.0,"event_name":"The Cleric","player_choice":"Card Removal","floor":7.0,"gold_loss":50.0,"damage_taken":0.0},{"damage_healed":0.0,"max_hp_gain":0.0,"max_hp_loss":0.0,"gold_gain":100.0,"event_name":"Wheel of Change","player_choice":"Gold","floor":12.0,"gold_loss":0.0,"damage_taken":0.0},{"cards_removed":["Defend_R"],"damage_healed":0.0,"max_hp_gain":0.0,"max_hp_loss":0.0,"gold_gain":0.0,"event_name":"Beggar","player_choice":"Gave Gold","floor":20.0,"gold_loss":75.0,"damage_taken":0.0},{"damage_healed":0.0,"max_hp_gain":0.0,"max_hp_loss":0.0,"gold_gain":0.0,"event_name":"Match and Keep!","player_choice":"1 cards matched","floor":22.0,"gold_loss":0.0,"damage_taken":0.0,"cards_obtained":["Demon Form"]}],"is_beta":false,"boss_relics":[{"not_picked":["Runic Cube","SacredBark"],"picked":"Philosopher\u0027s Stone"},{"not_picked":["Mark of Pain","Astrolabe"],"picked":"Calling Bell"}],"items_purged_floors":[0,0,10],"is_endless":false,"potions_floor_spawned":[2,4,5,18,25,29,31,35],"killed_by":"Transient","ascension_level":7}}