{"host":"2yqfi47fogfu1ic4","time":1609030185,"event":{"mods":["AchievementEnabler","BaseMod","Colored Map","Colored Powertips","Highlight Path","Minty Spire (QoL Compilation)","Permanent Neow","Relic Stats","StSLib"],"gold_per_floor":[115,130,38,38,54,54,85,95,122,122,47,47,66,81,81,160,160,171,171,151,151,167,199,199,227,227,237,265,265,292,192,192,268,268,285,285,12,12,62,90,90,90,142,167,192,192,27,59,59,59,59,59,59,59,87,87],"floor_reached":57,"playtime":23533,"items_purged":["Pain","Strike_G+1","Strike_G+1"],"score":3574,"play_id":"344d017c-d7ad-4105-9b2e-1ea8bdd4a982","local_time":"20201227014945","is_ascension_mode":true,"campfire_choices":[{"data":"Terror","floor":6.0,"key":"SMITH"},{"data":"Leg Sweep","floor":10.0,"key":"SMITH"},{"data":"Masterful Stab","floor":12.0,"key":"SMITH"},{"data":"Poisoned Stab","floor":15.0,"key":"SMITH"},{"data":"Burst","floor":24,"key":"SMITH"},{"data":"1","floor":32,"key":"LIFT"},{"data":"Wraith Form v2","floor":41,"key":"SMITH"},{"floor":46,"key":"RECALL"},{"data":"2","floor":49,"key":"LIFT"},{"data":"3","floor":53,"key":"LIFT"}],"circlet_count":0,"master_deck":["AscendersBane","Strike_G+1","Strike_G+1","Defend_G+1","Defend_G+1","Defend_G+1","Defend_G+1","Defend_G+1","Survivor","Neutralize","Terror+1","Leg Sweep+1","Masterful Stab+1","Dagger Throw+1","Deflect","Poisoned Stab+1","Burst+1","Backflip+1","Finisher","Tactician","Calculated Gamble","Wraith Form v2+1","Grand Finale","Noxious Fumes","Master of Strategy","Dark Shackles","Catalyst","Footwork","Acrobatics+1"],"relics":["SacredBark","WarpedTongs","Bag of Preparation","Nunchaku","Runic Pyramid","Strawberry","Whetstone","Girya","Tingsha","Boot","Dream Catcher","Philosopher\u0027s Stone","Membership Card","Ginger","Snake Skull","Art of War","Thread and Needle","Toolbox","Happy Flower","Shuriken","Oddly Smooth Stone"],"acts_visited":["Exordium","TheCity","TheBeyond","TheEnding"],"potions_floor_usage":[23,25,55,56,56],"damage_taken":[{"damage":15.0,"enemies":"Jaw Worm","floor":1.0,"turns":8.0},{"damage":4.0,"enemies":"Cultist","floor":2.0,"turns":4.0},{"damage":1.0,"enemies":"2 Louse","floor":5.0,"turns":5.0},{"damage":4.0,"enemies":"Lagavulin","floor":7.0,"turns":8.0},{"damage":3.0,"enemies":"Blue Slaver","floor":8.0,"turns":5.0},{"damage":0.0,"enemies":"Red Slaver","floor":13.0,"turns":3.0},{"damage":0.0,"enemies":"2 Fungi Beasts","floor":14.0,"turns":2.0},{"damage":24.0,"enemies":"Hexaghost","floor":16.0,"turns":11.0},{"damage":0.0,"enemies":"Spheric Guardian","floor":18.0,"turns":6.0},{"damage":2.0,"enemies":"2 Thieves","floor":20.0,"turns":4.0},{"damage":0.0,"enemies":"Snecko","floor":22.0,"turns":6.0},{"damage":49,"enemies":"Slavers","floor":23,"turns":10},{"damage":2,"enemies":"Book of Stabbing","floor":25,"turns":6},{"damage":0,"enemies":"Snake Plant","floor":27,"turns":2},{"damage":0,"enemies":"Slavers","floor":28,"turns":6},{"damage":0,"enemies":"Gremlin Leader","floor":30,"turns":5},{"damage":0,"enemies":"Champ","floor":33,"turns":13},{"damage":0,"enemies":"3 Shapes","floor":35,"turns":5},{"damage":7,"enemies":"2 Orb Walkers","floor":39,"turns":6},{"damage":0,"enemies":"Nemesis","floor":40,"turns":7},{"damage":0,"enemies":"Giant Head","floor":44,"turns":7},{"damage":0,"enemies":"Mind Bloom Boss Battle","floor":45,"turns":3},{"damage":0,"enemies":"Reptomancer","floor":48,"turns":5},{"damage":0,"enemies":"Awakened One","floor":50,"turns":12},{"damage":0,"enemies":"Donu and Deca","floor":51,"turns":9},{"damage":0,"enemies":"Shield and Spear","floor":55,"turns":9},{"damage":2,"enemies":"The Heart","floor":56,"turns":9}],"seed_played":"117314700670492653","potions_obtained":[{"floor":1.0,"key":"GamblersBrew"},{"floor":14.0,"key":"GhostInAJar"},{"floor":16.0,"key":"SpeedPotion"},{"floor":18.0,"key":"Regen Potion"},{"floor":23,"key":"CultistPotion"},{"floor":25,"key":"BlessingOfTheForge"},{"floor":30,"key":"Swift Potion"},{"floor":33,"key":"LiquidMemories"},{"floor":55,"key":"Swift Potion"}],"is_trial":false,"path_per_floor":["M","M","$","?","M","R","E","M","T","R","$","R","M","M","R","B",null,"M","?","M","?","M","E","R","E","T","M","E","?","E","$","R","B",null,"M","?","$","?","?","E","R","?","T","E","?","R","$","E","R","B","B",null,"R","$","E","B",null],"character_chosen":"THE_SILENT","items_purchased":["Masterful Stab","ColorlessPotion","Membership Card","Catalyst","Toolbox","Happy Flower"],"campfire_rested":0,"item_purchase_floors":[3,3,37,37,47,47],"current_hp_per_floor":[44,40,40,40,39,39,35,32,32,32,32,32,32,32,32,8,52,52,52,50,57,57,62,62,60,60,60,60,60,60,60,60,60,70,70,60,60,60,53,53,53,53,53,53,53,53,53,53,53,53,53,68,68,68,68,66],"gold":87,"neow_bonus":"BOSS_RELIC","is_daily":false,"chose_seed":false,"campfire_upgraded":6,"win_rate":0.0,"timestamp":1609030185,"path_taken":["M","M","$","?","?","R","E","M","T","R","$","R","M","M","R","BOSS","M","?","M","?","M","E","R","E","T","?","E","?","E","$","R","BOSS","M","?","$","?","?","E","R","?","T","E","?","R","$","E","R","BOSS","BOSS","R","$","E","BOSS"],"items_purchased_type":["Card","Potion","Relic","Card","Relic","Relic"],"build_version":"2020-12-22","purchased_purges":3,"victory":true,"max_hp_per_floor":[66,66,66,66,66,66,66,66,66,66,66,66,66,66,66,66,66,66,66,66,73,73,73,73,73,73,73,73,73,73,73,73,73,73,73,73,73,73,73,73,73,73,73,73,73,73,73,73,73,73,73,73,73,73,73,73],"relic_stats":{"Happy Flower":[14],"counters":[27,176],"Tingsha":[427],"Snake Skull":[58],"Bag of Preparation":[46],"Whetstone":["Poisoned Stab","Dagger Throw"],"Ginger":[5],"Boot":[40],"WarpedTongs":[137],"Nunchaku":[29],"Dream Catcher":0,"Shuriken":[19],"Art of War":[6],"obtain_stats":[{"Girya":25,"Happy Flower":47,"SacredBark":0,"Oddly Smooth Stone":55,"Tingsha":26,"Thread and Needle":45,"Snake Skull":40,"Bag of Preparation":7,"Whetstone":23,"Ginger":39,"Boot":28,"WarpedTongs":4,"Nunchaku":9,"Dream Catcher":30,"Shuriken":48,"Strawberry":21,"Toolbox":47,"Philosopher\u0027s Stone":34,"Art of War":44,"Membership Card":37,"Ring of the Snake":0,"Runic Pyramid":17},{"Girya":13,"Happy Flower":22,"SacredBark":0,"Oddly Smooth Stone":26,"Tingsha":13,"Thread and Needle":22,"Snake Skull":20,"Bag of Preparation":4,"Whetstone":12,"Ginger":19,"Boot":15,"WarpedTongs":2,"Nunchaku":5,"Dream Catcher":16,"Shuriken":23,"Strawberry":10,"Toolbox":22,"Philosopher\u0027s Stone":17,"Art of War":21,"Membership Card":18,"Ring of the Snake":0,"Runic Pyramid":8},{"Girya":78,"Happy Flower":132,"SacredBark":0,"Oddly Smooth Stone":167,"Tingsha":78,"Thread and Needle":132,"Snake Skull":122,"Bag of Preparation":25,"Whetstone":72,"Ginger":115,"Boot":86,"WarpedTongs":12,"Nunchaku":30,"Dream Catcher":91,"Shuriken":137,"Strawberry":56,"Toolbox":132,"Philosopher\u0027s Stone":104,"Art of War":129,"Membership Card":109,"Ring of the Snake":0,"Runic Pyramid":46}]},"card_choices":[{"not_picked":["Prepared","Slice"],"picked":"Terror","floor":1.0},{"not_picked":["Acrobatics","Prepared"],"picked":"Leg Sweep","floor":2.0},{"not_picked":["Bane","Sucker Punch"],"picked":"Dagger Throw","floor":5.0},{"not_picked":["Quick Slash","Caltrops"],"picked":"Deflect","floor":7.0},{"not_picked":["Underhanded Strike","Infinite Blades"],"picked":"Slice","floor":8.0},{"not_picked":["Doppelganger","Expertise"],"picked":"Poisoned Stab","floor":13.0},{"not_picked":["Bane","Heel Hook"],"picked":"Poisoned Stab","floor":14.0},{"not_picked":["Doppelganger","Die Die Die"],"picked":"Burst","floor":16.0},{"not_picked":["Poisoned Stab","Dagger Throw","Reflex+1"],"picked":"SKIP","floor":18.0},{"not_picked":["Slice","Caltrops"],"picked":"Backflip+1","floor":20.0},{"not_picked":["Slice","Backflip","Deadly Poison"],"picked":"SKIP","floor":22.0},{"not_picked":["Slice","Backflip","Deadly Poison"],"picked":"SKIP","floor":22.0},{"not_picked":["Sucker Punch","Predator"],"picked":"Finisher","floor":23},{"not_picked":["Accuracy","Poisoned Stab","Quick Slash"],"picked":"SKIP","floor":25},{"not_picked":["Dagger Spray+1","Skewer"],"picked":"Tactician","floor":27},{"not_picked":["Poisoned Stab","Dodge and Roll+1"],"picked":"Calculated Gamble","floor":28},{"not_picked":["Cloak And Dagger","Bullet Time"],"picked":"Wraith Form v2","floor":30},{"not_picked":["Corpse Explosion","After Image"],"picked":"Grand Finale","floor":33},{"not_picked":["Outmaneuver+1","Underhanded Strike"],"picked":"Noxious Fumes","floor":35},{"not_picked":["Jack Of All Trades","Sadistic Nature"],"picked":"Master of Strategy","floor":36},{"not_picked":["Mayhem","Madness"],"picked":"Dark Shackles","floor":36},{"not_picked":["Dagger Spray","Backflip"],"picked":"Footwork","floor":39},{"not_picked":["Deflect","Backstab"],"picked":"Acrobatics+1","floor":40},{"not_picked":["Sucker Punch","Dagger Spray","Grand Finale"],"picked":"SKIP","floor":44},{"not_picked":["A Thousand Cuts","Noxious Fumes","Outmaneuver+1"],"picked":"SKIP","floor":48},{"not_picked":["A Thousand Cuts","Noxious Fumes","Outmaneuver+1"],"picked":"SKIP","floor":48},{"not_picked":["Backflip","Flechettes","Slice"],"picked":"SKIP","floor":55}],"player_experience":1841492,"relics_obtained":[{"floor":7.0,"key":"Bag of Preparation"},{"floor":9.0,"key":"Nunchaku"},{"floor":23,"key":"Whetstone"},{"floor":25,"key":"Girya"},{"floor":26,"key":"Tingsha"},{"floor":28,"key":"Boot"},{"floor":30,"key":"Dream Catcher"},{"floor":39,"key":"Ginger"},{"floor":40,"key":"Snake Skull"},{"floor":44,"key":"Art of War"},{"floor":45,"key":"Thread and Needle"},{"floor":48,"key":"Shuriken"},{"floor":55,"key":"Oddly Smooth Stone"}],"event_choices":[{"damage_healed":0.0,"max_hp_gain":0.0,"max_hp_loss":0.0,"gold_gain":0.0,"event_name":"Accursed Blacksmith","player_choice":"Rummage","floor":4.0,"gold_loss":0.0,"damage_taken":0.0,"relics_obtained":["WarpedTongs"],"cards_obtained":["Pain"]},{"damage_healed":0.0,"max_hp_gain":0.0,"max_hp_loss":0.0,"gold_gain":0.0,"event_name":"Back to Basics","player_choice":"Simplicity","floor":19.0,"gold_loss":0.0,"damage_taken":0.0,"cards_upgraded":["Strike_G","Strike_G","Strike_G","Strike_G","Strike_G","Defend_G","Defend_G","Defend_G","Defend_G","Defend_G"]},{"cards_removed":["Slice"],"damage_healed":0.0,"max_hp_gain":0.0,"max_hp_loss":0.0,"gold_gain":0.0,"event_name":"WeMeetAgain","player_choice":"Gave Card","floor":21.0,"gold_loss":0.0,"damage_taken":0.0,"relics_obtained":["Strawberry"]},{"cards_removed":["Strike_G"],"damage_healed":0,"gold_gain":0,"player_choice":"Offered Basic","damage_taken":0,"max_hp_gain":0,"max_hp_loss":0,"event_name":"Bonfire Elementals","floor":29,"gold_loss":0},{"damage_healed":0,"gold_gain":0,"player_choice":"Memory 3","damage_taken":10,"max_hp_gain":0,"max_hp_loss":0,"event_name":"SensoryStone","floor":36,"gold_loss":0},{"cards_removed":["Poisoned Stab"],"damage_healed":0,"gold_gain":0,"player_choice":"Removed Attack","damage_taken":0,"max_hp_gain":0,"max_hp_loss":0,"event_name":"Falling","floor":38,"gold_loss":0},{"damage_healed":0,"gold_gain":0,"player_choice":"Fight","damage_taken":0,"max_hp_gain":0,"max_hp_loss":0,"event_name":"Mysterious Sphere","floor":39,"gold_loss":0},{"damage_healed":0,"gold_gain":0,"player_choice":"Ignored","damage_taken":0,"max_hp_gain":0,"max_hp_loss":0,"event_name":"Tomb of Lord Red Mask","floor":42,"gold_loss":0},{"damage_healed":0,"gold_gain":0,"player_choice":"Fight","damage_taken":0,"max_hp_gain":0,"max_hp_loss":0,"event_name":"MindBloom","floor":45,"gold_loss":0}],"is_beta":false,"boss_relics":[{"not_picked":["WristBlade","Fusion Hammer"],"picked":"Runic Pyramid"},{"not_picked":["HoveringKite","SlaversCollar"],"picked":"Philosopher\u0027s Stone"}],"items_purged_floors":[11,31,37],"is_endless":false,"potions_floor_spawned":[1,14,16,18,23,25,30,33,40,45,55],"ascension_level":20}}