{"host":"aeidq2c3auzxo1yh","time":1609092255,"event":{"mods":["AchievementEnabler","BaseMod","Colored Map","Colored Powertips","Minty Spire (QoL Compilation)","Relic Stats","StSLib"],"gold_per_floor":[368,8,8,8,25,25,38,63,63,63,80,80,106,136,136,215,215,226,226,226,226],"floor_reached":20,"playtime":986,"items_purged":["Doubt"],"score":435,"play_id":"473f6668-300f-47ea-92a0-54ded29be1da","local_time":"20201227230415","is_ascension_mode":true,"campfire_choices":[{"data":"Apotheosis","floor":6,"key":"SMITH"},{"floor":10,"key":"REST"},{"floor":12,"key":"REST"},{"floor":15,"key":"REST"}],"circlet_count":0,"master_deck":["AscendersBane","Defend_G","Defend_G","Defend_G","Defend_G","Defend_G","Survivor","Neutralize","Apotheosis+1","Footwork","Sucker Punch","Caltrops","Poisoned Stab","PiercingWail","Deflect","Backflip","Caltrops","Bullet Time","Bite","Bite","Bite","Bite","Bite"],"relics":["Ring of the Serpent","Anchor","Ancient Tea Set","Odd Mushroom","Oddly Smooth Stone"],"acts_visited":["Exordium","TheCity"],"potions_floor_usage":[8,8,16],"damage_taken":[{"damage":19,"enemies":"Cultist","floor":1,"turns":7},{"damage":0,"enemies":"Jaw Worm","floor":5,"turns":4},{"damage":2,"enemies":"Small Slimes","floor":7,"turns":4},{"damage":0,"enemies":"3 Sentries","floor":8,"turns":4},{"damage":8,"enemies":"Looter","floor":11,"turns":3},{"damage":6,"enemies":"The Mushroom Lair","floor":13,"turns":6},{"damage":32,"enemies":"Lagavulin","floor":14,"turns":9},{"damage":32,"enemies":"The Guardian","floor":16,"turns":9},{"damage":9,"enemies":"Shell Parasite","floor":18,"turns":7},{"damage":52,"enemies":"Masked Bandits","floor":20,"turns":4}],"seed_played":"5745131668023980528","potions_obtained":[{"floor":5,"key":"Explosive Potion"},{"floor":7,"key":"PowerPotion"},{"floor":14,"key":"CultistPotion"}],"is_trial":false,"path_per_floor":["M","$","?","?","M","R","M","E","T","R","M","R","?","E","R","B",null,"M","?","?"],"character_chosen":"THE_SILENT","items_purchased":["Apotheosis","Footwork","Sucker Punch"],"campfire_rested":3,"item_purchase_floors":[2,2,2],"current_hp_per_floor":[40,40,29,29,29,29,27,27,27,46,38,57,51,19,38,6,51,42,42,0,0],"gold":226,"neow_bonus":"TWO_FIFTY_GOLD","is_daily":false,"chose_seed":false,"campfire_upgraded":1,"win_rate":0.0,"timestamp":1609092255,"path_taken":["M","$","?","?","M","R","M","E","T","R","M","R","?","E","R","BOSS","M","?","?"],"items_purchased_type":["Card","Card","Card"],"build_version":"2020-12-22","purchased_purges":1,"victory":false,"max_hp_per_floor":[66,66,66,66,66,66,66,66,66,66,66,66,66,66,66,66,66,66,46,46,46],"relic_stats":{"counters":[10,57],"obtain_stats":[{"Anchor":3,"Oddly Smooth Stone":14,"Odd Mushroom":13,"Ancient Tea Set":8,"Ring of the Serpent":17,"Ring of the Snake":0},{"Anchor":1,"Oddly Smooth Stone":7,"Odd Mushroom":6,"Ancient Tea Set":4,"Ring of the Serpent":8,"Ring of the Snake":0},{"Anchor":7,"Oddly Smooth Stone":37,"Odd Mushroom":28,"Ancient Tea Set":19,"Ring of the Serpent":46,"Ring of the Snake":0}]},"card_choices":[{"not_picked":["Prepared","Cloak And Dagger"],"picked":"Caltrops","floor":5},{"not_picked":["Cloak And Dagger","Slice"],"picked":"Poisoned Stab","floor":7},{"not_picked":["Infinite Blades","Outmaneuver"],"picked":"PiercingWail","floor":8},{"not_picked":["Concentrate","Sucker Punch"],"picked":"Deflect","floor":11},{"not_picked":["Bouncing Flask","Blade Dance"],"picked":"Backflip","floor":13},{"not_picked":["Envenom","All Out Attack"],"picked":"Caltrops","floor":14},{"not_picked":["Phantasmal Killer","Grand Finale"],"picked":"Bullet Time","floor":16},{"not_picked":["Flechettes","Flying Knee+1","Slice"],"picked":"SKIP","floor":18}],"player_experience":871814,"relics_obtained":[{"floor":8,"key":"Ancient Tea Set"},{"floor":13,"key":"Odd Mushroom"},{"floor":14,"key":"Oddly Smooth Stone"}],"event_choices":[{"damage_healed":0,"gold_gain":0,"player_choice":"Success","damage_taken":11,"relics_obtained":["Anchor"],"max_hp_gain":0,"max_hp_loss":0,"event_name":"Scrap Ooze","floor":3,"gold_loss":0},{"damage_healed":0,"gold_gain":0,"player_choice":"Ignored","damage_taken":0,"max_hp_gain":0,"max_hp_loss":0,"event_name":"Liars Game","floor":4,"gold_loss":0},{"damage_healed":0,"gold_gain":0,"player_choice":"Fought Mushrooms","damage_taken":0,"max_hp_gain":0,"max_hp_loss":0,"event_name":"Mushrooms","floor":13,"gold_loss":0},{"damage_healed":0,"gold_gain":0,"player_choice":"Became a vampire","damage_taken":0,"max_hp_gain":0,"max_hp_loss":20,"event_name":"Vampires","floor":19,"gold_loss":0,"cards_obtained":["Bite","Bite","Bite","Bite","Bite"]},{"damage_healed":0,"gold_gain":0,"player_choice":"Fought Bandits","damage_taken":0,"max_hp_gain":0,"max_hp_loss":0,"event_name":"Masked Bandits","floor":20,"gold_loss":0}],"is_beta":false,"boss_relics":[{"not_picked":["Astrolabe","Empty Cage"],"picked":"Ring of the Serpent"}],"items_purged_floors":[2],"is_endless":false,"potions_floor_spawned":[5,7,14],"killed_by":"Masked Bandits","ascension_level":20}}