{"host":"79pwvnyrdes6uj7k","time":1609050425,"event":{"mods":["2.2 Compatiblity","Astrologer","BaseMod","Beaked The Cultist","Colored Powertips","Downfall","Exacting","Friendly Minions","HexUI Lib","Highlight Path","Hubris","Infinite Spire","Mad Scientist","Mimic Mod","Minty Spire (QoL Compilation)","Random Character Button","Replay The Spire","Reworked Bosses","Shop Mod","Somnambulant","StSLib","The Cursed","The Disciple","The Factory","The Judge","The Jungle","The Poker Player","The Runesmith","TheHeartMod"],"gold_per_floor":[99,115,128,141,141,174,204,214,214,214,224,238,265,365,380,476,476,401,433,433,446,463,463,463,463,463,479,492,502,537,570,420,451,468,566,566,566,586,614,514,514,567,645,657,670,680,712,765,796,796,812,911,911,911,928,939,952,967,967,990,990,990,1012,1012,1012,1032,320,338,442,442,442,455,474,574,628,663,692,692,712,712,712,712,726,726,742,847,847,847,865,880,880,955,955,980,991,991,991,991],"floor_reached":96,"playtime":7226,"items_purged":["hubris:Sloth"],"score":1655,"play_id":"f15bf1c7-01a3-4409-89f0-df60eff5e8d4","local_time":"20201227002705","is_ascension_mode":false,"campfire_choices":[{"floor":1.0,"key":"RECALL"},{"data":"Guardian:SpikerProtocol","floor":10.0,"key":"SMITH"},{"data":"Guardian:BaubleBeam","floor":18.0,"key":"SMITH"},{"floor":32.0,"key":"REST"},{"data":"Guardian:FierceBash","floor":37.0,"key":"SMITH"},{"data":"Guardian:HyperBeam_Guardian","floor":54,"key":"SMITH"},{"data":"Replay:Fractal Strike","floor":71,"key":"SMITH"},{"data":"J.A.X.","floor":78,"key":"SMITH"},{"data":"Guardian:SpikerProtocol","floor":80,"key":"SMITH"},{"data":"infinitespire:Gouge","floor":82,"key":"SMITH"},{"data":"Guardian:VentSteam","floor":88,"key":"SMITH"}],"circlet_count":0,"master_deck":["Guardian:Strike_Guardian+1","Guardian:Strike_Guardian+1","Guardian:Strike_Guardian+1","Guardian:Strike_Guardian+1","Guardian:Defend_Guardian+1","Guardian:Defend_Guardian+1","Guardian:Defend_Guardian+1","Guardian:CurlUp","Guardian:TwinSlam","Guardian:SpikerProtocol+1","Guardian:PiercingHide+1","Guardian:BronzeArmor","Guardian:SpikerProtocol+1","Guardian:RollAttack","Guardian:RollAttack","Guardian:RevengeProtocol+1","Guardian:Planning","Guardian:ShieldSpikes","Guardian:GuardianWhirl","Guardian:PrimingBeam","Guardian:RollAttack","Guardian:ArmoredProtocol","Guardian:FastForward","Guardian:BronzeArmor+1","Guardian:FierceBash+1","Guardian:FloatingOrbs","expansioncontent:PolyBeam","Voices","Guardian:Incinerate+1","Guardian:EvasiveProtocol","Guardian:AncientConstruct","Overencumbered","Guardian:CrystalBeam+1","infinitespire:Pacifist","Clumsy","infinitespire:Punishment","Guardian:CrystalBeam","Guardian:PiercingHide","Guardian:HyperBeam_Guardian+1","Guardian:PolyBeam","Guardian:EvasiveProtocol","Guardian:FloatingOrbs","Guardian:PrimingBeam","hubris:Sloth","Guardian:PolyBeam","infinitespire:Gouge+1","Guardian:TimeSifter+1","Guardian:Orbwalk","Guardian:FloatingOrbs","Replay:Fractal Strike+1","Guardian:AncientConstruct","Guardian:VentSteam+1","Guardian:WalkerClaw+1","J.A.X.+1","Guardian:Suspension","ReplayTheSpireMod:IOU","Guardian:CrystalBeam+1","Guardian:PrimingBeam","Guardian:PolyBeam+1","Guardian:FierceBash","Guardian:Clone+1","Guardian:CrystalBeam+1","Guardian:PrimingBeam+1","Guardian:MultiBeam+1","Guardian:Gem_White","Guardian:Gem_Synthetic","infinitespire:NeuralNetwork","Guardian:Repulse+1","Guardian:Gem_Red","Guardian:BronzeOrb+1"],"relics":["infinitespire:Cubic Diamond","hubris:OldNail","Bag of Marbles","beaked:MawFillet","downfall:HeartBlessingRed","Toy Ornithopter","downfall:HeartBlessingGreen","downfall:HeartBlessingBlue","Du-Vu Doll","Cursed Key","beaked:ShinyBauble","Orichalcum","Mercury Hourglass","Ornamental Fan","Prayer Wheel","Replay:Bronze Core","infinitespire:PuzzleCube","infinitespire:ShieldingShard","Odd Mushroom","Guardian:PickAxe","hubris:EvacipatedBox","hubris:KleinBottle","hubris:FruitBowl","MerchantsRug","Boot","infinitespire:Joker Card","hubris:Backtick","Bottled Flame","MutagenicStrength","Snack Pack","Red Mask","Painkiller Herb"],"acts_visited":["Exordium","TheCity","TheBeyond","TheCity","TheBeyond"],"potions_floor_usage":[67,67,67,86],"damage_taken":[{"damage":0.0,"enemies":"2 Louse","floor":2.0,"turns":2.0},{"damage":4.0,"enemies":"Jaw Worm","floor":3.0,"turns":4.0},{"damage":0.0,"enemies":"Small Slimes","floor":4.0,"turns":4.0},{"damage":0.0,"enemies":"Blue Slaver","floor":6.0,"turns":8.0},{"damage":13.0,"enemies":"Blue Slaver","floor":7.0,"turns":10.0},{"damage":6.0,"enemies":"Blue Slaver","floor":8.0,"turns":3.0},{"damage":1.0,"enemies":"Exordium Thugs","floor":11.0,"turns":3.0},{"damage":0.0,"enemies":"3 Louse","floor":12.0,"turns":1.0},{"damage":0.0,"enemies":"Gremlin Gang","floor":13.0,"turns":3.0},{"damage":4.0,"enemies":"Exordium Wildlife","floor":15.0,"turns":2.0},{"damage":42.0,"enemies":"downfall:Watcher","floor":16.0,"turns":9.0},{"damage":0.0,"enemies":"3 Byrds","floor":19.0,"turns":1.0},{"damage":4.0,"enemies":"Spheric Guardian","floor":21.0,"turns":4.0},{"damage":11.0,"enemies":"Snake Plant","floor":22.0,"turns":2.0},{"damage":6.0,"enemies":"Centurion and Healer","floor":27.0,"turns":6.0},{"damage":12.0,"enemies":"Sentry and Sphere","floor":28.0,"turns":5.0},{"damage":7.0,"enemies":"Snake Plant","floor":29.0,"turns":3.0},{"damage":3.0,"enemies":"Snecko","floor":30.0,"turns":5.0},{"damage":32.0,"enemies":"Nightmare","floor":31.0,"turns":11.0},{"damage":23.0,"enemies":"Gremlin Leader","floor":33.0,"turns":6.0},{"damage":4.0,"enemies":"Chosen and Byrds","floor":34.0,"turns":4.0},{"damage":13.0,"enemies":"downfall:Defect","floor":35.0,"turns":8.0},{"damage":20.0,"enemies":"3 Shapes","floor":38.0,"turns":2.0},{"damage":42.0,"enemies":"Giant Head","floor":39.0,"turns":8.0},{"damage":0.0,"enemies":"Orb Walker","floor":44.0,"turns":2.0},{"damage":11.0,"enemies":"Writhing Mass","floor":45.0,"turns":3.0},{"damage":0.0,"enemies":"Sphere and 2 Shapes","floor":46.0,"turns":2.0},{"damage":0.0,"enemies":"Reptomancer","floor":47.0,"turns":3.0},{"damage":4.0,"enemies":"Nemesis","floor":49.0,"turns":3.0},{"damage":9.0,"enemies":"Spire Growth","floor":51.0,"turns":3.0},{"damage":18.0,"enemies":"downfall:Ironclad","floor":52.0,"turns":5.0},{"damage":0,"enemies":"2 Louse","floor":55,"turns":1},{"damage":0,"enemies":"Jaw Worm","floor":56,"turns":1},{"damage":12,"enemies":"Small Slimes","floor":57,"turns":2},{"damage":0,"enemies":"2 Fungi Beasts","floor":58,"turns":1},{"damage":7,"enemies":"The Mushroom Lair","floor":63,"turns":2},{"damage":7,"enemies":"Blue Slaver","floor":66,"turns":2},{"damage":3,"enemies":"downfall:FleeingMerchant","floor":67,"turns":5},{"damage":0,"enemies":"Lots of Slimes","floor":68,"turns":1},{"damage":0,"enemies":"The Guardian","floor":69,"turns":2},{"damage":0,"enemies":"Chosen","floor":72,"turns":1},{"damage":0,"enemies":"Snake Plant","floor":73,"turns":1},{"damage":0,"enemies":"downfall:Augmenter","floor":74,"turns":1},{"damage":0,"enemies":"Masked Bandits","floor":76,"turns":1},{"damage":0,"enemies":"Replay:Snechameleon","floor":77,"turns":1},{"damage":0,"enemies":"Chosen and Byrds","floor":79,"turns":1},{"damage":0,"enemies":"Centurion and Healer","floor":83,"turns":1},{"damage":0,"enemies":"Shelled Parasite and Fungi","floor":85,"turns":1},{"damage":56,"enemies":"bossMod:newCollector","floor":86,"turns":4},{"damage":0,"enemies":"3 Darklings","floor":89,"turns":1},{"damage":0,"enemies":"Orb Walker","floor":90,"turns":1},{"damage":100,"enemies":"Nightmare","floor":94,"turns":3},{"damage":0,"enemies":"3 Darklings","floor":95,"turns":1},{"damage":0,"enemies":"infinitespire:Three Voidlings","floor":96,"turns":1},{"damage":59,"enemies":"Nightmare_Alpha","floor":96,"turns":2}],"seed_played":"3171335801907753650","potions_obtained":[{"floor":3.0,"key":"Elixir"},{"floor":4.0,"key":"DistilledChaos"},{"floor":12.0,"key":"Regen Potion"},{"floor":13.0,"key":"FearPotion"},{"floor":16.0,"key":"Block Potion"},{"floor":22.0,"key":"Block Potion"},{"floor":34.0,"key":"Elixir"},{"floor":35.0,"key":"LiquidBronze"},{"floor":45.0,"key":"Fire Potion"},{"floor":47.0,"key":"Death Potion"},{"floor":52.0,"key":"champ:CounterPotion"},{"floor":55,"key":"Guardian:DefensiveModePotion"},{"floor":58,"key":"champ:CounterPotion"},{"floor":66,"key":"Toxic Potion"},{"floor":69,"key":"champ:CounterPotion"},{"floor":73,"key":"Reflective Coating"},{"floor":77,"key":"FairyPotion"},{"floor":89,"key":"PowerPotion"},{"floor":92,"key":"downfall:CursedFountainPotion"},{"floor":94,"key":"Milkshake"}],"is_trial":false,"path_per_floor":["R","M","M","M","?","MIM","MIM","M","?","R","M","M","M","?","M","B",null,"R","M","?","M","M","?","PTL","PTL","T","M","M","M","M","NM","R","E","M","B",null,"R","M","E","NS","?","T","T","M","M","M","E","T","E","?","M","B",null,"R","M","M","M","M","?","T","?","AVR","?","?","$","M","$","M","B",null,"R","M","M","?","?","?","E","R","M","R","?","R","M","?","M","B",null,"T","?","?","?","?","T","NM","?","?"],"character_chosen":"GUARDIAN","items_purchased":["hubris:EvacipatedBox","hubris:KleinBottle","hubris:FruitBowl","Guide Book","MerchantsRug","Boot","infinitespire:Joker Card"],"campfire_rested":1,"item_purchase_floors":[65,65,65,67,67,67,67],"current_hp_per_floor":[88,88,84,84,84,84,71,65,65,65,64,64,64,64,60,33,88,88,88,88,84,73,73,73,73,73,67,55,48,45,13,52,29,25,12,98,98,78,36,36,36,36,36,36,25,25,25,25,26,26,17,4,98,98,98,98,86,86,86,86,83,83,76,76,19,12,24,24,24,98,98,98,98,98,98,98,98,98,98,98,98,98,98,98,98,47,98,98,98,98,98,98,98,53,53,0,0,0],"gold":991,"neow_bonus":"TEN_PERCENT_HP_BONUS","is_daily":false,"chose_seed":false,"campfire_upgraded":9,"win_rate":0.0,"timestamp":1609050425,"path_taken":["R","M","M","M","?","?","MIM","?","?","R","M","?","M","?","M","BOSS","R","M","?","M","M","?","PTL","PTL","T","M","M","M","M","NM","R","E","M","BOSS","R","M","E","NS","?","?","T","M","M","?","E","?","E","?","M","BOSS","R","M","M","M","M","?","T","?","AVR","?","?","?","?","?","M","BOSS","R","M","?","?","?","?","E","R","M","R","?","R","?","?","M","BOSS","T","?","?","?","?","T","NM","?","?"],"items_purchased_type":["Relic","Relic","Relic","Relic","Relic","Relic","Relic"],"build_version":"2020-12-22","purchased_purges":1,"victory":false,"max_hp_per_floor":[88,88,88,88,88,88,88,88,88,88,88,88,88,88,88,88,88,88,88,88,88,88,88,88,88,88,88,88,88,88,88,98,98,98,98,98,98,98,98,98,98,98,98,98,98,98,98,98,98,98,98,98,98,98,98,98,98,98,98,98,98,98,98,98,98,98,98,98,98,98,98,98,98,98,98,98,98,98,98,98,98,98,98,98,98,98,98,98,98,98,98,98,98,98,98,98,98,98],"card_choices":[{"not_picked":["Guardian:Gem_Cyan","Guardian:Emergency"],"picked":"Guardian:SpikerProtocol","floor":2.0},{"not_picked":["Guardian:Gem_Lightblue","Guardian:ChargeCore"],"picked":"Guardian:PiercingHide","floor":3.0},{"not_picked":["Guardian:Gem_Green","Guardian:ChargeUp"],"picked":"Guardian:BronzeArmor","floor":4.0},{"not_picked":["Guardian:Gem_Cyan","Guardian:PiercingHide"],"picked":"Guardian:SpikerProtocol","floor":6.0},{"not_picked":["Guardian:Orbwalk","Guardian:TemporalShield"],"picked":"Guardian:RollAttack","floor":7.0},{"not_picked":["Guardian:TemporalShield","Guardian:TemporalStrike"],"picked":"Guardian:Gem_Red","floor":8.0},{"not_picked":["Guardian:SentryBeam","Guardian:ShieldCharger"],"picked":"Guardian:RollAttack","floor":11.0},{"not_picked":["Guardian:DecasProtection","Guardian:VentSteam"],"picked":"Guardian:BaubleBeam","floor":12.0},{"not_picked":["Guardian:Gem_Cyan","Guardian:PrismaticBeam"],"picked":"Guardian:Gem_Red","floor":13.0},{"not_picked":["Guardian:Emergency","Guardian:ChargeCore"],"picked":"Guardian:Gem_Green","floor":15.0},{"not_picked":["Guardian:ExploitGems","Guardian:HyperBeam_Guardian"],"picked":"Guardian:RevengeProtocol","floor":16.0},{"not_picked":["Guardian:WalkerClaw+1","Guardian:RefractedBeam"],"picked":"Guardian:Planning","floor":19.0},{"not_picked":["Guardian:VentSteam","Guardian:PrimingBeam+1"],"picked":"Guardian:MultiBeam","floor":21.0},{"not_picked":["Guardian:TemporalShield","Guardian:BronzeOrb"],"picked":"Guardian:GuardianWhirl","floor":22.0},{"not_picked":["Guardian:ChargeCore","Guardian:RefractedBeam+1"],"picked":"Guardian:Gem_Purple","floor":27.0},{"not_picked":["Guardian:Reroute","Guardian:ChargeUp"],"picked":"Guardian:PrimingBeam","floor":28.0},{"not_picked":["Guardian:HyperBeam_Guardian","Guardian:Gem_Cyan"],"picked":"Guardian:RollAttack","floor":29.0},{"not_picked":["Guardian:WalkerClaw+1","Guardian:ShieldCharger"],"picked":"Guardian:ArmoredProtocol","floor":30.0},{"not_picked":["Guardian:Recover","Guardian:RollAttack+1"],"picked":"Guardian:FastForward","floor":31.0},{"not_picked":["Guardian:Gem_Green","Guardian:TimeCapacitor"],"picked":"Guardian:BronzeArmor","floor":33.0},{"not_picked":["Guardian:Gem_Red","Guardian:TemporalStrike+1"],"picked":"Guardian:Gem_Blue","floor":34.0},{"not_picked":["Guardian:Gem_Synthetic","Guardian:AncientConstruct"],"picked":"Guardian:FierceBash","floor":35.0},{"not_picked":["Guardian:TemporalStrike","Guardian:Gem_Green"],"picked":"Guardian:FloatingOrbs","floor":38.0},{"not_picked":["Guardian:Recover+1","Guardian:VentSteam+1"],"picked":"Guardian:Suspension+1","floor":39.0},{"not_picked":["expansioncontent:LastStand","expansioncontent:SlimeTackle"],"picked":"expansioncontent:PolyBeam","floor":41.0},{"not_picked":["Guardian:Suspension+1","Guardian:TemporalStrike+1"],"picked":"Guardian:Incinerate+1","floor":44.0},{"not_picked":["Guardian:Planning","Guardian:TemporalShield+1"],"picked":"Guardian:EvasiveProtocol","floor":45.0},{"not_picked":["Guardian:Gem_Green","Guardian:ChargeCore"],"picked":"Guardian:Gem_Fragmented","floor":46.0},{"not_picked":["Guardian:ShieldSpikes+1","Guardian:RollAttack"],"picked":"Guardian:AncientConstruct","floor":47.0},{"not_picked":["Guardian:Gem_Cyan","Guardian:Gem_Fragmented"],"picked":"Guardian:CrystalBeam+1","floor":49.0},{"not_picked":["ReplayTheSpireMod:Book of Names","ReplayTheSpireMod:??????????????????????"],"picked":"infinitespire:Punishment","floor":50.0},{"not_picked":["Guardian:Recover+1","Guardian:Incinerate+1"],"picked":"Guardian:CrystalBeam","floor":51.0},{"not_picked":["Guardian:Suspension+1","Guardian:Planning"],"picked":"Guardian:PiercingHide","floor":51.0},{"not_picked":["Guardian:TimeSifter","Guardian:RevengeProtocol"],"picked":"Guardian:HyperBeam_Guardian","floor":52.0},{"not_picked":["Guardian:VentSteam","Guardian:DonusPower"],"picked":"Guardian:PolyBeam","floor":55},{"not_picked":["Guardian:ChargeCore","Guardian:PiercingHide","Guardian:RollAttack"],"picked":"SKIP","floor":55},{"not_picked":["Guardian:CrystalBeam","Guardian:TimeCapacitor"],"picked":"Guardian:Gem_Lightblue","floor":56},{"not_picked":["Guardian:ChargeUp","Guardian:CrystalBeam"],"picked":"Guardian:EvasiveProtocol","floor":56},{"not_picked":["Guardian:Gem_White","Guardian:Gem_Red"],"picked":"Guardian:Gem_Orange","floor":57},{"not_picked":["Guardian:TimeBomb","Guardian:EvasiveProtocol"],"picked":"Guardian:FloatingOrbs","floor":57},{"not_picked":["Guardian:Gem_Fragmented","Guardian:TemporalShield"],"picked":"Guardian:Gem_Blue","floor":58},{"not_picked":["Guardian:Incinerate","Guardian:EvasiveProtocol"],"picked":"Guardian:PrimingBeam","floor":58},{"not_picked":["Guardian:TemporalStrike","Guardian:ShieldSpikes"],"picked":"Guardian:PolyBeam","floor":63},{"not_picked":["infinitespire:Menacing","infinitespire:Fortify"],"picked":"infinitespire:Gouge","floor":65},{"not_picked":["Guardian:RollAttack","Guardian:Gem_Green"],"picked":"Guardian:Gem_Crimson","floor":66},{"not_picked":["Guardian:ChargeCore","Guardian:ShieldCharger"],"picked":"Guardian:TimeSifter","floor":66},{"not_picked":["Guardian:Recover","Guardian:Gem_Cyan","Guardian:ChargeUp"],"picked":"SKIP","floor":67},{"not_picked":["Guardian:PrimingBeam","Guardian:PiercingHide"],"picked":"Guardian:Orbwalk","floor":68},{"not_picked":["Guardian:Suspension","Guardian:TimeBomb"],"picked":"Guardian:FloatingOrbs","floor":68},{"not_picked":["infinitespire:Starlight","infinitespire:FutureSight"],"picked":"Replay:Fractal Strike","floor":69},{"not_picked":["Guardian:GemFinder","Guardian:StasisStrike"],"picked":"Guardian:AncientConstruct","floor":69},{"not_picked":["Guardian:Gem_Fragmented","Guardian:PiercingHide"],"picked":"Guardian:PrimingBeam","floor":72},{"not_picked":["Guardian:ChargeUp","Guardian:Gem_Green"],"picked":"Guardian:VentSteam","floor":72},{"not_picked":["Guardian:Gem_Green","Guardian:Gem_Red"],"picked":"Guardian:WalkerClaw+1","floor":73},{"not_picked":["Guardian:RollAttack+1","Guardian:ShieldCharger","Guardian:Suspension"],"picked":"SKIP","floor":73},{"not_picked":[],"picked":"J.A.X.","floor":74},{"not_picked":["Guardian:Gem_Green","Guardian:Gem_Red"],"picked":"Guardian:Gem_Purple","floor":74},{"not_picked":["Guardian:Planning","Guardian:Suspension"],"picked":"Guardian:CrystalBeam+1","floor":76},{"not_picked":["Guardian:Preprogram","Guardian:RollAttack","Guardian:ChargeUp"],"picked":"SKIP","floor":77},{"not_picked":["Guardian:PiercingHide","Guardian:FierceBash"],"picked":"Guardian:Gem_Crimson","floor":79},{"not_picked":["Guardian:ChargeCore+1","Guardian:TemporalStrike+1","Guardian:TemporalShield"],"picked":"SKIP","floor":79},{"not_picked":["Guardian:ShieldCharger","Guardian:TimeBomb+1"],"picked":"Guardian:PrimingBeam","floor":83},{"not_picked":["Guardian:TemporalShield","Guardian:Incinerate","Guardian:ShieldCharger"],"picked":"SKIP","floor":83},{"not_picked":["Guardian:Suspension","Guardian:Reroute+1"],"picked":"Guardian:PolyBeam+1","floor":85},{"not_picked":["Guardian:ChargeCore+1","Guardian:Gem_Lightblue","Guardian:Gem_Green"],"picked":"SKIP","floor":85},{"not_picked":["Guardian:HyperBeam_Guardian","Guardian:AncientConstruct"],"picked":"Guardian:FierceBash","floor":86},{"not_picked":["Guardian:TemporalShield+1","Guardian:GuardianWhirl"],"picked":"Guardian:Clone+1","floor":89},{"not_picked":["Guardian:DecasProtection+1","Guardian:TemporalStrike+1"],"picked":"Guardian:CrystalBeam+1","floor":89},{"not_picked":["Guardian:Suspension","Guardian:WalkerClaw"],"picked":"Guardian:PrimingBeam+1","floor":90},{"not_picked":["Guardian:Gem_White","Guardian:TemporalStrike"],"picked":"Guardian:MultiBeam+1","floor":90},{"not_picked":["hubris:InfiniteBlow","infinitespire:Oblivion"],"picked":"infinitespire:NeuralNetwork","floor":94},{"not_picked":["Guardian:Planning","Guardian:FloatingOrbs"],"picked":"Guardian:Repulse+1","floor":94},{"not_picked":["Guardian:DonusPower+1","Guardian:ChargeUp+1"],"picked":"Guardian:Gem_Red","floor":95},{"not_picked":["Guardian:Harden","Guardian:Incinerate+1"],"picked":"Guardian:BronzeOrb+1","floor":95}],"player_experience":315474,"relics_obtained":[{"floor":6.0,"key":"hubris:OldNail"},{"floor":7.0,"key":"Bag of Marbles"},{"floor":31.0,"key":"Toy Ornithopter"},{"floor":33.0,"key":"Du-Vu Doll"},{"floor":39.0,"key":"beaked:ShinyBauble"},{"floor":42.0,"key":"Orichalcum"},{"floor":43.0,"key":"Mercury Hourglass"},{"floor":47.0,"key":"Ornamental Fan"},{"floor":48.0,"key":"Potion Belt"},{"floor":49.0,"key":"Prayer Wheel"},{"floor":60,"key":"War Paint"},{"floor":63,"key":"Odd Mushroom"},{"floor":74,"key":"MutagenicStrength"},{"floor":75,"key":"Snack Pack"},{"floor":76,"key":"Red Mask"}],"event_choices":[{"damage_healed":0.0,"max_hp_gain":0.0,"max_hp_loss":0.0,"gold_gain":0.0,"event_name":"The Library","player_choice":"Read","floor":20.0,"gold_loss":0.0,"damage_taken":0.0,"cards_obtained":["Guardian:ShieldSpikes"]},{"damage_healed":0.0,"max_hp_gain":0.0,"max_hp_loss":0.0,"gold_gain":0.0,"event_name":"NoteForYourself","player_choice":"Ignored","floor":23.0,"gold_loss":0.0,"damage_taken":0.0},{"damage_healed":0,"gold_gain":0,"player_choice":"Success","damage_taken":3,"relics_obtained":["infinitespire:PuzzleCube"],"max_hp_gain":0,"max_hp_loss":0,"event_name":"Scrap Ooze","floor":61,"gold_loss":0},{"damage_healed":0,"gold_gain":0,"player_choice":"Fought Mushrooms","damage_taken":0,"max_hp_gain":0,"max_hp_loss":0,"event_name":"Mushrooms","floor":63,"gold_loss":0},{"damage_healed":0,"gold_gain":0,"player_choice":"Fought Bandits","damage_taken":0,"max_hp_gain":0,"max_hp_loss":0,"event_name":"Masked Bandits","floor":76,"gold_loss":0},{"damage_healed":0,"gold_gain":0,"player_choice":"Simplicity","damage_taken":0,"max_hp_gain":0,"max_hp_loss":0,"event_name":"Back to Basics","floor":81,"gold_loss":0,"cards_upgraded":["Guardian:Strike_Guardian","Guardian:Strike_Guardian","Guardian:Strike_Guardian","Guardian:Strike_Guardian","Guardian:Defend_Guardian","Guardian:Defend_Guardian","Guardian:Defend_Guardian"]},{"cards_removed":["Guardian:MultiBeam"],"damage_healed":0,"gold_gain":0,"player_choice":"Removed Attack","damage_taken":0,"max_hp_gain":0,"max_hp_loss":0,"event_name":"Falling","floor":91,"gold_loss":0}],"is_beta":false,"boss_relics":[{"not_picked":["Kintsugi","Replay:Fungal Core"],"picked":"beaked:MawFillet"},{"not_picked":["hubris:TerracottaHorce","hubris:ScarierMask"],"picked":"Cursed Key"},{"not_picked":["Velvet Choker","Honey Jar"],"picked":"Replay:Bronze Core"},{"not_picked":["Empty Cage","Runesmith:UraniumAnvil","hubris:HollowSoul"],"picked":"hubris:Backtick"},{"not_picked":["ChewingGum","SacredBark","hubris:ScarierMask"],"picked":"Painkiller Herb"}],"items_purged_floors":[67],"is_endless":true,"potions_floor_spawned":[3,4,12,13,16,22,27,34,35,38,45,47,52,55,58,66,69,73,77,79,89,94,95],"killed_by":"Nightmare_Alpha","ascension_level":0}}