{"host":"474oh00kq6ni8dn3","time":1609029092,"event":{"mods":["AchievementEnabler","Aspiration","BaseMod","Colored Map","Colored Powertips","Conspire","Custom Start","Downfall","Googly Eyes","Hubris","Infinite Spire","Lobotomy","Minty Spire (QoL Compilation)","Permanent Neow","Quick Restart","Replay The Spire","Shop Mod","StSLib","The Bug Knight","The Construct","The Jungle"],"gold_per_floor":[119,134,146,160,170,170,20,20,75,75,75,88,119,119,119,221,321,337,349,360,360,285,285,299,332,358,358,368,368,368,368,379,398,398,501,501,520,535,563,575,592,592,612,628,653,653,673,673,433,446,446,446],"floor_reached":53,"playtime":6526,"items_purged":["Pain"],"score":787,"play_id":"d8095333-b2f7-46b3-b668-33ec6d9ddbfb","local_time":"20201227003132","is_ascension_mode":false,"campfire_choices":[{"data":"HollowMod:SoulSplash","floor":6.0,"key":"SMITH"},{"data":"HollowMod:HornetsHelp","floor":8.0,"key":"SMITH"},{"data":"HollowMod:MantisMark","floor":10.0,"key":"SMITH"},{"floor":15.0,"key":"DIG"},{"data":"HollowMod:FocusHealStart","floor":23.0,"key":"SMITH"},{"data":"HollowMod:SiblingsSouls","floor":27.0,"key":"SMITH"},{"data":"HollowMod:CornifersMapStart","floor":31.0,"key":"SMITH"},{"data":"HollowMod:PogoStrike","floor":34.0,"key":"SMITH"},{"floor":42,"key":"REST"},{"floor":48,"key":"REST"},{"floor":51,"key":"REST"}],"circlet_count":0,"master_deck":["conspire:GhostlyStrike","conspire:GhostlyStrike","conspire:GhostlyStrike","conspire:GhostlyStrike","conspire:GhostlyDefend","conspire:GhostlyDefend","conspire:GhostlyDefend","conspire:GhostlyDefend","HollowMod:FocusHealStart+1","HollowMod:PogoStrike+1","HollowMod:SoulSplash+1","HollowMod:HornetsHelp+1","HollowMod:MantisMark+1","HollowMod:CornifersMapStart+1","HollowMod:SiblingsSouls+1","HollowMod:SiblingsSouls+1","HollowMod:CycloneSlash+1","Parasite","Good Instincts+1"],"relics":["HollowMod:VesselMask","aspiration:Nostalgia","Sizzling Blood","HollowMod:StagPassRelic","aspiration:Lifesprig","Sundial","aspiration:FetidBarrel","Replay:Wanted Poster","WarpedTongs","aspiration:ChemicalBlood","hubris:TenFootPole","Velvet Choker","Replay:Wax Seal","Centennial Puzzle","Toolbox"],"acts_visited":["Exordium","TheCity","TheBeyond"],"potions_floor_usage":[35,39,40,40,52,52,52,52,52,52,52,52,52],"damage_taken":[{"damage":6.0,"enemies":"Jaw Worm","floor":1.0,"turns":5.0},{"damage":0.0,"enemies":"Small Slimes","floor":2.0,"turns":2.0},{"damage":0.0,"enemies":"conspire:RoseBush","floor":3.0,"turns":3.0},{"damage":1.0,"enemies":"2 Fungi Beasts","floor":4.0,"turns":4.0},{"damage":0.0,"enemies":"Exordium Thugs","floor":5.0,"turns":3.0},{"damage":3.0,"enemies":"Lots of Slimes","floor":12.0,"turns":3.0},{"damage":14.0,"enemies":"Lagavulin","floor":13.0,"turns":6.0},{"damage":0.0,"enemies":"Hexaghost","floor":16.0,"turns":5.0},{"damage":0.0,"enemies":"conspire:FuzzyDice","floor":18.0,"turns":4.0},{"damage":10.0,"enemies":"2 Thieves","floor":19.0,"turns":3.0},{"damage":9.0,"enemies":"Sentry and Sphere","floor":20.0,"turns":5.0},{"damage":19.0,"enemies":"conspire:HollyBat","floor":24.0,"turns":5.0},{"damage":5.0,"enemies":"Gremlin Leader","floor":25.0,"turns":9.0},{"damage":11.0,"enemies":"Snake Plant","floor":28.0,"turns":4.0},{"damage":11.0,"enemies":"Centurion and Healer","floor":32.0,"turns":4.0},{"damage":10.0,"enemies":"conspire:HollyBat","floor":33.0,"turns":5.0},{"damage":3,"enemies":"HollowMod:NKGrimm","floor":35,"turns":2},{"damage":7,"enemies":"3 Shapes","floor":37,"turns":4},{"damage":6,"enemies":"3 Darklings","floor":38,"turns":3},{"damage":16,"enemies":"conspire:MimicChest","floor":39,"turns":4},{"damage":38,"enemies":"4 Shapes","floor":40,"turns":3},{"damage":7,"enemies":"Writhing Mass","floor":41,"turns":6},{"damage":36,"enemies":"HollowMod:SlobberingHusk","floor":43,"turns":5},{"damage":40,"enemies":"Spire Growth","floor":44,"turns":4},{"damage":0,"enemies":"Transient","floor":47,"turns":5},{"damage":8,"enemies":"3 Darklings","floor":50,"turns":2},{"damage":5,"enemies":"hubris:GrandSnecko","floor":52,"turns":11}],"seed_played":"8644272259690924111","potions_obtained":[{"floor":4.0,"key":"SkillPotion"},{"floor":5.0,"key":"Fruit Juice"},{"floor":12.0,"key":"SpeedPotion"},{"floor":19.0,"key":"ColorlessPotion"},{"floor":25.0,"key":"Explosive Potion"},{"floor":28.0,"key":"Toxic Potion"},{"floor":32.0,"key":"Fruit Juice"},{"floor":32.0,"key":"DistilledChaos"},{"floor":39,"key":"Energy Potion"},{"floor":40,"key":"Ancient Potion"},{"floor":41,"key":"EntropicBrew"},{"floor":41,"key":"SteroidPotion"},{"floor":52,"key":"EntropicBrew"}],"is_trial":false,"path_per_floor":["M","M","M","M","M","R","?","R","T","R","?","M","E","?","R_BF","B",null,"M","M","M","?","$","R","M","E","T","R","M","PTL","PTL","R","M","M","R","B",null,"M","M","?","M","M","R","M","M","T","?","M","R","$","M","R","B",null],"character_chosen":"THE_BUGKNIGHT","items_purchased":["Toolbox","Good Instincts"],"campfire_rested":3,"item_purchase_floors":[49,49],"current_hp_per_floor":[79,79,79,79,84,84,84,84,84,84,84,84,74,74,74,78,84,84,78,73,73,73,73,68,73,73,73,72,72,72,72,76,80,80,87,89,86,84,78,50,57,83,61,31,31,31,41,67,67,63,89,88],"gold":446,"neow_bonus":"NOSTALGIA","is_daily":false,"chose_seed":false,"campfire_upgraded":7,"win_rate":0.0,"timestamp":1609029092,"path_taken":["M","M","M","M","M","R","?","R","T","R","?","M","E","?","R_BF","BOSS","M","M","M","?","?","R","?","E","T","R","M","PTL","PTL","R","M","M","R","BOSS","M","M","?","M","M","R","M","M","T","?","M","R","$","M","R","BOSS"],"items_purchased_type":["Relic","Card"],"build_version":"2020-12-22","purchased_purges":1,"victory":true,"max_hp_per_floor":[79,79,79,79,84,84,84,84,84,84,84,84,84,84,84,84,84,84,84,84,84,84,84,84,84,84,84,84,84,84,84,89,89,89,89,89,89,89,89,89,89,89,89,89,89,89,89,89,89,89,89,89],"card_choices":[{"not_picked":["HollowMod:GoodIntentions","HollowMod:ShadowDash"],"picked":"HollowMod:SoulSplash","floor":1.0},{"not_picked":["HollowMod:LifebloodCocoon","HollowMod:NewLittleFool","HollowMod:GoodIntentions"],"picked":"SKIP","floor":2.0},{"not_picked":["HollowMod:ShadowDash","HollowMod:InfectedCysts"],"picked":"HollowMod:HornetsHelp","floor":3.0},{"not_picked":["HollowMod:WraithStrike","HollowMod:NewJinnsSoul"],"picked":"HollowMod:MantisMark","floor":4.0},{"not_picked":["HollowMod:AbyssShriek","HollowMod:GreatSlash","HollowMod:InfectedAttack"],"picked":"SKIP","floor":5.0},{"not_picked":["HollowMod:ShadowDash","HollowMod:ShapeofUnn"],"picked":"HollowMod:CornifersMapStart","floor":12.0},{"not_picked":["HollowMod:LifebloodCore","HollowMod:GoodIntentions","HollowMod:HowlingWraiths"],"picked":"SKIP","floor":13.0},{"not_picked":["HollowMod:DungDefenderAura","HollowMod:SoulVessel+1","HollowMod:SharpenedNail"],"picked":"SKIP","floor":18.0},{"not_picked":["HollowMod:DungDefenderAura","HollowMod:SoulVessel+1","HollowMod:SharpenedNail"],"picked":"SKIP","floor":18.0},{"not_picked":["HollowMod:CornifersMapStart","HollowMod:LifebloodCocoon+1","HollowMod:SharpenedNail+1"],"picked":"SKIP","floor":19.0},{"not_picked":["HollowMod:ChannelNail","HollowMod:BaldurShell","HollowMod:VengefulVoid+1"],"picked":"SKIP","floor":20.0},{"not_picked":["HollowMod:NewJinnsSoul+1","HollowMod:GrimmsGift"],"picked":"HollowMod:SiblingsSouls","floor":24.0},{"not_picked":["HollowMod:InfectedAttack","HollowMod:VoidDash","HollowMod:GoodIntentions"],"picked":"SKIP","floor":25.0},{"not_picked":["HollowMod:InfectedAttack+1","HollowMod:SiblingsShadow","HollowMod:HeavyBlow"],"picked":"SKIP","floor":28.0},{"not_picked":["HollowMod:ChannelNail","HollowMod:VengefulVoid","HollowMod:NewJinnsSoul"],"picked":"SKIP","floor":32.0},{"not_picked":["HollowMod:AbyssShriek","HollowMod:CoiledNail+1"],"picked":"HollowMod:SiblingsSouls+1","floor":33.0},{"not_picked":["HollowMod:MothsMistake","HollowMod:GoodIntentions"],"picked":"HollowMod:CycloneSlash+1","floor":37},{"not_picked":["HollowMod:CrystalDash+1","HollowMod:InfectedCysts","HollowMod:InfectedAttack"],"picked":"SKIP","floor":38},{"not_picked":["HollowMod:DashSlash","HollowMod:DoubleDash+1","HollowMod:SharpenedNail"],"picked":"SKIP","floor":40},{"not_picked":["HollowMod:SoulStrike","HollowMod:Grubsong","HollowMod:NewJinnsSoul+1"],"picked":"SKIP","floor":41},{"not_picked":["HollowMod:SoulStrike","HollowMod:Grubsong","HollowMod:NewJinnsSoul+1"],"picked":"SKIP","floor":41},{"not_picked":["HollowMod:CoiledNail+1","HollowMod:TaintedHusks+1","HollowMod:theNailsmith"],"picked":"SKIP","floor":43},{"not_picked":["HollowMod:DesolateDive","HollowMod:ShapeofUnn","HollowMod:InfectionAssault"],"picked":"SKIP","floor":44},{"not_picked":["HollowMod:SharpenedNail+1","HollowMod:InfectedCysts","HollowMod:HowlingWraiths"],"picked":"SKIP","floor":47},{"not_picked":["HollowMod:HeavyBlow+1","HollowMod:DoubleDash+1","HollowMod:MawleksShell"],"picked":"SKIP","floor":50}],"player_experience":33431,"relics_obtained":[{"floor":9.0,"key":"aspiration:Lifesprig"},{"floor":13.0,"key":"Sundial"},{"floor":15.0,"key":"aspiration:FetidBarrel"},{"floor":25.0,"key":"aspiration:ChemicalBlood"},{"floor":26.0,"key":"hubris:TenFootPole"},{"floor":39,"key":"Replay:Wax Seal"},{"floor":45,"key":"Centennial Puzzle"}],"event_choices":[{"damage_healed":0.0,"max_hp_gain":0.0,"max_hp_loss":0.0,"gold_gain":0.0,"event_name":"conspire:LoneGhost","player_choice":"Agree","floor":14.0,"gold_loss":0.0,"damage_taken":0.0},{"damage_healed":0.0,"max_hp_gain":0.0,"max_hp_loss":0.0,"gold_gain":0.0,"event_name":"Accursed Blacksmith","player_choice":"Rummage","floor":21.0,"gold_loss":0.0,"damage_taken":0.0,"relics_obtained":["WarpedTongs"],"cards_obtained":["Pain"]},{"damage_healed":0,"gold_gain":0,"player_choice":"Ignored","damage_taken":0,"max_hp_gain":0,"max_hp_loss":0,"event_name":"Tomb of Lord Red Mask","floor":46,"gold_loss":0}],"is_beta":false,"boss_relics":[{"not_picked":["conspire:RoyalGoblet","hubris:BlackHole"],"picked":"Replay:Wanted Poster"},{"not_picked":["Snecko Eye","Astrolabe"],"picked":"Velvet Choker"}],"items_purged_floors":[22],"is_endless":false,"potions_floor_spawned":[4,5,12,19,25,28,32,38,40,41,47],"ascension_level":0}}