{"host":"3yynf0dn84873kbr","time":1609092524,"event":{"mods":["Act Like it!","BaseMod","CapriCore","Minty Spire (QoL Compilation)","Pale of the Ancients","StSLib","The Alterego","The Gatherer","Yakumo Yukari mod","[IsaacMod]ÒÔÈö¼âËþ"],"gold_per_floor":[119,119,133,158,170,182,194,306,344,356,409,421,453,478,490,628,640,667,724,736,792,824,836,848,903,995,1051,1099,1126,1176,1171,1171,1305,1305,1328,1328,498,498,498,498,542,573,573,626,85,120,120,153,153,281,308,323,341,341,364,364,379,379,306,306,436,436,449,449,493,526,142,142,142,191,191,234,270,0,44,63,63,192,201,221,269,282,306,150,192,233,273,308,357,392,433,472,510,510,636,654,672,352,352,195,211,254,287,323,375,129,163,197,238,22,22,148,148,166,189,225,74,74,88,88,0,0,124,151,151,151],"floor_reached":124,"playtime":4791,"items_purged":[],"score":5449,"play_id":"ba6c3aad-9f00-439c-ab6c-ec596edb134f","local_time":"20201228020844","daily_mods":["SealedDeck","Vintage","Heirloom","Time Dilation","Flight","DeadlyEvents","Elite Swarm","Binary"],"is_ascension_mode":false,"metric_token":661,"campfire_choices":[{"data":"Gatherer:Liquidism","floor":6.0,"key":"SMITH"},{"data":"Gatherer:QuickSynthesis","floor":7.0,"key":"SMITH"},{"data":"Gatherer:SmartManeuver","floor":10.0,"key":"SMITH"},{"data":"Gatherer:FruitForce","floor":15.0,"key":"SMITH"},{"data":"Gatherer:RecoveryHerb","floor":23.0,"key":"SMITH"},{"data":"Gatherer:FragileHammer","floor":32.0,"key":"SMITH"},{"data":"Gatherer:HeartToFruit","floor":40.0,"key":"SMITH"},{"data":"1","floor":47.0,"key":"LIFT"},{"data":"2","floor":49.0,"key":"LIFT"},{"data":"3","floor":56.0,"key":"LIFT"},{"data":"Gatherer:VenomBarrier","floor":58.0,"key":"SMITH"},{"data":"Gatherer:FlowerPower+2","floor":68.0,"key":"SMITH"},{"data":"Gatherer:FlowerBeam+2","floor":69.0,"key":"SMITH"},{"data":"Ghostly","floor":77.0,"key":"SMITH"},{"data":"Ghostly","floor":94.0,"key":"SMITH"},{"data":"Ghostly","floor":111,"key":"SMITH"}],"circlet_count":0,"master_deck":["Gatherer:SmartManeuver+1","Gatherer:Liquidism+1","Gatherer:VenomBarrier+1","Gatherer:QuickSynthesis+1","Gatherer:FragileHammer+1","Gatherer:RecoveryHerb+1","Ghostly+1","Ghostly+1","Ghostly+1","Ghostly+1","Ghostly+1","Gatherer:AromaProtection+1","Gatherer:HeartToFruit+1","Gatherer:ColorfulGarden+1","Gatherer:TacticalStrike+1","Gatherer:ColorfulGarden+1","Gatherer:Solidify+1","Gatherer:Duality+1","Gatherer:ScentOfRosmari+1","Discovery+1","Gatherer:FlowerPower+3","Gatherer:FlowerBeam+3","Gatherer:EnergyBasket+1","Gatherer:FlamingBottle+1","Gatherer:LuckyClover+1","EpicFetus+1","Gatherer:StoneFence+1","Gatherer:Overflowing+1","Gatherer:BomberForm+1","Gatherer:BomberForm+1","Gatherer:Liquidism+1","Gatherer:BlackTea+1","Magnetism+1","Gatherer:MindSearch+1","Gatherer:WitheringStrike+1","Gatherer:BalancedGrowth+1","Gatherer:AlchemyTrial+1","Gatherer:FruitForce+1","Gatherer:BlackTea+1","Gatherer:WitheringStrike+1"],"relics":["Gatherer:AlchemyBag","Busted Crown","HushsDoor","GuppysHead","GuppysPaw","CeramicFish","Golden Idol","Boot","MawBank","Ancient Tea Set","Dream Catcher","AnarchistCookbook","Calipers","Singing Bowl","Philosopher\u0027s Stone","NineLifeCat","MealTicket","Dead Branch","YumHeart","TuHaoJin","TheBean","Toxic Egg 2","Bag of Marbles","Frozen Egg 2","InkBottle","Question Card","SlaversCollar","MaYiHuaBei","Molten Egg 2","HandDrill","Pear","Eternal Feather","PreservedInsect","Mummified Hand","Kunai","UnicornStump","SatanicBible","Girya","SharpPlug","HornCleat","Astrolabe","paleoftheancients:Timepiece","Oddly Smooth Stone","Letter Opener","Ginger","paleoftheancients:SoulOfTheCollector","Tiny Chest","Gremlin Horn","Pen Nib","BookOfRevelations","Coffee Dripper","Succubus","CaptainsWheel","Gatherer:FloralEgg","TungstenRod","TungstenRod","BFFS","Black Star","Bottled Lightning","Matryoshka","Regal Pillow","Potion Belt","SacredBark","BelialBook","Bronze Scales","Vajra","War Paint","Omamori","Lee\u0027s Waffle","TheBattery","Cursed Key","Anchor","Mercury Hourglass","Torii","PillsDrop","paleoftheancients:BlurryLens","OrangePellets","Shuriken","SteamSale","Calling Bell","Akabeko","DeadEye","FossilizedHelix"],"acts_visited":["Exordium","TheCity","TheBeyond","TheBeyond","Exordium","TheCity","TheBeyond","TheBeyond","Exordium"],"potions_floor_usage":[],"damage_taken":[{"damage":0.0,"enemies":"2 Louse","floor":1.0,"turns":2.0},{"damage":0.0,"enemies":"Jaw Worm","floor":3.0,"turns":2.0},{"damage":0.0,"enemies":"Cultist","floor":4.0,"turns":3.0},{"damage":0.0,"enemies":"Gremlin Nob","floor":11.0,"turns":4.0},{"damage":0.0,"enemies":"Exordium Thugs","floor":13.0,"turns":2.0},{"damage":0.0,"enemies":"2 Fungi Beasts","floor":14.0,"turns":2.0},{"damage":0.0,"enemies":"The Guardian","floor":16.0,"turns":10.0},{"damage":0.0,"enemies":"2 Thieves","floor":18.0,"turns":1.0},{"damage":0.0,"enemies":"Book of Stabbing","floor":21.0,"turns":3.0},{"damage":0.0,"enemies":"Shell Parasite","floor":22.0,"turns":4.0},{"damage":0.0,"enemies":"Gremlin Leader","floor":25.0,"turns":2.0},{"damage":0.0,"enemies":"Slavers","floor":27.0,"turns":3.0},{"damage":0.0,"enemies":"Book of Stabbing","floor":28.0,"turns":3.0},{"damage":0.0,"enemies":"Snecko","floor":29.0,"turns":3.0},{"damage":0.0,"enemies":"Gremlin Leader","floor":30.0,"turns":4.0},{"damage":0.0,"enemies":"Collector","floor":33.0,"turns":4.0},{"damage":0.0,"enemies":"3 Darklings","floor":35.0,"turns":2.0},{"damage":0.0,"enemies":"Reptomancer","floor":41.0,"turns":2.0},{"damage":0.0,"enemies":"Giant Head","floor":42.0,"turns":4.0},{"damage":0.0,"enemies":"Reptomancer","floor":44.0,"turns":1.0},{"damage":0.0,"enemies":"Giant Head","floor":46.0,"turns":4.0},{"damage":0.0,"enemies":"Reptomancer","floor":48.0,"turns":3.0},{"damage":0.0,"enemies":"Awakened One","floor":50.0,"turns":7.0},{"damage":0.0,"enemies":"Awakened One","floor":52.0,"turns":5.0},{"damage":0.0,"enemies":"Awakened One","floor":53.0,"turns":8.0},{"damage":369.0,"enemies":"Awakened One","floor":57.0,"turns":17.0},{"damage":0.0,"enemies":"paleoftheancients:N","floor":61.0,"turns":5.0},{"damage":0.0,"enemies":"Jaw Worm","floor":63.0,"turns":1.0},{"damage":0.0,"enemies":"Gremlin Nob","floor":65.0,"turns":1.0},{"damage":0.0,"enemies":"3 Sentries","floor":66.0,"turns":1.0},{"damage":0.0,"enemies":"Gremlin Nob","floor":70.0,"turns":1.0},{"damage":0.0,"enemies":"Lagavulin","floor":72.0,"turns":1.0},{"damage":0.0,"enemies":"Gremlin Nob","floor":73.0,"turns":1.0},{"damage":0.0,"enemies":"3 Sentries","floor":75.0,"turns":1.0},{"damage":0.0,"enemies":"2 Louse","floor":76.0,"turns":1.0},{"damage":0.0,"enemies":"The Guardian","floor":78.0,"turns":1.0},{"damage":0.0,"enemies":"Shell Parasite","floor":80.0,"turns":1.0},{"damage":0.0,"enemies":"Book of Stabbing","floor":81.0,"turns":2.0},{"damage":0.0,"enemies":"Spheric Guardian","floor":82.0,"turns":2.0},{"damage":0.0,"enemies":"Centurion and Healer","floor":83.0,"turns":2.0},{"damage":0.0,"enemies":"Gremlin Leader","floor":85.0,"turns":1.0},{"damage":0.0,"enemies":"Slavers","floor":86.0,"turns":2.0},{"damage":0.0,"enemies":"Gremlin Leader","floor":87.0,"turns":2.0},{"damage":0.0,"enemies":"Slavers","floor":88.0,"turns":2.0},{"damage":0.0,"enemies":"Gremlin Leader","floor":89.0,"turns":1.0},{"damage":0.0,"enemies":"Slavers","floor":90.0,"turns":2.0},{"damage":0.0,"enemies":"Gremlin Leader","floor":91.0,"turns":2.0},{"damage":0.0,"enemies":"Book of Stabbing","floor":92.0,"turns":2.0},{"damage":0.0,"enemies":"Gremlin Leader","floor":93.0,"turns":2.0},{"damage":0.0,"enemies":"Automaton","floor":95.0,"turns":3.0},{"damage":0.0,"enemies":"Orb Walker","floor":97.0,"turns":1.0},{"damage":0.0,"enemies":"3 Shapes","floor":101.0,"turns":1.0},{"damage":0.0,"enemies":"Giant Head","floor":102.0,"turns":2.0},{"damage":0.0,"enemies":"Reptomancer","floor":103.0,"turns":1.0},{"damage":0.0,"enemies":"Giant Head","floor":104.0,"turns":2.0},{"damage":0.0,"enemies":"Nemesis","floor":105.0,"turns":1.0},{"damage":0.0,"enemies":"Giant Head","floor":107.0,"turns":3.0},{"damage":0,"enemies":"Reptomancer","floor":108,"turns":1},{"damage":0,"enemies":"Nemesis","floor":109,"turns":1},{"damage":0,"enemies":"Delirium","floor":112,"turns":5},{"damage":0,"enemies":"Delirium","floor":114,"turns":3},{"damage":0,"enemies":"Delirium","floor":115,"turns":3},{"damage":0,"enemies":"paleoftheancients:BASlime1","floor":116,"turns":1},{"damage":0,"enemies":"paleoftheancients:BASlime1","floor":119,"turns":4},{"damage":0,"enemies":"paleoftheancients:N","floor":123,"turns":4}],"seed_played":"-2294546013286948247","potions_obtained":[{"floor":1.0,"key":"ColorlessPotion"},{"floor":3.0,"key":"DistilledChaos"},{"floor":4.0,"key":"Weak Potion"},{"floor":22.0,"key":"BloodPotion"},{"floor":28.0,"key":"SpeedPotion"},{"floor":61.0,"key":"CultistPotion"},{"floor":63.0,"key":"DuplicationPotion"},{"floor":65.0,"key":"AttackPotion"},{"floor":85.0,"key":"AttackPotion"},{"floor":86.0,"key":"AttackPotion"},{"floor":87.0,"key":"AttackPotion"},{"floor":123,"key":"PowerPotion"}],"is_trial":true,"path_per_floor":["M","?","M","M","T","R","R","?","T","R","E","$","M","M","R","B",null,"M","?","?","E","M","R","?","E","T","E","E","M","E","$","R","B",null,"M","?","$","?","T","R","E","E","T","E","$","E","R","E","R","B",null,"M","M","?","T","R","M","R","$","?","B",null,"M","?","E","E","$","R","R","E","T","E","E","$","E","M","R","B",null,"M","E","M","M","$","E","E","E","E","E","E","E","E","E","R","B",null,"M","$","?","$","M","E","E","E","E","$","E","E","E","$","R","B",null,"M","M","E","$","R","M","R","$","?","B",null],"character_chosen":"THE_GATHERER","items_purchased":["NineLifeCat","Damocles","Gatherer:AromaProtection+1","Molten Egg 2","HandDrill","Gatherer:ColorfulGarden+1","Pear","Gatherer:TacticalStrike+1","SatanicBible","Girya","Discovery+1","Succubus","Gatherer:FlowerPower+1","Gatherer:FlowerBeam+1","Gatherer:FloralEgg","Gatherer:EnergyBasket+1","Diplopia","EpicFetus+1","Potion Belt","BelialBook","Gatherer:Liquidism+1","Gatherer:BlackTea+1","Vajra","Magnetism+1","War Paint","Gatherer:WitheringStrike+1","Gatherer:BalancedGrowth+1","Lee\u0027s Waffle","TheBattery","Gatherer:AlchemyTrial+1","OrangePellets","SteamSale","Gatherer:FruitForce+1","Gatherer:BlackTea+1","Gatherer:WitheringStrike+1"],"campfire_rested":0,"item_purchase_floors":[17,17,31,37,37,37,37,37,45,45,59,62,67,67,67,67,74,79,84,96,96,96,98,98,100,106,106,106,110,110,117,121,124,124,124],"current_hp_per_floor":[76,57,55,55,55,55,55,55,55,55,55,55,55,55,55,55,1,1,1,3,3,3,3,3,3,3,3,3,3,3,3,3,3,3,3,3,1,1,1,1,3,5,5,5,5,1,1,1,1,7,7,7,7,7,7,7,11,11,11,11,17,2,2,2,8,14,14,14,14,14,14,16,6,6,10,10,10,12,7,7,7,7,7,7,7,13,13,13,13,15,17,19,21,21,23,6,6,6,6,6,6,8,10,12,12,19,21,11,13,13,13,6,6,6,6,3,3,3,3,3,3,3,5,1,1,1],"gold":151,"neow_bonus":"","is_daily":false,"chose_seed":false,"campfire_upgraded":13,"win_rate":0.0,"timestamp":1609092524,"path_taken":["M","?","?","M","?","R","R","?","T","R","?","?","?","M","R","BOSS","M","?","?","?","?","R","?","E","T","E","E","M","?","$","R","BOSS","M","?","$","?","?","R","E","E","T","E","$","E","R","E","R","BOSS","M","M","?","T","R","M","R","$","?","BOSS","M","?","?","?","$","R","R","E","T","E","E","$","E","M","R","BOSS","M","?","M","?","?","E","E","E","E","?","E","E","?","E","R","BOSS","M","$","?","$","?","E","?","E","E","?","E","?","E","?","R","BOSS","M","M","?","$","R","M","R","$","?","BOSS"],"items_purchased_type":["Relic","Relic","Card","Relic","Relic","Card","Relic","Card","Relic","Relic","Card","Relic","Card","Card","Relic","Card","Relic","Card","Relic","Relic","Card","Card","Relic","Card","Relic","Card","Card","Relic","Relic","Card","Relic","Relic","Card","Card","Card"],"build_version":"2020-12-22","purchased_purges":0,"victory":false,"max_hp_per_floor":[76,76,55,55,55,55,55,55,55,55,55,55,55,55,55,55,1,1,1,3,3,3,3,3,3,3,3,3,3,3,3,3,3,3,3,3,1,1,1,1,3,5,5,5,5,1,1,1,1,7,7,7,7,7,7,7,11,11,11,11,17,2,2,2,8,14,14,14,14,14,14,16,6,6,10,10,10,12,7,7,7,7,7,7,7,13,13,13,13,15,17,19,21,21,23,6,6,6,6,6,6,8,10,12,12,19,21,11,13,13,13,6,6,6,6,3,3,3,3,3,3,3,5,1,1,1],"card_choices":[{"not_picked":[],"picked":"Gatherer:HeartToFruit","floor":33.0},{"not_picked":["Gatherer:CursedBlade+1"],"picked":"Singing Bowl","floor":41.0},{"not_picked":["Gatherer:Examine+1"],"picked":"Singing Bowl","floor":42.0},{"not_picked":[],"picked":"Gatherer:ColorfulGarden+1","floor":44.0},{"not_picked":["Gatherer:ScrollOfPurity+1"],"picked":"Singing Bowl","floor":46.0},{"not_picked":["Gatherer:ScrollOfPurity+1"],"picked":"Singing Bowl","floor":48.0},{"not_picked":["Gatherer:HeartToFruit+1"],"picked":"Singing Bowl","floor":50.0},{"not_picked":["Gatherer:HeartToFruit+1"],"picked":"Singing Bowl","floor":61.0},{"not_picked":["Gatherer:Photoscythe+1"],"picked":"Singing Bowl","floor":65.0},{"not_picked":["Gatherer:GrowBook+1"],"picked":"Singing Bowl","floor":66.0},{"not_picked":[],"picked":"Gatherer:FlamingBottle+1","floor":70.0},{"not_picked":["Gatherer:PoisonMastery+1"],"picked":"Singing Bowl","floor":72.0},{"not_picked":["Gatherer:Examine+1"],"picked":"Singing Bowl","floor":73.0},{"not_picked":[],"picked":"Gatherer:LuckyClover+1","floor":75.0},{"not_picked":["Gatherer:GrowBook+1"],"picked":"Singing Bowl","floor":78.0},{"not_picked":[],"picked":"Gatherer:StoneFence+1","floor":81.0},{"not_picked":[],"picked":"Gatherer:Overflowing+1","floor":85.0},{"not_picked":["Gatherer:CursedBlade+1"],"picked":"Singing Bowl","floor":86.0},{"not_picked":[],"picked":"Gatherer:BomberForm+1","floor":87.0},{"not_picked":["Gatherer:CursedBlade+1"],"picked":"Singing Bowl","floor":88.0},{"not_picked":[],"picked":"Gatherer:BomberForm+1","floor":89.0},{"not_picked":["Gatherer:FlamingBottle+1"],"picked":"Singing Bowl","floor":90.0},{"not_picked":["Gatherer:FinishingStrike+1"],"picked":"Singing Bowl","floor":91.0},{"not_picked":["Gatherer:PoisonMastery+1"],"picked":"Singing Bowl","floor":92.0},{"not_picked":["Gatherer:LuckyClover+1"],"picked":"Singing Bowl","floor":93.0},{"not_picked":["Gatherer:FlamingBottle+1"],"picked":"Singing Bowl","floor":95.0},{"not_picked":["Gatherer:Overflowing+1"],"picked":"Singing Bowl","floor":102.0},{"not_picked":["Gatherer:CursedBlade+1"],"picked":"Singing Bowl","floor":103.0},{"not_picked":["Gatherer:ScrollOfPurity+1"],"picked":"Singing Bowl","floor":104.0},{"not_picked":[],"picked":"Gatherer:MindSearch+1","floor":105.0},{"not_picked":["Gatherer:ColorfulGarden+1"],"picked":"Singing Bowl","floor":107},{"not_picked":["Gatherer:Examine+1"],"picked":"Singing Bowl","floor":108},{"not_picked":["Gatherer:ColorfulGarden+1"],"picked":"Singing Bowl","floor":109},{"not_picked":["Gatherer:StoneFence+1"],"picked":"Singing Bowl","floor":112},{"not_picked":["Gatherer:HeartToFruit+1"],"picked":"Singing Bowl","floor":116},{"not_picked":["Gatherer:StoneFence+1"],"picked":"Singing Bowl","floor":123}],"player_experience":122786,"relics_obtained":[{"floor":1.0,"key":"CeramicFish"},{"floor":3.0,"key":"Boot"},{"floor":4.0,"key":"MawBank"},{"floor":5.0,"key":"Ancient Tea Set"},{"floor":9.0,"key":"Dream Catcher"},{"floor":11.0,"key":"AnarchistCookbook"},{"floor":13.0,"key":"Calipers"},{"floor":14.0,"key":"Singing Bowl"},{"floor":18.0,"key":"MealTicket"},{"floor":18.0,"key":"Dead Branch"},{"floor":21.0,"key":"YumHeart"},{"floor":22.0,"key":"TuHaoJin"},{"floor":25.0,"key":"TheBean"},{"floor":26.0,"key":"Toxic Egg 2"},{"floor":27.0,"key":"Bag of Marbles"},{"floor":28.0,"key":"Frozen Egg 2"},{"floor":29.0,"key":"InkBottle"},{"floor":30.0,"key":"Question Card"},{"floor":35.0,"key":"MaYiHuaBei"},{"floor":39.0,"key":"Eternal Feather"},{"floor":41.0,"key":"PreservedInsect"},{"floor":42.0,"key":"Mummified Hand"},{"floor":43.0,"key":"Kunai"},{"floor":44.0,"key":"UnicornStump"},{"floor":46.0,"key":"SharpPlug"},{"floor":48.0,"key":"HornCleat"},{"floor":52.0,"key":"Ginger"},{"floor":53.0,"key":"paleoftheancients:SoulOfTheCollector"},{"floor":53.0,"key":"Tiny Chest"},{"floor":55.0,"key":"Pen Nib"},{"floor":57.0,"key":"BookOfRevelations"},{"floor":63.0,"key":"CaptainsWheel"},{"floor":71.0,"key":"TungstenRod"},{"floor":76.0,"key":"BFFS"},{"floor":80.0,"key":"Bottled Lightning"},{"floor":82.0,"key":"Matryoshka"},{"floor":83.0,"key":"Regal Pillow"},{"floor":97.0,"key":"Bronze Scales"},{"floor":101.0,"key":"Omamori"},{"floor":114,"key":"Torii"},{"floor":114,"key":"paleoftheancients:SoulOfTheGuardian"},{"floor":115,"key":"PillsDrop"},{"floor":116,"key":"paleoftheancients:BlurryLens"},{"floor":119,"key":"Shuriken"},{"floor":124,"key":"Akabeko"},{"floor":124,"key":"DeadEye"},{"floor":124,"key":"FossilizedHelix"}],"event_choices":[{"damage_healed":0.0,"max_hp_gain":0.0,"max_hp_loss":0.0,"gold_gain":0.0,"event_name":"Golden Idol","player_choice":"Take Damage","floor":2.0,"gold_loss":0.0,"damage_taken":19.0,"relics_obtained":["Golden Idol"]},{"damage_healed":0.0,"max_hp_gain":0.0,"max_hp_loss":0.0,"gold_gain":100.0,"event_name":"Golden Shrine","player_choice":"Pray","floor":8.0,"gold_loss":0.0,"damage_taken":0.0},{"damage_healed":0.0,"max_hp_gain":0.0,"max_hp_loss":0.0,"gold_gain":0.0,"event_name":"Ghosts","player_choice":"Became a Ghost","floor":19.0,"gold_loss":0.0,"damage_taken":0.0,"cards_obtained":["Ghostly","Ghostly","Ghostly","Ghostly","Ghostly"]},{"damage_healed":0.0,"max_hp_gain":5.0,"max_hp_loss":0.0,"gold_gain":0.0,"event_name":"Forgotten Altar","player_choice":"Shed Blood","floor":20.0,"gold_loss":0.0,"damage_taken":0.0},{"damage_healed":0.0,"max_hp_gain":0.0,"max_hp_loss":0.0,"gold_gain":0.0,"event_name":"Tomb of Lord Red Mask","player_choice":"Ignored","floor":36.0,"gold_loss":0.0,"damage_taken":0.0},{"damage_healed":0.0,"max_hp_gain":0.0,"max_hp_loss":0.0,"gold_gain":0.0,"event_name":"WeMeetAgain","player_choice":"Gave Potion","floor":54.0,"gold_loss":0.0,"damage_taken":0.0,"relics_obtained":["Gremlin Horn"]},{"damage_healed":0.0,"max_hp_gain":0.0,"max_hp_loss":0.0,"gold_gain":0.0,"event_name":"Lab","player_choice":"Got Potions","floor":64.0,"gold_loss":0.0,"damage_taken":0.0},{"damage_healed":0.0,"max_hp_gain":0.0,"max_hp_loss":0.0,"gold_gain":0.0,"event_name":"Purifier","player_choice":"Ignored","floor":99.0,"gold_loss":0.0,"damage_taken":0.0}],"is_beta":false,"boss_relics":[{"not_picked":["Runic Pyramid","Velvet Choker"],"picked":"Philosopher\u0027s Stone"},{"not_picked":[]},{"not_picked":["Sozu","Snecko Eye"],"picked":"SlaversCollar"},{"not_picked":[]},{"not_picked":["Calling Bell","SacredBark"],"picked":"Astrolabe"},{"not_picked":[]},{"not_picked":["Empty Cage","Fusion Hammer"],"picked":"Coffee Dripper"},{"not_picked":[]},{"not_picked":["Tiny House","Velvet Choker"],"picked":"Black Star"},{"not_picked":[]},{"not_picked":["Gatherer:ExplorersPath","Empty Cage"],"picked":"SacredBark"},{"not_picked":[]},{"not_picked":["Snecko Eye","Gatherer:MiracleBag"],"picked":"Cursed Key"},{"not_picked":[]},{"not_picked":["ChampionBelt","Sozu"],"picked":"Calling Bell"},{"not_picked":[]}],"items_purged_floors":[],"is_endless":true,"potions_floor_spawned":[1,3,4,22,28,30,33,41,42,46,50,61,63,65,70,82,83,85,86,87,89,91,95,102,107,108,109,114,119,123],"ascension_level":0}}