{"host":"d8hh7rr4yzitjeuj","time":1609045950,"event":{"mods":["2.2 Compatiblity","AchievementEnabler","BaseMod","CapriCore","Colored Map","Colored Powertips","Highlight Path","Keyboard Shortcuts","Minty Spire (QoL Compilation)","Permanent Neow","Quick Restart","StSLib","SuperFastMode"],"gold_per_floor":[15,32,51,69,81,81,94,129,129,145,165,108,108,108,108,108,108],"floor_reached":16,"playtime":496,"items_purged":[],"score":212,"play_id":"ea3a284e-1b16-41a8-ac96-1cd7f96026f2","local_time":"20201227141230","is_ascension_mode":true,"campfire_choices":[{"floor":6.0,"key":"REST"},{"data":"Hello World","floor":15,"key":"SMITH"}],"circlet_count":0,"master_deck":["AscendersBane","Strike_B","Strike_B","Strike_B","Defend_B","Defend_B","Defend_B","Zap","Dualcast","Steam Power","Hello World+1","Compile Driver","Beam Cell","Coolheaded","Go for the Eyes","Sweeping Beam","Defragment","Sunder","Undo","Stack","Turbo"],"relics":["Cracked Core","FossilizedHelix","Toy Ornithopter"],"acts_visited":["Exordium"],"potions_floor_usage":[],"damage_taken":[{"damage":0.0,"enemies":"Cultist","floor":1.0,"turns":3.0},{"damage":14.0,"enemies":"2 Louse","floor":2.0,"turns":2.0},{"damage":14.0,"enemies":"Small Slimes","floor":3.0,"turns":3.0},{"damage":14.0,"enemies":"Exordium Thugs","floor":4.0,"turns":4.0},{"damage":10.0,"enemies":"2 Fungi Beasts","floor":5.0,"turns":3.0},{"damage":18.0,"enemies":"Exordium Wildlife","floor":7.0,"turns":5.0},{"damage":4.0,"enemies":"Lagavulin","floor":8.0,"turns":7.0},{"damage":0,"enemies":"Large Slime","floor":10,"turns":3},{"damage":5,"enemies":"Lots of Slimes","floor":11,"turns":4},{"damage":24,"enemies":"Hexaghost","floor":16,"turns":12}],"seed_played":"-1475066717384446342","potions_obtained":[{"floor":2.0,"key":"Weak Potion"},{"floor":3.0,"key":"Explosive Potion"},{"floor":5.0,"key":"SpeedPotion"},{"floor":8.0,"key":"DuplicationPotion"},{"floor":10,"key":"CultistPotion"}],"is_trial":false,"path_per_floor":["M","M","M","M","M","R","M","E","T","M","M","$","?","?","R","B"],"character_chosen":"DEFECT","items_purchased":["Turbo"],"campfire_rested":1,"item_purchase_floors":[12],"current_hp_per_floor":[64,50,36,22,12,33,15,11,11,11,6,6,23,23,23,0,0],"gold":108,"neow_bonus":"TRANSFORM_TWO_CARDS","is_daily":false,"chose_seed":false,"campfire_upgraded":1,"win_rate":0.0,"timestamp":1609045950,"path_taken":["M","M","M","M","?","R","M","E","T","M","M","$","?","?","R","BOSS"],"items_purchased_type":["Card"],"build_version":"2020-12-22","purchased_purges":0,"victory":false,"max_hp_per_floor":[71,71,71,71,71,71,71,71,71,71,71,71,71,68,68,68,68],"card_choices":[{"not_picked":["Conserve Battery","Hologram"],"picked":"Compile Driver","floor":1.0},{"not_picked":["Coolheaded","Redo"],"picked":"Beam Cell","floor":2.0},{"not_picked":["Redo","Cold Snap"],"picked":"Coolheaded","floor":3.0},{"not_picked":["Conserve Battery","Static Discharge"],"picked":"Go for the Eyes","floor":4.0},{"not_picked":["Coolheaded","Genetic Algorithm"],"picked":"Sweeping Beam","floor":5.0},{"not_picked":["Go for the Eyes","Cold Snap"],"picked":"Defragment","floor":7.0},{"not_picked":["Hello World","Rebound"],"picked":"Sunder","floor":8.0},{"not_picked":["Turbo","Beam Cell"],"picked":"Undo","floor":10},{"not_picked":["Genetic Algorithm","Compile Driver"],"picked":"Stack","floor":11}],"player_experience":1386492,"relics_obtained":[{"floor":8.0,"key":"FossilizedHelix"},{"floor":9.0,"key":"Toy Ornithopter"}],"event_choices":[{"damage_healed":17,"gold_gain":0,"player_choice":"Healed and dodged fight","damage_taken":0,"max_hp_gain":0,"max_hp_loss":0,"event_name":"Mushrooms","floor":13,"gold_loss":0,"cards_obtained":["Parasite"]},{"cards_removed":["Parasite"],"damage_healed":0,"gold_gain":0,"player_choice":"Removed Curses","damage_taken":0,"max_hp_gain":0,"max_hp_loss":0,"event_name":"Fountain of Cleansing","floor":14,"gold_loss":0}],"is_beta":false,"boss_relics":[],"items_purged_floors":[],"is_endless":false,"potions_floor_spawned":[2,3,5,7,8,10],"killed_by":"Hexaghost","ascension_level":20}}