{"host":"joxnbq9hujdt0xua","time":1609035649,"event":{"mods":["Act Like it!","BaseMod","Colored Powertips","Downfall","Hallownest","Hermit","Minty Spire (QoL Compilation)","Quick Restart","Relic Stats","Replay The Spire","StSLib"],"gold_per_floor":[109,123,123,136,154,154,166,166,218,236,252,252,252,269,269,269,269],"floor_reached":16,"playtime":421,"items_purged":[],"score":96,"play_id":"c6cf35af-cf52-40d4-8bdd-7029e747118a","local_time":"20201227102049","is_ascension_mode":false,"campfire_choices":[{"data":"Defragment","floor":6,"key":"SMITH"},{"data":"Machine Learning","floor":8,"key":"SMITH"},{"data":"Streamline","floor":12,"key":"SMITH"},{"data":"Aggregate","floor":15,"key":"SMITH"}],"circlet_count":0,"master_deck":["Strike_B","Strike_B","Strike_B","Strike_B","Defend_B+1","Defend_B","Defend_B","Defend_B","Zap","Dualcast","Capacitor","Turbo","Defragment+1","Machine Learning+1","Streamline+1","Aggregate+1"],"relics":["Cracked Core","MealTicket"],"acts_visited":["Exordium"],"potions_floor_usage":[10,14],"damage_taken":[{"damage":0,"enemies":"Small Slimes","floor":1,"turns":3},{"damage":1,"enemies":"Cultist","floor":2,"turns":3},{"damage":3,"enemies":"Jaw Worm","floor":4,"turns":3},{"damage":5,"enemies":"Looter","floor":5,"turns":3},{"damage":9,"enemies":"Large Slime","floor":7,"turns":6},{"damage":17,"enemies":"Exordium Thugs","floor":10,"turns":5},{"damage":19,"enemies":"Blue Slaver","floor":11,"turns":3},{"damage":21,"enemies":"3 Louse","floor":14,"turns":3},{"damage":0,"enemies":"Fading Forest","floor":16,"turns":4}],"seed_played":"7698939119973567944","potions_obtained":[{"floor":1,"key":"Weak Potion"},{"floor":2,"key":"DistilledChaos"},{"floor":4,"key":"champ:CounterPotion"}],"is_trial":false,"path_per_floor":["M","M","?","M","M","R","M","R","T","M","M","R","?","M","R","B"],"character_chosen":"DEFECT","items_purchased":[],"campfire_rested":0,"item_purchase_floors":[],"current_hp_per_floor":[82,81,81,78,73,73,64,64,64,47,28,28,28,7,7,7,7],"gold":269,"neow_bonus":"TEN_PERCENT_HP_BONUS","is_daily":false,"chose_seed":false,"campfire_upgraded":4,"win_rate":0.0,"timestamp":1609035649,"path_taken":["M","M","?","M","M","R","M","R","T","?","M","R","?","M","R","BOSS"],"items_purchased_type":[],"build_version":"2020-12-22","purchased_purges":0,"victory":false,"max_hp_per_floor":[82,82,82,82,82,82,82,82,82,82,82,82,82,82,82,82,82],"relic_stats":{"counters":[9,33],"MealTicket":0,"obtain_stats":[{"MealTicket":9,"Cracked Core":0},{"MealTicket":5,"Cracked Core":0},{"MealTicket":18,"Cracked Core":0}]},"card_choices":[{"not_picked":["Doom and Gloom","Leap","Compile Driver"],"picked":"SKIP","floor":1},{"not_picked":["ReplayGash","Beam Cell"],"picked":"Capacitor","floor":2},{"not_picked":["Sunder","Go for the Eyes"],"picked":"Turbo","floor":4},{"not_picked":["Steam","Darkness"],"picked":"Defragment","floor":5},{"not_picked":["Barrage","Turbo"],"picked":"Machine Learning","floor":7},{"not_picked":["Leap","Reprogram","Time Bomb"],"picked":"SKIP","floor":10},{"not_picked":["Rebound","Leap"],"picked":"Streamline","floor":11},{"not_picked":["Conserve Battery","Streamline"],"picked":"Aggregate","floor":14}],"player_experience":82924,"relics_obtained":[{"floor":9,"key":"MealTicket"}],"event_choices":[{"damage_healed":0,"gold_gain":0,"player_choice":"Bought 0 Potions","damage_taken":0,"max_hp_gain":0,"max_hp_loss":0,"event_name":"The Woman in Blue","floor":3,"gold_loss":0}],"is_beta":false,"boss_relics":[],"items_purged_floors":[],"is_endless":false,"potions_floor_spawned":[1,2,4],"killed_by":"Fading Forest","ascension_level":0}}