{"host":"p9ipwvgp8zk1gu4u","time":1609062211,"event":{"mods":["Act Like it!","BaseMod","BetterRewards","Block Reminder","Colored Map","Colored Powertips","DeckTracker","Downfall","Gensokyo","Gold Saver","Hermit","Marisa????????","Minty Spire (QoL Compilation)","Nova Terra(??·??)","Relic Filter","Replay The Spire","StSLib","The Alterego","The Bladedancer","The Hierophant","The Servant 0.9.4","TheSwordswoman","Yakumo Yukari mod","Yuri Mod"],"gold_per_floor":[1015,1029,559,559,559,593,608,608,658,658,676,676,687,701,701,701,701],"floor_reached":16,"playtime":664,"items_purged":["Dualcast"],"score":117,"play_id":"9598afc0-7733-4385-a705-bc39369401d3","local_time":"20201227044331","is_ascension_mode":true,"campfire_choices":[{"data":"Defend_B","floor":8,"key":"SMITH"},{"data":"Defend_B","floor":10,"key":"SMITH"},{"data":"Steam","floor":12,"key":"SMITH"},{"floor":15,"key":"REST"}],"circlet_count":0,"master_deck":["Strike_B","Strike_B","Strike_B","Strike_B","Defend_B+1","Defend_B+1","Defend_B","Defend_B+1","Zap+1","Steam+1","Reboot+1"],"relics":["Cracked Core","Unceasing Top","Golden Egg","Oddly Smooth Stone","Replay:Wax Seal","Vajra"],"acts_visited":["Exordium"],"potions_floor_usage":[6],"damage_taken":[{"damage":2,"enemies":"Jaw Worm","floor":1,"turns":3},{"damage":1,"enemies":"Cultist","floor":2,"turns":3},{"damage":27,"enemies":"Gremlin Nob","floor":6,"turns":4},{"damage":1,"enemies":"2 Louse","floor":7,"turns":3},{"damage":0,"enemies":"Blue Slaver","floor":11,"turns":4},{"damage":0,"enemies":"3 Louse","floor":13,"turns":3},{"damage":0,"enemies":"Large Slime","floor":14,"turns":5},{"damage":73,"enemies":"Fading Forest","floor":16,"turns":10}],"seed_played":"114701719451493925","potions_obtained":[{"floor":5,"key":"Adrenaline Potion"},{"floor":5,"key":"FairyPotion"},{"floor":5,"key":"Reflective Coating"},{"floor":6,"key":"Cursed Concoction"},{"floor":13,"key":"BlessingOfTheForge"}],"is_trial":false,"path_per_floor":["M","M","$","?","?","E","M","R","T","R","M","R","M","M","R","B"],"character_chosen":"DEFECT","items_purchased":["Golden Egg","Oddly Smooth Stone"],"campfire_rested":1,"item_purchase_floors":[3,3],"current_hp_per_floor":[52,51,51,36,36,9,8,8,8,8,8,8,8,8,30,0,0],"gold":701,"neow_bonus":"ONE_RARE_RELIC","is_daily":false,"chose_seed":false,"campfire_upgraded":3,"win_rate":0.0,"timestamp":1609062211,"path_taken":["M","M","$","?","?","E","M","R","T","R","?","R","M","M","R","BOSS"],"items_purchased_type":["Relic","Relic"],"build_version":"2020-12-22","purchased_purges":1,"victory":false,"max_hp_per_floor":[75,75,75,75,75,75,75,75,75,75,75,75,75,75,75,75,75],"card_choices":[{"not_picked":["Rebound","Coolheaded","Cold Snap"],"picked":"SKIP","floor":1},{"not_picked":["Streamline","Redo","Steam Power"],"picked":"SKIP","floor":2},{"not_picked":["Hologram","ReplayTheSpireMod:System Scan","Crystallizer"],"picked":"SKIP","floor":6},{"not_picked":["Sweeping Beam","Rebound","BasicCrystalCard"],"picked":"SKIP","floor":7},{"not_picked":["Go for the Eyes","Leap"],"picked":"Steam","floor":11},{"not_picked":["Melter","Sweeping Beam"],"picked":"Reboot","floor":13},{"not_picked":["Compile Driver","ReplaySolidLightProjector","Streamline"],"picked":"SKIP","floor":14}],"player_experience":320055,"relics_obtained":[{"floor":6,"key":"Replay:Wax Seal"},{"floor":9,"key":"Vajra"}],"event_choices":[{"damage_healed":0,"gold_gain":0,"player_choice":"Entered Light","damage_taken":15,"max_hp_gain":0,"max_hp_loss":0,"event_name":"Shining Light","floor":4,"gold_loss":0,"cards_upgraded":["Zap","Defend_B"]},{"damage_healed":0,"gold_gain":0,"player_choice":"Got Potions","damage_taken":0,"max_hp_gain":0,"max_hp_loss":0,"event_name":"Lab","floor":5,"gold_loss":0}],"is_beta":false,"boss_relics":[],"items_purged_floors":[3],"is_endless":false,"potions_floor_spawned":[6,7,13],"killed_by":"Fading Forest","ascension_level":3}}