{"host":"n9qtmgye2hz5t4ok","time":1609077840,"event":{"mods":["Act Like it!","BaseMod","Colored Map","Colored Powertips","Downfall","Gensokyo","Hermit","Marisa????????","Minty Spire (QoL Compilation)","Remilia??????","StSLib","The Cursed","The Servant 0.9.4"],"gold_per_floor":[114,67766,67727,67745,66599,66599,66609,66609,66609,66609,65900,65925,66281,66307,66307,66405,66405,66417,66417,66431,66431,66445,66472,66482,66482,66482,65699,65711,65731,65757,65757,65757,65858,65858,65876,65876,65891,65198,65198,65230,65230,65123,65149,65161,65161,65161,0,0,0,0],"floor_reached":51,"playtime":4039,"items_purged":["Defend_B","Strike_B","Defend_B","Strike_B","Strike_B"],"score":819,"play_id":"7fd8eae4-6a20-4f4c-8bbc-49dd47a25aa5","local_time":"20201227150400","is_ascension_mode":false,"campfire_choices":[{"data":"Storm","floor":6,"key":"SMITH"},{"data":"Double Energy","floor":8,"key":"SMITH"},{"data":"Capacitor","floor":15,"key":"SMITH"},{"data":"Double Energy","floor":25,"key":"SMITH"},{"data":"Loop","floor":32,"key":"SMITH"},{"floor":41,"key":"REST"},{"data":"Skim","floor":46,"key":"SMITH"},{"data":"Hello World","floor":49,"key":"SMITH"}],"circlet_count":0,"master_deck":["Defend_B","Zap","Dualcast","Doom and Gloom","Skim+1","Master of Strategy","Static Discharge","expansioncontent:SuperHexaguard","Thunder Strike","Melter","Storm+1","Beam Cell","Master of Strategy","Streamline","Double Energy+1","Hello World+1","Ball Lightning","Capacitor+1","Aggregate+1","Sweeping Beam","Electrodynamics","Steam","Storm+1","Stack","Biased Cognition","Double Energy+1","Double Energy+1","Capacitor+1","BootSequence","Defragment","Loop+1","Creative AI","Defragment+1","expansioncontent:CaCaw","Magnetism","Deep Breath","BootSequence","Skim+1"],"relics":["Cracked Core","Bag of Preparation","Ornamental Fan","Strange Spoon","Gremlin Horn","Thread and Needle","Cauldron","Mercury Hourglass","PreservedInsect","Strawberry","Chemical X","Lantern","Old Coin","Bronze Scales","Runic Pyramid","ScarletDevilRocket","Bottled Lightning","Juzu Bracelet","Darkstone Periapt","DollysMirror","Centennial Puzzle","SacredBark","Regal Pillow","Ancient Tea Set","Frozen Eye","Bottled Tornado","Potion Belt","Anchor","Red Mask"],"acts_visited":["Exordium","TheCity","TheBeyond"],"potions_floor_usage":[50,50],"damage_taken":[{"damage":0,"enemies":"Cultist","floor":1,"turns":4},{"damage":0,"enemies":"2 Louse","floor":4,"turns":2},{"damage":2,"enemies":"Jaw Worm","floor":7,"turns":3},{"damage":0,"enemies":"Gremlin Nob","floor":12,"turns":2},{"damage":5,"enemies":"3 Sentries","floor":13,"turns":3},{"damage":2,"enemies":"Lagavulin","floor":14,"turns":3},{"damage":44,"enemies":"Hexaghost","floor":16,"turns":4},{"damage":0,"enemies":"Spheric Guardian","floor":18,"turns":1},{"damage":0,"enemies":"Chosen","floor":20,"turns":2},{"damage":0,"enemies":"Sentry and Sphere","floor":22,"turns":3},{"damage":0,"enemies":"Book of Stabbing","floor":23,"turns":2},{"damage":0,"enemies":"Snake Plant","floor":24,"turns":2},{"damage":0,"enemies":"Chosen and Byrds","floor":28,"turns":2},{"damage":0,"enemies":"Snecko","floor":29,"turns":2},{"damage":0,"enemies":"Slavers","floor":30,"turns":1},{"damage":17,"enemies":"Collector","floor":33,"turns":4},{"damage":19,"enemies":"3 Shapes","floor":35,"turns":2},{"damage":9,"enemies":"3 Darklings","floor":37,"turns":2},{"damage":19,"enemies":"Reptomancer","floor":40,"turns":3},{"damage":0,"enemies":"4 Shapes","floor":44,"turns":2},{"damage":14,"enemies":"Donu and Deca","floor":50,"turns":3}],"seed_played":"2048003497123206164","potions_obtained":[{"floor":1,"key":"SteroidPotion"},{"floor":5,"key":"EssenceOfSteel"}],"is_trial":false,"path_per_floor":["M","$","?","M","$","R","M","R","T","?","$","E","?","E","R","B",null,"M","?","M","?","M","E","M","R","T","$","M","M","E","?","R","B",null,"M","?","M","$","?","E","R","?","T","M","?","R","?","$","R","B",null],"character_chosen":"DEFECT","items_purchased":["Skim","Master of Strategy","Bag of Preparation","Ornamental Fan","Strange Spoon","Static Discharge","hexamod:EctoCoolerPotion","SteroidPotion","expansioncontent:SuperHexaguard","Thunder Strike","Gremlin Horn","Thread and Needle","Cauldron","Storm","Beam Cell","Master of Strategy","Streamline","PreservedInsect","Strawberry","Chemical X","Hello World","Ball Lightning","Juzu Bracelet","Darkstone Periapt","DollysMirror","BootSequence","Regal Pillow","Ancient Tea Set","Frozen Eye","BootSequence"],"campfire_rested":1,"item_purchase_floors":[2,2,2,2,2,2,2,2,2,2,5,5,5,5,5,5,5,11,11,11,11,11,27,27,27,27,38,38,38,38],"current_hp_per_floor":[82,82,82,82,82,82,80,80,80,73,80,80,75,73,73,29,89,89,89,89,89,89,89,89,89,89,89,89,89,89,89,89,72,89,70,60,51,51,51,32,73,73,73,73,73,73,73,73,73,59],"gold":0,"neow_bonus":"TEN_PERCENT_HP_BONUS","is_daily":false,"chose_seed":false,"campfire_upgraded":7,"win_rate":0.0,"timestamp":1609077840,"path_taken":["M","?","?","M","$","R","M","R","T","?","$","E","?","E","R","BOSS","M","?","?","?","M","E","M","R","T","$","M","M","E","?","R","BOSS","M","?","M","$","?","E","R","?","T","M","?","R","?","$","R","BOSS"],"items_purchased_type":["Card","Card","Relic","Relic","Relic","Card","Potion","Potion","Card","Card","Relic","Relic","Relic","Card","Card","Card","Card","Relic","Relic","Relic","Card","Card","Relic","Relic","Relic","Card","Relic","Relic","Relic","Card"],"build_version":"2020-12-22","purchased_purges":5,"victory":true,"max_hp_per_floor":[82,82,82,82,82,82,82,82,82,82,89,89,89,89,89,89,89,89,89,89,89,89,89,89,89,89,89,89,89,89,89,89,89,89,89,89,89,89,89,89,89,89,89,89,85,85,85,85,85,85],"card_choices":[{"not_picked":["Chaos","Barrage"],"picked":"Doom and Gloom","floor":1},{"not_picked":["Lockon","Steam"],"picked":"Melter","floor":4},{"not_picked":["Ball Lightning","Scrape"],"picked":"Double Energy","floor":7},{"not_picked":["Consume","Glacier"],"picked":"Capacitor","floor":12},{"not_picked":["Ball Lightning","Sweeping Beam"],"picked":"Aggregate","floor":13},{"not_picked":["Chill","Steam"],"picked":"Sweeping Beam","floor":14},{"not_picked":["Amplify","Thunder Strike"],"picked":"Electrodynamics","floor":16},{"not_picked":["Gash+1","Ball Lightning"],"picked":"Steam","floor":18},{"not_picked":["Redo+1","Sweeping Beam"],"picked":"Stack","floor":20},{"not_picked":["Conserve Battery","Redo"],"picked":"Biased Cognition","floor":22},{"not_picked":["Scrape","Go for the Eyes+1"],"picked":"Double Energy+1","floor":23},{"not_picked":["Redo","Cold Snap"],"picked":"Double Energy","floor":24},{"not_picked":["Ball Lightning","Leap"],"picked":"Defragment","floor":28},{"not_picked":["Fusion","Redo","Ball Lightning"],"picked":"SKIP","floor":29},{"not_picked":["Redo","Genetic Algorithm","Sweeping Beam"],"picked":"SKIP","floor":30},{"not_picked":["Biased Cognition","Thunder Strike"],"picked":"Creative AI","floor":33},{"not_picked":["Hologram+1","Redo+1"],"picked":"Defragment+1","floor":35},{"not_picked":["Swift Strike","expansioncontent:Torchfire"],"picked":"expansioncontent:CaCaw","floor":36},{"not_picked":["Secret Technique","expansioncontent:Hexaburn"],"picked":"Magnetism","floor":36},{"not_picked":["Bandage Up","Impatience"],"picked":"Deep Breath","floor":36},{"not_picked":["Rip and Tear+1","Lockon","Sweeping Beam+1"],"picked":"SKIP","floor":37},{"not_picked":["Cold Snap","Double Energy","Redo+1"],"picked":"SKIP","floor":40},{"not_picked":["Fusion+1","Cold Snap"],"picked":"Skim+1","floor":44}],"player_experience":38429,"relics_obtained":[{"floor":9,"key":"Mercury Hourglass"},{"floor":12,"key":"Lantern"},{"floor":14,"key":"Bronze Scales"},{"floor":23,"key":"ScarletDevilRocket"},{"floor":26,"key":"Bottled Lightning"},{"floor":30,"key":"Centennial Puzzle"},{"floor":40,"key":"Bottled Tornado"},{"floor":43,"key":"Anchor"}],"event_choices":[{"damage_healed":0,"gold_gain":0,"player_choice":"Left Gold","damage_taken":0,"max_hp_gain":0,"max_hp_loss":0,"event_name":"World of Goop","floor":3,"gold_loss":39},{"cards_removed":["Strike_B"],"damage_healed":0,"gold_gain":0,"player_choice":"Card Removal","damage_taken":7,"max_hp_gain":0,"max_hp_loss":0,"event_name":"Golden Wing","floor":10,"gold_loss":0},{"damage_healed":0,"gold_gain":0,"player_choice":"Searched \u00272\u0027 times","damage_taken":0,"relics_obtained":["Old Coin"],"max_hp_gain":0,"max_hp_loss":0,"event_name":"Dead Adventurer","floor":13,"gold_loss":0},{"damage_healed":0,"gold_gain":0,"player_choice":"Copied","damage_taken":0,"max_hp_gain":0,"max_hp_loss":0,"event_name":"Duplicator","floor":19,"gold_loss":0,"cards_obtained":["Storm"]},{"damage_healed":0,"gold_gain":0,"cards_transformed":["Defend_B"],"player_choice":"Transformed","damage_taken":0,"max_hp_gain":0,"max_hp_loss":0,"event_name":"Transmorgrifier","floor":31,"gold_loss":0,"cards_obtained":["Loop"]},{"damage_healed":0,"gold_gain":0,"player_choice":"Memory 3","damage_taken":10,"max_hp_gain":0,"max_hp_loss":0,"event_name":"SensoryStone","floor":36,"gold_loss":0},{"damage_healed":0,"gold_gain":0,"player_choice":"Forge","damage_taken":0,"max_hp_gain":0,"max_hp_loss":0,"event_name":"Accursed Blacksmith","floor":39,"gold_loss":0,"cards_upgraded":["Aggregate"]},{"damage_healed":0,"gold_gain":0,"player_choice":"Paid Gold","damage_taken":0,"relics_obtained":["Potion Belt"],"max_hp_gain":0,"max_hp_loss":0,"event_name":"WeMeetAgain","floor":42,"gold_loss":107},{"damage_healed":0,"gold_gain":0,"player_choice":"Max HP","damage_taken":0,"max_hp_gain":0,"max_hp_loss":4,"event_name":"Winding Halls","floor":45,"gold_loss":0},{"damage_healed":0,"gold_gain":0,"player_choice":"Paid","damage_taken":0,"relics_obtained":["Red Mask"],"max_hp_gain":0,"max_hp_loss":0,"event_name":"Tomb of Lord Red Mask","floor":47,"gold_loss":65161}],"is_beta":false,"boss_relics":[{"not_picked":["Tiny House","Snecko Eye"],"picked":"Runic Pyramid"},{"not_picked":["Runic Dome","FrozenCore"],"picked":"SacredBark"}],"items_purged_floors":[2,5,11,27,38],"is_endless":false,"potions_floor_spawned":[1,12,14,18,28,30,33,37,40],"ascension_level":0}}