{"host":"h0xw20cia6ppa69g","time":1609067565,"event":{"mods":["AchievementEnabler","BaseMod","Colored Map","Filter the Spire","Googly Eyes","Minty Spire (QoL Compilation)","Relic Stats","StSLib","The Awakened One except there are too many feathers","everything is the same but u backflip on backflip"],"gold_per_floor":[360,360,63,78,97,124,124,134,134,134,163,181,207,207,207,302,302,316,331,24,37,52,84,84,98,98,98,131,131,156,172,172,270,270,280,280,291,142,142,142,171,171,171,183,197,225,243,277,277,277,277,277,59,59,59],"floor_reached":54,"playtime":3591,"items_purged":["Anger","Inflame"],"score":897,"play_id":"019ec75f-e90c-4955-b9d9-f8f3722c6d56","local_time":"20201227051245","is_ascension_mode":true,"campfire_choices":[{"data":"Dual Wield","floor":7.0,"key":"SMITH"},{"data":"True Grit","floor":10.0,"key":"SMITH"},{"data":"Burning Pact","floor":15.0,"key":"SMITH"},{"data":"1","floor":27.0,"key":"LIFT"},{"data":"2","floor":32.0,"key":"LIFT"},{"data":"3","floor":40,"key":"LIFT"},{"floor":49,"key":"RECALL"},{"data":"Apotheosis","floor":52,"key":"SMITH"}],"circlet_count":0,"master_deck":["Bash","Shockwave","Exhume","Dual Wield+1","Thunderclap+1","Headbutt","Cleave","Inflame","True Grit+1","Dropkick","Burning Pact+1","Fiend Fire+1","Reaper","Power Through","Feel No Pain","Shrug It Off","Demon Form","True Grit","Metallicize","Warcry+1","Bloodletting","True Grit+1","Offering","Dropkick","Magnetism","Dark Shackles","Panacea","Apotheosis+1","Flame Barrier+1","Bludgeon","Berserk","Battle Trance","Flame Barrier","Dark Embrace","Barricade"],"relics":["Burning Blood","OrangePellets","Strawberry","Darkstone Periapt","Pocketwatch","Anchor","Pandora\u0027s Box","Membership Card","Blue Candle","Prayer Wheel","Girya","Vajra","Meat on the Bone","Whetstone","Philosopher\u0027s Stone","Magic Flower","Omamori","Gremlin Horn","Akabeko","Lantern","HandDrill"],"acts_visited":["Exordium","TheCity","TheBeyond","TheEnding"],"potions_floor_usage":[54],"damage_taken":[{"damage":8.0,"enemies":"2 Louse","floor":1.0,"turns":3.0},{"damage":0.0,"enemies":"Cultist","floor":4.0,"turns":4.0},{"damage":6.0,"enemies":"Jaw Worm","floor":5.0,"turns":3.0},{"damage":26.0,"enemies":"Lagavulin","floor":6.0,"turns":7.0},{"damage":9.0,"enemies":"Blue Slaver","floor":8.0,"turns":3.0},{"damage":5.0,"enemies":"3 Sentries","floor":11.0,"turns":7.0},{"damage":0.0,"enemies":"Exordium Wildlife","floor":12.0,"turns":2.0},{"damage":29.0,"enemies":"Gremlin Nob","floor":13.0,"turns":4.0},{"damage":39.0,"enemies":"Slime Boss","floor":16.0,"turns":9.0},{"damage":4.0,"enemies":"2 Thieves","floor":18.0,"turns":5.0},{"damage":10.0,"enemies":"Spheric Guardian","floor":19.0,"turns":5.0},{"damage":26.0,"enemies":"Cultist and Chosen","floor":21.0,"turns":11.0},{"damage":8.0,"enemies":"Snecko","floor":22.0,"turns":7.0},{"damage":37.0,"enemies":"Slavers","floor":23.0,"turns":9.0},{"damage":33.0,"enemies":"Centurion and Healer","floor":25.0,"turns":8.0},{"damage":13.0,"enemies":"Book of Stabbing","floor":28.0,"turns":5.0},{"damage":56.0,"enemies":"Gremlin Leader","floor":30.0,"turns":8.0},{"damage":27.0,"enemies":"Cultist and Chosen","floor":31.0,"turns":8.0},{"damage":62.0,"enemies":"Automaton","floor":33.0,"turns":11.0},{"damage":42.0,"enemies":"3 Darklings","floor":35.0,"turns":3.0},{"damage":14.0,"enemies":"3 Shapes","floor":37.0,"turns":7.0},{"damage":9,"enemies":"Nemesis","floor":41,"turns":5},{"damage":18,"enemies":"Maw","floor":44,"turns":8},{"damage":0,"enemies":"4 Shapes","floor":45,"turns":9},{"damage":26,"enemies":"Giant Head","floor":46,"turns":5},{"damage":6,"enemies":"3 Darklings","floor":47,"turns":6},{"damage":13,"enemies":"Reptomancer","floor":48,"turns":4},{"damage":11,"enemies":"Time Eater","floor":50,"turns":10},{"damage":88,"enemies":"Shield and Spear","floor":54,"turns":7}],"seed_played":"4807637339615700811","potions_obtained":[{"floor":1.0,"key":"FairyPotion"},{"floor":5.0,"key":"EssenceOfSteel"},{"floor":8.0,"key":"DuplicationPotion"},{"floor":18.0,"key":"SkillPotion"},{"floor":25.0,"key":"Energy Potion"},{"floor":45,"key":"DuplicationPotion"}],"is_trial":false,"path_per_floor":["M","?","$","M","M","E","R","M","T","R","E","M","E","T","R","B",null,"M","M","$","M","M","E","?","M","T","R","E","T","E","M","R","B",null,"M","?","M","$","?","R","E","?","T","M","M","E","M","E","R","B",null,"R","$","E"],"character_chosen":"IRONCLAD","items_purchased":["OrangePellets","Dual Wield","Rampage","Thunderclap","Membership Card","Blue Candle","Magnetism","Barricade","Lantern","HandDrill"],"campfire_rested":0,"item_purchase_floors":[3,3,3,3,20,20,38,53,53,53],"current_hp_per_floor":[78,78,78,80,80,67,67,64,64,64,65,71,48,48,48,15,87,87,83,83,87,87,78,78,87,87,87,80,80,87,87,87,87,87,87,87,87,87,77,77,74,74,74,87,87,87,87,87,87,87,87,87,87,0,0],"gold":59,"neow_bonus":"TWO_FIFTY_GOLD","is_daily":false,"chose_seed":false,"campfire_upgraded":4,"win_rate":0.0,"timestamp":1609067565,"path_taken":["M","?","$","M","?","E","R","?","T","R","E","M","E","?","R","BOSS","M","M","$","M","M","E","?","M","T","R","E","?","E","M","R","BOSS","M","?","?","$","?","R","E","?","T","M","M","E","M","E","R","BOSS","R","$","E"],"items_purchased_type":["Relic","Card","Card","Card","Relic","Relic","Card","Card","Relic","Relic"],"build_version":"2020-12-22","purchased_purges":2,"victory":false,"max_hp_per_floor":[80,80,80,80,80,87,87,87,87,87,87,87,87,87,87,87,87,87,87,87,87,87,87,87,87,87,87,87,87,87,87,87,87,87,87,87,87,87,87,87,87,87,87,87,87,87,87,87,87,87,87,87,87,87,87],"relic_stats":{"Darkstone Periapt":0,"Gremlin Horn":[5,7],"counters":[29,183],"Blue Candle":[0],"Magic Flower":[10],"Whetstone":["Thunderclap","Fiend Fire"],"Burning Blood":84,"OrangePellets":[20],"Pandora\u0027s Box":["Reaper","Power Through","Feel No Pain","Shrug It Off","Anger","Demon Form","Flex","Inflame"],"Prayer Wheel":7,"HandDrill":[0],"obtain_stats":[{"Darkstone Periapt":9,"Girya":26,"Lantern":53,"Gremlin Horn":46,"Blue Candle":20,"Vajra":28,"Magic Flower":41,"Omamori":43,"Whetstone":30,"Burning Blood":0,"Akabeko":48,"OrangePellets":3,"Anchor":13,"Strawberry":6,"Pandora\u0027s Box":17,"Prayer Wheel":23,"Philosopher\u0027s Stone":34,"HandDrill":53,"Membership Card":20,"Pocketwatch":11,"Meat on the Bone":29},{"Darkstone Periapt":5,"Girya":15,"Lantern":28,"Gremlin Horn":25,"Blue Candle":11,"Vajra":16,"Magic Flower":22,"Omamori":22,"Whetstone":17,"Burning Blood":0,"Akabeko":27,"OrangePellets":1,"Anchor":8,"Strawberry":4,"Pandora\u0027s Box":9,"Prayer Wheel":14,"Philosopher\u0027s Stone":19,"HandDrill":28,"Membership Card":11,"Pocketwatch":6,"Meat on the Bone":16},{"Darkstone Periapt":20,"Girya":87,"Lantern":176,"Gremlin Horn":156,"Blue Candle":52,"Vajra":92,"Magic Flower":134,"Omamori":134,"Whetstone":100,"Burning Blood":0,"Akabeko":166,"OrangePellets":3,"Anchor":33,"Strawberry":17,"Pandora\u0027s Box":42,"Prayer Wheel":79,"Philosopher\u0027s Stone":119,"HandDrill":176,"Membership Card":52,"Pocketwatch":27,"Meat on the Bone":92}],"Pocketwatch":[231],"Meat on the Bone":0},"card_choices":[{"not_picked":["Perfected Strike","Havoc"],"picked":"Shockwave","floor":1.0},{"not_picked":["Anger","Clothesline"],"picked":"Headbutt","floor":4.0},{"not_picked":["Wild Strike","Fire Breathing"],"picked":"Cleave","floor":5.0},{"not_picked":["Pommel Strike","Armaments"],"picked":"Inflame","floor":6.0},{"not_picked":["Headbutt","Anger"],"picked":"True Grit","floor":8.0},{"not_picked":["Shrug It Off","Infernal Blade"],"picked":"Dropkick","floor":11.0},{"not_picked":["Headbutt","Twin Strike","Havoc"],"picked":"SKIP","floor":12.0},{"not_picked":["Body Slam","Exhume"],"picked":"Burning Pact","floor":13.0},{"not_picked":["Double Tap","Brutality"],"picked":"Fiend Fire","floor":16.0},{"not_picked":["Headbutt+1","Wild Strike","Iron Wave"],"picked":"SKIP","floor":18.0},{"not_picked":["Heavy Blade+1","Power Through+1"],"picked":"True Grit","floor":19.0},{"not_picked":["Demon Form","Sword Boomerang","Wild Strike+1"],"picked":"SKIP","floor":21.0},{"not_picked":["Iron Wave+1","Rage"],"picked":"Metallicize","floor":22.0},{"not_picked":["Entrench","Cleave"],"picked":"Warcry+1","floor":23.0},{"not_picked":["Body Slam","Ghostly Armor","Armaments"],"picked":"SKIP","floor":25.0},{"not_picked":["Shockwave","True Grit","Shrug It Off"],"picked":"SKIP","floor":25.0},{"not_picked":["Sever Soul+1","True Grit","Perfected Strike"],"picked":"SKIP","floor":28.0},{"not_picked":["Pommel Strike+1","Cleave"],"picked":"Bloodletting","floor":30.0},{"not_picked":["Combust","Barricade"],"picked":"True Grit+1","floor":31.0},{"not_picked":["Body Slam","Pommel Strike","Sever Soul+1"],"picked":"SKIP","floor":31.0},{"not_picked":["Fiend Fire","Reaper"],"picked":"Offering","floor":33.0},{"not_picked":["Warcry+1","Perfected Strike"],"picked":"Dropkick","floor":35.0},{"not_picked":["Armaments","Wild Strike","Inflame+1"],"picked":"SKIP","floor":35.0},{"not_picked":["Feel No Pain+1","Hemokinesis+1","Headbutt"],"picked":"SKIP","floor":37.0},{"not_picked":["Heavy Blade","Clothesline","True Grit"],"picked":"SKIP","floor":37.0},{"not_picked":["Mayhem","Impatience"],"picked":"Dark Shackles","floor":39},{"not_picked":["Master of Strategy","Bandage Up"],"picked":"Panacea","floor":39},{"not_picked":["Trip","Madness"],"picked":"Apotheosis","floor":39},{"not_picked":["Shrug It Off+1","Second Wind"],"picked":"Flame Barrier+1","floor":41},{"not_picked":["Clothesline","Armaments"],"picked":"Berserk","floor":44},{"not_picked":["Thunderclap+1","Combust","Bloodletting+1"],"picked":"SKIP","floor":44},{"not_picked":["True Grit","Armaments+1"],"picked":"Battle Trance","floor":45},{"not_picked":["Sever Soul+1","Havoc","Perfected Strike"],"picked":"SKIP","floor":45},{"not_picked":["Headbutt+1","Body Slam"],"picked":"Flame Barrier","floor":46},{"not_picked":["Flex","Whirlwind","Iron Wave+1"],"picked":"SKIP","floor":47},{"not_picked":["Shrug It Off","Sword Boomerang+1","Shockwave"],"picked":"SKIP","floor":47},{"not_picked":["Cleave+1","Iron Wave+1"],"picked":"Dark Embrace","floor":48}],"player_experience":3557550,"relics_obtained":[{"floor":6.0,"key":"Strawberry"},{"floor":9.0,"key":"Darkstone Periapt"},{"floor":11.0,"key":"Pocketwatch"},{"floor":13.0,"key":"Anchor"},{"floor":23.0,"key":"Prayer Wheel"},{"floor":26.0,"key":"Girya"},{"floor":28.0,"key":"Vajra"},{"floor":29.0,"key":"Meat on the Bone"},{"floor":30.0,"key":"Whetstone"},{"floor":41,"key":"Magic Flower"},{"floor":43,"key":"Omamori"},{"floor":46,"key":"Gremlin Horn"},{"floor":48,"key":"Akabeko"}],"event_choices":[{"damage_healed":0.0,"max_hp_gain":0.0,"max_hp_loss":0.0,"gold_gain":0.0,"cards_transformed":["Strike_R"],"event_name":"Transmorgrifier","player_choice":"Transformed","floor":2.0,"gold_loss":0.0,"damage_taken":0.0,"cards_obtained":["Exhume"]},{"cards_removed":["Rampage"],"damage_healed":0.0,"max_hp_gain":0.0,"max_hp_loss":0.0,"gold_gain":0.0,"event_name":"Back to Basics","player_choice":"Elegance","floor":24.0,"gold_loss":0.0,"damage_taken":0.0},{"cards_removed":["Clumsy"],"damage_healed":0.0,"max_hp_gain":0.0,"max_hp_loss":0.0,"gold_gain":0.0,"event_name":"Fountain of Cleansing","player_choice":"Removed Curses","floor":36.0,"gold_loss":0.0,"damage_taken":0.0},{"damage_healed":0,"gold_gain":0,"player_choice":"Memory 3","damage_taken":10,"max_hp_gain":0,"max_hp_loss":0,"event_name":"SensoryStone","floor":39,"gold_loss":0},{"damage_healed":0,"gold_gain":0,"cards_transformed":["Flex"],"player_choice":"Transformed","damage_taken":0,"max_hp_gain":0,"max_hp_loss":0,"event_name":"Transmorgrifier","floor":42,"gold_loss":0,"cards_obtained":["Bludgeon"]}],"is_beta":false,"boss_relics":[{"not_picked":["Sozu","Tiny House"],"picked":"Pandora\u0027s Box"},{"not_picked":["Astrolabe","SlaversCollar"],"picked":"Philosopher\u0027s Stone"}],"items_purged_floors":[20,38],"is_endless":false,"potions_floor_spawned":[1,5,8,18,22,25,28,33,37,41,45,47],"killed_by":"Shield and Spear","ascension_level":1}}