{"host":"k4et7hlhlqy8fuoz","time":1609068037,"event":{"mods":["2.2 Compatiblity","AchievementEnabler","BaseMod","Colored Map","DeckTracker","Highlight Path","Minty Spire (QoL Compilation)","Random Character Button","Rare Cards Sparkle"],"gold_per_floor":[109,129,129,147,157,157,35,35,35,69,89,89,12,23,23,23,23],"floor_reached":16,"playtime":1091,"items_purged":[],"score":100,"play_id":"73098c95-950b-4161-8c1b-92cb53da49e3","local_time":"20201227122037","is_ascension_mode":false,"campfire_choices":[{"floor":6,"key":"REST"},{"data":"Enlightenment","floor":8,"key":"SMITH"},{"floor":15,"key":"REST"}],"circlet_count":0,"master_deck":["Strike_R","Strike_R","Strike_R","Strike_R","Strike_R","Defend_R","Defend_R","Defend_R","Defend_R","Bash","Rage","Bloodletting","Dropkick","True Grit","Metallicize","Enlightenment+1","Cleave","Twin Strike+1","Fiend Fire","Uppercut"],"relics":["Burning Blood","Torii","Calipers","MealTicket","Odd Mushroom"],"acts_visited":["Exordium"],"potions_floor_usage":[14,16],"damage_taken":[{"damage":15,"enemies":"Small Slimes","floor":1,"turns":4},{"damage":3,"enemies":"2 Louse","floor":2,"turns":3},{"damage":8,"enemies":"Jaw Worm","floor":4,"turns":4},{"damage":13,"enemies":"Blue Slaver","floor":5,"turns":3},{"damage":47,"enemies":"3 Sentries","floor":10,"turns":16},{"damage":26,"enemies":"The Mushroom Lair","floor":11,"turns":5},{"damage":10,"enemies":"Exordium Thugs","floor":14,"turns":4},{"damage":80,"enemies":"Slime Boss","floor":16,"turns":10}],"seed_played":"4698198721480570228","potions_obtained":[{"floor":1,"key":"BloodPotion"},{"floor":5,"key":"DistilledChaos"},{"floor":11,"key":"Ancient Potion"},{"floor":14,"key":"SpeedPotion"}],"is_trial":false,"path_per_floor":["M","M","?","M","M","R","$","R","T","E","?","?","$","M","R","B"],"character_chosen":"IRONCLAD","items_purchased":["Metallicize","Enlightenment","Fiend Fire"],"campfire_rested":2,"item_purchase_floors":[7,7,13],"current_hp_per_floor":[79,82,70,68,61,87,87,87,87,46,26,26,41,54,80,0,0],"gold":23,"neow_bonus":"TEN_PERCENT_HP_BONUS","is_daily":false,"chose_seed":false,"campfire_upgraded":1,"win_rate":0.0,"timestamp":1609068037,"path_taken":["M","M","?","M","M","R","$","R","T","E","?","?","?","M","R","BOSS"],"items_purchased_type":["Card","Card","Card"],"build_version":"2020-12-22","purchased_purges":0,"victory":false,"max_hp_per_floor":[88,88,88,88,88,88,88,88,88,88,88,88,88,88,88,88,88],"card_choices":[{"not_picked":["Inflame","Cleave"],"picked":"Rage","floor":1},{"not_picked":["Reckless Charge","Second Wind"],"picked":"Bloodletting","floor":2},{"not_picked":["Inflame","Flex"],"picked":"Dropkick","floor":4},{"not_picked":["Feel No Pain","Pommel Strike"],"picked":"True Grit","floor":5},{"not_picked":["Twin Strike","Bloodletting"],"picked":"Cleave","floor":10},{"not_picked":["Rampage","Bloodletting"],"picked":"Twin Strike","floor":11},{"not_picked":["Clash","Rupture"],"picked":"Uppercut","floor":14}],"player_experience":2029,"relics_obtained":[{"floor":9,"key":"Calipers"},{"floor":10,"key":"MealTicket"},{"floor":11,"key":"Odd Mushroom"}],"event_choices":[{"damage_healed":0,"gold_gain":0,"player_choice":"Success","damage_taken":12,"relics_obtained":["Torii"],"max_hp_gain":0,"max_hp_loss":0,"event_name":"Scrap Ooze","floor":3,"gold_loss":0},{"damage_healed":0,"gold_gain":0,"player_choice":"Fought Mushrooms","damage_taken":0,"max_hp_gain":0,"max_hp_loss":0,"event_name":"Mushrooms","floor":11,"gold_loss":0},{"damage_healed":0,"gold_gain":0,"player_choice":"Grow","damage_taken":0,"max_hp_gain":0,"max_hp_loss":0,"event_name":"Living Wall","floor":12,"gold_loss":0,"cards_upgraded":["Twin Strike"]}],"is_beta":false,"boss_relics":[],"items_purged_floors":[],"is_endless":false,"potions_floor_spawned":[1,5,11,14],"killed_by":"Slime Boss","ascension_level":0}}