{"host":"5gc11emcm5chfr5t","time":1609033558,"event":{"mods":["2.2 Compatiblity","AchievementEnabler","BaseMod","Bestiary","Better Note","Colored Map","Colored Powertips","Downfall","Googly Eyes","Minty Spire (QoL Compilation)","Rare Cards Sparkle","StSLib"],"gold_per_floor":[99,99,99,399,399,324,324,337,10,38,38,23,23,23,23],"floor_reached":14,"playtime":517,"items_purged":[],"score":164,"play_id":"2f30599d-7904-4c89-b552-1676dac94a53","local_time":"20201226204558","is_ascension_mode":true,"campfire_choices":[{"floor":1,"key":"RECALL"},{"floor":6,"key":"REST"},{"floor":13,"key":"REST"}],"circlet_count":0,"master_deck":["AscendersBane","sneckomod:Strike","sneckomod:Strike","sneckomod:Strike","sneckomod:Defend","sneckomod:Defend","sneckomod:Defend","sneckomod:TailWhip","sneckomod:SnekBite","sneckomod:Unknown","sneckomod:Unknown","sneckomod:UnknownCommonSkill","sneckomod:UnknownWeak","Slimebound:Icky","Slimebound:Icky","sneckomod:Restock","sneckomod:IronFang","sneckomod:Transmogrify","expansioncontent:AwakenDeath","sneckomod:UnknownClassPURPLE","sneckomod:PureSnecko","sneckomod:Unknown3Cost"],"relics":["sneckomod:SneckoSoul","downfall:HeartsMalice","downfall:HeartBlessingRed","Regal Pillow","Akabeko"],"acts_visited":["Exordium"],"potions_floor_usage":[14],"damage_taken":[{"damage":0,"enemies":"Cultist","floor":2,"turns":1},{"damage":0,"enemies":"Jaw Worm","floor":3,"turns":1},{"damage":0,"enemies":"Small Slimes","floor":5,"turns":1},{"damage":24,"enemies":"Blue Slaver","floor":8,"turns":5},{"damage":5,"enemies":"downfall:FleeingMerchant","floor":9,"turns":4},{"damage":49,"enemies":"3 Sentries","floor":10,"turns":9},{"damage":15,"enemies":"downfall:FleeingMerchant","floor":12,"turns":5},{"damage":110,"enemies":"Lagavulin","floor":14,"turns":11}],"seed_played":"-6416732724305384899","potions_obtained":[{"floor":8,"key":"Guardian:BlockOnCardUsePotion"}],"is_trial":false,"path_per_floor":["R","M","M","?","M","R","T","M","$","E","?","$","R","E"],"character_chosen":"THE_SNECKO","items_purchased":["expansioncontent:AwakenDeath","sneckomod:SleevedAce","sneckomod:UnknownClassPURPLE"],"campfire_rested":2,"item_purchase_floors":[9,9,9],"current_hp_per_floor":[75,76,77,77,77,85,85,61,57,8,8,31,72,0,0],"gold":23,"neow_bonus":"THREE_ENEMY_KILL","is_daily":false,"chose_seed":false,"campfire_upgraded":0,"win_rate":0.0,"timestamp":1609033558,"path_taken":["R","M","M","?","M","R","T","M","$","E","?","?","R","E"],"items_purchased_type":["Card","Relic","Card"],"build_version":"2020-12-22","purchased_purges":0,"victory":false,"max_hp_per_floor":[83,84,85,85,85,85,85,85,86,86,86,87,87,87,87],"card_choices":[{"not_picked":["sneckomod:UnknownClassSLIMEBOUND","sneckomod:DefensiveFlair"],"picked":"sneckomod:UnknownCommonSkill","floor":2},{"not_picked":["sneckomod:Nope","sneckomod:UnknownBlock"],"picked":"sneckomod:UnknownWeak","floor":3},{"not_picked":["sneckomod:QuickMove","sneckomod:IronFang"],"picked":"sneckomod:Restock","floor":5},{"not_picked":["sneckomod:DiceBlock","sneckomod:DiceCrush"],"picked":"sneckomod:IronFang","floor":8},{"not_picked":["sneckomod:UnknownUncommonPower","sneckomod:CheapStock"],"picked":"sneckomod:Transmogrify","floor":9},{"not_picked":["sneckomod:Nope","sneckomod:UnknownBlock"],"picked":"sneckomod:PureSnecko","floor":10},{"not_picked":["sneckomod:UnknownBlock","sneckomod:ImprovisedAttack"],"picked":"sneckomod:Unknown3Cost","floor":12}],"player_experience":498617,"relics_obtained":[{"floor":7,"key":"Omamori"},{"floor":10,"key":"Omamori"},{"floor":10,"key":"Regal Pillow"},{"floor":12,"key":"Akabeko"}],"event_choices":[{"cards_removed":["Slimebound:Icky"],"damage_healed":0,"gold_gain":0,"player_choice":"Card Removal","damage_taken":0,"max_hp_gain":0,"max_hp_loss":0,"event_name":"The Cleric","floor":11,"gold_loss":0}],"is_beta":false,"boss_relics":[],"items_purged_floors":[],"is_endless":false,"potions_floor_spawned":[8],"killed_by":"Lagavulin","ascension_level":20}}