{"host":"d1ko3fbbyfpftrlc","time":1609062737,"event":{"mods":["BaseMod","Bestiary","Curses Come First","Minty Spire (QoL Compilation)","StSLib","The Animator","The Marked"],"gold_per_floor":[119,119,119,137,137,137,61,61,114,114,114,39,59,83,83,209,209,232,248,248,248,272,272,308,308,361,77,100,100,25,46,46,46,46],"floor_reached":33,"playtime":964,"items_purged":["Injury","Defend_R"],"score":278,"play_id":"84621002-38b9-4353-a082-3e4f43bace6d","local_time":"20201227165217","is_ascension_mode":false,"campfire_choices":[{"floor":6,"key":"RECALL"},{"data":"Cleave","floor":8,"key":"SMITH"},{"data":"Perfected Strike","floor":11,"key":"SMITH"},{"floor":15,"key":"REST"},{"data":"Double Tap","floor":23,"key":"SMITH"},{"floor":25,"key":"REST"},{"floor":32,"key":"REST"}],"circlet_count":0,"master_deck":["Strike_R","Strike_R","Strike_R","Strike_R+1","Strike_R+1","Defend_R","Defend_R","Cleave+1","Perfected Strike+1","Burning Pact","Pommel Strike","Double Tap+1","Hemokinesis+1","Twin Strike","Rupture","Seeing Red","Flex"],"relics":["Burning Blood","Nunchaku","Golden Idol","Sozu","Orichalcum","Pen Nib","Strange Spoon"],"acts_visited":["Exordium","TheCity"],"potions_floor_usage":[16],"damage_taken":[{"damage":8,"enemies":"Small Slimes","floor":1,"turns":3},{"damage":1,"enemies":"Jaw Worm","floor":4,"turns":5},{"damage":5,"enemies":"2 Louse","floor":13,"turns":2},{"damage":23,"enemies":"Large Slime","floor":14,"turns":4},{"damage":42,"enemies":"Slime Boss","floor":16,"turns":10},{"damage":36,"enemies":"3 Byrds","floor":18,"turns":5},{"damage":0,"enemies":"Chosen","floor":19,"turns":4},{"damage":15,"enemies":"Centurion and Healer","floor":22,"turns":3},{"damage":51,"enemies":"Book of Stabbing","floor":24,"turns":5},{"damage":22,"enemies":"Snake Plant","floor":28,"turns":3},{"damage":8,"enemies":"Cultist and Chosen","floor":31,"turns":3},{"damage":69,"enemies":"Automaton","floor":33,"turns":6}],"seed_played":"-8864816617980351655","potions_obtained":[{"floor":13,"key":"Swift Potion"},{"floor":16,"key":"SmokeBomb"}],"is_trial":false,"path_per_floor":["M","?","T","M","?","R","$","R","T","?","R","$","M","M","R","B",null,"M","M","?","?","M","R","E","R","T","$","M","$","?","M","R","B"],"character_chosen":"IRONCLAD","items_purchased":["Burning Pact","Seeing Red","Strange Spoon"],"campfire_rested":3,"item_purchase_floors":[7,27,27],"current_hp_per_floor":[70,70,70,75,56,56,56,56,56,56,56,56,57,40,68,32,96,66,72,72,72,63,63,18,46,46,46,30,30,30,28,56,0,0],"gold":46,"neow_bonus":"TWENTY_PERCENT_HP_BONUS","is_daily":false,"chose_seed":false,"campfire_upgraded":3,"win_rate":0.0,"timestamp":1609062737,"path_taken":["M","?","?","M","?","R","$","R","T","?","R","$","?","M","R","BOSS","M","M","?","?","M","R","E","R","T","$","?","?","?","M","R","BOSS"],"items_purchased_type":["Card","Card","Relic"],"build_version":"2020-12-22","purchased_purges":2,"victory":false,"max_hp_per_floor":[96,96,96,96,96,96,96,96,96,96,96,96,96,96,96,96,96,96,96,96,96,96,96,96,96,96,96,96,96,96,96,96,96,96],"card_choices":[{"not_picked":["Clothesline","Clash"],"picked":"Cleave","floor":1},{"not_picked":["Hemokinesis","Clash"],"picked":"Perfected Strike","floor":4},{"not_picked":["Fire Breathing","Armaments","Heavy Blade"],"picked":"SKIP","floor":13},{"not_picked":["Shockwave","Berserk"],"picked":"Pommel Strike","floor":14},{"not_picked":["Reaper","Barricade"],"picked":"Double Tap","floor":16},{"not_picked":["Pommel Strike","Ghostly Armor","Reckless Charge"],"picked":"SKIP","floor":18},{"not_picked":["Ghostly Armor+1","Pommel Strike"],"picked":"Hemokinesis+1","floor":19},{"not_picked":["Clothesline","Warcry","Body Slam"],"picked":"SKIP","floor":22},{"not_picked":["Sword Boomerang","Armaments","Iron Wave"],"picked":"SKIP","floor":24},{"not_picked":["Anger","Heavy Blade+1"],"picked":"Flex","floor":28},{"not_picked":["Armaments","Intimidate","Wild Strike"],"picked":"SKIP","floor":31}],"player_experience":27867,"relics_obtained":[{"floor":9,"key":"Nunchaku"},{"floor":24,"key":"Orichalcum"},{"floor":26,"key":"Pen Nib"}],"event_choices":[{"cards_removed":["Bash"],"damage_healed":0,"gold_gain":0,"player_choice":"Forget","damage_taken":0,"max_hp_gain":0,"max_hp_loss":0,"event_name":"Living Wall","floor":2,"gold_loss":0},{"damage_healed":0,"gold_gain":0,"player_choice":"Entered Light","damage_taken":19,"max_hp_gain":0,"max_hp_loss":0,"event_name":"Shining Light","floor":5,"gold_loss":0,"cards_upgraded":["Strike_R","Strike_R"]},{"damage_healed":0,"gold_gain":0,"player_choice":"Take Wound","damage_taken":0,"relics_obtained":["Golden Idol"],"max_hp_gain":0,"max_hp_loss":0,"event_name":"Golden Idol","floor":10,"gold_loss":0,"cards_obtained":["Injury"]},{"damage_healed":0,"gold_gain":0,"player_choice":"Read","damage_taken":0,"max_hp_gain":0,"max_hp_loss":0,"event_name":"The Library","floor":20,"gold_loss":0,"cards_obtained":["Twin Strike"]},{"damage_healed":0,"gold_gain":0,"player_choice":"1 cards matched","damage_taken":0,"max_hp_gain":0,"max_hp_loss":0,"event_name":"Match and Keep!","floor":21,"gold_loss":0,"cards_obtained":["Rupture"]},{"cards_removed":["Defend_R"],"damage_healed":0,"gold_gain":0,"player_choice":"Gave Gold","damage_taken":0,"max_hp_gain":0,"max_hp_loss":0,"event_name":"Beggar","floor":30,"gold_loss":75}],"is_beta":false,"boss_relics":[{"not_picked":["Ectoplasm","Tiny House"],"picked":"Sozu"}],"items_purged_floors":[12,27],"is_endless":false,"potions_floor_spawned":[13,16,22,24],"killed_by":"Automaton","ascension_level":0}}