{"host":"6pgtslebjnyv5xmi","time":1609074350,"event":{"mods":["AchievementEnabler","BaseMod","Colored Map","Minty Spire (QoL Compilation)","Rare Cards Sparkle","StSLib","SuperFastMode","everything is the same but u backflip on backflip"],"gold_per_floor":[112,112,127,137,155,155,179,194,249,249,5,21,21,37,37,138,138,149,5,5,23,101,101,117,127,127,145,157,157,157,167,167,263,263,282,135,135,149,163,163,163,183,206,56,56,56,56,79,79,79],"floor_reached":51,"playtime":2471,"items_purged":[],"score":1002,"play_id":"1e415fbc-f60f-4b17-a58c-feb8fd7fa6a1","local_time":"20201227220550","is_ascension_mode":true,"campfire_choices":[{"data":"Body Slam","floor":6.0,"key":"SMITH"},{"data":"Body Slam","floor":10.0,"key":"SMITH"},{"data":"Heavy Blade","floor":13.0,"key":"SMITH"},{"floor":15.0,"key":"REST"},{"data":"Demon Form","floor":23.0,"key":"SMITH"},{"data":"Inflame","floor":29.0,"key":"SMITH"},{"data":"Corruption","floor":32.0,"key":"SMITH"},{"data":"Juggernaut","floor":40,"key":"SMITH"},{"floor":47,"key":"REST"},{"floor":49,"key":"REST"}],"circlet_count":0,"master_deck":["AscendersBane","Defend_R","Defend_R","Defend_R","Defend_R","Demon Form+1","Body Slam+1","Flex","Heavy Blade+1","Body Slam+1","Battle Trance","Battle Trance+1","Bloodletting+1","Bite","Bite","Bite","Bite","Bite","Intimidate+1","Ghostly Armor+1","Armaments+1","Inflame+1","Corruption+1","Juggernaut+1","Disarm+1","Madness+1","Madness+1","Metallicize","Thunderclap"],"relics":["Black Blood","Omamori","Centennial Puzzle","Toxic Egg 2","Runic Dome","Happy Flower","Mummified Hand","Du-Vu Doll","Strange Spoon","Bag of Marbles","Pen Nib","CeramicFish"],"acts_visited":["Exordium","TheCity","TheBeyond"],"potions_floor_usage":[39,50,50,50],"damage_taken":[{"damage":13.0,"enemies":"Jaw Worm","floor":1.0,"turns":4.0},{"damage":20.0,"enemies":"Cultist","floor":3.0,"turns":5.0},{"damage":9.0,"enemies":"2 Louse","floor":4.0,"turns":3.0},{"damage":25.0,"enemies":"Exordium Thugs","floor":5.0,"turns":7.0},{"damage":7.0,"enemies":"2 Fungi Beasts","floor":8.0,"turns":4.0},{"damage":8.0,"enemies":"Red Slaver","floor":12.0,"turns":5.0},{"damage":4.0,"enemies":"Exordium Wildlife","floor":14.0,"turns":3.0},{"damage":56.0,"enemies":"Hexaghost","floor":16.0,"turns":8.0},{"damage":5.0,"enemies":"Chosen","floor":18.0,"turns":4.0},{"damage":29.0,"enemies":"2 Thieves","floor":21.0,"turns":3.0},{"damage":14.0,"enemies":"Centurion and Healer","floor":24.0,"turns":5.0},{"damage":33.0,"enemies":"Snake Plant","floor":25.0,"turns":4.0},{"damage":5.0,"enemies":"Shelled Parasite and Fungi","floor":27.0,"turns":3.0},{"damage":8.0,"enemies":"Cultist and Chosen","floor":28.0,"turns":5.0},{"damage":5.0,"enemies":"3 Cultists","floor":31.0,"turns":4.0},{"damage":18.0,"enemies":"Collector","floor":33.0,"turns":4.0},{"damage":21.0,"enemies":"3 Darklings","floor":35.0,"turns":4.0},{"damage":8.0,"enemies":"Orb Walker","floor":38.0,"turns":2.0},{"damage":21,"enemies":"Spire Growth","floor":39,"turns":4},{"damage":65,"enemies":"4 Shapes","floor":42,"turns":8},{"damage":31,"enemies":"Jaw Worm Horde","floor":48,"turns":6},{"damage":92,"enemies":"Donu and Deca","floor":50,"turns":6}],"seed_played":"-3027640568801230413","potions_obtained":[{"floor":4.0,"key":"Weak Potion"},{"floor":5.0,"key":"BloodPotion"},{"floor":14.0,"key":"Explosive Potion"},{"floor":16.0,"key":"ColorlessPotion"},{"floor":21.0,"key":"Energy Potion"},{"floor":24.0,"key":"SneckoOil"},{"floor":27.0,"key":"DuplicationPotion"},{"floor":31.0,"key":"Fruit Juice"},{"floor":33.0,"key":"DuplicationPotion"},{"floor":39,"key":"DistilledChaos"},{"floor":42,"key":"Ancient Potion"}],"is_trial":false,"path_per_floor":["M","?","M","M","M","R","T","M","T","R","$","M","R","M","R","B",null,"M","$","?","M","T","R","M","M","T","M","M","R","?","M","R","B",null,"M","$","?","M","M","R","?","M","T","$","?","T","R","M","R","B",null],"character_chosen":"IRONCLAD","items_purchased":["Toxic Egg 2","Happy Flower","Strange Spoon","Pen Nib"],"campfire_rested":3,"item_purchase_floors":[11,19,36,44],"current_hp_per_floor":[65,65,51,48,29,29,29,30,30,30,30,46,46,50,74,26,67,70,70,70,61,61,61,67,52,52,66,80,80,80,85,85,85,85,85,85,85,85,85,85,74,35,35,35,35,35,60,58,83,19],"gold":79,"neow_bonus":"ONE_RANDOM_RARE_CARD","is_daily":false,"chose_seed":false,"campfire_upgraded":7,"win_rate":0.0,"timestamp":1609074350,"path_taken":["M","?","M","?","M","R","?","M","T","R","$","M","R","M","R","BOSS","M","$","?","M","?","R","M","M","T","M","M","R","?","M","R","BOSS","M","$","?","?","M","R","?","M","T","?","?","?","R","M","R","BOSS"],"items_purchased_type":["Relic","Relic","Relic","Relic"],"build_version":"2020-12-22","purchased_purges":0,"victory":true,"max_hp_per_floor":[80,80,80,80,80,80,80,80,80,80,80,80,80,80,80,80,80,80,80,80,80,80,80,80,80,80,80,80,80,80,85,85,85,85,85,85,85,85,85,85,85,85,85,85,85,85,85,85,85,85],"card_choices":[{"not_picked":["Disarm","True Grit"],"picked":"Body Slam","floor":1.0},{"not_picked":["Burning Pact","Clash"],"picked":"Flex","floor":3.0},{"not_picked":["Twin Strike","Rampage"],"picked":"Heavy Blade","floor":4.0},{"not_picked":["Burning Pact","Hemokinesis"],"picked":"Body Slam","floor":5.0},{"not_picked":["Cleave","Fiend Fire"],"picked":"Battle Trance","floor":8.0},{"not_picked":["Thunderclap","Body Slam"],"picked":"Battle Trance+1","floor":12.0},{"not_picked":["Havoc+1","Iron Wave"],"picked":"Bloodletting+1","floor":14.0},{"not_picked":["Carnage","Havoc+1","Headbutt"],"picked":"SKIP","floor":18.0},{"not_picked":["Clothesline","Havoc+1"],"picked":"Intimidate+1","floor":21.0},{"not_picked":["Iron Wave+1","True Grit+1"],"picked":"Ghostly Armor+1","floor":24.0},{"not_picked":["Headbutt","Havoc+1"],"picked":"Armaments+1","floor":25.0},{"not_picked":["Iron Wave+1","Bludgeon","Armaments+1"],"picked":"SKIP","floor":27.0},{"not_picked":["Sever Soul","Hemokinesis"],"picked":"Inflame","floor":28.0},{"not_picked":["Perfected Strike+1","Iron Wave","Clash"],"picked":"SKIP","floor":31.0},{"not_picked":["Brutality","Barricade"],"picked":"Juggernaut","floor":33.0},{"not_picked":["Sever Soul+1","Pummel","Battle Trance+1"],"picked":"SKIP","floor":35.0},{"not_picked":["Combust+1","Anger","Clash"],"picked":"SKIP","floor":38.0},{"not_picked":["Cleave+1","Clothesline+1"],"picked":"Disarm+1","floor":39},{"not_picked":["Flex+1","Twin Strike"],"picked":"Metallicize","floor":42},{"not_picked":["Cleave","Pommel Strike+1"],"picked":"Thunderclap","floor":48}],"player_experience":519905,"relics_obtained":[{"floor":2.0,"key":"Omamori"},{"floor":7.0,"key":"Blood Vial"},{"floor":9.0,"key":"Centennial Puzzle"},{"floor":22.0,"key":"Mummified Hand"},{"floor":26.0,"key":"Du-Vu Doll"},{"floor":43,"key":"Bag of Marbles"},{"floor":46,"key":"CeramicFish"}],"event_choices":[{"damage_healed":0.0,"max_hp_gain":0.0,"max_hp_loss":0.0,"gold_gain":0.0,"event_name":"Wheel of Change","player_choice":"Relic","floor":2.0,"gold_loss":0.0,"damage_taken":0.0},{"damage_healed":0.0,"max_hp_gain":0.0,"max_hp_loss":0.0,"gold_gain":0.0,"event_name":"Vampires","player_choice":"Became a vampire (Vial)","floor":20.0,"relics_lost":["Blood Vial"],"gold_loss":0.0,"damage_taken":0.0,"cards_obtained":["Bite","Bite","Bite","Bite","Bite"]},{"damage_healed":0.0,"max_hp_gain":0.0,"max_hp_loss":0.0,"gold_gain":0.0,"event_name":"Match and Keep!","player_choice":"1 cards matched","floor":30.0,"gold_loss":0.0,"damage_taken":0.0,"cards_obtained":["Corruption"]},{"cards_removed":["Bash"],"damage_healed":0.0,"max_hp_gain":0.0,"max_hp_loss":0.0,"gold_gain":0.0,"event_name":"Bonfire Elementals","player_choice":"Offered Basic","floor":37.0,"gold_loss":0.0,"damage_taken":0.0},{"damage_healed":0,"gold_gain":0,"player_choice":"Embrace Madness","damage_taken":11,"max_hp_gain":0,"max_hp_loss":0,"event_name":"Winding Halls","floor":41,"gold_loss":0,"cards_obtained":["Madness","Madness"]},{"damage_healed":0,"gold_gain":0,"player_choice":"Ignored","damage_taken":0,"max_hp_gain":0,"max_hp_loss":0,"event_name":"Mysterious Sphere","floor":45,"gold_loss":0}],"is_beta":false,"boss_relics":[{"not_picked":["Ectoplasm","Sozu"],"picked":"Runic Dome"},{"not_picked":["Velvet Choker","Philosopher\u0027s Stone"],"picked":"Black Blood"}],"items_purged_floors":[],"is_endless":false,"potions_floor_spawned":[4,5,14,16,21,24,27,31,33,39,42],"ascension_level":10}}