{"host":"3jjxuhjpio8e4zkv","time":1609108053,"event":{"mods":["BaseMod","Colored Map","Highlight Path","Minty Spire (QoL Compilation)","Permanent Neow","Relic Stats","StSLib"],"gold_per_floor":[359,38,49,61,61,61,61,91,91,6,40,59,86,100,100,100,100],"floor_reached":16,"playtime":605,"items_purged":["Strike_P"],"score":290,"play_id":"5e7dda1d-781f-452a-a184-392854e65926","local_time":"20201227172733","is_ascension_mode":true,"campfire_choices":[{"data":"Eruption","floor":6.0,"key":"SMITH"},{"data":"Wallop","floor":15.0,"key":"SMITH"}],"circlet_count":0,"master_deck":["AscendersBane","Strike_P","Strike_P","Strike_P","Defend_P","Defend_P","Defend_P","Defend_P","Eruption+1","Vigilance","Wallop+1","FollowUp","Adaptation+1","EmptyFist","TalkToTheHand","LikeWater","TalkToTheHand","Swivel","Wallop+1"],"relics":["PureWater","Orichalcum","Unceasing Top","White Beast Statue","Art of War","Incense Burner"],"acts_visited":["Exordium"],"potions_floor_usage":[16,16],"damage_taken":[{"damage":4.0,"enemies":"2 Louse","floor":1.0,"turns":4.0},{"damage":5.0,"enemies":"Cultist","floor":3.0,"turns":4.0},{"damage":0.0,"enemies":"Jaw Worm","floor":4.0,"turns":3.0},{"damage":30.0,"enemies":"Lagavulin","floor":8.0,"turns":5.0},{"damage":8.0,"enemies":"3 Sentries","floor":11.0,"turns":10.0},{"damage":9.0,"enemies":"Large Slime","floor":12.0,"turns":5.0},{"damage":0.0,"enemies":"Gremlin Nob","floor":13.0,"turns":3.0},{"damage":0.0,"enemies":"2 Fungi Beasts","floor":14.0,"turns":4.0},{"damage":12,"enemies":"Slime Boss","floor":16,"turns":5}],"seed_played":"-7506469318623724162","potions_obtained":[{"floor":4.0,"key":"Dexterity Potion"},{"floor":8.0,"key":"SpeedPotion"},{"floor":12.0,"key":"Energy Potion"},{"floor":13.0,"key":"SteroidPotion"},{"floor":14.0,"key":"StancePotion"}],"is_trial":false,"path_per_floor":["M","$","M","M","?","R","?","E","T","$","E","M","E","M","R","B"],"character_chosen":"WATCHER","items_purchased":["Orichalcum","DuplicationPotion","TalkToTheHand"],"campfire_rested":0,"item_purchase_floors":[2,2,10],"current_hp_per_floor":[57,57,52,52,52,52,52,22,22,22,14,5,5,5,5,0,0],"gold":100,"neow_bonus":"TWO_FIFTY_GOLD","is_daily":false,"chose_seed":false,"campfire_upgraded":2,"win_rate":0.0,"timestamp":1609108053,"path_taken":["M","$","M","M","?","R","?","E","T","$","E","?","E","M","R","BOSS"],"items_purchased_type":["Relic","Potion","Card"],"build_version":"2020-12-22","purchased_purges":1,"victory":false,"max_hp_per_floor":[62,62,62,62,62,62,62,62,62,62,62,62,62,62,62,62,62],"relic_stats":{"counters":[9,43],"Art of War":[1],"Orichalcum":[42],"obtain_stats":[{"Art of War":11,"Incense Burner":13,"PureWater":0,"Orichalcum":2,"Unceasing Top":8,"White Beast Statue":9},{"Art of War":5,"Incense Burner":7,"PureWater":0,"Orichalcum":1,"Unceasing Top":4,"White Beast Statue":4},{"Art of War":26,"Incense Burner":34,"PureWater":0,"Orichalcum":4,"Unceasing Top":16,"White Beast Statue":16}],"Unceasing Top":[0]},"card_choices":[{"not_picked":["SashWhip","PathToVictory"],"picked":"Wallop","floor":1.0},{"not_picked":["ForeignInfluence","BattleHymn"],"picked":"FollowUp","floor":3.0},{"not_picked":["Fasting2","Crescendo"],"picked":"Adaptation","floor":4.0},{"not_picked":["EmptyBody","SandsOfTime"],"picked":"EmptyFist","floor":8.0},{"not_picked":["CutThroughFate","SashWhip"],"picked":"LikeWater","floor":11.0},{"not_picked":["Swivel","Conclude"],"picked":"TalkToTheHand","floor":12.0},{"not_picked":["Perseverance","Halt"],"picked":"Swivel","floor":13.0},{"not_picked":["Wireheading","ReachHeaven"],"picked":"Wallop","floor":14.0}],"player_experience":1122570,"relics_obtained":[{"floor":8.0,"key":"Unceasing Top"},{"floor":9.0,"key":"White Beast Statue"},{"floor":11.0,"key":"Art of War"},{"floor":13.0,"key":"Incense Burner"}],"event_choices":[{"damage_healed":0.0,"max_hp_gain":0.0,"max_hp_loss":0.0,"gold_gain":0.0,"event_name":"Living Wall","player_choice":"Grow","floor":5.0,"gold_loss":0.0,"damage_taken":0.0,"cards_upgraded":["Adaptation"]},{"damage_healed":0.0,"max_hp_gain":0.0,"max_hp_loss":0.0,"gold_gain":0.0,"event_name":"Upgrade Shrine","player_choice":"Upgraded","floor":7.0,"gold_loss":0.0,"damage_taken":0.0,"cards_upgraded":["Wallop"]}],"is_beta":false,"boss_relics":[],"items_purged_floors":[2],"is_endless":false,"potions_floor_spawned":[4,8,11,12,13,14],"killed_by":"Slime Boss","ascension_level":20}}