{"host":"1l3n9frwrd8biyh4","time":1609102863,"event":{"mods":["AchievementEnabler","Arknights The Spire","BaseMod","DeckTracker","Marisa£¨Ùöéë¡¡Øª×âÞÞ£©","Minty Spire (QoL Compilation)","Rare Cards Sparkle","StSLib"],"gold_per_floor":[115,65,65,77,90,120,120,148,148,160,160,172,172,197,197,320,320,343,359,274,199,217,217,240,240,240,264,264,276,276,276,276,380,380,392,410,422,422,63,93,104,29,101,121,135,189,189,189],"floor_reached":47,"playtime":2449,"items_purged":["ats:Revitalization","ats:Strike V"],"score":471,"play_id":"79167999-28fc-4599-bc24-e6207b1fde3f","local_time":"20201228060103","is_ascension_mode":false,"campfire_choices":[{"data":"ats:Neurotoxin","floor":7.0,"key":"SMITH"},{"data":"ats:Roar Of Ursus","floor":11.0,"key":"SMITH"},{"floor":15.0,"key":"REST"},{"data":"ats:Ambush","floor":23.0,"key":"SMITH"},{"data":"ats:Neurotoxin","floor":25.0,"key":"SMITH"},{"data":"ats:Poison Spread","floor":32.0,"key":"SMITH"}],"circlet_count":0,"master_deck":["ats:Strike S","ats:Armor Crushing Shot","ats:Defend","ats:Defend","ats:Defend","ats:Defend","ats:Emotion Absorption","ats:Powerful Strike","ats:Poison Spread","ats:Explosion Area Strengthen","ats:Neurotoxin+1","ats:Roar Of Ursus+1","ats:Neurotoxin+1","ats:Poison Spread+1","ats:Ambush+1","ats:Assault Order+1","ats:Dogmatic Field","ats:Shell Defense+1","Writhe","ats:Healing Strengthening+1","ats:Part Time Job+1","Parasite","ats:Composite Medical Shells","ats:Composite Medical Shells","ats:Defend Order","ats:Poison Spread"],"relics":["ats:Sanity","ats:Originium","ats:Ability Aura","ats:Originium","ats:Emergency Defibrillator","HornCleat","Bloody Idol","Runic Pyramid","Nunchaku","Strawberry","Girya","Black Star","ats:Industrial Water Cannon","ats:Originium","Lizard Tail","Blood Vial","Meat on the Bone","Gambling Chip"],"acts_visited":["Exordium","TheCity","TheBeyond"],"potions_floor_usage":[37,40],"damage_taken":[{"damage":0.0,"enemies":"Small Slimes","floor":1.0,"turns":4.0},{"damage":0.0,"enemies":"2 Louse","floor":4.0,"turns":3.0},{"damage":3.0,"enemies":"Jaw Worm","floor":5.0,"turns":3.0},{"damage":8.0,"enemies":"Gremlin Nob","floor":6.0,"turns":3.0},{"damage":8.0,"enemies":"3 Sentries","floor":8.0,"turns":3.0},{"damage":7.0,"enemies":"Blue Slaver","floor":10.0,"turns":3.0},{"damage":7.0,"enemies":"2 Fungi Beasts","floor":12.0,"turns":2.0},{"damage":7.0,"enemies":"3 Louse","floor":14.0,"turns":2.0},{"damage":19.0,"enemies":"The Guardian","floor":16.0,"turns":7.0},{"damage":0.0,"enemies":"Spheric Guardian","floor":18.0,"turns":3.0},{"damage":5.0,"enemies":"Chosen","floor":19.0,"turns":4.0},{"damage":2.0,"enemies":"Snecko","floor":22.0,"turns":4.0},{"damage":4.0,"enemies":"Snake Plant","floor":24.0,"turns":5.0},{"damage":23.0,"enemies":"Sentry and Sphere","floor":27.0,"turns":5.0},{"damage":8.0,"enemies":"Centurion and Healer","floor":29.0,"turns":5.0},{"damage":9.0,"enemies":"Colosseum Slavers","floor":30.0,"turns":5.0},{"damage":18.0,"enemies":"Champ","floor":33.0,"turns":10.0},{"damage":23.0,"enemies":"3 Shapes","floor":35.0,"turns":3.0},{"damage":28.0,"enemies":"Orb Walker","floor":36.0,"turns":4.0},{"damage":63,"enemies":"Writhing Mass","floor":37,"turns":7},{"damage":72,"enemies":"Reptomancer","floor":40,"turns":6},{"damage":32,"enemies":"Jaw Worm Horde","floor":41,"turns":5},{"damage":0,"enemies":"Sphere and 2 Shapes","floor":44,"turns":5},{"damage":19,"enemies":"3 Darklings","floor":45,"turns":5},{"damage":62,"enemies":"2 Orb Walkers","floor":46,"turns":7},{"damage":0,"enemies":"Orin","floor":47,"turns":1}],"seed_played":"6044276902314912785","potions_obtained":[{"floor":4.0,"key":"BlessingOfTheForge"},{"floor":5.0,"key":"EntropicBrew"},{"floor":10.0,"key":"ats:Emergency Sanity Potion"},{"floor":14.0,"key":"Explosive Potion"},{"floor":24.0,"key":"LiquidBronze"},{"floor":37,"key":"ats:Emergency Sanity Potion"},{"floor":44,"key":"Strength Potion"},{"floor":46,"key":"Fire Potion"}],"is_trial":false,"path_per_floor":["M","?","?","M","M","E","R","E","T","M","R","M","?","M","R","B",null,"M","M","?","$","M","R","M","R","T","M","?","M","?","?","R","B",null,"M","M","M","?","$","E","M","$","T","M","M","?","?"],"character_chosen":"DOCTOR_CLASS","items_purchased":["ats:Industrial Water Cannon","ats:Composite Medical Shells"],"campfire_rested":1,"item_purchase_floors":[39,42],"current_hp_per_floor":[72,72,72,72,69,61,61,53,53,46,46,39,21,14,35,25,72,72,68,68,68,66,66,62,62,69,46,46,43,42,42,42,79,79,73,79,52,52,52,50,43,43,48,62,66,47,49,49],"gold":189,"neow_bonus":"","is_daily":false,"chose_seed":false,"campfire_upgraded":5,"win_rate":0.0,"timestamp":1609102863,"path_taken":["M","?","?","M","M","E","R","E","T","M","R","M","?","M","R","BOSS","M","M","?","$","M","R","M","R","T","M","?","M","?","?","R","BOSS","M","M","M","?","$","E","M","$","T","M","M","?","?"],"items_purchased_type":["Relic","Card"],"build_version":"2020-12-22","purchased_purges":2,"victory":false,"max_hp_per_floor":[72,72,72,72,72,72,72,72,72,72,72,72,72,72,72,72,72,72,72,72,72,72,72,72,72,79,79,79,79,79,79,79,79,79,79,79,79,79,79,79,79,79,79,79,79,79,79,79],"card_choices":[{"not_picked":["ats:Automatic Cover","ats:Rapid Magazine"],"picked":"ats:Powerful Strike","floor":1.0},{"not_picked":["ats:Curse Doll","ats:Leaping Hammer"],"picked":"ats:Poison Spread","floor":4.0},{"not_picked":["ats:Leaping Hammer","ats:Ignite"],"picked":"ats:Explosion Area Strengthen","floor":5.0},{"not_picked":["ats:Rapid Magazine","ats:Cat Scratch"],"picked":"ats:Neurotoxin","floor":6.0},{"not_picked":["ats:Explosion Area Strengthen","ats:Shell Defense"],"picked":"ats:Roar Of Ursus","floor":8.0},{"not_picked":["ats:LN2 Cannon","ats:Consecutive Shot Auto"],"picked":"ats:Revitalization","floor":10.0},{"not_picked":["ats:Leaping Hammer","ats:Explosion Area Strengthen"],"picked":"ats:Neurotoxin","floor":12.0},{"not_picked":["ats:Leaping Hammer","ats:Song Of Battle"],"picked":"ats:Poison Spread","floor":14.0},{"not_picked":["ats:Durian","ats:Shadow Assault"],"picked":"ats:Ambush","floor":16.0},{"not_picked":["ats:Apocalypse","ats:Curse Doll","ats:Powerful Strike"],"picked":"SKIP","floor":18.0},{"not_picked":["ats:Powerful Strike","ats:Ignite+1","ats:Explosion Area Strengthen"],"picked":"SKIP","floor":19.0},{"not_picked":["ats:Burning Ground+1","ats:Childhood Dance"],"picked":"ats:Assault Order+1","floor":22.0},{"not_picked":["ats:Consecutive Shot Auto","ats:Powerful Strike"],"picked":"ats:Dogmatic Field","floor":24.0},{"not_picked":["ats:Healing Strengthening+1","ats:Spore Proliferation+1","ats:Leaping Hammer"],"picked":"SKIP","floor":27.0},{"not_picked":["ats:Childhood Dance","ats:Guardian Obelisk"],"picked":"ats:Shell Defense+1","floor":29.0},{"not_picked":["ats:Burning Ground","ats:Apocalypse+1"],"picked":"ats:Healing Strengthening+1","floor":35.0},{"not_picked":["ats:Leaping Hammer","ats:Curse Doll"],"picked":"ats:Part Time Job+1","floor":36.0},{"not_picked":["ats:Blood Oath","ats:Assault Order+1","ats:Steam Pump"],"picked":"SKIP","floor":37},{"not_picked":["ats:Blood Oath","ats:Curse Doll","ats:Soul Rend"],"picked":"SKIP","floor":40},{"not_picked":["ats:Flame Of Heaven+1","ats:Thermite Blade"],"picked":"ats:Composite Medical Shells","floor":41},{"not_picked":["ats:Automatic Cover","ats:Apocalypse+1","ats:Revitalization"],"picked":"SKIP","floor":44},{"not_picked":["ats:Hammer On","ats:Shell Defense+1"],"picked":"ats:Defend Order","floor":45},{"not_picked":["ats:Cat Scratch+1","ats:Childhood Dance+1"],"picked":"ats:Poison Spread","floor":46}],"player_experience":79800,"relics_obtained":[{"floor":6.0,"key":"ats:Originium"},{"floor":6.0,"key":"ats:Ability Aura"},{"floor":8.0,"key":"ats:Originium"},{"floor":8.0,"key":"ats:Emergency Defibrillator"},{"floor":9.0,"key":"HornCleat"},{"floor":26.0,"key":"Strawberry"},{"floor":40,"key":"ats:Originium"},{"floor":40,"key":"Lizard Tail"},{"floor":40,"key":"Blood Vial"},{"floor":43,"key":"Meat on the Bone"},{"floor":46,"key":"Gambling Chip"}],"event_choices":[{"cards_removed":["ats:Strike C"],"damage_healed":0.0,"max_hp_gain":0.0,"max_hp_loss":0.0,"gold_gain":0.0,"event_name":"The Cleric","player_choice":"Card Removal","floor":2.0,"gold_loss":50.0,"damage_taken":0.0},{"cards_removed":["ats:Strike G"],"damage_healed":0.0,"max_hp_gain":0.0,"max_hp_loss":0.0,"gold_gain":0.0,"event_name":"Living Wall","player_choice":"Forget","floor":3.0,"gold_loss":0.0,"damage_taken":0.0},{"damage_healed":0.0,"max_hp_gain":0.0,"max_hp_loss":0.0,"gold_gain":0.0,"event_name":"Golden Idol","player_choice":"Take Damage","floor":13.0,"gold_loss":0.0,"damage_taken":18.0,"relics_obtained":["Golden Idol"]},{"damage_healed":0.0,"max_hp_gain":0.0,"max_hp_loss":0.0,"gold_gain":0.0,"event_name":"Addict","player_choice":"Obtained Relic","floor":20.0,"gold_loss":85.0,"damage_taken":0.0,"relics_obtained":["Nunchaku"]},{"damage_healed":0.0,"max_hp_gain":0.0,"max_hp_loss":0.0,"gold_gain":0.0,"event_name":"Forgotten Altar","player_choice":"Gave Idol","floor":28.0,"relics_lost":["Golden Idol"],"gold_loss":0.0,"damage_taken":0.0,"relics_obtained":["Bloody Idol"]},{"damage_healed":0.0,"max_hp_gain":0.0,"max_hp_loss":0.0,"gold_gain":0.0,"event_name":"Colosseum","player_choice":"Fight","floor":30.0,"gold_loss":0.0,"damage_taken":0.0},{"damage_healed":0.0,"max_hp_gain":0.0,"max_hp_loss":0.0,"gold_gain":0.0,"event_name":"Colosseum","player_choice":"Fled From Nobs","floor":30.0,"gold_loss":0.0,"damage_taken":0.0},{"damage_healed":0.0,"max_hp_gain":0.0,"max_hp_loss":0.0,"gold_gain":0.0,"event_name":"The Mausoleum","player_choice":"Opened","floor":31.0,"gold_loss":0.0,"damage_taken":0.0,"relics_obtained":["Girya"],"cards_obtained":["Writhe"]},{"damage_healed":0,"gold_gain":0,"player_choice":"Ignored","damage_taken":0,"max_hp_gain":0,"max_hp_loss":0,"event_name":"Tomb of Lord Red Mask","floor":38,"gold_loss":0},{"damage_healed":0,"gold_gain":0,"player_choice":"Fight","damage_taken":0,"max_hp_gain":0,"max_hp_loss":0,"event_name":"Mysterious Sphere","floor":46,"gold_loss":0},{"damage_healed":0,"gold_gain":0,"player_choice":"Fight","damage_taken":0,"max_hp_gain":0,"max_hp_loss":0,"event_name":"OrinTheCat","floor":47,"gold_loss":0}],"is_beta":false,"boss_relics":[{"not_picked":["Ectoplasm","SlaversCollar"],"picked":"Runic Pyramid"},{"not_picked":["Busted Crown","Calling Bell"],"picked":"Black Star"}],"items_purged_floors":[21,39],"is_endless":false,"potions_floor_spawned":[4,5,10,14,16,18,24,29,30,37,44,46],"killed_by":"Orin","ascension_level":0}}