{"host":"dcj2yvrgcvh5dl2s","time":1609060295,"event":{"mods":["BaseMod","Better Note","Block Reminder","Colored Powertips","DeckTracker","Minty Spire (QoL Compilation)","Quick Restart","Rare Cards Sparkle","Relic Stats","StSLib"],"gold_per_floor":[113,133,146,296,296,296,313,313,313,313,341,22,35,0,0,75,75,92,92,102,46,46,46,46,46],"floor_reached":24,"playtime":685,"items_purged":[],"score":349,"play_id":"1e94c573-f6ff-4192-8dac-2616c7af9fd7","local_time":"20201227191135","is_ascension_mode":true,"campfire_choices":[{"data":"Intimidate","floor":6,"key":"SMITH"},{"data":"Carnage","floor":8,"key":"SMITH"},{"floor":15,"key":"REST"},{"data":"Flex","floor":23,"key":"SMITH"}],"circlet_count":0,"master_deck":["AscendersBane","Strike_R","Strike_R","Strike_R+1","Strike_R","Strike_R","Defend_R","Defend_R","Defend_R+1","Defend_R","Bash","Shrug It Off","Carnage+1","Intimidate+1","Doubt","Disarm","Body Slam","Heavy Blade","Offering","CurseOfTheBell","Perfected Strike+1","RitualDagger","Flex+1"],"relics":["Burning Blood","NeowsBlessing","Blue Candle","Matryoshka","Pantograph","Ice Cream","Calling Bell","Tiny Chest","White Beast Statue","Dead Branch"],"acts_visited":["Exordium","TheCity"],"potions_floor_usage":[11,16,20,20,24],"damage_taken":[{"damage":0,"enemies":"Cultist","floor":1,"turns":1},{"damage":0,"enemies":"Small Slimes","floor":2,"turns":1},{"damage":0,"enemies":"Jaw Worm","floor":3,"turns":1},{"damage":2,"enemies":"2 Fungi Beasts","floor":7,"turns":4},{"damage":27,"enemies":"3 Sentries","floor":11,"turns":10},{"damage":7,"enemies":"Blue Slaver","floor":13,"turns":5},{"damage":39,"enemies":"The Guardian","floor":16,"turns":14},{"damage":10,"enemies":"3 Byrds","floor":18,"turns":8},{"damage":20,"enemies":"Spheric Guardian","floor":20,"turns":6},{"damage":48,"enemies":"Gremlin Leader","floor":24,"turns":4}],"seed_played":"5744692185571124049","potions_obtained":[{"floor":2,"key":"Block Potion"},{"floor":3,"key":"GamblersBrew"},{"floor":13,"key":"Dexterity Potion"},{"floor":18,"key":"GamblersBrew"},{"floor":20,"key":"Ancient Potion"}],"is_trial":false,"path_per_floor":["M","M","M","?","?","R","M","R","T","?","E","$","M","?","R","B",null,"M","?","M","$","?","R","E"],"character_chosen":"IRONCLAD","items_purchased":["Ice Cream","Flex"],"campfire_rested":1,"item_purchase_floors":[12,21],"current_hp_per_floor":[74,75,75,75,52,52,56,56,56,45,24,24,23,41,63,42,67,63,57,43,43,43,43,0,0],"gold":46,"neow_bonus":"THREE_ENEMY_KILL","is_daily":false,"chose_seed":false,"campfire_upgraded":3,"win_rate":0.0,"timestamp":1609060295,"path_taken":["M","?","M","?","?","R","M","R","T","?","E","$","M","?","R","BOSS","M","?","M","$","?","R","E"],"items_purchased_type":["Relic","Card"],"build_version":"2020-12-22","purchased_purges":0,"victory":false,"max_hp_per_floor":[75,75,75,75,75,75,75,75,75,75,75,75,75,75,75,75,75,75,75,75,75,75,75,75,75],"relic_stats":{"counters":[10,54],"Blue Candle":[11],"Pantograph":12,"Dead Branch":[32],"Tiny Chest":0,"obtain_stats":[{"Ice Cream":12,"Calling Bell":17,"Matryoshka":10,"NeowsBlessing":0,"Blue Candle":9,"Pantograph":11,"Dead Branch":17,"Tiny Chest":17,"Burning Blood":0,"White Beast Statue":17},{"Ice Cream":5,"Calling Bell":7,"Matryoshka":4,"NeowsBlessing":0,"Blue Candle":4,"Pantograph":5,"Dead Branch":7,"Tiny Chest":7,"Burning Blood":0,"White Beast Statue":7},{"Ice Cream":17,"Calling Bell":36,"Matryoshka":7,"NeowsBlessing":0,"Blue Candle":7,"Pantograph":17,"Dead Branch":36,"Tiny Chest":36,"Burning Blood":0,"White Beast Statue":36}],"Burning Blood":43},"card_choices":[{"not_picked":["Clothesline","Thunderclap"],"picked":"Shrug It Off","floor":1},{"not_picked":["Twin Strike","Spot Weakness"],"picked":"Carnage","floor":2},{"not_picked":["Clothesline","Wild Strike"],"picked":"Intimidate","floor":3},{"not_picked":["Shrug It Off","True Grit"],"picked":"Disarm","floor":7},{"not_picked":["Wild Strike","Headbutt"],"picked":"Body Slam","floor":11},{"not_picked":["Spot Weakness","Clash"],"picked":"Heavy Blade","floor":13},{"not_picked":["Reaper","Limit Break"],"picked":"Offering","floor":16},{"not_picked":["True Grit","Fire Breathing"],"picked":"Perfected Strike+1","floor":18},{"not_picked":["Perfected Strike","Cleave","Clash"],"picked":"SKIP","floor":20}],"player_experience":2059033,"relics_obtained":[{"floor":9,"key":"Blue Candle"},{"floor":11,"key":"Pantograph"},{"floor":17,"key":"Tiny Chest"},{"floor":17,"key":"White Beast Statue"},{"floor":17,"key":"Dead Branch"}],"event_choices":[{"damage_healed":0,"gold_gain":150,"player_choice":"AGREE","damage_taken":0,"max_hp_gain":0,"max_hp_loss":0,"event_name":"Liars Game","floor":4,"gold_loss":0,"cards_obtained":["Doubt"]},{"damage_healed":0,"gold_gain":0,"player_choice":"Entered Light","damage_taken":23,"max_hp_gain":0,"max_hp_loss":0,"event_name":"Shining Light","floor":5,"gold_loss":0,"cards_upgraded":["Strike_R","Defend_R"]},{"damage_healed":0,"gold_gain":0,"player_choice":"Success","damage_taken":11,"relics_obtained":["Matryoshka"],"max_hp_gain":0,"max_hp_loss":0,"event_name":"Scrap Ooze","floor":10,"gold_loss":0},{"damage_healed":18,"gold_gain":0,"player_choice":"Healed","damage_taken":0,"max_hp_gain":0,"max_hp_loss":0,"event_name":"The Cleric","floor":14,"gold_loss":35},{"damage_healed":0,"gold_gain":0,"player_choice":"Joined the Cult","damage_taken":6,"max_hp_gain":0,"max_hp_loss":0,"event_name":"Nest","floor":19,"gold_loss":0,"cards_obtained":["RitualDagger"]},{"damage_healed":0,"gold_gain":0,"player_choice":"Ignored","damage_taken":0,"max_hp_gain":0,"max_hp_loss":0,"event_name":"Ghosts","floor":22,"gold_loss":0}],"is_beta":false,"boss_relics":[{"not_picked":["Fusion Hammer","Astrolabe"],"picked":"Calling Bell"}],"items_purged_floors":[],"is_endless":false,"potions_floor_spawned":[2,3,13,18,20],"killed_by":"Gremlin Leader","ascension_level":16}}