{"host":"e4wnmsyty9uvvtwf","time":1609083068,"event":{"mods":["Aspiration","BaseMod","Colored Map","Colored Powertips","Marisa£®ÏF”Í°°ƒß¿Ì…≥£©","Minty Spire (QoL Compilation)","Rare Cards Sparkle","Replay The Spire","StSLib","The Runesmith"],"gold_per_floor":[109,121,121,134,309,340,340,340,340,359,359,88,106,118,118,222,222],"floor_reached":16,"playtime":475,"items_purged":["Doubt"],"score":160,"play_id":"428f1831-0310-4f54-a235-7d907ffa1207","local_time":"20201227233108","is_ascension_mode":true,"campfire_choices":[{"data":"Runesmith:RunicBlueprint","floor":7,"key":"SMITH"},{"data":"Runesmith:FrozenChisel","floor":11,"key":"SMITH"},{"data":"Runesmith:LithiumIon","floor":15,"key":"SMITH"}],"circlet_count":0,"master_deck":["Runesmith:Strike_RS","Runesmith:Strike_RS","Runesmith:Strike_RS","Runesmith:Strike_RS","Runesmith:Defend_RS","Runesmith:Defend_RS","Runesmith:Defend_RS","Runesmith:Defend_RS","Runesmith:CraftFirestone","Runesmith:Fortify","Runesmith:ChaoticBlast","Runesmith:RunicBlueprint+1","Runesmith:EnergizedChisel","Runesmith:StaticCage","Runesmith:FrozenChisel+1","Runesmith:LithiumIon+1","Runesmith:CraftSpiculum","Runesmith:LithiumIon+1","Runesmith:CreatorForm"],"relics":["Runesmith:BrokenRuby","aspiration:Nostalgia","Sizzling Blood","Blue Doll","ReplayTheSpireMod:Ninjato","aspiration:AnachronicSnailShell","Runesmith:MiniCore"],"acts_visited":["Exordium"],"potions_floor_usage":[],"damage_taken":[{"damage":0,"enemies":"Cultist","floor":1,"turns":3},{"damage":2,"enemies":"Jaw Worm","floor":2,"turns":4},{"damage":1,"enemies":"Small Slimes","floor":4,"turns":3},{"damage":19,"enemies":"Lagavulin","floor":6,"turns":8},{"damage":5,"enemies":"Blue Slaver","floor":10,"turns":4},{"damage":6,"enemies":"2 Fungi Beasts","floor":13,"turns":3},{"damage":4,"enemies":"3 Louse","floor":14,"turns":2},{"damage":13,"enemies":"The Guardian","floor":16,"turns":8}],"seed_played":"7681851457342639714","potions_obtained":[{"floor":2,"key":"SmokeBomb"},{"floor":10,"key":"Energy Potion"},{"floor":16,"key":"Elixir"}],"is_trial":false,"path_per_floor":["M","M","?","M","?","E","R","T","T","M","R","$","M","M","R","B"],"character_chosen":"RUNESMITH_CLASS","items_purchased":["Runesmith:MiniCore","Runesmith:LithiumIon+1"],"campfire_rested":0,"item_purchase_floors":[12,12],"current_hp_per_floor":[74,74,74,74,74,59,59,59,59,58,58,58,56,56,56,47,47],"gold":222,"neow_bonus":"NOSTALGIA","is_daily":false,"chose_seed":false,"campfire_upgraded":3,"win_rate":0.0,"timestamp":1609083068,"path_taken":["M","?","?","M","?","E","R","?","T","M","R","$","M","M","R","BOSS"],"items_purchased_type":["Relic","Card"],"build_version":"2020-12-22","purchased_purges":1,"victory":false,"max_hp_per_floor":[74,74,74,74,74,74,74,74,74,74,74,74,74,74,74,74,74],"card_choices":[{"not_picked":["Runesmith:UnstableHammer","Runesmith:Repurpose"],"picked":"Runesmith:ChaoticBlast","floor":1},{"not_picked":["Runesmith:HammerThrow","Runesmith:HeatedChisel"],"picked":"Runesmith:RunicBlueprint","floor":2},{"not_picked":["Runesmith:BackupBattery","Runesmith:ShiftingStrike"],"picked":"Runesmith:EnergizedChisel","floor":4},{"not_picked":["Runesmith:EarthShield","Runesmith:ShiftingStrike"],"picked":"Runesmith:StaticCage","floor":6},{"not_picked":["Runesmith:HeatedChisel","Runesmith:Repurpose"],"picked":"Runesmith:FrozenChisel","floor":10},{"not_picked":["Runesmith:Repurpose","Runesmith:StaticCage"],"picked":"Runesmith:CraftSpiculum","floor":13},{"not_picked":["Runesmith:RuneHurl","Runesmith:ShiftingStrike"],"picked":"Runesmith:LithiumIon","floor":14},{"not_picked":["Runesmith:CraftIndustria","Runesmith:LightningRod"],"picked":"Runesmith:CreatorForm","floor":16}],"player_experience":683420,"relics_obtained":[{"floor":6,"key":"Blue Doll"},{"floor":8,"key":"ReplayTheSpireMod:Ninjato"},{"floor":9,"key":"aspiration:AnachronicSnailShell"}],"event_choices":[{"damage_healed":0,"gold_gain":175,"player_choice":"AGREE","damage_taken":0,"max_hp_gain":0,"max_hp_loss":0,"event_name":"Liars Game","floor":5,"gold_loss":0,"cards_obtained":["Doubt"]}],"is_beta":false,"boss_relics":[],"items_purged_floors":[12],"is_endless":false,"potions_floor_spawned":[2,10,16],"killed_by":"The Guardian","ascension_level":1}}