{"host":"t75twhtg6c476ygg","time":1609086321,"event":{"mods":["AchievementEnabler","BaseMod","Colored Powertips","Minty Spire (QoL Compilation)","Quick Restart","Relic Stats","StSLib","SuperFastMode"],"gold_per_floor":[109,109,209,225,249,249,285,299,299,343,343,357,357,2,2,121,121,144,159,159,84,104,138,153,189,189,202,238,238,41,57,57,178,178,193,143,164,114,127,127,167,186,186,186,186,206,206,9,9,9],"floor_reached":51,"playtime":1940,"items_purged":["Pain","Strike_R","Bash","Juggernaut+1","Parasite"],"score":1487,"play_id":"362354dd-bc60-40e2-aff5-65da0ec9c381","local_time":"20201227162521","is_ascension_mode":true,"campfire_choices":[{"data":"Headbutt","floor":6.0,"key":"SMITH"},{"data":"Flame Barrier","floor":11.0,"key":"SMITH"},{"data":"Ghostly Armor","floor":13.0,"key":"SMITH"},{"data":"Juggernaut","floor":15.0,"key":"SMITH"},{"data":"Shame","floor":29.0,"key":"PURGE"},{"data":"Strike_R","floor":32.0,"key":"PURGE"},{"data":"Sword Boomerang","floor":40,"key":"PURGE"},{"data":"Decay","floor":44,"key":"PURGE"},{"data":"Armaments","floor":47,"key":"PURGE"},{"data":"Shrug It Off","floor":49,"key":"SMITH"}],"circlet_count":0,"master_deck":["Barricade+1","Entrench+1","Body Slam+1","Headbutt+1","Flame Barrier+1","Ghostly Armor+1","Offering","Shrug It Off+1"],"relics":["Burning Blood","NeowsBlessing","Bottled Tornado","Mummified Hand","Golden Idol","Orichalcum","Pen Nib","Shuriken","Sling","Oddly Smooth Stone","Cursed Key","Peace Pipe","WarpedTongs","Smiling Mask","Vajra","Singing Bowl","Frozen Egg 2","Bag of Preparation","Lee\u0027s Waffle","Pandora\u0027s Box","Anchor","Centennial Puzzle","TheAbacus"],"acts_visited":["Exordium","TheCity","TheBeyond"],"potions_floor_usage":[42,50,50],"damage_taken":[{"damage":0.0,"enemies":"Jaw Worm","floor":1.0,"turns":1.0},{"damage":0.0,"enemies":"Cultist","floor":4.0,"turns":1.0},{"damage":0.0,"enemies":"2 Louse","floor":5.0,"turns":2.0},{"damage":65.0,"enemies":"3 Sentries","floor":7.0,"turns":13.0},{"damage":7.0,"enemies":"Blue Slaver","floor":8.0,"turns":4.0},{"damage":30.0,"enemies":"Gremlin Nob","floor":10.0,"turns":5.0},{"damage":0.0,"enemies":"Large Slime","floor":12.0,"turns":6.0},{"damage":0.0,"enemies":"Hexaghost","floor":16.0,"turns":8.0},{"damage":12.0,"enemies":"3 Byrds","floor":18.0,"turns":4.0},{"damage":6.0,"enemies":"Shell Parasite","floor":19.0,"turns":4.0},{"damage":6.0,"enemies":"Centurion and Healer","floor":22.0,"turns":13.0},{"damage":17.0,"enemies":"Slavers","floor":23.0,"turns":4.0},{"damage":6.0,"enemies":"3 Cultists","floor":24.0,"turns":5.0},{"damage":7.0,"enemies":"Book of Stabbing","floor":25.0,"turns":4.0},{"damage":0.0,"enemies":"Cultist and Chosen","floor":27.0,"turns":6.0},{"damage":6.0,"enemies":"Gremlin Leader","floor":28.0,"turns":4.0},{"damage":0.0,"enemies":"Centurion and Healer","floor":31.0,"turns":3.0},{"damage":6.0,"enemies":"Collector","floor":33.0,"turns":6.0},{"damage":6.0,"enemies":"3 Shapes","floor":35.0,"turns":6.0},{"damage":6.0,"enemies":"Orb Walker","floor":37.0,"turns":2.0},{"damage":6,"enemies":"Jaw Worm Horde","floor":39,"turns":3},{"damage":6,"enemies":"Giant Head","floor":41,"turns":4},{"damage":6,"enemies":"Transient","floor":42,"turns":4},{"damage":6,"enemies":"Writhing Mass","floor":46,"turns":2},{"damage":6,"enemies":"Awakened One","floor":50,"turns":3}],"seed_played":"5086893449032053486","potions_obtained":[{"floor":4.0,"key":"Dexterity Potion"},{"floor":5.0,"key":"Strength Potion"},{"floor":10.0,"key":"SkillPotion"},{"floor":12.0,"key":"Fruit Juice"},{"floor":41,"key":"BlessingOfTheForge"}],"is_trial":false,"path_per_floor":["M","?","?","M","M","R","E","M","T","E","R","M","R","$","R","B",null,"M","M","?","$","M","E","M","E","T","M","E","R","$","M","R","B",null,"M","$","M","$","M","R","E","M","T","R","?","M","R","$","R","B",null],"character_chosen":"IRONCLAD","items_purchased":["Sling","Oddly Smooth Stone","Block Potion","Lee\u0027s Waffle","TheAbacus"],"campfire_rested":0,"item_purchase_floors":[14,14,14,30,48],"current_hp_per_floor":[78,58,58,64,70,70,61,60,60,36,36,47,47,47,47,53,77,71,71,71,71,71,60,60,61,61,69,71,71,98,100,100,102,102,104,104,106,106,108,108,108,110,110,110,110,112,112,109,109,109],"gold":9,"neow_bonus":"THREE_ENEMY_KILL","is_daily":false,"chose_seed":false,"campfire_upgraded":5,"win_rate":0.0,"timestamp":1609086321,"path_taken":["M","?","?","M","M","R","E","?","T","E","R","M","R","$","R","BOSS","M","M","?","$","?","E","M","E","T","M","E","R","?","M","R","BOSS","M","$","M","$","M","R","E","M","T","R","?","M","R","?","R","BOSS"],"items_purchased_type":["Relic","Relic","Potion","Relic","Relic"],"build_version":"2020-12-22","purchased_purges":5,"victory":true,"max_hp_per_floor":[80,80,80,80,80,80,80,80,80,80,80,85,85,85,85,85,85,85,85,85,85,85,85,85,87,87,89,91,91,98,100,100,102,102,104,104,106,106,108,108,108,110,110,110,110,112,112,109,109,109],"relic_stats":{"Lee\u0027s Waffle":27,"Singing Bowl":20,"counters":[25,117],"Golden Idol":172,"Pen Nib":[12],"Bag of Preparation":[18],"Orichalcum":[36],"Cursed Key":2,"Smiling Mask":375,"Burning Blood":144,"WarpedTongs":[57],"Peace Pipe":5,"Centennial Puzzle":[5],"TheAbacus":[18],"Mummified Hand":[41],"Shuriken":[14],"Pandora\u0027s Box":["Flex","Impervious","Combust","Heavy Blade","Infernal Blade","Havoc","Juggernaut"],"obtain_stats":[{"Lee\u0027s Waffle":30,"NeowsBlessing":0,"Singing Bowl":25,"Golden Idol":2,"Circlet":0,"Oddly Smooth Stone":14,"Vajra":23,"Pen Nib":9,"Bag of Preparation":28,"Bottled Tornado":0,"Orichalcum":7,"Frozen Egg 2":26,"Sling":14,"Cursed Key":17,"Smiling Mask":21,"Burning Blood":0,"WarpedTongs":20,"Peace Pipe":17,"Anchor":41,"Centennial Puzzle":43,"TheAbacus":48,"Mummified Hand":0,"Shuriken":10,"Pandora\u0027s Box":34},{"Lee\u0027s Waffle":16,"NeowsBlessing":0,"Singing Bowl":14,"Golden Idol":1,"Circlet":0,"Oddly Smooth Stone":7,"Vajra":12,"Pen Nib":5,"Bag of Preparation":16,"Bottled Tornado":0,"Orichalcum":4,"Frozen Egg 2":14,"Sling":7,"Cursed Key":8,"Smiling Mask":10,"Burning Blood":0,"WarpedTongs":10,"Peace Pipe":8,"Anchor":22,"Centennial Puzzle":23,"TheAbacus":24,"Mummified Hand":0,"Shuriken":6,"Pandora\u0027s Box":18},{"Lee\u0027s Waffle":84,"NeowsBlessing":0,"Singing Bowl":74,"Golden Idol":1,"Circlet":0,"Oddly Smooth Stone":32,"Vajra":65,"Pen Nib":21,"Bag of Preparation":84,"Bottled Tornado":0,"Orichalcum":17,"Frozen Egg 2":74,"Sling":32,"Cursed Key":40,"Smiling Mask":48,"Burning Blood":0,"WarpedTongs":48,"Peace Pipe":40,"Anchor":108,"Centennial Puzzle":112,"TheAbacus":114,"Mummified Hand":0,"Shuriken":26,"Pandora\u0027s Box":93}]},"card_choices":[{"not_picked":["Heavy Blade","Dark Embrace"],"picked":"Sword Boomerang","floor":1.0},{"not_picked":["Havoc","Inflame","Dual Wield"],"picked":"SKIP","floor":4.0},{"not_picked":["Seeing Red","Havoc"],"picked":"Headbutt","floor":5.0},{"not_picked":["Warcry","Wild Strike","Heavy Blade"],"picked":"SKIP","floor":7.0},{"not_picked":["Clothesline","Iron Wave"],"picked":"Flame Barrier","floor":8.0},{"not_picked":["Rupture","Twin Strike"],"picked":"Ghostly Armor","floor":10.0},{"not_picked":["Havoc","Anger"],"picked":"Juggernaut","floor":12.0},{"not_picked":["Exhume","Feed"],"picked":"Offering","floor":16.0},{"not_picked":["Wild Strike","Inflame"],"picked":"Shrug It Off","floor":18.0},{"not_picked":["Cleave","Power Through","Pommel Strike+1"],"picked":"SKIP","floor":19.0},{"not_picked":["Spot Weakness","Havoc+1","Shockwave"],"picked":"SKIP","floor":22.0},{"not_picked":["Shrug It Off","Dropkick+1","Headbutt"],"picked":"SKIP","floor":23.0},{"not_picked":["Shrug It Off","Dropkick+1"],"picked":"Headbutt","floor":23.0},{"not_picked":["Cleave+1","Clothesline","Perfected Strike"],"picked":"SKIP","floor":24.0},{"not_picked":["Flame Barrier","Iron Wave","Barricade"],"picked":"Singing Bowl","floor":25.0},{"not_picked":["Wild Strike","Blood for Blood","Warcry"],"picked":"Singing Bowl","floor":27.0},{"not_picked":["Cleave+1","Pommel Strike","Havoc+1"],"picked":"Singing Bowl","floor":28.0},{"not_picked":["Dropkick","Body Slam","Inflame+1"],"picked":"Singing Bowl","floor":31.0},{"not_picked":["Immolate","Barricade+1","Demon Form+1"],"picked":"Singing Bowl","floor":33.0},{"not_picked":["Inflame+1","Evolve+1","Fire Breathing+1"],"picked":"Singing Bowl","floor":35.0},{"not_picked":["Seeing Red+1","Flex","Whirlwind+1"],"picked":"Singing Bowl","floor":37.0},{"not_picked":["Burning Pact+1","Clothesline+1","Flex"],"picked":"Singing Bowl","floor":39},{"not_picked":["Shrug It Off","Thunderclap+1","Spot Weakness"],"picked":"SKIP","floor":41},{"not_picked":["Thunderclap","Rampage","Pummel"],"picked":"Singing Bowl","floor":42},{"not_picked":["Wild Strike+1","Uppercut","Carnage"],"picked":"Singing Bowl","floor":46}],"player_experience":197658,"relics_obtained":[{"floor":7.0,"key":"Orichalcum"},{"floor":9.0,"key":"Pen Nib"},{"floor":10.0,"key":"Shuriken"},{"floor":23.0,"key":"Vajra"},{"floor":25.0,"key":"Singing Bowl"},{"floor":26.0,"key":"Frozen Egg 2"},{"floor":28.0,"key":"Bag of Preparation"},{"floor":41,"key":"Anchor"},{"floor":43,"key":"Centennial Puzzle"}],"event_choices":[{"damage_healed":0.0,"max_hp_gain":0.0,"max_hp_loss":0.0,"gold_gain":0.0,"event_name":"Golden Idol","player_choice":"Take Damage","floor":2.0,"gold_loss":0.0,"damage_taken":20.0,"relics_obtained":["Golden Idol"]},{"damage_healed":0.0,"max_hp_gain":0.0,"max_hp_loss":0.0,"gold_gain":100.0,"event_name":"Golden Shrine","player_choice":"Pray","floor":3.0,"gold_loss":0.0,"damage_taken":0.0},{"damage_healed":0.0,"max_hp_gain":0.0,"max_hp_loss":0.0,"gold_gain":0.0,"event_name":"Accursed Blacksmith","player_choice":"Rummage","floor":20.0,"gold_loss":0.0,"damage_taken":0.0,"relics_obtained":["WarpedTongs"],"cards_obtained":["Pain"]},{"damage_healed":0,"gold_gain":0,"cards_transformed":["Headbutt"],"player_choice":"Transformed","damage_taken":0,"max_hp_gain":0,"max_hp_loss":0,"event_name":"Transmorgrifier","floor":45,"gold_loss":0,"cards_obtained":["Armaments"]}],"is_beta":false,"boss_relics":[{"not_picked":["Runic Cube","Black Blood"],"picked":"Cursed Key"},{"not_picked":["Busted Crown","Tiny House","SacredBark"]}],"items_purged_floors":[21,30,36,38,48],"is_endless":false,"potions_floor_spawned":[4,5,10,12,16,19,23,25,28,31,41],"ascension_level":7}}