{"host":"792mtbovsoa03nb3","time":1609042307,"event":{"mods":["BaseMod","Colored Map","Downfall","Infinite Spire","Minty Spire (QoL Compilation)","Spicy Shops","StSLib","The Blue Laboratory","The Jungle"],"gold_per_floor":[110,110,110,110,127,127,127,152,152,152,167,167,192,192,192,192,192],"floor_reached":16,"playtime":326,"items_purged":[],"score":157,"play_id":"35b5b76c-4e53-4546-8f2f-2b32152dcf82","local_time":"20201226201147","is_ascension_mode":true,"campfire_choices":[{"data":"Seeing Red","floor":6,"key":"SMITH"},{"data":"Inflame","floor":10,"key":"SMITH"},{"data":"Twin Strike","floor":12,"key":"SMITH"},{"data":"expansioncontent:DarkVoid","floor":15,"key":"SMITH"}],"circlet_count":0,"master_deck":["Strike_R","Strike_R","Strike_R","Strike_R","Strike_R","Defend_R","Defend_R","Defend_R","Defend_R","Bash+1","Cleave+1","Seeing Red+1","Pain","Inflame+1","Twin Strike+1","expansioncontent:DarkVoid+1"],"relics":["Burning Blood","NeowsBlessing","Juzu Bracelet","WarpedTongs","Centennial Puzzle","Boot","Sundial"],"acts_visited":["Exordium"],"potions_floor_usage":[16,16],"damage_taken":[{"damage":0,"enemies":"Small Slimes","floor":1,"turns":1},{"damage":0,"enemies":"2 Louse","floor":5,"turns":1},{"damage":2,"enemies":"3 Sentries","floor":8,"turns":2},{"damage":13,"enemies":"Cultist","floor":11,"turns":3},{"damage":20,"enemies":"Gremlin Nob","floor":13,"turns":3},{"damage":63,"enemies":"The Guardian","floor":16,"turns":17}],"seed_played":"4786303912385552257","potions_obtained":[{"floor":1,"key":"blueLaboratory:IronCompound"},{"floor":5,"key":"SpeedPotion"},{"floor":8,"key":"blueLaboratory:PyrophylliteBrew"}],"is_trial":false,"path_per_floor":["M","?","?","?","M","R","?","E","T","R","M","R","E","?","R","B"],"character_chosen":"IRONCLAD","items_purchased":[],"campfire_rested":0,"item_purchase_floors":[],"current_hp_per_floor":[80,80,80,80,80,80,80,80,80,80,73,73,59,59,59,0,0],"gold":192,"neow_bonus":"THREE_ENEMY_KILL","is_daily":false,"chose_seed":false,"campfire_upgraded":4,"win_rate":0.0,"timestamp":1609042307,"path_taken":["M","?","?","?","M","R","?","E","T","R","M","R","E","?","R","BOSS"],"items_purchased_type":[],"build_version":"2020-12-22","purchased_purges":0,"victory":false,"max_hp_per_floor":[80,80,80,80,80,80,80,80,80,80,80,80,80,80,80,80,80],"card_choices":[{"not_picked":["Heavy Blade","Sword Boomerang"],"picked":"Cleave","floor":1},{"not_picked":["Perfected Strike","Evolve"],"picked":"Seeing Red","floor":5},{"not_picked":["Perfected Strike","Sword Boomerang"],"picked":"Inflame","floor":8},{"not_picked":["Metallicize","Flex"],"picked":"Twin Strike","floor":11},{"not_picked":["Entrench","Infernal Blade","Body Slam"],"picked":"SKIP","floor":13}],"player_experience":791397,"relics_obtained":[{"floor":3,"key":"Juzu Bracelet"},{"floor":8,"key":"Centennial Puzzle"},{"floor":9,"key":"Boot"},{"floor":13,"key":"Sundial"}],"event_choices":[{"damage_healed":0,"gold_gain":0,"player_choice":"Grow","damage_taken":0,"max_hp_gain":0,"max_hp_loss":0,"event_name":"Living Wall","floor":2,"gold_loss":0,"cards_upgraded":["Bash"]},{"damage_healed":0,"gold_gain":0,"player_choice":"Upgraded","damage_taken":0,"max_hp_gain":0,"max_hp_loss":0,"event_name":"Upgrade Shrine","floor":4,"gold_loss":0,"cards_upgraded":["Cleave"]},{"damage_healed":0,"gold_gain":0,"player_choice":"Rummage","damage_taken":0,"relics_obtained":["WarpedTongs"],"max_hp_gain":0,"max_hp_loss":0,"event_name":"Accursed Blacksmith","floor":7,"gold_loss":0,"cards_obtained":["Pain"]},{"damage_healed":0,"gold_gain":0,"player_choice":"1 cards matched","damage_taken":0,"max_hp_gain":0,"max_hp_loss":0,"event_name":"Match and Keep!","floor":14,"gold_loss":0,"cards_obtained":["expansioncontent:DarkVoid"]}],"is_beta":false,"boss_relics":[],"items_purged_floors":[],"is_endless":false,"potions_floor_spawned":[1,5,8],"killed_by":"The Guardian","ascension_level":4}}