{"host":"kzpuingyul43kz0j","time":1609110064,"event":{"mods":["2.2 Compatiblity","BaseMod","Bestiary","Better Skull","BetterRewards","Colored Map","Colored Powertips","Curses Come First","Displayed Cursed Tome","Downfall","Gold Saver","Highlight Path","Keyboard Shortcuts","Minty Spire (QoL Compilation)","Relic Stats","Remove Card Discount Mod","StSLib","Uncapped"],"gold_per_floor":[334,55,55,55,68,68,78,97,97,272,272,124,124,138,138,236,236,256,47,67,77,77,90,90,106,133,164,164,183,183,183,183,280,280,293,303,303,145,0,0,35,35,35,35,62,74,89,103,103,103],"floor_reached":51,"playtime":1991,"items_purged":["Strike_G","Defend_G","Defend_G","Defend_G","Strike_G","Strike_G","Doubt","Defend_G","Strike_G","Defend_G","Strike_G","Survivor","Dodge and Roll+1"],"score":1067,"play_id":"cecdbd92-5ded-418d-94d6-2db5a3e50d76","local_time":"20201228000104","is_ascension_mode":false,"campfire_choices":[{"data":"Dodge and Roll","floor":6,"key":"SMITH"},{"data":"Blur","floor":11,"key":"SMITH"},{"data":"Backstab","floor":13,"key":"SMITH"},{"data":"Backstab","floor":15,"key":"SMITH"},{"data":"A Thousand Cuts","floor":24,"key":"SMITH"},{"data":"Footwork","floor":28,"key":"SMITH"},{"data":"Dodge and Roll","floor":32,"key":"SMITH"},{"data":"Infinite Blades","floor":40,"key":"SMITH"},{"data":"Backflip","floor":42,"key":"SMITH"},{"data":"Endless Agony","floor":44,"key":"SMITH"},{"data":"Die Die Die","floor":49,"key":"SMITH"}],"circlet_count":0,"master_deck":["Neutralize+1","Endless Agony+1","Infinite Blades+1","Backstab+1","Backflip+1","Backstab+1","Blur+1","Infinite Blades+1","A Thousand Cuts+1","Backflip+1","Dodge and Roll+1","Blade Dance+1","Die Die Die+1","Footwork+1"],"relics":["Ring of the Snake","Question Card","Sozu","Pantograph","Mercury Hourglass","Medical Kit","WristBlade","Anchor","Bag of Preparation","Ornamental Fan","SlaversCollar","HandDrill","Red Mask","StoneCalendar","White Beast Statue","Strawberry"],"acts_visited":["Exordium","TheCity","TheBeyond"],"potions_floor_usage":[],"damage_taken":[{"damage":0,"enemies":"Cultist","floor":1,"turns":4},{"damage":0,"enemies":"Small Slimes","floor":5,"turns":2},{"damage":0,"enemies":"2 Louse","floor":7,"turns":2},{"damage":0,"enemies":"Large Slime","floor":8,"turns":5},{"damage":0,"enemies":"Looter","floor":14,"turns":2},{"damage":0,"enemies":"Slime Boss","floor":16,"turns":13},{"damage":2,"enemies":"Shell Parasite","floor":18,"turns":3},{"damage":0,"enemies":"3 Byrds","floor":20,"turns":2},{"damage":0,"enemies":"Centurion and Healer","floor":21,"turns":2},{"damage":0,"enemies":"Snecko","floor":23,"turns":2},{"damage":0,"enemies":"3 Cultists","floor":25,"turns":2},{"damage":2,"enemies":"Book of Stabbing","floor":27,"turns":3},{"damage":0,"enemies":"Shelled Parasite and Fungi","floor":29,"turns":2},{"damage":0,"enemies":"Champ","floor":33,"turns":6},{"damage":0,"enemies":"3 Darklings","floor":35,"turns":2},{"damage":0,"enemies":"3 Shapes","floor":36,"turns":1},{"damage":0,"enemies":"Giant Head","floor":41,"turns":5},{"damage":0,"enemies":"Reptomancer","floor":45,"turns":2},{"damage":0,"enemies":"Maw","floor":46,"turns":5},{"damage":0,"enemies":"Sphere and 2 Shapes","floor":47,"turns":1},{"damage":0,"enemies":"Spire Growth","floor":48,"turns":2},{"damage":1,"enemies":"Time Eater","floor":50,"turns":7}],"seed_played":"7497387908683003038","potions_obtained":[],"is_trial":false,"path_per_floor":["M","$","?","?","M","R","M","M","T","?","R","$","R","M","R","B",null,"M","$","M","M","$","M","R","M","T","E","R","M","?","?","R","B",null,"M","M","?","$","?","R","E","R","T","R","E","M","M","M","R","B",null],"character_chosen":"THE_SILENT","items_purchased":["Question Card","Infinite Blades","Dodge and Roll","Backflip","Pantograph","Medical Kit","Anchor","Dodge and Roll","HandDrill"],"campfire_rested":0,"item_purchase_floors":[0,0,0,2,2,12,19,19,38],"current_hp_per_floor":[54,54,40,40,40,40,40,40,40,40,40,40,40,40,40,65,70,68,68,68,68,68,68,68,68,68,66,66,66,66,66,66,70,70,70,70,66,66,66,66,66,66,66,66,73,73,73,73,73,72],"gold":103,"neow_bonus":"","is_daily":false,"chose_seed":false,"campfire_upgraded":11,"win_rate":0.0,"timestamp":1609110064,"path_taken":["M","?","?","?","M","R","M","M","T","?","R","$","R","M","R","BOSS","M","$","M","M","$","M","R","M","T","E","R","M","?","?","R","BOSS","M","M","?","$","?","R","E","R","T","R","E","M","M","?","R","BOSS"],"items_purchased_type":["Relic","Card","Card","Card","Relic","Relic","Relic","Card","Relic"],"build_version":"2020-12-22","purchased_purges":13,"victory":true,"max_hp_per_floor":[70,70,70,70,70,70,70,70,70,70,70,70,70,70,70,70,70,70,70,70,70,70,70,70,70,70,70,70,70,70,70,70,70,70,70,70,66,66,66,66,66,66,66,66,73,73,73,73,73,73],"relic_stats":{"Sozu":12,"counters":[149,590],"Ornamental Fan":[208],"Pantograph":29,"StoneCalendar":[45],"Bag of Preparation":[25],"HandDrill":[16],"Question Card":21,"Medical Kit":[0],"obtain_stats":[{"Ice Cream":0,"Tiny House":34,"Gremlin Horn":37,"Vajra":27,"Whetstone":10,"Ginger":37,"Sling":48,"Sozu":17,"Blood Vial":26,"Lizard Tail":0,"Sundial":47,"Strawberry":45,"MealTicket":21,"HandDrill":37,"Necronomicon":31,"Toxic Egg 2":23,"Pear":40,"Happy Flower":26,"Oddly Smooth Stone":21,"Tingsha":47,"Pen Nib":9,"Letter Opener":45,"War Paint":14,"Question Card":0,"SlaversCollar":34,"Shuriken":9,"MutagenicStrength":22,"Bronze Scales":47,"Ring of the Serpent":17,"Darkstone Periapt":25,"Regal Pillow":28,"Mango":36,"StoneCalendar":34,"Snake Skull":49,"Bag of Preparation":27,"SsserpentHead":13,"Nunchaku":6,"Dream Catcher":40,"Shovel":0,"Matryoshka":29,"WristBlade":17,"Pantograph":25,"Toolbox":21,"Tiny Chest":13,"Red Mask":39,"Ring of the Snake":0,"Potion Belt":9,"Lee\u0027s Waffle":7,"Thread and Needle":0,"PreservedInsect":8,"Omamori":6,"Orichalcum":2,"Odd Mushroom":7,"Medical Kit":12,"White Beast Statue":43,"Mercury Hourglass":9,"Peace Pipe":21,"Calling Bell":34,"Cauldron":21,"Anchor":6,"Ornamental Fan":44,"Turnip":0,"Bag of Marbles":43,"Membership Card":0,"Bottled Lightning":15,"Toy Ornithopter":43,"TungstenRod":0},{"Ice Cream":66,"Tiny House":83,"Gremlin Horn":32,"Vajra":11,"Whetstone":46,"Ginger":120,"Sling":65,"Sozu":49,"Blood Vial":53,"Lizard Tail":89,"Sundial":65,"Strawberry":145,"MealTicket":25,"HandDrill":32,"Necronomicon":82,"Toxic Egg 2":27,"Pear":122,"Happy Flower":11,"Oddly Smooth Stone":25,"Tingsha":37,"Pen Nib":46,"Letter Opener":64,"War Paint":6,"Question Card":127,"SlaversCollar":141,"Shuriken":18,"MutagenicStrength":9,"Bronze Scales":65,"Ring of the Serpent":7,"Darkstone Periapt":116,"Regal Pillow":103,"Mango":32,"StoneCalendar":119,"Snake Skull":65,"Bag of Preparation":54,"SsserpentHead":20,"Nunchaku":4,"Dream Catcher":61,"Shovel":39,"Matryoshka":55,"WristBlade":22,"Pantograph":53,"Toolbox":9,"Tiny Chest":111,"Red Mask":143,"Ring of the Snake":0,"Potion Belt":92,"Lee\u0027s Waffle":110,"Thread and Needle":66,"PreservedInsect":5,"Omamori":92,"Orichalcum":16,"Odd Mushroom":45,"Medical Kit":131,"White Beast Statue":87,"Mercury Hourglass":5,"Peace Pipe":52,"Calling Bell":119,"Cauldron":25,"Anchor":44,"Ornamental Fan":35,"Turnip":106,"Bag of Marbles":63,"Membership Card":15,"Bottled Lightning":48,"Toy Ornithopter":63,"TungstenRod":106},{"Ice Cream":262,"Tiny House":325,"Gremlin Horn":140,"Vajra":49,"Whetstone":194,"Ginger":483,"Sling":256,"Sozu":206,"Blood Vial":218,"Lizard Tail":347,"Sundial":256,"Strawberry":575,"MealTicket":109,"HandDrill":140,"Necronomicon":317,"Toxic Egg 2":119,"Pear":493,"Happy Flower":49,"Oddly Smooth Stone":109,"Tingsha":157,"Pen Nib":194,"Letter Opener":255,"War Paint":24,"Question Card":515,"SlaversCollar":565,"Shuriken":81,"MutagenicStrength":41,"Bronze Scales":256,"Ring of the Serpent":33,"Darkstone Periapt":462,"Regal Pillow":414,"Mango":140,"StoneCalendar":479,"Snake Skull":256,"Bag of Preparation":221,"SsserpentHead":87,"Nunchaku":18,"Dream Catcher":244,"Shovel":166,"Matryoshka":225,"WristBlade":97,"Pantograph":218,"Toolbox":41,"Tiny Chest":442,"Red Mask":568,"Ring of the Snake":0,"Potion Belt":363,"Lee\u0027s Waffle":440,"Thread and Needle":262,"PreservedInsect":21,"Omamori":363,"Orichalcum":74,"Odd Mushroom":191,"Medical Kit":528,"White Beast Statue":339,"Mercury Hourglass":21,"Peace Pipe":215,"Calling Bell":479,"Cauldron":109,"Anchor":188,"Ornamental Fan":147,"Turnip":427,"Bag of Marbles":250,"Membership Card":69,"Bottled Lightning":199,"Toy Ornithopter":250,"TungstenRod":427}],"Ring of the Snake":[50],"Mercury Hourglass":[236]},"card_choices":[{"not_picked":["Masterful Stab","Infinite Blades","Outmaneuver"],"picked":"Backstab","floor":1},{"not_picked":["Dagger Throw","Calculated Gamble","All Out Attack","Bane"],"picked":"SKIP","floor":5},{"not_picked":["Predator","Quick Slash","Prepared"],"picked":"Backstab","floor":7},{"not_picked":["Bouncing Flask","Finisher","Flechettes"],"picked":"Blur","floor":8},{"not_picked":["Sucker Punch","Finisher","Riddle With Holes"],"picked":"Infinite Blades","floor":14},{"not_picked":["Corpse Explosion","Malaise","Adrenaline"],"picked":"A Thousand Cuts","floor":16},{"not_picked":["Poisoned Stab","Underhanded Strike+1","All Out Attack"],"picked":"Backflip","floor":18},{"not_picked":["Escape Plan+1","Finisher","Quick Slash+1"],"picked":"Blade Dance+1","floor":20},{"not_picked":["Outmaneuver","Cloak And Dagger","Sucker Punch+1","Blade Dance"],"picked":"SKIP","floor":21},{"not_picked":["Underhanded Strike+1","Catalyst","Backstab"],"picked":"Die Die Die","floor":23},{"not_picked":["Predator","Deadly Poison","Cloak And Dagger"],"picked":"Footwork","floor":25},{"not_picked":["PiercingWail+1","Underhanded Strike","Bane","Tactician"],"picked":"SKIP","floor":27},{"not_picked":["Masterful Stab","Quick Slash+1","Outmaneuver","Sucker Punch"],"picked":"SKIP","floor":29},{"not_picked":["Outmaneuver+1","All Out Attack","Quick Slash+1","Dagger Throw"],"picked":"SKIP","floor":35},{"not_picked":["Eviscerate+1","Slice","Crippling Poison","Backflip"],"picked":"SKIP","floor":36},{"not_picked":["Outmaneuver","Flechettes","Predator+1","Backflip+1"],"picked":"SKIP","floor":41},{"not_picked":["Acrobatics+1","Dagger Spray+1","Deflect","Sucker Punch"],"picked":"SKIP","floor":45},{"not_picked":["Predator+1","Acrobatics+1","Masterful Stab","Deadly Poison+1"],"picked":"SKIP","floor":46},{"not_picked":["Predator+1","Acrobatics+1","Masterful Stab","Deadly Poison+1"],"picked":"SKIP","floor":46},{"not_picked":["Dash+1","Distraction","All Out Attack","Caltrops"],"picked":"SKIP","floor":47},{"not_picked":["Cloak And Dagger","Malaise","Acrobatics","Underhanded Strike"],"picked":"SKIP","floor":48}],"player_experience":70322,"relics_obtained":[{"floor":9,"key":"Mercury Hourglass"},{"floor":26,"key":"Bag of Preparation"},{"floor":27,"key":"Ornamental Fan"},{"floor":41,"key":"StoneCalendar"},{"floor":43,"key":"White Beast Statue"},{"floor":45,"key":"Strawberry"}],"event_choices":[{"damage_healed":0,"gold_gain":0,"player_choice":"Entered Light","damage_taken":14,"max_hp_gain":0,"max_hp_loss":0,"event_name":"Shining Light","floor":3,"gold_loss":0,"cards_upgraded":["Neutralize","Backflip"]},{"damage_healed":0,"gold_gain":0,"player_choice":"Grow","damage_taken":0,"max_hp_gain":0,"max_hp_loss":0,"event_name":"Living Wall","floor":4,"gold_loss":0,"cards_upgraded":["Infinite Blades"]},{"damage_healed":0,"gold_gain":175,"player_choice":"AGREE","damage_taken":0,"max_hp_gain":0,"max_hp_loss":0,"event_name":"Liars Game","floor":10,"gold_loss":0,"cards_obtained":["Doubt"]},{"damage_healed":0,"gold_gain":0,"player_choice":"Ignored","damage_taken":0,"max_hp_gain":0,"max_hp_loss":0,"event_name":"Ghosts","floor":30,"gold_loss":0},{"damage_healed":0,"gold_gain":0,"player_choice":"Ignored","damage_taken":0,"max_hp_gain":0,"max_hp_loss":0,"event_name":"Vampires","floor":31,"gold_loss":0},{"damage_healed":0,"gold_gain":0,"player_choice":"Max HP","damage_taken":0,"max_hp_gain":0,"max_hp_loss":4,"event_name":"Winding Halls","floor":37,"gold_loss":0},{"damage_healed":0,"gold_gain":0,"player_choice":"Paid","damage_taken":0,"relics_obtained":["Red Mask"],"max_hp_gain":0,"max_hp_loss":0,"event_name":"Tomb of Lord Red Mask","floor":39,"gold_loss":145}],"is_beta":false,"boss_relics":[{"not_picked":["Tiny House","Coffee Dripper"],"picked":"WristBlade"},{"not_picked":["SacredBark","Velvet Choker"],"picked":"SlaversCollar"}],"items_purged_floors":[0,0,0,0,0,0,12,12,19,19,19,19,38],"is_endless":false,"potions_floor_spawned":[1,7,14,16,20,21,25,29,45,46,47,48],"ascension_level":0}}