{"host":"3jjxuhjpio8e4zkv","time":1609105596,"event":{"mods":["BaseMod","Colored Map","Highlight Path","Minty Spire (QoL Compilation)","Permanent Neow","Relic Stats","StSLib"],"gold_per_floor":[18,29,47,61,76,103,103,130,130,151,151,180,214,245,245,331,331,368,172,183,203,221,255,287,287,310,225,225,245,279,303,303,303,303],"floor_reached":33,"playtime":1735,"items_purged":["Strike_P"],"score":855,"play_id":"433224de-3a33-4fd5-8edd-ee57f313d4d3","local_time":"20201227164636","is_ascension_mode":true,"campfire_choices":[{"data":"Fasting2","floor":7.0,"key":"SMITH"},{"data":"Tantrum","floor":11.0,"key":"SMITH"},{"data":"Nirvana","floor":15.0,"key":"SMITH"},{"floor":25.0,"key":"REST"},{"data":"Panacea","floor":28.0,"key":"SMITH"},{"data":"Vault","floor":32.0,"key":"SMITH"}],"circlet_count":0,"master_deck":["AscendersBane","Strike_P","Strike_P","Strike_P","Defend_P","Defend_P","Defend_P+1","Defend_P","Eruption","Vigilance","ForeignInfluence","Vengeance","ThirdEye","Tantrum+1","MentalFortress","Fasting2+1","Nirvana+1","Halt","ThirdEye","JustLucky","EmptyFist","CutThroughFate","Tantrum","CutThroughFate","Vault+1","JustLucky+1","Prostrate","TalkToTheHand","Panacea+1","Prostrate","Fasting2","Halt+1","Devotion","Prostrate","WaveOfTheHand"],"relics":["PureWater","Prayer Wheel","Gremlin Horn","Matryoshka","CeramicFish","Pear","Regal Pillow","Velvet Choker","InkBottle","Bronze Scales","Smiling Mask","Mummified Hand","War Paint"],"acts_visited":["Exordium","TheCity"],"potions_floor_usage":[],"damage_taken":[{"damage":0.0,"enemies":"Cultist","floor":1.0,"turns":3.0},{"damage":0.0,"enemies":"2 Louse","floor":2.0,"turns":2.0},{"damage":0.0,"enemies":"Jaw Worm","floor":3.0,"turns":3.0},{"damage":0.0,"enemies":"2 Fungi Beasts","floor":4.0,"turns":2.0},{"damage":30.0,"enemies":"Large Slime","floor":5.0,"turns":5.0},{"damage":0.0,"enemies":"3 Sentries","floor":6.0,"turns":4.0},{"damage":15.0,"enemies":"Gremlin Nob","floor":8.0,"turns":3.0},{"damage":4.0,"enemies":"3 Louse","floor":10.0,"turns":3.0},{"damage":0.0,"enemies":"Lagavulin","floor":12.0,"turns":6.0},{"damage":2.0,"enemies":"2 Fungi Beasts","floor":13.0,"turns":3.0},{"damage":4.0,"enemies":"Blue Slaver","floor":14.0,"turns":4.0},{"damage":0.0,"enemies":"Slime Boss","floor":16.0,"turns":4.0},{"damage":18.0,"enemies":"2 Thieves","floor":18.0,"turns":4.0},{"damage":7.0,"enemies":"Shell Parasite","floor":20.0,"turns":7.0},{"damage":5.0,"enemies":"Chosen and Byrds","floor":21.0,"turns":4.0},{"damage":11.0,"enemies":"Centurion and Healer","floor":22.0,"turns":5.0},{"damage":13.0,"enemies":"Book of Stabbing","floor":23.0,"turns":6.0},{"damage":4.0,"enemies":"Sentry and Sphere","floor":24.0,"turns":6.0},{"damage":7.0,"enemies":"Cultist and Chosen","floor":29.0,"turns":4.0},{"damage":11.0,"enemies":"Slavers","floor":30.0,"turns":3.0},{"damage":4.0,"enemies":"Centurion and Healer","floor":31.0,"turns":3.0},{"damage":59,"enemies":"Collector","floor":33,"turns":4}],"seed_played":"-4837166895146552872","potions_obtained":[{"floor":2.0,"key":"SteroidPotion"},{"floor":6.0,"key":"DistilledChaos"},{"floor":10.0,"key":"StancePotion"},{"floor":12.0,"key":"DistilledChaos"},{"floor":16.0,"key":"LiquidMemories"},{"floor":21.0,"key":"Strength Potion"},{"floor":23.0,"key":"Ancient Potion"},{"floor":24.0,"key":"Strength Potion"}],"is_trial":false,"path_per_floor":["M","M","M","M","M","E","R","E","T","M","R","E","M","M","R","B",null,"M","$","M","M","M","E","M","R","T","?","R","M","E","M","R","B"],"character_chosen":"WATCHER","items_purchased":["TalkToTheHand","Panacea"],"campfire_rested":1,"item_purchase_floors":[19,19],"current_hp_per_floor":[61,61,61,61,31,31,31,16,26,22,22,22,20,16,16,16,63,45,45,38,33,22,9,5,43,43,43,43,36,25,21,21,0,0],"gold":303,"neow_bonus":"ONE_RARE_RELIC","is_daily":false,"chose_seed":false,"campfire_upgraded":5,"win_rate":0.0,"timestamp":1609105596,"path_taken":["M","M","M","M","M","E","R","E","T","M","R","E","?","M","R","BOSS","M","$","M","M","M","E","M","R","T","?","R","M","E","M","R","BOSS"],"items_purchased_type":["Card","Card"],"build_version":"2020-12-22","purchased_purges":1,"victory":false,"max_hp_per_floor":[68,68,68,68,68,68,68,68,78,78,78,78,78,78,78,78,78,78,78,78,78,78,78,78,78,78,78,78,78,78,78,78,78,78],"relic_stats":{"Regal Pillow":15,"Gremlin Horn":[13,13],"counters":[22,88],"Mummified Hand":[13],"CeramicFish":144,"Bronze Scales":[36],"Prayer Wheel":15,"War Paint":["Halt","Defend_P"],"Smiling Mask":0,"obtain_stats":[{"Regal Pillow":12,"Pear":9,"Gremlin Horn":6,"CeramicFish":9,"Velvet Choker":17,"War Paint":30,"Smiling Mask":26,"Matryoshka":8,"Mummified Hand":27,"Bronze Scales":26,"Prayer Wheel":0,"PureWater":0,"InkBottle":23},{"Regal Pillow":9,"Pear":7,"Gremlin Horn":6,"CeramicFish":7,"Velvet Choker":12,"War Paint":20,"Smiling Mask":18,"Matryoshka":7,"Mummified Hand":18,"Bronze Scales":18,"Prayer Wheel":0,"PureWater":0,"InkBottle":17},{"Regal Pillow":31,"Pear":22,"Gremlin Horn":19,"CeramicFish":22,"Velvet Choker":42,"War Paint":81,"Smiling Mask":74,"Matryoshka":22,"Mummified Hand":74,"Bronze Scales":74,"Prayer Wheel":0,"PureWater":0,"InkBottle":68}],"InkBottle":[7]},"card_choices":[{"not_picked":["EmptyFist","Halt"],"picked":"ForeignInfluence","floor":1.0},{"not_picked":["EmptyFist","SashWhip","PathToVictory"],"picked":"SKIP","floor":1.0},{"not_picked":["JustLucky","CrushJoints"],"picked":"Vengeance","floor":2.0},{"not_picked":["Consecrate","WreathOfFlame"],"picked":"ThirdEye","floor":2.0},{"not_picked":["Protect","Conclude"],"picked":"Tantrum","floor":3.0},{"not_picked":["JustLucky","CarveReality"],"picked":"MentalFortress","floor":3.0},{"not_picked":["BowlingBash","FollowUp"],"picked":"Fasting2","floor":4.0},{"not_picked":["SashWhip","BattleHymn"],"picked":"Nirvana","floor":4.0},{"not_picked":["ConjureBlade","Prostrate"],"picked":"Halt","floor":5.0},{"not_picked":["Crescendo","EmptyFist","PathToVictory"],"picked":"SKIP","floor":5.0},{"not_picked":["CrushJoints","Consecrate","Pray"],"picked":"SKIP","floor":6.0},{"not_picked":["JustLucky","EmptyFist"],"picked":"ThirdEye","floor":8.0},{"not_picked":["FollowUp","ClearTheMind"],"picked":"JustLucky","floor":10.0},{"not_picked":["MentalFortress","LikeWater","CrushJoints"],"picked":"SKIP","floor":10.0},{"not_picked":["Crescendo","Blasphemy","MentalFortress"],"picked":"SKIP","floor":12.0},{"not_picked":["FlyingSleeves","SashWhip"],"picked":"EmptyFist","floor":13.0},{"not_picked":["DeceiveReality","CrushJoints"],"picked":"CutThroughFate","floor":13.0},{"not_picked":["CarveReality","EmptyBody"],"picked":"Tantrum","floor":14.0},{"not_picked":["Evaluate","PathToVictory"],"picked":"CutThroughFate","floor":14.0},{"not_picked":["MasterReality","Ragnarok"],"picked":"Vault","floor":16.0},{"not_picked":["ThirdEye","EmptyBody"],"picked":"JustLucky+1","floor":18.0},{"not_picked":["Indignation","FollowUp"],"picked":"Prostrate","floor":18.0},{"not_picked":["Worship","WheelKick","CrushJoints"],"picked":"SKIP","floor":20.0},{"not_picked":["Perseverance","BowlingBash","CutThroughFate"],"picked":"SKIP","floor":20.0},{"not_picked":["Consecrate","DeceiveReality"],"picked":"Prostrate","floor":21.0},{"not_picked":["CutThroughFate","SandsOfTime","BowlingBash"],"picked":"SKIP","floor":21.0},{"not_picked":["MasterReality","FollowUp","EmptyFist"],"picked":"SKIP","floor":22.0},{"not_picked":["ClearTheMind","Vengeance+1","FlyingSleeves"],"picked":"SKIP","floor":22.0},{"not_picked":["Consecrate","LikeWater","CrushJoints"],"picked":"SKIP","floor":23.0},{"not_picked":["FollowUp+1","BowlingBash"],"picked":"Fasting2","floor":24.0},{"not_picked":["Study","Protect"],"picked":"Halt","floor":24.0},{"not_picked":["DeceiveReality","ClearTheMind"],"picked":"Devotion","floor":29.0},{"not_picked":["JustLucky","PathToVictory","WindmillStrike"],"picked":"SKIP","floor":29.0},{"not_picked":["Protect","FlurryOfBlows"],"picked":"Prostrate","floor":30.0},{"not_picked":["Protect","BowlingBash+1"],"picked":"WaveOfTheHand","floor":31.0},{"not_picked":["CarveReality","BowlingBash","SashWhip"],"picked":"SKIP","floor":31.0}],"player_experience":1119182,"relics_obtained":[{"floor":6.0,"key":"Gremlin Horn"},{"floor":8.0,"key":"Matryoshka"},{"floor":9.0,"key":"CeramicFish"},{"floor":9.0,"key":"Pear"},{"floor":12.0,"key":"Regal Pillow"},{"floor":23.0,"key":"InkBottle"},{"floor":26.0,"key":"Bronze Scales"},{"floor":26.0,"key":"Smiling Mask"},{"floor":30.0,"key":"War Paint"}],"event_choices":[{"damage_healed":0.0,"max_hp_gain":0.0,"max_hp_loss":0.0,"gold_gain":0.0,"event_name":"Addict","player_choice":"Obtained Relic","floor":27.0,"gold_loss":85.0,"damage_taken":0.0,"relics_obtained":["Mummified Hand"]}],"is_beta":false,"boss_relics":[{"not_picked":["Cursed Key","Tiny House"],"picked":"Velvet Choker"}],"items_purged_floors":[19],"is_endless":false,"potions_floor_spawned":[2,6,10,12,14,16,20,21,23,24],"killed_by":"Collector","ascension_level":20}}