{"host":"dxhqtkke6bt2qzoz","time":1609073403,"event":{"mods":["ATMod(∞¢Ë™Mod)","Act Like it!","Astrologer","BaseMod","Chen","Dota2Spire","Gensokyo","Koishi","Mari Mod (Legacy)","Mari\u0027s V1 Patch","Marisa£®ÏF”Í°°ƒß¿Ì…≥£©","Minty Spire (QoL Compilation)","MostiFishMod","Prisma Mod","Railgun Mod","Remilia£®¿Ÿ√◊¿Ú—«£©","SIMod","StSLib","TestMod","The Alterego","The Animator","The Dragon Tamer","The Hierophant","The Marked","The Mystic","Waifu the Spire","WarShipGirlsR/’ΩΩ¢…Ÿ≈ÆR mod","Yakumo Yukari mod","Yuri Mod","[IsaacMod]“‘»ˆº‚À˛","vexMod","°æ“≈ŒÔø®≈∆°øREMEMod"],"gold_per_floor":[111,124,173,173,173,207,207,217,217,217,217,246,266,285,285,385,385,404,354,367,383,403,437,437,469,519,531,546,578,598,598,598,701,701,715,1015,1033,1050,1069,1069,1100,1100,1124,1138,1138,1048,1048,978,978,978],"floor_reached":51,"playtime":921,"items_purged":["BloodyBrimstone","PrismaMod:ChloeCommonDefend"],"score":1223,"play_id":"bd1b9faa-da95-4a23-8eaf-0f55770ce767","local_time":"20201227205003","is_ascension_mode":true,"campfire_choices":[{"data":"PrismaMod:ChloeMordred","floor":7,"key":"SMITH"},{"data":"PrismaMod:ChloeRhongomyniad","floor":10,"key":"SMITH"},{"data":"AT_BreakingExtremeWeapon","floor":15,"key":"SMITH"},{"data":"PrismaMod:ChloeExcalibur","floor":24,"key":"SMITH"},{"data":"PrismaMod:ChloeGaeBolg","floor":32,"key":"SMITH"},{"data":"PrismaMod:ChloeChristmas","floor":40,"key":"SMITH"},{"data":"PrismaMod:ChloeCarnivalDefend","floor":42,"key":"SMITH"},{"data":"PrismaMod:ChloeEyeOfTheEuryale","floor":47,"key":"SMITH"},{"data":"PrismaMod:ChloeCheapAttack","floor":49,"key":"SMITH"}],"circlet_count":0,"master_deck":["PrismaMod:ChloeCommonAttack","PrismaMod:ChloeCommonAttack","PrismaMod:ChloeCommonAttack","PrismaMod:ChloeCommonAttack","PrismaMod:ChloeCommonAttack","PrismaMod:ChloeCommonDefend","PrismaMod:ChloeCommonDefend","PrismaMod:ChloeCommonDefend","PrismaMod:ChloeCommonDefend","PrismaMod:ChloeCheapAttack","PrismaMod:ChloeCheapDefend","AT_BreakingExtremeWeapon+1","PrismaMod:ChloeDemonicTutor","AT_BreakingExtremeWeapon+1","PrismaMod:ChloeMordred+1","PrismaMod:ChloeChristmas+1","PrismaMod:ChloeExhaustOne","PrismaMod:ChloeRhongomyniad+1","PrismaMod:ChloeUncommonAttack","PrismaMod:ChloeCheapAttack+1","PrismaMod:ChloeCarnivalAOEAttack","PrismaMod:ChloeCarnivalDefend+1","PrismaMod:ChloeEyeOfTheEuryale+1","PrismaMod:ChloeCheapDefend+1","PrismaMod:ChloeGaeBolg+1","PrismaMod:ChloeExcalibur+1","MostiFishMod:FrostNova","MostiFishMod:WinterMarkForm","PrismaMod:ChloeCaladbolg","PrismaMod:ChloeExcalibur+1","PrismaMod:ChloeCheapAttack+1","Gensokyo:Dawn+1","Gensokyo:CustomPotion","Gensokyo:OverchargedCore"],"relics":["PrismaMod:PrismaTraceOn","HushsDoor","DaveBox","AT_ATBox","REME_ComplimentaryCards","testmod-TestBox","Civilization","BookofShadows","Strawberry","vexMod:FocusSash","DoctorsRemote","testmod-LifeArmor","testmod-SaigiyounoYou","Dota2Spire:Vanguard","Regal Pillow","GuppysPaw","FrostBlade","GuppysCollar","BelialBook","Dota2Spire:MaskOfMadness","testmod-IndustrialRevolution"],"acts_visited":["Gensokyo:Gensokyo","Gensokyo:Gensokyoer","Gensokyo:Gensokyoest"],"potions_floor_usage":[1,3,3,6,16,21],"damage_taken":[{"damage":0,"enemies":"Gensokyo:3_Fairies","floor":1,"turns":4},{"damage":0,"enemies":"Gensokyo:Python","floor":2,"turns":1},{"damage":0,"enemies":"Gensokyo:Gryphon","floor":3,"turns":1},{"damage":9,"enemies":"Gensokyo:Cirno","floor":6,"turns":9},{"damage":0,"enemies":"Gensokyo:3_Kodama","floor":8,"turns":1},{"damage":0,"enemies":"Gensokyo:Mamizou","floor":12,"turns":3},{"damage":0,"enemies":"Gensokyo:LivingMonolith","floor":13,"turns":1},{"damage":0,"enemies":"Gensokyo:2_Rabbits","floor":14,"turns":1},{"damage":0,"enemies":"Gensokyo:Reimu","floor":16,"turns":2},{"damage":0,"enemies":"Gensokyo:Chomper","floor":18,"turns":1},{"damage":0,"enemies":"Gensokyo:3_Dogs","floor":20,"turns":1},{"damage":0,"enemies":"Gensokyo:3_Gloops","floor":21,"turns":1},{"damage":0,"enemies":"Gensokyo:Wraith","floor":22,"turns":2},{"damage":0,"enemies":"Gensokyo:Reisen","floor":23,"turns":1},{"damage":0,"enemies":"Gensokyo:Tenshi","floor":25,"turns":1},{"damage":0,"enemies":"Gensokyo:Swordslinger","floor":27,"turns":1},{"damage":0,"enemies":"Gensokyo:Monolith_and_Dog","floor":28,"turns":1},{"damage":0,"enemies":"Gensokyo:Reisen","floor":29,"turns":1},{"damage":0,"enemies":"Gensokyo:Chomper_and_Gloop","floor":30,"turns":1},{"damage":0,"enemies":"Gensokyo:Eiki","floor":33,"turns":1},{"damage":0,"enemies":"Gensokyo:3_Boulders","floor":35,"turns":2},{"damage":0,"enemies":"Gensokyo:AncientGuardian","floor":37,"turns":1},{"damage":0,"enemies":"Gensokyo:Dusk_and_Dawn","floor":38,"turns":2},{"damage":0,"enemies":"Gensokyo:4_Bats","floor":39,"turns":2},{"damage":0,"enemies":"Gensokyo:Marisa","floor":41,"turns":1},{"damage":0,"enemies":"Gensokyo:3_Boulders","floor":44,"turns":1},{"damage":0,"enemies":"Gensokyo:3_Boulders","floor":45,"turns":2},{"damage":0,"enemies":"Gensokyo:Yuyuko","floor":50,"turns":1}],"seed_played":"-5546417954735592184","potions_obtained":[{"floor":0,"key":"Swift Potion"},{"floor":0,"key":"PowerPotion"},{"floor":0,"key":"ColorlessPotion"},{"floor":2,"key":"REME_GoldPotion"},{"floor":3,"key":"SkillPotion"},{"floor":8,"key":"AttackPotion"},{"floor":13,"key":"SpeedPotion"},{"floor":21,"key":"Fruit Juice"},{"floor":23,"key":"Ancient Potion"},{"floor":39,"key":"AttackPotion"}],"is_trial":false,"path_per_floor":["M","M","M","?","?","E","R","M","T","R","?","E","M","M","R","B",null,"M","?","M","M","M","E","R","E","T","M","M","E","M","?","R","B",null,"M","?","M","M","M","R","E","R","T","M","?","?","R","COS","R","B",null],"character_chosen":"CHLOE","items_purchased":["PrismaMod:ChloeCarnivalDefend","PrismaMod:ChloeEyeOfTheEuryale","GuppysCollar","BelialBook"],"campfire_rested":0,"item_purchase_floors":[17,17,34,34],"current_hp_per_floor":[81,88,96,96,93,103,103,125,125,125,138,161,185,211,211,235,223,251,258,289,328,363,401,401,440,440,480,522,567,614,614,614,662,632,683,683,735,789,847,847,906,906,906,968,968,968,968,968,968,1042],"gold":978,"neow_bonus":"THREE_SMALL_POTIONS","is_daily":false,"chose_seed":false,"campfire_upgraded":9,"win_rate":0.0,"timestamp":1609073403,"path_taken":["M","M","M","?","?","E","R","M","T","R","?","E","M","M","R","BOSS","M","?","M","M","?","E","R","E","T","M","?","E","M","?","R","BOSS","M","?","M","M","M","R","E","R","T","M","?","?","R","COS","R","BOSS"],"items_purchased_type":["Card","Card","Relic","Relic"],"build_version":"2020-12-22","purchased_purges":2,"victory":true,"max_hp_per_floor":[81,88,96,96,103,119,119,138,138,138,138,161,185,211,211,235,223,251,258,289,328,363,401,401,440,440,480,522,567,614,614,614,662,632,683,683,735,789,847,847,906,906,906,968,968,968,968,968,968,1042],"card_choices":[{"not_picked":[],"picked":"BloodyBrimstone","floor":0},{"not_picked":["PrismaMod:ChloeUncommonDefend","PrismaMod:ChloeMaid"],"picked":"PrismaMod:ChloeDemonicTutor","floor":1},{"not_picked":["PrismaMod:ChloeCheapDefend","PrismaMod:ChloeExhaustOne"],"picked":"PrismaMod:ChloeMordred","floor":2},{"not_picked":["PrismaMod:ChloeRitsuka","PrismaMod:ChloeUncommonAOEAttack"],"picked":"PrismaMod:ChloeChristmas","floor":3},{"not_picked":["PrismaMod:ChloeCheapAttack","PrismaMod:ChloeAnyRareTrace"],"picked":"PrismaMod:ChloeExhaustOne","floor":6},{"not_picked":["PrismaMod:ChloeDiscardRecovery","PrismaMod:ChloeRitsuka"],"picked":"PrismaMod:ChloeRhongomyniad","floor":8},{"not_picked":["PrismaMod:ChloeCheapDefendTwo","PrismaMod:ChloeRitsuka"],"picked":"PrismaMod:ChloeUncommonAttack","floor":12},{"not_picked":["PrismaMod:ChloeDemonicTutor","PrismaMod:ChloeMaid"],"picked":"PrismaMod:ChloeCheapAttack","floor":13},{"not_picked":["PrismaMod:ChloeCommonAOEAttack","PrismaMod:ChloeUncommonDefend","PrismaMod:ChloeRhongomyniad"],"picked":"SKIP","floor":14},{"not_picked":["PrismaMod:ChloeReshuffleDiscard","PrismaMod:ChloeHalloween"],"picked":"PrismaMod:ChloeCarnivalAOEAttack","floor":16},{"not_picked":["PrismaMod:ChloeDiscardRecovery","PrismaMod:ChloeCheapDefend","PrismaMod:ChloeCheapAttackTwo"],"picked":"SKIP","floor":18},{"not_picked":["PrismaMod:ChloeRitsuka","PrismaMod:ChloeChristmas+1"],"picked":"PrismaMod:ChloeCheapDefend+1","floor":20},{"not_picked":["PrismaMod:ChloeRitsuka","PrismaMod:ChloeRhongomyniad","PrismaMod:ChloeMaid"],"picked":"SKIP","floor":21},{"not_picked":["PrismaMod:ChloeCheapAttackTwo+1","PrismaMod:ChloeCheapDefend"],"picked":"PrismaMod:ChloeGaeBolg","floor":22},{"not_picked":["PrismaMod:ChloeCheapAttackTwo","PrismaMod:ChloeChristmas"],"picked":"PrismaMod:ChloeExcalibur","floor":23},{"not_picked":["PrismaMod:ChloeRitsuka","PrismaMod:ChloeCheapAttack","PrismaMod:ChloeChristmas+1"],"picked":"SKIP","floor":25},{"not_picked":["PrismaMod:ChloeReshuffleDiscard","PrismaMod:ChloeCheapAttack","PrismaMod:ChloeCheapDefendTwo"],"picked":"SKIP","floor":27},{"not_picked":["PrismaMod:ChloeExhaustOne+1","PrismaMod:ChloeCheapAttack+1","PrismaMod:ChloeBetterTracePools"],"picked":"SKIP","floor":28},{"not_picked":["PrismaMod:ChloeCheapDefendTwo","PrismaMod:ChloeDiscardRecovery","PrismaMod:ChloeCommonAOEAttack"],"picked":"SKIP","floor":29},{"not_picked":["PrismaMod:ChloeCheapAttackTwo","PrismaMod:ChloeRuleBreaker","PrismaMod:ChloeAnyPowerTrace"],"picked":"SKIP","floor":30},{"not_picked":["PrismaMod:ChloeCommonAOEAttack","PrismaMod:ChloeCheapAttackTwo+1"],"picked":"PrismaMod:ChloeCaladbolg","floor":35},{"not_picked":["PrismaMod:ChloeCheapDefendTwo+1","PrismaMod:ChloeCaladbolg","PrismaMod:ChloeChristmas+1"],"picked":"SKIP","floor":37},{"not_picked":["PrismaMod:ChloeEyeOfTheEuryale+1","PrismaMod:ChloeExhaustOne"],"picked":"PrismaMod:ChloeExcalibur+1","floor":38},{"not_picked":["PrismaMod:ChloeUncommonAttack+1","PrismaMod:ChloeDiscardRecovery","PrismaMod:ChloeCarnivalAttack"],"picked":"SKIP","floor":39},{"not_picked":["PrismaMod:ChloeExhaustOne","PrismaMod:ChloeEyeOfTheEuryale+1"],"picked":"PrismaMod:ChloeCheapAttack+1","floor":41},{"not_picked":["PrismaMod:ChloeChristmas+1","PrismaMod:ChloeCheapAttackTwo","PrismaMod:ChloeCheapDefendTwo+1"],"picked":"SKIP","floor":44},{"not_picked":["Gensokyo:DreamlikeParadise+1","Gensokyo:RainbowDanmaku+1"],"picked":"Gensokyo:Dawn+1","floor":45}],"player_experience":170734,"relics_obtained":[{"floor":6,"key":"vexMod:FocusSash"},{"floor":9,"key":"DoctorsRemote"},{"floor":12,"key":"testmod-LifeArmor"},{"floor":25,"key":"Dota2Spire:Vanguard"},{"floor":26,"key":"Regal Pillow"},{"floor":29,"key":"GuppysPaw"},{"floor":41,"key":"Dota2Spire:MaskOfMadness"},{"floor":43,"key":"testmod-IndustrialRevolution"}],"event_choices":[],"is_beta":false,"boss_relics":[{"not_picked":["Dota2Spire:Bloodstone","BloodWine"],"picked":"testmod-SaigiyounoYou"},{"not_picked":[]},{"not_picked":["Tiny House","testmod-BatchProcessingSystem"],"picked":"FrostBlade"},{"not_picked":[]}],"items_purged_floors":[17,34],"is_endless":false,"potions_floor_spawned":[2,3,8,13,21,23,25,27,29,30,38,39,41,44],"ascension_level":1}}