{"host":"wshh0nphwn6jv7vj","time":1609092916,"event":{"mods":["BaseMod","Bestiary","Minty Spire (QoL Compilation)"],"gold_per_floor":[111,111,111,131,146,180,64,64,87,87,87],"floor_reached":10,"playtime":439,"items_purged":["Strike_R"],"score":122,"play_id":"a16775cc-16e3-424b-b11f-3445728cfb30","local_time":"20201227131516","is_ascension_mode":true,"campfire_choices":[{"data":"Mayhem","floor":8,"key":"SMITH"}],"circlet_count":0,"master_deck":["AscendersBane","Strike_R","Strike_R","Strike_R","Strike_R","Defend_R+1","Defend_R","Defend_R","Defend_R","Bash","Mayhem+1","Uppercut","Clumsy","Shockwave+1","Ghostly Armor","Metallicize","Carnage","Metallicize"],"relics":["Burning Blood","War Paint","Akabeko"],"acts_visited":["Exordium"],"potions_floor_usage":[],"damage_taken":[{"damage":9,"enemies":"2 Louse","floor":1,"turns":4},{"damage":21,"enemies":"Small Slimes","floor":4,"turns":4},{"damage":0,"enemies":"Cultist","floor":5,"turns":3},{"damage":40,"enemies":"3 Sentries","floor":6,"turns":12},{"damage":26,"enemies":"Gremlin Nob","floor":10,"turns":5}],"seed_played":"2025318764288520579","potions_obtained":[{"floor":5,"key":"SpeedPotion"},{"floor":6,"key":"Ancient Potion"}],"is_trial":false,"path_per_floor":["M","?","?","M","M","E","$","R","T","E"],"character_chosen":"IRONCLAD","items_purchased":["Metallicize"],"campfire_rested":0,"item_purchase_floors":[7],"current_hp_per_floor":[65,65,65,50,56,22,22,22,22,0,0],"gold":87,"neow_bonus":"RANDOM_COLORLESS_2","is_daily":false,"chose_seed":false,"campfire_upgraded":1,"win_rate":0.0,"timestamp":1609092916,"path_taken":["M","?","?","M","M","E","$","R","T","E"],"items_purchased_type":["Card"],"build_version":"2020-12-22","purchased_purges":1,"victory":false,"max_hp_per_floor":[68,68,68,68,68,68,68,68,68,68,68],"card_choices":[{"not_picked":["Violence","Thinking Ahead"],"picked":"Mayhem","floor":0},{"not_picked":["Dropkick","Iron Wave"],"picked":"Uppercut","floor":1},{"not_picked":["Flex","Blood for Blood"],"picked":"Ghostly Armor","floor":4},{"not_picked":["Sword Boomerang","Iron Wave"],"picked":"Metallicize","floor":5},{"not_picked":["Whirlwind","Burning Pact"],"picked":"Carnage","floor":6}],"player_experience":1508866,"relics_obtained":[{"floor":6,"key":"War Paint"},{"floor":9,"key":"Akabeko"}],"event_choices":[{"damage_healed":0,"gold_gain":0,"player_choice":"Ignored","damage_taken":0,"max_hp_gain":0,"max_hp_loss":0,"event_name":"Liars Game","floor":2,"gold_loss":0},{"damage_healed":0,"gold_gain":0,"player_choice":"2 cards matched","damage_taken":0,"max_hp_gain":0,"max_hp_loss":0,"event_name":"Match and Keep!","floor":3,"gold_loss":0,"cards_obtained":["Clumsy","Shockwave"]}],"is_beta":false,"boss_relics":[],"items_purged_floors":[7],"is_endless":false,"potions_floor_spawned":[5,6],"killed_by":"Gremlin Nob","ascension_level":17}}