{"host":"cjhtzh7tp54jdfyv","time":1609069328,"event":{"mods":["AchievementEnabler","BaseMod","Colored Map","Colored Powertips","Curses Come First","DeckTracker","Filter the Spire","Minty Spire (QoL Compilation)","RNG Fix","Relic Sorter","Relic Stats","StSLib","The Cursed","The Disciple","The Marked","UnlockEverythingMod","ojb\u0027s Better Paths Mod","ojb\u0027s Info Mod"],"gold_per_floor":[217,232,66,141,158,193,193,193,193,193,207,218,243,260,260,331,331,351,371,371,390,39,39,39,39],"floor_reached":24,"playtime":2552,"items_purged":["TheCursedMod:Strike_TheCursed"],"score":416,"play_id":"eb0f01b2-af00-43c3-a447-a81fdfb1ff8d","local_time":"20201227064208","is_ascension_mode":true,"campfire_choices":[{"floor":7.0,"key":"REST"},{"floor":10.0,"key":"REST"},{"data":"TheCursedMod:StunningStrike","floor":15.0,"key":"SMITH"},{"data":"TheCursedMod:VoidForm","floor":23.0,"key":"SMITH"}],"circlet_count":0,"master_deck":["AscendersBane","TheCursedMod:Strike_TheCursed+1","TheCursedMod:Strike_TheCursed","TheCursedMod:Strike_TheCursed","TheCursedMod:Defend_TheCursed+1","TheCursedMod:Defend_TheCursed","TheCursedMod:Defend_TheCursed","TheCursedMod:Defend_TheCursed","TheCursedMod:CursedWand","TheCursedMod:CleanUpWorkshop","TheCursedMod:Dregs","TheCursedMod:StingEye","TheCursedMod:SpitefulStrike","TheCursedMod:StunningStrike+1","TheCursedMod:CursedShiv","TheCursedMod:SurpriseAttack","TheCursedMod:SurpriseAttack","TheCursedMod:RapidMovement","TheCursedMod:AntiAging","TheCursedMod:CursedShiv","TheCursedMod:VoidForm+1","TheCursedMod:RapidMovement","TheCursedMod:CircleOfBlood","Ghostly","Ghostly","Ghostly","TheCursedMod:Wield"],"relics":["TheCursedMod:BlackMagic101","Lizard Tail","Bottled Flame","TungstenRod","TheCursedMod:FourLeafCloverCharm","Meat on the Bone"],"acts_visited":["Exordium","TheCity"],"potions_floor_usage":[24],"damage_taken":[{"damage":2.0,"enemies":"Small Slimes","floor":1.0,"turns":5.0},{"damage":2.0,"enemies":"2 Louse","floor":2.0,"turns":3.0},{"damage":0.0,"enemies":"Cultist","floor":5.0,"turns":3.0},{"damage":34.0,"enemies":"Lagavulin","floor":6.0,"turns":8.0},{"damage":7.0,"enemies":"Exordium Wildlife","floor":11.0,"turns":3.0},{"damage":5.0,"enemies":"Exordium Thugs","floor":12.0,"turns":3.0},{"damage":14.0,"enemies":"3 Sentries","floor":13.0,"turns":9.0},{"damage":0.0,"enemies":"Looter","floor":14.0,"turns":3.0},{"damage":19.0,"enemies":"Hexaghost","floor":16.0,"turns":12.0},{"damage":10.0,"enemies":"Shell Parasite","floor":18.0,"turns":6.0},{"damage":6.0,"enemies":"Chosen","floor":19.0,"turns":6.0},{"damage":17.0,"enemies":"Sentry and Sphere","floor":21.0,"turns":6.0},{"damage":25,"enemies":"Slavers","floor":24,"turns":5}],"seed_played":"-3689893208576036991","potions_obtained":[{"floor":1.0,"key":"PowerPotion"},{"floor":5.0,"key":"Ancient Potion"},{"floor":13.0,"key":"Explosive Potion"},{"floor":14.0,"key":"SkillPotion"},{"floor":18.0,"key":"SpeedPotion"},{"floor":19.0,"key":"GamblersBrew"}],"is_trial":false,"path_per_floor":["M","M","$","?","M","E","R","?","T","R","M","M","E","M","R","B",null,"M","M","?","M","$","R","E"],"character_chosen":"THE_CURSED","items_purchased":["TheCursedMod:StunningStrike","Meat on the Bone"],"campfire_rested":2,"item_purchase_floors":[3,22],"current_hp_per_floor":[62,60,60,49,49,15,36,15,15,36,29,24,10,12,12,32,64,56,50,38,23,23,23,0,0],"gold":39,"neow_bonus":"HUNDRED_GOLD","is_daily":false,"chose_seed":false,"campfire_upgraded":2,"win_rate":0.0,"timestamp":1609069328,"path_taken":["M","M","$","?","M","E","R","?","T","R","M","M","E","?","R","BOSS","M","M","?","M","$","R","E"],"items_purchased_type":["Card","Relic"],"build_version":"2020-12-22","purchased_purges":1,"victory":false,"max_hp_per_floor":[71,71,71,71,71,71,71,71,71,71,71,71,71,73,73,75,75,77,77,38,40,40,40,40,40],"relic_stats":{"Lizard Tail":37,"counters":[13,72],"obtain_stats":[{"TheCursedMod:BlackMagic101":0,"Lizard Tail":6,"Bottled Flame":9,"TheCursedMod:FourLeafCloverCharm":17,"TungstenRod":13,"Meat on the Bone":22},{"TheCursedMod:BlackMagic101":0,"Lizard Tail":4,"Bottled Flame":4,"TheCursedMod:FourLeafCloverCharm":9,"TungstenRod":7,"Meat on the Bone":12},{"TheCursedMod:BlackMagic101":0,"Lizard Tail":19,"Bottled Flame":19,"TheCursedMod:FourLeafCloverCharm":49,"TungstenRod":34,"Meat on the Bone":67}],"TungstenRod":22,"Meat on the Bone":0},"card_choices":[{"not_picked":["TheCursedMod:Evocation","TheCursedMod:SpitefulPray"],"picked":"TheCursedMod:StingEye","floor":1.0},{"not_picked":["TheCursedMod:BloodBarrier","TheCursedMod:WearCloak"],"picked":"TheCursedMod:SpitefulStrike","floor":2.0},{"not_picked":["TheCursedMod:SoulReap","TheCursedMod:Obscuration"],"picked":"TheCursedMod:CursedShiv","floor":5.0},{"not_picked":["TheCursedMod:RapidMovement","TheCursedMod:CircleOfBlood"],"picked":"TheCursedMod:SurpriseAttack","floor":6.0},{"not_picked":["TheCursedMod:CursedAmulet","TheCursedMod:VitalStrike"],"picked":"TheCursedMod:SurpriseAttack","floor":11.0},{"not_picked":["TheCursedMod:FleshFromBone","TheCursedMod:Stretching"],"picked":"TheCursedMod:RapidMovement","floor":12.0},{"not_picked":["TheCursedMod:Stretching","TheCursedMod:CircleOfAmplification"],"picked":"TheCursedMod:AntiAging","floor":13.0},{"not_picked":["TheCursedMod:CircleOfAmplification","TheCursedMod:CircleOfCorruption"],"picked":"TheCursedMod:CursedShiv","floor":14.0},{"not_picked":["TheCursedMod:AntiAging","TheCursedMod:CircleOfAbyss"],"picked":"TheCursedMod:VoidForm","floor":16.0},{"not_picked":["TheCursedMod:TacticalStrike","TheCursedMod:FleshFromBone+1"],"picked":"TheCursedMod:RapidMovement","floor":18.0},{"not_picked":["TheCursedMod:CircleOfFocus","TheCursedMod:FleshFromBone"],"picked":"TheCursedMod:CircleOfBlood","floor":19.0},{"not_picked":["TheCursedMod:CursedShiv","TheCursedMod:Obscuration"],"picked":"TheCursedMod:Wield","floor":21.0}],"player_experience":4425169,"relics_obtained":[{"floor":6.0,"key":"Lizard Tail"},{"floor":9.0,"key":"Bottled Flame"},{"floor":13.0,"key":"TungstenRod"}],"event_choices":[{"damage_healed":0.0,"max_hp_gain":0.0,"max_hp_loss":0.0,"gold_gain":75.0,"event_name":"World of Goop","player_choice":"Gather Gold","floor":4.0,"gold_loss":0.0,"damage_taken":11.0},{"damage_healed":0.0,"max_hp_gain":0.0,"max_hp_loss":0.0,"gold_gain":0.0,"event_name":"Shining Light","player_choice":"Entered Light","floor":8.0,"gold_loss":0.0,"damage_taken":21.0,"cards_upgraded":["TheCursedMod:Defend_TheCursed","TheCursedMod:Strike_TheCursed"]},{"damage_healed":0.0,"max_hp_gain":0.0,"max_hp_loss":39.0,"gold_gain":0.0,"event_name":"Ghosts","player_choice":"Became a Ghost","floor":20.0,"gold_loss":0.0,"damage_taken":0.0,"cards_obtained":["Ghostly","Ghostly","Ghostly"]}],"is_beta":false,"boss_relics":[{"not_picked":["Tiny House","Velvet Choker"],"picked":"TheCursedMod:FourLeafCloverCharm"}],"items_purged_floors":[22],"is_endless":false,"potions_floor_spawned":[1,5,13,14,18,19],"killed_by":"Slavers","ascension_level":20}}