{"host":"l7l2v2zs4hqku4vk","time":1609075471,"event":{"mods":["Act Like it!","BaseMod","Colored Powertips","Highlight Path","Minty Spire (QoL Compilation)","Replay The Spire","RumiaBox-露米娅的神秘盒子","StSLib","TestMod","The Servant 0.9.4","篝火指南"],"gold_per_floor":[117,117,117,134,146,146,160,160,160,177,194,194,223,148,148,227,227,237,268,268,281,295,295,330,349,399,414,445,365,365,290,290,366,366,385,397,409,809,839,839,839],"floor_reached":40,"playtime":3768,"items_purged":["Strike_G"],"score":1056,"play_id":"b42e9024-c992-4004-94c6-4e8d0ad83780","local_time":"20201227212431","is_ascension_mode":true,"campfire_choices":[{"data":"Dagger Spray","floor":6,"key":"SMITH"},{"data":"Blade Dance","floor":8,"key":"SMITH"},{"data":"Concentrate","floor":12,"key":"SMITH"},{"data":"Well Laid Plans","floor":15,"key":"SMITH"},{"floor":23,"key":"RECALL"},{"data":"Blur","floor":32,"key":"SMITH"}],"circlet_count":0,"master_deck":["AscendersBane","Strike_G","Strike_G","Defend_G","Defend_G","Defend_G","Defend_G","Defend_G","Survivor","Neutralize","Flying Knee","Blur+1","Dagger Spray+1","Blade Dance+1","Concentrate+1","Well Laid Plans+1","Burst+1","After Image+1","AbeCurse","Acrobatics","Atom Bomb+1"],"relics":["Ring of the Snake","FossilizedHelix","Question Card","Golden Egg","Bird Faced Urn","Abe\u0027s Treasure","Red Mask","Nloth\u0027s Gift","Strawberry","Replay:PocketPolymizer","SoulBox"],"acts_visited":["Exordium","TheCity","TheBeyond"],"potions_floor_usage":[1,1,1,1,5,5,16,16,16,16,16,16,16,16,16,16,16,16,16,16,16,16,16,16,16,18,18,18,18,18,18,18,21,21,21,21,21,21,21,22,22,22,22,22,22,22,22,22,22,22,22,24,24,24,24,25,25,25,25,25,25,25,25,25,25,25,27,27,27,27,27,27,27,27,27,27,28,28,28,28,28,28,28,33,33,33,33,33,33,33,33,33,33,33,33,33,33,33,33,36,36,36,36,36,36,36,36,36,36,36,36,36,37,37,37,37,37,37,37,37,37,37,37,37,37,37,37,37,37,37,37,37,37,37,37,37,37,37,37,40,40,40],"damage_taken":[{"damage":0,"enemies":"Jaw Worm","floor":1,"turns":5},{"damage":0,"enemies":"2 Louse","floor":4,"turns":2},{"damage":0,"enemies":"Small Slimes","floor":5,"turns":5},{"damage":0,"enemies":"Red Slaver","floor":7,"turns":5},{"damage":0,"enemies":"Large Slime","floor":10,"turns":4},{"damage":0,"enemies":"2 Fungi Beasts","floor":11,"turns":3},{"damage":0,"enemies":"Replay:BlueRogue","floor":13,"turns":5},{"damage":15,"enemies":"Fading Forest","floor":16,"turns":17},{"damage":0,"enemies":"Spheric Guardian","floor":18,"turns":4},{"damage":0,"enemies":"Masked Bandits","floor":19,"turns":6},{"damage":0,"enemies":"3 Byrds","floor":21,"turns":6},{"damage":0,"enemies":"3 Cultists","floor":22,"turns":5},{"damage":0,"enemies":"Book of Stabbing","floor":24,"turns":5},{"damage":0,"enemies":"Snecko","floor":25,"turns":4},{"damage":0,"enemies":"Centurion and Healer","floor":27,"turns":6},{"damage":0,"enemies":"Slavers","floor":28,"turns":4},{"damage":49,"enemies":"Automaton","floor":33,"turns":9},{"damage":0,"enemies":"Orb Walker","floor":35,"turns":3},{"damage":0,"enemies":"3 Darklings","floor":36,"turns":3},{"damage":1,"enemies":"Spire Growth","floor":37,"turns":6},{"damage":35,"enemies":"Nemesis","floor":40,"turns":6}],"seed_played":"5887632250261413786","potions_obtained":[{"floor":13,"key":"testmod-SpacePotion"},{"floor":22,"key":"Regen Potion"},{"floor":25,"key":"Strength Potion"},{"floor":33,"key":"LiquidBronze"},{"floor":36,"key":"PowerPotion"},{"floor":37,"key":"GamblersBrew"},{"floor":39,"key":"Flashbang"},{"floor":39,"key":"Toxic Potion"},{"floor":39,"key":"SkillPotion"}],"is_trial":false,"path_per_floor":["M","?","?","M","M","R","M","R","T","M","M","R","E","?","R","B",null,"M","?","?","M","M","R","E","M","T","M","E","?","?","$","R","B",null,"M","M","M","?","?","E"],"character_chosen":"THE_SILENT","items_purchased":[],"campfire_rested":0,"item_purchase_floors":[],"current_hp_per_floor":[60,60,34,35,44,44,45,45,45,51,58,58,60,60,60,60,60,60,60,60,60,60,60,67,67,67,67,67,67,67,67,67,28,57,67,67,67,67,67,32,32],"gold":839,"neow_bonus":"ONE_RARE_RELIC","is_daily":false,"chose_seed":false,"campfire_upgraded":5,"win_rate":0.0,"timestamp":1609075471,"path_taken":["M","?","?","M","M","R","M","R","T","M","?","R","E","?","R","BOSS","M","?","?","?","M","R","E","M","T","M","E","?","?","?","R","BOSS","M","?","M","?","?","E"],"items_purchased_type":[],"build_version":"2020-12-22","purchased_purges":1,"victory":false,"max_hp_per_floor":[60,60,60,60,60,60,60,60,60,60,60,60,60,60,60,60,60,60,60,60,60,60,60,67,67,67,67,67,67,67,67,67,67,67,67,67,67,67,67,67,67],"card_choices":[{"not_picked":["Endless Agony","Fluid Movement"],"picked":"Flying Knee","floor":1},{"not_picked":["Expertise","Dagger Throw","Prepared"],"picked":"Blur","floor":4},{"not_picked":["Dodge and Roll","Poisoned Stab","Cloak And Dagger"],"picked":"Dagger Spray","floor":5},{"not_picked":["PiercingWail","ReplayTheSpireMod:Necrosis","Draining Mist"],"picked":"Blade Dance","floor":7},{"not_picked":["ReplayTheSpireMod:Speed Training","Noxious Fumes","Slice"],"picked":"Concentrate","floor":10},{"not_picked":["Underhanded Strike","Flying Knee","Backflip"],"picked":"Well Laid Plans","floor":11},{"not_picked":["Quick Slash","Underhanded Strike","ReplayTheSpireMod:Speed Training"],"picked":"Burst","floor":13},{"not_picked":["A Thousand Cuts","ReplayTheSpireMod:Necrosis","Unload"],"picked":"After Image","floor":16},{"not_picked":["Draining Mist","Dash","Blur","ReplayTheSpireMod:Scrap Shanks"],"picked":"SKIP","floor":18},{"not_picked":["Well Laid Plans","Deflect","Prepared","Flechettes"],"picked":"SKIP","floor":21},{"not_picked":["ReplayTheSpireMod:Shiv Toss","Noxious Fumes+1","Prepared","Bane+1"],"picked":"SKIP","floor":22},{"not_picked":["Poison Darts","PiercingWail","Underhanded Strike"],"picked":"Acrobatics","floor":24},{"not_picked":["ReplayTheSpireMod:Speed Training","ReplayTheSpireMod:Shiv Toss","Backflip","Bane"],"picked":"SKIP","floor":25},{"not_picked":["Hidden Blade","PiercingWail","Deflect+1","Infinite Blades+1"],"picked":"SKIP","floor":27},{"not_picked":["Glass Knife","Flechettes+1","Die Die Die","Blade Dance"],"picked":"SKIP","floor":28},{"not_picked":["Calculated Gamble+1","Acrobatics","Deflect+1","Backflip"],"picked":"SKIP","floor":35},{"not_picked":["Backstab","Slice","Poisoned Stab","ReplayTheSpireMod:Tripwire"],"picked":"SKIP","floor":36},{"not_picked":["Hidden Blade+1","Dagger Throw+1","PiercingWail","Slice+1"],"picked":"SKIP","floor":37}],"player_experience":1659596,"relics_obtained":[{"floor":9,"key":"Golden Egg"},{"floor":13,"key":"Bird Faced Urn"},{"floor":19,"key":"Red Mask"},{"floor":24,"key":"Strawberry"},{"floor":28,"key":"Replay:PocketPolymizer"}],"event_choices":[{"damage_healed":0,"gold_gain":0,"player_choice":"Ignored","damage_taken":0,"max_hp_gain":0,"max_hp_loss":0,"event_name":"Liars Game","floor":2,"gold_loss":0},{"damage_healed":0,"gold_gain":0,"player_choice":"Success","damage_taken":26,"relics_obtained":["Question Card"],"max_hp_gain":0,"max_hp_loss":0,"event_name":"Scrap Ooze","floor":3,"gold_loss":0},{"cards_removed":["Strike_G"],"damage_healed":0,"gold_gain":0,"player_choice":"Card Removal","damage_taken":0,"max_hp_gain":0,"max_hp_loss":0,"event_name":"The Cleric","floor":14,"gold_loss":75},{"damage_healed":0,"gold_gain":0,"player_choice":"Fought Bandits","damage_taken":0,"max_hp_gain":0,"max_hp_loss":0,"event_name":"Masked Bandits","floor":19,"gold_loss":0},{"damage_healed":0,"gold_gain":0,"player_choice":"Traded Relic","damage_taken":0,"relics_obtained":["Nloth\u0027s Gift"],"max_hp_gain":0,"max_hp_loss":0,"event_name":"N\u0027loth","floor":20,"relics_lost":["testmod-TestBox"],"gold_loss":0},{"damage_healed":0,"gold_gain":400,"player_choice":"Sell","damage_taken":0,"max_hp_gain":0,"max_hp_loss":0,"event_name":"恩洛斯的盘子","floor":38,"relics_lost":["testmod-ChristmasGift"],"gold_loss":0}],"is_beta":false,"boss_relics":[{"not_picked":["SacredBark","testmod-KeyOfTheVoid"],"picked":"Abe\u0027s Treasure"},{"not_picked":["Sozu","Painkiller Herb"],"picked":"SoulBox"}],"items_purged_floors":[31],"is_endless":false,"potions_floor_spawned":[4,7,10,11,13,22,24,25,33,36,37],"killed_by":"Nemesis","ascension_level":20}}