{"host":"q79spna8ofw6hj3r","time":1609097014,"event":{"mods":["Aspiration","Bard","BaseMod","Beaked The Cultist","Bestiary","Better Altar","Better Match","Better Note","Better Sensory Stone","Better Skull","Better Third Choice","Better Vampires","BetterRewards","Block Reminder","Challenge The Spire","Colored Map","Colored Powertips","Conspire","Custom Start","Energized Spire","Friendly Minions","Halation","Hubris","Infinite Spire","Jedi Mod","Mimic Mod","Minty Spire (QoL Compilation)","Permanent Neow","Quick Restart","Relic Filter","Relic Sorter","Replay The Spire","Shop Mod","StSLib","SuperFastMode","Synergy Search","The Cursed","The Hierophant","The Runesmith","slay the spire mod where everything is the same but ironclad has a cowboy hat","vexMod"],"gold_per_floor":[369,243,263,283,33,67,67,101,101,101,129,147,162,180,180,285,285,305,323,338,370,120,120,137,12,12,32,44,60,60,60,60,157,157,175,190,202,52,67,67,99,99,179,179,179,230,248,280,280,280],"floor_reached":51,"playtime":2801,"items_purged":["Strike_G","Strike_G","Defend_G","Defend_G","Survivor","Looming Evil"],"score":919,"play_id":"64806e17-fed7-4842-9eab-4fb36a24baf1","local_time":"20201227212334","is_ascension_mode":true,"campfire_choices":[{"data":"Accuracy","floor":7.0,"key":"SMITH"},{"floor":15.0,"key":"REST"},{"data":"Doppelganger","floor":23.0,"key":"SMITH"},{"data":"Hidden Blade","floor":32.0,"key":"SMITH"},{"data":"Tools of the Trade","floor":40,"key":"SMITH"},{"data":"Phantasmal Killer","floor":42,"key":"SMITH"},{"data":"Neutralize","floor":45,"key":"SMITH"},{"floor":49,"key":"REST"}],"circlet_count":0,"master_deck":["Strike_G+1","Defend_G","Defend_G","Defend_G+1","Neutralize+1","Accuracy+1","Hidden Blade+1","Blade Dance","Tools of the Trade+1","ReplayTheSpireMod:Shiv Toss","Outmaneuver","Backflip","Backflip","Doppelganger+1","GremboGang","Cloak And Dagger","Phantasmal Killer+1","Cloak And Dagger","Hidden Blade+1"],"relics":["Ring of the Snake","halation:PromiseList","conspire:DeflatedDodgeball","jedi:firstaidkit","CaptainsWheel","Simple Rune","hubris:ToyBattleship","Empty Cage","Red Mask","Ice Cream","Replay:Baseball","Cursed Key","ReplayTheSpireMod:Ring of Exchange","Ring of Fangs","Replay:Bronze Core","Smiling Mask","Blue Candle","halation:QuantumPhysicsTextbook","Snack Pack"],"acts_visited":["Exordium","TheCity","TheBeyond"],"potions_floor_usage":[46,50],"damage_taken":[{"damage":2.0,"enemies":"Cultist","floor":1.0,"turns":5.0},{"damage":6.0,"enemies":"2 Louse","floor":3.0,"turns":3.0},{"damage":8.0,"enemies":"Small Slimes","floor":4.0,"turns":4.0},{"damage":9.0,"enemies":"Lagavulin","floor":6.0,"turns":7.0},{"damage":18.0,"enemies":"Gremlin Nob","floor":8.0,"turns":3.0},{"damage":2.0,"enemies":"Lagavulin","floor":11.0,"turns":5.0},{"damage":3.0,"enemies":"Blue Slaver","floor":12.0,"turns":3.0},{"damage":1.0,"enemies":"2 Fungi Beasts","floor":13.0,"turns":5.0},{"damage":4.0,"enemies":"Exordium Wildlife","floor":14.0,"turns":4.0},{"damage":11.0,"enemies":"Hexaghost","floor":16.0,"turns":9.0},{"damage":10.0,"enemies":"3 Byrds","floor":18.0,"turns":6.0},{"damage":15.0,"enemies":"Spheric Guardian","floor":19.0,"turns":8.0},{"damage":35.0,"enemies":"Shelled Parasite and Fungi","floor":20.0,"turns":9.0},{"damage":73.0,"enemies":"Masked Bandits","floor":21.0,"turns":7.0},{"damage":15.0,"enemies":"Centurion and Healer","floor":24.0,"turns":8.0},{"damage":3.0,"enemies":"3 Cultists","floor":27.0,"turns":7.0},{"damage":5.0,"enemies":"Sentry and Sphere","floor":28.0,"turns":4.0},{"damage":5.0,"enemies":"Snake Plant","floor":29.0,"turns":8.0},{"damage":15.0,"enemies":"hubris:MusketHawk","floor":33.0,"turns":6.0},{"damage":5.0,"enemies":"3 Shapes","floor":35.0,"turns":5.0},{"damage":0.0,"enemies":"3 Darklings","floor":36.0,"turns":4.0},{"damage":2.0,"enemies":"Maw","floor":37.0,"turns":6.0},{"damage":0,"enemies":"Jaw Worm Horde","floor":39,"turns":3},{"damage":6,"enemies":"Reptomancer","floor":41,"turns":8},{"damage":1,"enemies":"2 Orb Walkers","floor":46,"turns":4},{"damage":58,"enemies":"4 Shapes","floor":47,"turns":5},{"damage":0,"enemies":"Nemesis","floor":48,"turns":7},{"damage":11,"enemies":"Awakened One","floor":50,"turns":5}],"seed_played":"5023466703923659966","potions_obtained":[{"floor":3.0,"key":"EssenceOfSteel"},{"floor":6.0,"key":"Elixir"},{"floor":8.0,"key":"AttackPotion"},{"floor":16.0,"key":"Death Potion"},{"floor":21.0,"key":"CultistPotion"},{"floor":27.0,"key":"Dexterity Potion"},{"floor":33.0,"key":"PowerPotion"},{"floor":36.0,"key":"jedi:wingpotion"}],"is_trial":false,"path_per_floor":["M","$","M","M","$","E","R","E","T","T","E","M","M","M","R","B",null,"M","M","M","?","?","R","M","$","T","M","M","M","AVR","?","R","B",null,"M","M","M","$","M","R","E","R","T","AVR","R","?","M","E","R","B",null],"character_chosen":"THE_SILENT","items_purchased":["Hidden Blade","halation:PromiseList"],"campfire_rested":2,"item_purchase_floors":[2,5],"current_hp_per_floor":[47,47,41,33,33,24,24,6,6,6,7,4,6,5,26,19,70,68,65,58,15,15,15,19,19,19,23,20,18,18,18,18,3,70,65,65,66,66,66,66,69,69,69,69,69,70,31,31,52,58],"gold":280,"neow_bonus":"TWO_FIFTY_GOLD","is_daily":false,"chose_seed":false,"campfire_upgraded":6,"win_rate":0.0,"timestamp":1609097014,"path_taken":["M","$","M","?","$","E","R","E","T","?","E","?","M","M","R","BOSS","M","M","M","?","?","R","M","$","T","M","M","M","AVR","?","R","BOSS","M","M","M","$","M","R","E","R","T","AVR","R","?","M","E","R","BOSS"],"items_purchased_type":["Card","Relic"],"build_version":"2020-12-22","purchased_purges":6,"victory":true,"max_hp_per_floor":[70,70,70,70,70,70,70,70,70,70,70,70,70,70,70,70,70,70,70,70,70,70,70,70,70,70,70,70,70,70,70,70,70,70,70,70,70,70,70,70,70,70,70,70,70,70,70,70,70,70],"card_choices":[{"not_picked":["Fluid Movement","Prepared"],"picked":"Accuracy","floor":1.0},{"not_picked":["Bane","Dagger Throw","Sucker Punch"],"picked":"SKIP","floor":3.0},{"not_picked":["Deadly Poison","Concentrate"],"picked":"Blade Dance","floor":4.0},{"not_picked":["Deadly Poison","Caltrops"],"picked":"Tools of the Trade","floor":6.0},{"not_picked":["hubris:Counter","Slice"],"picked":"ReplayTheSpireMod:Shiv Toss","floor":8.0},{"not_picked":["Acrobatics","Skewer"],"picked":"Outmaneuver","floor":11.0},{"not_picked":["Dodge and Roll","jedi:pocketpoison"],"picked":"Backflip","floor":12.0},{"not_picked":["ReplayTheSpireMod:Exploit Weakness","Bouncing Flask"],"picked":"Backflip","floor":13.0},{"not_picked":["Die Die Die","PiercingWail","Finisher"],"picked":"SKIP","floor":14.0},{"not_picked":["Replay:Bag of Tricks","Die Die Die"],"picked":"Doppelganger","floor":16.0},{"not_picked":["Setup+1","Skewer","Dagger Throw"],"picked":"SKIP","floor":18.0},{"not_picked":["jedi:collectorvenom","Deadly Poison","Caltrops"],"picked":"SKIP","floor":19.0},{"not_picked":["Dagger Throw","Expertise","Flying Knee"],"picked":"SKIP","floor":20.0},{"not_picked":["Outmaneuver","Dodge and Roll+1","Slice+1"],"picked":"SKIP","floor":24.0},{"not_picked":["Dash","PiercingWail","Dagger Throw+1"],"picked":"SKIP","floor":27.0},{"not_picked":["Terror+1","Slice+1","PiercingWail"],"picked":"SKIP","floor":28.0},{"not_picked":["Fluid Movement","Prepared+1"],"picked":"Cloak And Dagger","floor":29.0},{"not_picked":["infinitespire:Neurotoxin","A Thousand Cuts"],"picked":"Phantasmal Killer","floor":33.0},{"not_picked":["Acrobatics","Backflip+1","Bouncing Flask"],"picked":"SKIP","floor":35.0},{"not_picked":["Poisoned Stab+1","Quick Slash+1"],"picked":"Cloak And Dagger","floor":36.0},{"not_picked":["Sneak Up+1","Well Laid Plans+1","Slice+1"],"picked":"SKIP","floor":37.0},{"not_picked":["Calculated Gamble+1","Quick Slash+1","Choke+1"],"picked":"SKIP","floor":39},{"not_picked":["conspire:DoublingDagger","Poisoned Stab+1"],"picked":"Hidden Blade+1","floor":41},{"not_picked":["Outmaneuver","Replay:Bag of Tricks","Eviscerate+1"],"picked":"SKIP","floor":47},{"not_picked":["Flying Knee","conspire:DoublingDagger+1","Blade Dance"],"picked":"SKIP","floor":48}],"player_experience":202330,"relics_obtained":[{"floor":6.0,"key":"conspire:DeflatedDodgeball"},{"floor":8.0,"key":"jedi:firstaidkit"},{"floor":9.0,"key":"CaptainsWheel"},{"floor":10.0,"key":"Simple Rune"},{"floor":11.0,"key":"hubris:ToyBattleship"},{"floor":21.0,"key":"Red Mask"},{"floor":26.0,"key":"Ice Cream"},{"floor":31.0,"key":"ReplayTheSpireMod:Ring of Exchange"},{"floor":31.0,"key":"Ring of Fangs"},{"floor":41,"key":"Smiling Mask"},{"floor":43,"key":"Blue Candle"},{"floor":46,"key":"halation:QuantumPhysicsTextbook"},{"floor":48,"key":"Snack Pack"}],"event_choices":[{"damage_healed":0.0,"max_hp_gain":0.0,"max_hp_loss":0.0,"gold_gain":0.0,"event_name":"Masked Bandits","player_choice":"Fought Bandits","floor":21.0,"gold_loss":0.0,"damage_taken":0.0},{"damage_healed":0,"gold_gain":0,"player_choice":"Fight","damage_taken":0,"max_hp_gain":0,"max_hp_loss":0,"event_name":"Mysterious Sphere","floor":46,"gold_loss":0}],"is_beta":false,"boss_relics":[{"not_picked":["hubris:Stopwatch","ReplayTheSpireMod:SealedPack"],"picked":"Empty Cage"},{"not_picked":["Velvet Choker","halation:Prosthetics"],"picked":"Replay:Bronze Core"}],"items_purged_floors":[2,5,25,30,38,44],"is_endless":false,"potions_floor_spawned":[3,6,8,16,21,27,29,33,36,41],"ascension_level":3}}