{"host":"naykp6d9ulahlwib","time":1609038109,"event":{"mods":["BaseMod","Highlight Path","Minty Spire (QoL Compilation)","Shop Mod","StSLib"],"gold_per_floor":[114,114,132,150,75,75,75,107,133,133,133,158,58,58,58,132,132,151,151,151,83,99,99,127,127,150,162,162,182,12,12,12,88,88,105,105,124,124,135,135,160,195,195,195,195,214,225,225,225,225,225,225,100,125,125],"floor_reached":56,"playtime":6796,"items_purged":["Defend_G","Regret","Strike_G+1"],"score":1869,"play_id":"55ef8be9-0311-4524-8633-9449836fd08b","local_time":"20201226210149","is_ascension_mode":true,"campfire_choices":[{"data":"Neutralize","floor":6.0,"key":"SMITH"},{"floor":11.0,"key":"REST"},{"floor":15.0,"key":"REST"},{"data":"After Image","floor":23.0,"key":"SMITH"},{"data":"Prepared","floor":25.0,"key":"SMITH"},{"data":"Accuracy","floor":28.0,"key":"SMITH"},{"data":"Panache","floor":32.0,"key":"SMITH"},{"data":"Burst","floor":40.0,"key":"SMITH"},{"floor":45.0,"key":"RECALL"},{"floor":49.0,"key":"REST"},{"floor":52.0,"key":"REST"}],"circlet_count":0,"master_deck":["AscendersBane","Defend_G","Defend_G","Defend_G+1","Survivor","Neutralize+1","After Image+1","Prepared+1","Blade Dance+1","Flechettes","Infinite Blades","Corpse Explosion","Endless Agony+1","Die Die Die","Blur","Accuracy+1","Blur","After Image+1","Well Laid Plans+1","Panache+1","Burst+1","Cloak And Dagger","Blade Dance","Blade Dance","Tools of the Trade","Prepared+1","Predator","Blade Dance+1"],"relics":["Ring of the Snake","Toy Ornithopter","Ancient Tea Set","Singing Bowl","Prayer Wheel","WristBlade","Unceasing Top","Whetstone","SlaversCollar","Turnip","PreservedInsect","Ninja Scroll","Snake Skull"],"acts_visited":["Exordium","TheCity","TheBeyond","TheEnding"],"potions_floor_usage":[55,55],"damage_taken":[{"damage":1.0,"enemies":"Jaw Worm","floor":1.0,"turns":6.0},{"damage":0.0,"enemies":"Cultist","floor":3.0,"turns":5.0},{"damage":0.0,"enemies":"2 Louse","floor":4.0,"turns":4.0},{"damage":5.0,"enemies":"Lagavulin","floor":8.0,"turns":7.0},{"damage":17.0,"enemies":"Gremlin Nob","floor":12.0,"turns":5.0},{"damage":27.0,"enemies":"Hexaghost","floor":16.0,"turns":16.0},{"damage":4.0,"enemies":"3 Byrds","floor":18.0,"turns":3.0},{"damage":14.0,"enemies":"Spheric Guardian","floor":22.0,"turns":4.0},{"damage":4.0,"enemies":"Slavers","floor":24.0,"turns":2.0},{"damage":5.0,"enemies":"Centurion and Healer","floor":27.0,"turns":3.0},{"damage":0.0,"enemies":"Chosen and Byrds","floor":29.0,"turns":5.0},{"damage":9.0,"enemies":"Champ","floor":33.0,"turns":10.0},{"damage":17.0,"enemies":"3 Darklings","floor":35.0,"turns":4.0},{"damage":3.0,"enemies":"Orb Walker","floor":37.0,"turns":4.0},{"damage":0.0,"enemies":"Writhing Mass","floor":38.0,"turns":2.0},{"damage":5.0,"enemies":"Jaw Worm Horde","floor":39.0,"turns":3.0},{"damage":5.0,"enemies":"Mind Bloom Boss Battle","floor":41.0,"turns":5.0},{"damage":0.0,"enemies":"Reptomancer","floor":42.0,"turns":4.0},{"damage":5.0,"enemies":"Spire Growth","floor":46.0,"turns":2.0},{"damage":2.0,"enemies":"Writhing Mass","floor":47.0,"turns":6.0},{"damage":63.0,"enemies":"Time Eater","floor":50.0,"turns":10.0},{"damage":0.0,"enemies":"Shield and Spear","floor":54.0,"turns":2.0},{"damage":76,"enemies":"The Heart","floor":55,"turns":9}],"seed_played":"-881137080614439304","potions_obtained":[{"floor":3.0,"key":"BlessingOfTheForge"},{"floor":4.0,"key":"Explosive Potion"},{"floor":8.0,"key":"Block Potion"},{"floor":12.0,"key":"Fruit Juice"},{"floor":22.0,"key":"BlessingOfTheForge"},{"floor":29.0,"key":"SmokeBomb"},{"floor":39.0,"key":"SkillPotion"},{"floor":42.0,"key":"Dexterity Potion"},{"floor":54.0,"key":"BlessingOfTheForge"}],"is_trial":false,"path_per_floor":["M","?","M","M","$","R","?","E","T","?","R","E","$","?","R","B",null,"M","?","?","$","M","R","E","R","T","M","R","M","$","?","R","B",null,"M","?","M","M","M","R","?","E","T","?","R","M","M","?","R","B",null,"R","$","E","B",null],"character_chosen":"THE_SILENT","items_purchased":["Accuracy","Panache"],"campfire_rested":4,"item_purchase_floors":[21,30],"current_hp_per_floor":[44,44,44,44,44,44,44,39,39,39,60,53,53,39,60,33,61,69,69,69,69,57,57,58,58,58,55,55,59,59,59,59,50,76,61,61,62,67,64,64,61,63,63,63,63,60,58,58,87,29,82,99,99,99,29],"gold":125,"neow_bonus":"THREE_RARE_CARDS","is_daily":false,"chose_seed":false,"campfire_upgraded":6,"win_rate":0.0,"timestamp":1609038109,"path_taken":["M","?","M","?","$","R","?","E","T","?","R","E","$","?","R","BOSS","M","?","?","$","M","R","E","R","T","M","R","M","$","?","R","BOSS","M","?","M","M","M","R","?","E","T","?","R","M","?","?","R","BOSS","R","$","E","BOSS"],"items_purchased_type":["Card","Card"],"build_version":"2020-12-22","purchased_purges":3,"victory":true,"max_hp_per_floor":[70,70,70,70,70,70,70,70,70,70,70,70,70,70,70,70,70,77,77,77,77,79,79,79,79,79,81,81,85,85,85,85,85,85,87,87,91,91,93,93,95,97,97,97,97,99,99,99,99,99,99,99,99,99,99],"card_choices":[{"not_picked":["A Thousand Cuts","Unload"],"picked":"After Image","floor":0.0},{"not_picked":["Dagger Throw","Backflip","Endless Agony"],"picked":"SKIP","floor":1.0},{"not_picked":["Tactician","Terror"],"picked":"Prepared","floor":3.0},{"not_picked":["Outmaneuver","Poisoned Stab"],"picked":"Blade Dance","floor":4.0},{"not_picked":["Dagger Throw","Backflip"],"picked":"Flechettes","floor":8.0},{"not_picked":["Escape Plan","Terror"],"picked":"Infinite Blades","floor":12.0},{"not_picked":["Die Die Die","Night Terror"],"picked":"Corpse Explosion","floor":16.0},{"not_picked":["Calculated Gamble","Flechettes+1"],"picked":"Endless Agony+1","floor":18.0},{"not_picked":["PiercingWail","Dagger Spray","Outmaneuver"],"picked":"Singing Bowl","floor":18.0},{"not_picked":["Dodge and Roll","PiercingWail"],"picked":"Blur","floor":22.0},{"not_picked":["Underhanded Strike+1","Slice","Outmaneuver"],"picked":"Singing Bowl","floor":22.0},{"not_picked":["Prepared","Accuracy"],"picked":"After Image","floor":24.0},{"not_picked":["Quick Slash","Backflip","PiercingWail"],"picked":"Singing Bowl","floor":27.0},{"not_picked":["Flying Knee","Slice+1"],"picked":"Well Laid Plans+1","floor":27.0},{"not_picked":["Outmaneuver","Distraction","Dash"],"picked":"Singing Bowl","floor":29.0},{"not_picked":["Flying Knee","Deflect","Deadly Poison"],"picked":"Singing Bowl","floor":29.0},{"not_picked":["Venomology","A Thousand Cuts"],"picked":"Burst","floor":33.0},{"not_picked":["Setup","Underhanded Strike","Dagger Throw"],"picked":"Singing Bowl","floor":35.0},{"not_picked":["Heel Hook","Acrobatics"],"picked":"Cloak And Dagger","floor":35.0},{"not_picked":["Escape Plan","All Out Attack","Tactician"],"picked":"Singing Bowl","floor":37.0},{"not_picked":["Heel Hook+1","PiercingWail+1","Finisher"],"picked":"Singing Bowl","floor":37.0},{"not_picked":["Dodge and Roll+1","Terror","Masterful Stab"],"picked":"Singing Bowl","floor":39.0},{"not_picked":["Catalyst","Choke+1"],"picked":"Blade Dance","floor":39.0},{"not_picked":["Riddle With Holes","Outmaneuver+1","Tactician+1"],"picked":"Singing Bowl","floor":41.0},{"not_picked":["Crippling Poison","Leg Sweep","PiercingWail"],"picked":"Singing Bowl","floor":42.0},{"not_picked":["Flying Knee","Acrobatics","Poisoned Stab+1"],"picked":"Singing Bowl","floor":46.0},{"not_picked":["Dash","Expertise"],"picked":"Blade Dance","floor":46.0},{"not_picked":["Prepared","Blade Dance"],"picked":"Tools of the Trade","floor":47.0},{"not_picked":["Blur","Flechettes"],"picked":"Prepared+1","floor":47.0},{"not_picked":["Deadly Poison+1","Outmaneuver"],"picked":"Blade Dance+1","floor":54.0}],"player_experience":909083,"relics_obtained":[{"floor":8.0,"key":"Toy Ornithopter"},{"floor":9.0,"key":"Ancient Tea Set"},{"floor":12.0,"key":"Prayer Wheel"},{"floor":24.0,"key":"Whetstone"},{"floor":41.0,"key":"Turnip"},{"floor":42.0,"key":"PreservedInsect"},{"floor":43.0,"key":"Ninja Scroll"},{"floor":54.0,"key":"Snake Skull"}],"event_choices":[{"cards_removed":["Strike_G"],"damage_healed":0.0,"max_hp_gain":0.0,"max_hp_loss":0.0,"gold_gain":0.0,"event_name":"Bonfire Elementals","player_choice":"Offered Basic","floor":2.0,"gold_loss":0.0,"damage_taken":0.0},{"damage_healed":0.0,"max_hp_gain":0.0,"max_hp_loss":0.0,"gold_gain":0.0,"event_name":"Scrap Ooze","player_choice":"Fled","floor":7.0,"gold_loss":0.0,"damage_taken":0.0},{"damage_healed":0.0,"max_hp_gain":0.0,"max_hp_loss":0.0,"gold_gain":0.0,"event_name":"Big Fish","player_choice":"Box","floor":10.0,"gold_loss":0.0,"damage_taken":0.0,"relics_obtained":["Singing Bowl"],"cards_obtained":["Regret"]},{"damage_healed":0.0,"max_hp_gain":0.0,"max_hp_loss":0.0,"gold_gain":0.0,"event_name":"Shining Light","player_choice":"Entered Light","floor":14.0,"gold_loss":0.0,"damage_taken":14.0,"cards_upgraded":["Defend_G","Blade Dance"]},{"damage_healed":0.0,"max_hp_gain":0.0,"max_hp_loss":0.0,"gold_gain":0.0,"cards_transformed":["Strike_G","Defend_G"],"event_name":"Drug Dealer","player_choice":"Became Test Subject","floor":19.0,"gold_loss":0.0,"damage_taken":0.0,"cards_obtained":["Die Die Die","Blur"]},{"damage_healed":0.0,"max_hp_gain":0.0,"max_hp_loss":0.0,"gold_gain":0.0,"event_name":"The Mausoleum","player_choice":"Opened","floor":20.0,"gold_loss":0.0,"damage_taken":0.0,"relics_obtained":["Unceasing Top"]},{"damage_healed":0.0,"max_hp_gain":0.0,"max_hp_loss":0.0,"gold_gain":0.0,"event_name":"Vampires","player_choice":"Ignored","floor":31.0,"gold_loss":0.0,"damage_taken":0.0},{"cards_removed":["Strike_G"],"damage_healed":0.0,"max_hp_gain":0.0,"max_hp_loss":0.0,"gold_gain":0.0,"event_name":"Falling","player_choice":"Removed Attack","floor":36.0,"gold_loss":0.0,"damage_taken":0.0},{"damage_healed":0.0,"max_hp_gain":0.0,"max_hp_loss":0.0,"gold_gain":0.0,"event_name":"MindBloom","player_choice":"Fight","floor":41.0,"gold_loss":0.0,"damage_taken":0.0},{"damage_healed":0.0,"max_hp_gain":0.0,"max_hp_loss":0.0,"gold_gain":0.0,"event_name":"Upgrade Shrine","player_choice":"Upgraded","floor":44.0,"gold_loss":0.0,"damage_taken":0.0,"cards_upgraded":["After Image"]},{"damage_healed":0.0,"max_hp_gain":0.0,"max_hp_loss":0.0,"gold_gain":0.0,"cards_transformed":["Strike_G"],"event_name":"Transmorgrifier","player_choice":"Transformed","floor":48.0,"gold_loss":0.0,"damage_taken":0.0,"cards_obtained":["Predator"]}],"is_beta":false,"boss_relics":[{"not_picked":["Busted Crown","SacredBark"],"picked":"WristBlade"},{"not_picked":["Black Star","Runic Pyramid"],"picked":"SlaversCollar"}],"items_purged_floors":[5,13,53],"is_endless":false,"potions_floor_spawned":[3,4,8,12,22,29,39,42,46,47,54],"ascension_level":13}}