{"host":"oiai0qxasotny765","time":1609072426,"event":{"mods":["2.2 Compatiblity","AchievementEnabler","BaseMod","Colored Map","Minty Spire (QoL Compilation)","Permanent Neow","Relic Stats","StSLib","SuperFastMode","everything is the same but u backflip on backflip"],"gold_per_floor":[111,129,129,139,62,62,21,21,101,112,127,146,146,166,166,166,166],"floor_reached":16,"playtime":403,"items_purged":[],"score":179,"play_id":"800fce7e-4287-4944-a41d-b16467b02799","local_time":"20201227213346","is_ascension_mode":true,"campfire_choices":[{"data":"Accuracy","floor":6.0,"key":"SMITH"},{"data":"Blade Dance","floor":13.0,"key":"SMITH"},{"data":"Footwork","floor":15.0,"key":"SMITH"}],"circlet_count":0,"master_deck":["AscendersBane","Strike_G","Strike_G","Strike_G","Strike_G","Strike_G","Defend_G","Defend_G","Defend_G","Defend_G","Survivor","Neutralize","Masterful Stab","Cloak And Dagger+1","Reflex","Accuracy+1","Footwork+1","Acrobatics","Blade Dance+1"],"relics":["Ring of the Snake","MealTicket","Blue Candle"],"acts_visited":["Exordium"],"potions_floor_usage":[16],"damage_taken":[{"damage":2.0,"enemies":"Cultist","floor":1.0,"turns":5.0},{"damage":0.0,"enemies":"Small Slimes","floor":2.0,"turns":3.0},{"damage":1.0,"enemies":"Jaw Worm","floor":4.0,"turns":3.0},{"damage":10.0,"enemies":"Gremlin Gang","floor":10.0,"turns":7.0},{"damage":3.0,"enemies":"Looter","floor":11.0,"turns":3.0},{"damage":0.0,"enemies":"Red Slaver","floor":12.0,"turns":3.0},{"damage":0.0,"enemies":"2 Fungi Beasts","floor":14.0,"turns":3.0},{"damage":45,"enemies":"Hexaghost","floor":16,"turns":9}],"seed_played":"-7136898871861214595","potions_obtained":[{"floor":2.0,"key":"DistilledChaos"},{"floor":4.0,"key":"Weak Potion"}],"is_trial":false,"path_per_floor":["M","M","?","M","$","R","$","?","T","M","M","M","R","M","R","B"],"character_chosen":"THE_SILENT","items_purchased":["Accuracy","Footwork"],"campfire_rested":0,"item_purchase_floors":[5,7],"current_hp_per_floor":[57,57,57,56,56,56,56,56,56,46,43,43,43,43,43,0,0],"gold":166,"neow_bonus":"REMOVE_CARD","is_daily":false,"chose_seed":false,"campfire_upgraded":3,"win_rate":0.0,"timestamp":1609072426,"path_taken":["M","?","?","?","$","R","$","?","T","M","M","M","R","M","R","BOSS"],"items_purchased_type":["Card","Card"],"build_version":"2020-12-22","purchased_purges":0,"victory":false,"max_hp_per_floor":[66,66,66,66,66,66,66,66,66,66,66,66,66,66,66,66,66],"relic_stats":{"counters":[8,36],"Blue Candle":[0],"MealTicket":0,"obtain_stats":[{"Blue Candle":9,"MealTicket":8,"Ring of the Snake":0},{"Blue Candle":3,"MealTicket":3,"Ring of the Snake":0},{"Blue Candle":11,"MealTicket":11,"Ring of the Snake":0}],"Ring of the Snake":[16]},"card_choices":[{"not_picked":["PiercingWail","Backflip"],"picked":"Masterful Stab","floor":1.0},{"not_picked":["Terror","Catalyst"],"picked":"Cloak And Dagger","floor":2.0},{"not_picked":["Flying Knee","Outmaneuver"],"picked":"Reflex","floor":4.0},{"not_picked":["Expertise","Dodge and Roll","Quick Slash"],"picked":"SKIP","floor":10.0},{"not_picked":["Concentrate","Heel Hook"],"picked":"Acrobatics","floor":11.0},{"not_picked":["Prepared","Bane"],"picked":"Blade Dance","floor":12.0},{"not_picked":["Deadly Poison","All Out Attack","Poisoned Stab"],"picked":"SKIP","floor":14.0}],"player_experience":289154,"relics_obtained":[{"floor":9.0,"key":"Blue Candle"}],"event_choices":[{"damage_healed":0.0,"max_hp_gain":0.0,"max_hp_loss":0.0,"gold_gain":0.0,"event_name":"Upgrade Shrine","player_choice":"Upgraded","floor":3.0,"gold_loss":0.0,"damage_taken":0.0,"cards_upgraded":["Cloak And Dagger"]},{"damage_healed":0.0,"max_hp_gain":0.0,"max_hp_loss":0.0,"gold_gain":0.0,"event_name":"WeMeetAgain","player_choice":"Gave Potion","floor":8.0,"gold_loss":0.0,"damage_taken":0.0,"relics_obtained":["MealTicket"]}],"is_beta":false,"boss_relics":[],"items_purged_floors":[],"is_endless":false,"potions_floor_spawned":[2,4],"killed_by":"Hexaghost","ascension_level":18}}