{"host":"gttgmv2wah99hzdm","time":1609111411,"event":{"mods":["AchievementEnabler","BaseMod","Bestiary","Block Reminder","Filter the Spire","Highlight Path","Minty Spire (QoL Compilation)","Permanent Neow","Random Character Button","Relic Stats","StSLib","ojb\u0027s Info Mod"],"gold_per_floor":[118,6,25,36,50,85,85,103,103,103,123,157,157,167,167,241,241,258,258,100,100,100,100,112,138,150,176,88,107,141,156,156,228,228,248,67,47,60,72,72,101,119,119,119,119,119],"floor_reached":45,"playtime":3468,"items_purged":["Strike_G","Writhe","Phantasmal Killer+1"],"score":1144,"play_id":"10047650-691a-4018-9fde-8e1c6714f919","local_time":"20201227172331","is_ascension_mode":true,"campfire_choices":[{"data":"Noxious Fumes","floor":7.0,"key":"SMITH"},{"floor":10.0,"key":"REST"},{"floor":13.0,"key":"REST"},{"data":"Crippling Poison","floor":15.0,"key":"SMITH"},{"data":"Neutralize","floor":23.0,"key":"SMITH"},{"floor":32.0,"key":"REST"},{"data":"Acrobatics","floor":40,"key":"SMITH"},{"floor":44,"key":"REST"}],"circlet_count":0,"master_deck":["AscendersBane","Defend_G","Defend_G","Defend_G","Defend_G","Survivor","Neutralize+1","Dagger Throw","Noxious Fumes+1","Bouncing Flask","Poisoned Stab","Crippling Poison+1","PiercingWail","Deadly Poison+1","Corpse Explosion","Sucker Punch","Calculated Gamble","Ghostly","Ghostly","Ghostly","Acrobatics+1","Night Terror","Backflip+1","Blur","Adrenaline+1","Underhanded Strike+1","Underhanded Strike+1","Leg Sweep+1","Parasite"],"relics":["Empty Cage","The Specimen","Pen Nib","Dream Catcher","Paper Crane","Cursed Key","MawBank","FossilizedHelix","Astrolabe","War Paint"],"acts_visited":["Exordium","TheCity","TheBeyond"],"potions_floor_usage":[41],"damage_taken":[{"damage":6.0,"enemies":"Jaw Worm","floor":1.0,"turns":6.0},{"damage":2.0,"enemies":"Cultist","floor":3.0,"turns":4.0},{"damage":5.0,"enemies":"2 Louse","floor":4.0,"turns":4.0},{"damage":11.0,"enemies":"Blue Slaver","floor":5.0,"turns":5.0},{"damage":29.0,"enemies":"Gremlin Nob","floor":6.0,"turns":4.0},{"damage":4.0,"enemies":"3 Louse","floor":8.0,"turns":4.0},{"damage":8.0,"enemies":"Exordium Thugs","floor":11.0,"turns":5.0},{"damage":25.0,"enemies":"Lagavulin","floor":12.0,"turns":7.0},{"damage":5.0,"enemies":"Gremlin Gang","floor":14.0,"turns":3.0},{"damage":8.0,"enemies":"Hexaghost","floor":16.0,"turns":8.0},{"damage":19.0,"enemies":"2 Thieves","floor":18.0,"turns":3.0},{"damage":1.0,"enemies":"Chosen","floor":24.0,"turns":5.0},{"damage":21.0,"enemies":"Slavers","floor":25.0,"turns":6.0},{"damage":9.0,"enemies":"Centurion and Healer","floor":27.0,"turns":6.0},{"damage":3.0,"enemies":"3 Cultists","floor":29.0,"turns":4.0},{"damage":3.0,"enemies":"Book of Stabbing","floor":30.0,"turns":5.0},{"damage":3.0,"enemies":"Snake Plant","floor":31.0,"turns":5.0},{"damage":0.0,"enemies":"Collector","floor":33.0,"turns":8.0},{"damage":2.0,"enemies":"3 Shapes","floor":35.0,"turns":5.0},{"damage":1.0,"enemies":"Orb Walker","floor":38.0,"turns":4.0},{"damage":0,"enemies":"Writhing Mass","floor":39,"turns":8},{"damage":6,"enemies":"Nemesis","floor":41,"turns":11},{"damage":3,"enemies":"Transient","floor":42,"turns":6},{"damage":44,"enemies":"Giant Head","floor":45,"turns":8}],"seed_played":"-7510276816374099207","potions_obtained":[{"floor":3.0,"key":"FairyPotion"},{"floor":6.0,"key":"CunningPotion"},{"floor":11.0,"key":"Weak Potion"},{"floor":12.0,"key":"Fire Potion"},{"floor":22.0,"key":"Regen Potion"},{"floor":27.0,"key":"DistilledChaos"},{"floor":29.0,"key":"Explosive Potion"},{"floor":30.0,"key":"Fire Potion"},{"floor":37.0,"key":"GamblersBrew"},{"floor":41,"key":"SteroidPotion"}],"is_trial":false,"path_per_floor":["M","?","M","M","M","E","R","M","T","R","M","E","R","M","R","B",null,"M","?","$","?","?","R","M","E","T","M","$","M","E","M","R","B",null,"M","$","?","M","M","R","E","M","T","R","E"],"character_chosen":"THE_SILENT","items_purchased":["Calculated Gamble","BlessingOfTheForge"],"campfire_rested":4,"item_purchase_floors":[20,36],"current_hp_per_floor":[53,53,51,46,35,6,6,2,2,21,13,19,38,33,33,25,56,37,37,37,33,33,33,32,11,11,17,17,14,11,8,17,17,29,27,27,27,26,26,26,20,17,17,26,0,0],"gold":119,"neow_bonus":"BOSS_RELIC","is_daily":false,"chose_seed":false,"campfire_upgraded":4,"win_rate":0.0,"timestamp":1609111411,"path_taken":["M","?","?","M","M","E","R","M","T","R","?","E","R","M","R","BOSS","M","?","$","?","?","R","M","E","T","M","$","M","E","M","R","BOSS","M","$","?","M","M","R","E","M","T","R","E"],"items_purchased_type":["Card","Potion"],"build_version":"2020-12-22","purchased_purges":3,"victory":false,"max_hp_per_floor":[66,66,66,66,66,66,66,66,66,66,66,66,66,66,66,66,66,66,66,66,33,33,33,33,33,33,33,33,33,33,33,33,33,33,33,33,33,33,33,33,33,33,33,33,33,33],"relic_stats":{"Dream Catcher":4,"counters":[24,134],"Astrolabe":["Underhanded Strike","Underhanded Strike","Phantasmal Killer"],"Pen Nib":[12],"War Paint":["Adrenaline","Deadly Poison"],"Cursed Key":1,"MawBank":36,"obtain_stats":[{"Dream Catcher":9,"The Specimen":2,"Astrolabe":34,"Pen Nib":6,"Paper Crane":12,"War Paint":41,"Empty Cage":0,"Cursed Key":17,"MawBank":25,"FossilizedHelix":30,"Ring of the Snake":0},{"Dream Catcher":6,"The Specimen":1,"Astrolabe":18,"Pen Nib":5,"Paper Crane":8,"War Paint":22,"Empty Cage":0,"Cursed Key":10,"MawBank":13,"FossilizedHelix":16,"Ring of the Snake":0},{"Dream Catcher":27,"The Specimen":6,"Astrolabe":92,"Pen Nib":23,"Paper Crane":39,"War Paint":120,"Empty Cage":0,"Cursed Key":50,"MawBank":64,"FossilizedHelix":79,"Ring of the Snake":0}]},"card_choices":[{"not_picked":["Quick Slash","Blade Dance"],"picked":"Dagger Throw","floor":1.0},{"not_picked":["Leg Sweep","Deflect"],"picked":"Noxious Fumes","floor":3.0},{"not_picked":["Riddle With Holes","Infinite Blades"],"picked":"Bouncing Flask","floor":4.0},{"not_picked":["Underhanded Strike","Backflip"],"picked":"Poisoned Stab","floor":5.0},{"not_picked":["Noxious Fumes","PiercingWail"],"picked":"Crippling Poison","floor":6.0},{"not_picked":["Deadly Poison","Acrobatics"],"picked":"PiercingWail","floor":8.0},{"not_picked":["Dodge and Roll","Slice"],"picked":"Deadly Poison","floor":11.0},{"not_picked":["Cloak And Dagger","Quick Slash"],"picked":"Corpse Explosion","floor":12.0},{"not_picked":["PiercingWail","Prepared"],"picked":"Sucker Punch","floor":14.0},{"not_picked":["Cloak And Dagger","Setup","Dagger Spray"],"picked":"SKIP","floor":18.0},{"not_picked":["Terror","Backstab"],"picked":"Acrobatics","floor":24.0},{"not_picked":["Cloak And Dagger","Riddle With Holes","Outmaneuver"],"picked":"SKIP","floor":25.0},{"not_picked":["PiercingWail","Finisher","Blur+1"],"picked":"SKIP","floor":27.0},{"not_picked":["Masterful Stab+1","Eviscerate"],"picked":"Night Terror","floor":29.0},{"not_picked":["Prepared","Accuracy"],"picked":"Backflip+1","floor":30.0},{"not_picked":["Underhanded Strike","Sucker Punch","Distraction+1"],"picked":"SKIP","floor":31.0},{"not_picked":["Prepared","Bane+1"],"picked":"Blur","floor":32.0},{"not_picked":["Malaise","Venomology"],"picked":"Adrenaline","floor":33.0},{"not_picked":["Quick Slash+1","Dagger Throw"],"picked":"Leg Sweep+1","floor":35.0},{"not_picked":["Deflect","Bouncing Flask","Blade Dance"],"picked":"SKIP","floor":38.0},{"not_picked":["Deadly Poison","Blade Dance","Poisoned Stab+1"],"picked":"SKIP","floor":39},{"not_picked":["Sucker Punch","Masterful Stab","Bane"],"picked":"SKIP","floor":41},{"not_picked":["Heel Hook","Quick Slash","Flying Knee"],"picked":"SKIP","floor":42}],"player_experience":1005664,"relics_obtained":[{"floor":6.0,"key":"Pen Nib"},{"floor":9.0,"key":"Dream Catcher"},{"floor":12.0,"key":"Paper Crane"},{"floor":25.0,"key":"MawBank"},{"floor":30.0,"key":"FossilizedHelix"},{"floor":41,"key":"War Paint"}],"event_choices":[{"damage_healed":0.0,"max_hp_gain":0.0,"max_hp_loss":0.0,"gold_gain":0.0,"event_name":"WeMeetAgain","player_choice":"Paid Gold","floor":2.0,"gold_loss":112.0,"damage_taken":0.0,"relics_obtained":["The Specimen"]},{"damage_healed":0.0,"max_hp_gain":0.0,"max_hp_loss":0.0,"gold_gain":0.0,"event_name":"Cursed Tome","player_choice":"Ignored","floor":19.0,"gold_loss":0.0,"damage_taken":0.0},{"damage_healed":0.0,"max_hp_gain":0.0,"max_hp_loss":33.0,"gold_gain":0.0,"event_name":"Ghosts","player_choice":"Became a Ghost","floor":21.0,"gold_loss":0.0,"damage_taken":0.0,"cards_obtained":["Ghostly","Ghostly","Ghostly"]},{"damage_healed":0.0,"max_hp_gain":0.0,"max_hp_loss":0.0,"gold_gain":0.0,"event_name":"Lab","player_choice":"Got Potions","floor":22.0,"gold_loss":0.0,"damage_taken":0.0},{"damage_healed":0.0,"max_hp_gain":0.0,"max_hp_loss":0.0,"gold_gain":0.0,"event_name":"The Woman in Blue","player_choice":"Bought 1 Potion","floor":37.0,"gold_loss":0.0,"damage_taken":0.0}],"is_beta":false,"boss_relics":[{"not_picked":["SacredBark","HoveringKite"],"picked":"Cursed Key"},{"not_picked":["Tiny House","Busted Crown"],"picked":"Astrolabe"}],"items_purged_floors":[20,28,36],"is_endless":false,"potions_floor_spawned":[3,6,11,12,14,27,29,30,39,41,42],"killed_by":"Giant Head","ascension_level":20}}