{"host":"7nu0fnckee4tlfez","time":1609082967,"event":{"mods":["2.2 Compatiblity","AchievementEnabler","Astrologer","BaseMod","CapriCore","Colored Map","Downfall","Lobotomy","LobotomyExtend","Marisa£¨Ùöéë¡¡Øª×âÞÞ£©","Minty Spire (QoL Compilation)","StSLib","SuperFastMode","The Immortal"],"gold_per_floor":[119,119,136,152,168,168,168],"floor_reached":6,"playtime":260,"items_purged":[],"score":38,"play_id":"bd2c172e-8a7a-475d-969b-49ec3f9ca99f","local_time":"20201228002927","is_ascension_mode":false,"campfire_choices":[],"circlet_count":0,"master_deck":["Strike_G","Strike_G","Strike_G","Strike_G","Defend_G","Defend_G","Defend_G","Defend_G","Defend_G","Survivor","Neutralize","OldLady","Poisoned Stab","SnowQueen","Poisoned Stab","Bloodbath","Flying Knee"],"relics":["Ring of the Snake","CogitoBucket","RabbitCall","LetterFromLob"],"acts_visited":["Exordium"],"potions_floor_usage":[],"damage_taken":[{"damage":2,"enemies":"Jaw Worm","floor":1,"turns":4},{"damage":0,"enemies":"2 Louse","floor":3,"turns":4},{"damage":0,"enemies":"Small Slimes","floor":4,"turns":3},{"damage":2,"enemies":"Blue Slaver","floor":5,"turns":4},{"damage":31,"enemies":"Lagavulin","floor":6,"turns":4}],"seed_played":"-7877668627791331975","potions_obtained":[{"floor":1,"key":"DistilledChaos"}],"is_trial":false,"path_per_floor":["M","?","M","M","M","E"],"character_chosen":"THE_SILENT","items_purchased":[],"campfire_rested":0,"item_purchase_floors":[],"current_hp_per_floor":[68,68,68,68,67,37,37],"gold":168,"neow_bonus":"","is_daily":false,"chose_seed":false,"campfire_upgraded":0,"win_rate":0.0,"timestamp":1609082967,"path_taken":["M","?","M","M","M","E"],"items_purchased_type":[],"build_version":"2020-12-22","purchased_purges":0,"victory":false,"max_hp_per_floor":[70,70,70,70,70,70,70],"card_choices":[{"not_picked":["PunishingBird","WallGazer"],"picked":"OldLady","floor":1},{"not_picked":["Dodge and Roll","Predator"],"picked":"Poisoned Stab","floor":1},{"not_picked":["RedShoes","MHz","WallGazer"],"picked":"Singing Bowl","floor":3},{"not_picked":["CherryBlossoms","Scorched"],"picked":"SnowQueen","floor":3},{"not_picked":["Caltrops","Slice"],"picked":"Poisoned Stab","floor":3},{"not_picked":["VoidDream","FairyFestival"],"picked":"Bloodbath","floor":4},{"not_picked":["Escape Plan","Dash","Glass Knife"],"picked":"SKIP","floor":4},{"not_picked":["FairyFestival","GalaxyChild","BeautyBeast"],"picked":"Singing Bowl","floor":5},{"not_picked":["Escape Plan","Poisoned Stab"],"picked":"Flying Knee","floor":5}],"player_experience":54660,"relics_obtained":[{"floor":1,"key":"LetterFromLob"}],"event_choices":[{"cards_removed":["Strike_G"],"damage_healed":0,"gold_gain":0,"player_choice":"Forget","damage_taken":0,"max_hp_gain":0,"max_hp_loss":0,"event_name":"Living Wall","floor":2,"gold_loss":0}],"is_beta":false,"boss_relics":[],"items_purged_floors":[],"is_endless":false,"potions_floor_spawned":[1],"killed_by":"Lagavulin","ascension_level":0}}