{"host":"q79spna8ofw6hj3r","time":1609092104,"event":{"mods":["Aspiration","Bard","BaseMod","Beaked The Cultist","Bestiary","Better Altar","Better Match","Better Note","Better Sensory Stone","Better Skull","Better Third Choice","Better Vampires","BetterRewards","Block Reminder","Challenge The Spire","Colored Map","Colored Powertips","Conspire","Custom Start","Energized Spire","Friendly Minions","Halation","Hubris","Infinite Spire","Jedi Mod","Mimic Mod","Minty Spire (QoL Compilation)","Permanent Neow","Quick Restart","Relic Filter","Relic Sorter","Replay The Spire","Shop Mod","StSLib","SuperFastMode","Synergy Search","The Cursed","The Hierophant","The Runesmith","slay the spire mod where everything is the same but ironclad has a cowboy hat","vexMod"],"gold_per_floor":[119,119,119,138,149,183,194,221,221,221,236,266,266,279,279,378,378,388,188,287,350,275,275,356,377,377],"floor_reached":25,"playtime":950,"items_purged":[],"score":318,"play_id":"4197e267-b508-4047-a30a-6f65463c8058","local_time":"20201227200144","is_ascension_mode":true,"campfire_choices":[{"data":"infinitespire:DeathsTouch","floor":10,"key":"SMITH"},{"floor":15,"key":"REST"},{"data":"infinitespire:Neurotoxin","floor":23,"key":"SMITH"}],"circlet_count":0,"master_deck":["Strike_G","Strike_G","Strike_G","Strike_G","Defend_G","Defend_G","Defend_G","Defend_G","Defend_G","Survivor","Neutralize","infinitespire:DeathsTouch+1","Dodge and Roll","Dodge and Roll","Well Laid Plans","Concentrate","Escape Plan","infinitespire:Neurotoxin+1","hubris:SlightOfHand+1","conspire:SpireCoStock","conspire:SpireCoStock","conspire:SpireCoStock","conspire:SpireCoStock"],"relics":["m_ChordRing","aspiration:Nostalgia","infinitespire:DarkRift","hubris:Towel","FossilizedHelix","hubris:TenFootPole","StoneCalendar","Happy Flower","infinitespire:Cubic Diamond","conspire:SlowCooker","The Courier"],"acts_visited":["Exordium","TheCity"],"potions_floor_usage":[12,24],"damage_taken":[{"damage":0,"enemies":"Jaw Worm","floor":1,"turns":4},{"damage":12,"enemies":"Small Slimes","floor":4,"turns":2},{"damage":0,"enemies":"2 Louse","floor":5,"turns":2},{"damage":5,"enemies":"Gremlin Nob","floor":6,"turns":4},{"damage":0,"enemies":"2 Fungi Beasts","floor":7,"turns":5},{"damage":19,"enemies":"3 Sentries","floor":8,"turns":5},{"damage":0,"enemies":"Exordium Wildlife","floor":11,"turns":4},{"damage":0,"enemies":"Lagavulin","floor":12,"turns":4},{"damage":0,"enemies":"Large Slime","floor":14,"turns":4},{"damage":29,"enemies":"Fading Forest","floor":16,"turns":11},{"damage":0,"enemies":"conspire:FuzzyDice","floor":18,"turns":5},{"damage":7,"enemies":"Shell Parasite","floor":21,"turns":8},{"damage":36,"enemies":"Replay:Snechameleon","floor":24,"turns":12},{"damage":27,"enemies":"Snake Plant","floor":25,"turns":3}],"seed_played":"7695116325368620588","potions_obtained":[{"floor":4,"key":"SpeedPotion"},{"floor":7,"key":"Dexterity Potion"},{"floor":8,"key":"Weak Potion"},{"floor":14,"key":"Languid Potion"}],"is_trial":false,"path_per_floor":["M","?","?","M","M","E","M","E","T","R","M","E","?","M","R","B",null,"M","?","?","M","?","R","E","M"],"character_chosen":"THE_SILENT","items_purchased":[],"campfire_rested":1,"item_purchase_floors":[],"current_hp_per_floor":[70,70,53,41,41,36,36,17,17,17,17,17,17,17,38,29,70,70,70,70,63,63,63,27,0,0],"gold":377,"neow_bonus":"NOSTALGIA","is_daily":false,"chose_seed":false,"campfire_upgraded":2,"win_rate":0.0,"timestamp":1609092104,"path_taken":["M","?","?","M","M","E","M","E","T","R","M","E","?","?","R","BOSS","M","?","?","?","?","R","E","M"],"items_purchased_type":[],"build_version":"2020-12-22","purchased_purges":0,"victory":false,"max_hp_per_floor":[70,70,70,70,70,70,70,70,70,70,70,70,70,70,70,70,70,70,70,70,70,70,70,70,70,70],"card_choices":[{"not_picked":["jedi:unstablefumes","Underhanded Strike","Deflect"],"picked":"SKIP","floor":1},{"not_picked":["hubris:InfiniteBlow+2142","hubris:Fate"],"picked":"infinitespire:DeathsTouch","floor":3},{"not_picked":["Prepared","jedi:poisonivy"],"picked":"Dodge and Roll","floor":4},{"not_picked":["hubris:SlightOfHand","Distraction"],"picked":"Dodge and Roll","floor":5},{"not_picked":["hubris:Counter","conspire:PoisonWeapons","Riddle With Holes"],"picked":"SKIP","floor":6},{"not_picked":["Sucker Punch","Deadly Poison"],"picked":"Well Laid Plans","floor":7},{"not_picked":["Replay:Poison Smokescreen","Poisoned Stab","Quick Slash"],"picked":"SKIP","floor":8},{"not_picked":["Flying Knee","Dash"],"picked":"Concentrate","floor":11},{"not_picked":["Unload","Poisoned Stab","Distraction"],"picked":"SKIP","floor":12},{"not_picked":["Backflip","Flying Knee"],"picked":"Escape Plan","floor":14},{"not_picked":["Bullet Time","Venomology"],"picked":"infinitespire:Neurotoxin","floor":16},{"not_picked":["Dagger Throw","Quick Slash"],"picked":"hubris:SlightOfHand+1","floor":18},{"not_picked":["hubris:SlightOfHand","Sucker Punch","Skewer+1"],"picked":"SKIP","floor":21},{"not_picked":["Dagger Spray+1","Quick Slash","infinitespire:Neurotoxin"],"picked":"SKIP","floor":24}],"player_experience":197317,"relics_obtained":[{"floor":6,"key":"FossilizedHelix"},{"floor":8,"key":"hubris:TenFootPole"},{"floor":9,"key":"StoneCalendar"},{"floor":12,"key":"Happy Flower"},{"floor":24,"key":"The Courier"}],"event_choices":[{"damage_healed":0,"gold_gain":0,"player_choice":"Invest 4","damage_taken":0,"max_hp_gain":0,"max_hp_loss":0,"event_name":"conspire:Investor","floor":19,"gold_loss":0},{"damage_healed":0,"gold_gain":99,"player_choice":"Steal","damage_taken":0,"max_hp_gain":0,"max_hp_loss":0,"event_name":"betterThird:BetterNest","floor":20,"gold_loss":0},{"cards_removed":["Strike_G"],"damage_healed":0,"gold_gain":0,"player_choice":"Gave Gold","damage_taken":0,"max_hp_gain":0,"max_hp_loss":0,"event_name":"Beggar","floor":22,"gold_loss":75}],"is_beta":false,"boss_relics":[{"not_picked":["aspiration:IroncladSkillbook","aspiration:SecretTechniqueScroll"],"picked":"conspire:SlowCooker"}],"items_purged_floors":[],"is_endless":false,"potions_floor_spawned":[4,7,8,14],"killed_by":"Snake Plant","ascension_level":2}}