{"host":"0azimyi6n3ugndj4","time":1609060788,"event":{"mods":["2.2 Compatiblity","BaseMod","Bestiary","Conspire","Curses Come First","Defuse TimeMaze Blight","Hyrulean Relics","Infinite Spire","Minty Spire (QoL Compilation)","Relic Stats","Replay The Spire","StSLib","SuperFastMode","Uncapped","¡¼?Úª?ø«¡½REMEMod"],"gold_per_floor":[150,425,467,467,467,572,623,716,716,716,716,752,76,76,76,375,375,374,374,574,607,631,685,685,742,742,742,742,766,226,339,339,561,561,612,612,51,96,96,174,216,216,263,263,293,293,293],"floor_reached":46,"playtime":1295,"items_purged":["Blasphemy","Looming Evil","Thunder Strike"],"score":1423,"play_id":"8b3a6a6d-900e-43f6-91a3-c0772690d85c","local_time":"20201227181948","daily_mods":["Shiny","Vintage","ControlledChaos","Diverse","Colorless Cards","Heirloom","Time Dilation","Flight","Elite Swarm","Lethality","Midas","Night Terrors","Binary"],"is_ascension_mode":true,"campfire_choices":[{"floor":10.0,"key":"REST"},{"data":"ConjureBlade","floor":15.0,"key":"PURGE"},{"data":"Multi-Cast","floor":32.0,"key":"PURGE"}],"circlet_count":0,"master_deck":["AscendersBane","Brilliance","Devotion","LessonLearned","Vault","Alpha","Establishment","REME_WorshipGod","Replay:LoomingThreat","DeusExMachina","Judgement","REME_EmptyShield","MasterReality","Ragnarok","REME_CRH","Scrawl","Wish","Omniscience","SpiritShield","DevaForm","Hyperbeam","Machine Learning","Buffer","Mirror Shield","Seek","Echo Form","All For One","Reboot","Fission","Core Surge","Biased Cognition","REME_Shoggoth","Electrodynamics","ReplayTheSpireMod:Omega Cannon","Rainbow","Meteor Strike+1","Amplify","Creative AI","REME_ShadowForm","ReplayTheSpireMod:Necrosis","Corpse Explosion","Die Die Die","Atom Bomb","ReplayTheSpireMod:From All Sides+1","Adrenaline","Envenom","Doppelganger","Burst","Wraith Form v2","REME_SpectralBlade","Tools of the Trade","REME_CopyPotion","After Image","Poison Darts","A Thousand Cuts","Venomology","Replay:Bag of Tricks","Malaise","Phantasmal Killer","Night Terror","infinitespire:Neurotoxin","Unload","REME_GrazeFinale","Bullet Time","Storm of Steel","Glass Knife","Grand Finale","Double Tap","Demon Form","REME_ACTH","Fiend Fire","Eclipse","conspire:Purge","Berserk","Impervious","Juggernaut","Brutality","Demonic Infusion","conspire:HitWhereItHurts","Offering","REME_Fury","Bludgeon","Feed","Replay:Many Hands","Limit Break","Corruption","Barricade","Hemogenesis","REME_TheLastStrike+1","Reaper","Immolate","Thinking Ahead","Metamorphosis","Master of Strategy","Magnetism","REME_HeartOfCthun","Chrysalis","Mayhem","REME_PuzzleBox","Secret Weapon","Midas Touch","ReplayTheSpireMod:Brewmster","REME_AllRoundStrike","Poisoned Strike","REME_MawOfCthun","REME_EyeOfCthun","REME_WheelOfFate","Sadistic Nature","Replay:Dark Deal","REME_Flogging","ReplayUltimateDefense","Transmutation","REME_BattleFury","HandOfGreed","ReplayTheSpireMod:Necrogeddon","Apotheosis","Panache","Violence","Secret Technique","REME_BodyOfCthun","The Bomb","Crow Ritual","REME_BuildACard","REME_ProfessionalPlagiarism","ReplayTheSpireMod:Corrosion Curse","CurseOfTheBell","REME_Shoggoth+1"],"relics":["Frozen Eye","Busted Crown","REME_ComplimentaryCards","Replay:Towering Pillar of Hats","Replay:Mystery Machine","infinitespire:ShieldingShard","Sizzling Blood","zeldaRelics:CourageTriforce","Ice Cream","Strawberry","ClockworkSouvenir","REME_HandOfSuture","conspire:BottledYoYo","Prayer Wheel","Prayer Wheel","Black Star","Boot","Ring of Peace","Ring of Panic","REME_HourglassOfDeath","zeldaRelics:WisdomTriforce","Iron Hammer","Oddly Smooth Stone","Enchiridion","Calling Bell","ReplayTheSpireMod:Lightbulb","Molten Egg 2","Pocketwatch","zeldaRelics:PowerTriforce","Chemical X","conspire:Flyswatter","Coffee Dripper","Toy Ornithopter","REME_PoisonedDagger","infinitespire:Beetle Shell","Ancient Tea Set","infinitespire:EmpoweringShard","Whetstone","infinitespire:BottledMercury","Blue Doll","Happy Flower"],"acts_visited":["Exordium","TheCity","TheBeyond"],"potions_floor_usage":[],"damage_taken":[{"damage":0.0,"enemies":"Cultist","floor":1.0,"turns":3.0},{"damage":7.0,"enemies":"Small Slimes","floor":3.0,"turns":1.0},{"damage":37.0,"enemies":"3 Sentries","floor":6.0,"turns":4.0},{"damage":0.0,"enemies":"2 Louse","floor":7.0,"turns":1.0},{"damage":13.0,"enemies":"Lagavulin","floor":8.0,"turns":5.0},{"damage":35.0,"enemies":"Lots of Slimes","floor":12.0,"turns":3.0},{"damage":15.0,"enemies":"Fading Forest","floor":16.0,"turns":13.0},{"damage":22.0,"enemies":"2 Thieves","floor":18.0,"turns":4.0},{"damage":0.0,"enemies":"conspire:FuzzyDice","floor":21.0,"turns":1.0},{"damage":0.0,"enemies":"Centurion and Healer","floor":23.0,"turns":2.0},{"damage":0.0,"enemies":"Snake Plant","floor":25.0,"turns":2.0},{"damage":0.0,"enemies":"Slavers","floor":31.0,"turns":2.0},{"damage":0.0,"enemies":"Automaton","floor":33.0,"turns":2.0},{"damage":14.0,"enemies":"3 Shapes","floor":35.0,"turns":1.0},{"damage":0.0,"enemies":"3 Darklings","floor":38.0,"turns":2.0},{"damage":19.0,"enemies":"Nemesis","floor":40.0,"turns":4.0},{"damage":0.0,"enemies":"Transient","floor":41.0,"turns":3.0},{"damage":0.0,"enemies":"Maw","floor":45.0,"turns":4.0}],"seed_played":"-8961879708326141401","potions_obtained":[{"floor":1.0,"key":"Block Potion"},{"floor":6.0,"key":"LiquidMemories"},{"floor":33.0,"key":"Energy Potion"},{"floor":40.0,"key":"Adrenaline Potion"},{"floor":45.0,"key":"Fire Potion"}],"is_trial":true,"path_per_floor":["M","?","M","?","?","E","M","E","T","R","?","M","$","$","R","B",null,"M","?","?","M","T","M","T","M","T","?","AVR","T","$","E","R","B",null,"M","?","$","M","?","E","M","R","T","R","M","T"],"character_chosen":"THE_SILENT","items_purchased":["ClockworkSouvenir","REME_HandOfSuture","conspire:BottledYoYo","Chemical X","conspire:Flyswatter","REME_PoisonedDagger","infinitespire:Beetle Shell"],"campfire_rested":1,"item_purchase_floors":[13,13,13,30,30,37,37],"current_hp_per_floor":[66,66,59,63,80,47,51,42,42,75,75,51,51,51,51,47,75,57,57,57,61,61,65,65,69,69,48,48,48,48,52,52,56,77,67,67,67,71,71,56,80,80,80,80,84,84,84],"gold":293,"neow_bonus":"","is_daily":false,"chose_seed":false,"campfire_upgraded":0,"win_rate":0.0,"timestamp":1609060788,"path_taken":["M","?","?","?","?","E","?","E","T","R","?","?","?","$","R","BOSS","M","?","?","?","?","M","?","?","T","?","AVR","?","$","E","R","BOSS","M","?","?","?","?","E","?","R","T","R","M","?"],"items_purchased_type":["Relic","Relic","Relic","Relic","Relic","Relic","Relic"],"build_version":"2020-12-22","purchased_purges":3,"victory":false,"max_hp_per_floor":[66,66,66,70,80,80,80,80,80,75,75,82,82,82,82,84,84,84,84,84,84,84,84,84,84,84,84,84,84,84,84,84,84,84,84,84,84,84,84,84,84,84,84,84,84,84,84],"relic_stats":{"Busted Crown":36,"Happy Flower":[0],"counters":[18,55],"Prayer Wheel":0,"Black Star":2,"Chemical X":[5],"Whetstone":["Meteor Strike","REME_TheLastStrike"],"Boot":[72],"obtain_stats":[{"Ice Cream":7,"infinitespire:BottledMercury":41,"Enchiridion":27,"Blue Doll":43,"Sizzling Blood":4,"Whetstone":40,"Replay:Mystery Machine":1,"Boot":18,"Ancient Tea Set":38,"zeldaRelics:WisdomTriforce":26,"ClockworkSouvenir":13,"Frozen Eye":0,"infinitespire:ShieldingShard":3,"Strawberry":12,"Ring of Peace":19,"Prayer Wheel":16,"Iron Hammer":23,"zeldaRelics:CouragePiece":6,"Chemical X":30,"Ring of Panic":19,"zeldaRelics:PowerPiece":29,"Ring of the Snake":0,"zeldaRelics:WisdomPiece":22,"Replay:Towering Pillar of Hats":0,"Happy Flower":45,"Oddly Smooth Stone":25,"infinitespire:Beetle Shell":37,"zeldaRelics:PowerTriforce":31,"REME_PoisonedDagger":37,"zeldaRelics:CourageTriforce":9,"Calling Bell":28,"Busted Crown":0,"REME_HourglassOfDeath":21,"Molten Egg 2":28,"REME_HandOfSuture":13,"conspire:BottledYoYo":13,"Black Star":17,"Coffee Dripper":34,"infinitespire:EmpoweringShard":40,"ReplayTheSpireMod:Lightbulb":28,"Toy Ornithopter":35,"REME_ComplimentaryCards":0,"Pocketwatch":28,"conspire:Flyswatter":30},{"Ice Cream":4,"infinitespire:BottledMercury":17,"Enchiridion":11,"Blue Doll":17,"Sizzling Blood":2,"Whetstone":16,"Replay:Mystery Machine":1,"Boot":8,"Ancient Tea Set":15,"zeldaRelics:WisdomTriforce":11,"ClockworkSouvenir":6,"Frozen Eye":0,"infinitespire:ShieldingShard":2,"Strawberry":6,"Ring of Peace":8,"Prayer Wheel":7,"Iron Hammer":10,"zeldaRelics:CouragePiece":3,"Chemical X":11,"Ring of Panic":8,"zeldaRelics:PowerPiece":11,"Ring of the Snake":0,"zeldaRelics:WisdomPiece":9,"Replay:Towering Pillar of Hats":0,"Happy Flower":18,"Oddly Smooth Stone":11,"infinitespire:Beetle Shell":14,"zeldaRelics:PowerTriforce":12,"REME_PoisonedDagger":14,"zeldaRelics:CourageTriforce":5,"Calling Bell":11,"Busted Crown":0,"REME_HourglassOfDeath":9,"Molten Egg 2":11,"REME_HandOfSuture":6,"conspire:BottledYoYo":6,"Black Star":7,"Coffee Dripper":13,"infinitespire:EmpoweringShard":16,"ReplayTheSpireMod:Lightbulb":11,"Toy Ornithopter":14,"REME_ComplimentaryCards":0,"Pocketwatch":11,"conspire:Flyswatter":11},{"Ice Cream":9,"infinitespire:BottledMercury":52,"Enchiridion":38,"Blue Doll":52,"Sizzling Blood":4,"Whetstone":49,"Replay:Mystery Machine":3,"Boot":34,"Ancient Tea Set":45,"zeldaRelics:WisdomTriforce":38,"ClockworkSouvenir":17,"Frozen Eye":0,"infinitespire:ShieldingShard":4,"Strawberry":17,"Ring of Peace":34,"Prayer Wheel":28,"Iron Hammer":36,"zeldaRelics:CouragePiece":8,"Chemical X":38,"Ring of Panic":34,"zeldaRelics:PowerPiece":38,"Ring of the Snake":0,"zeldaRelics:WisdomPiece":35,"Replay:Towering Pillar of Hats":0,"Happy Flower":55,"Oddly Smooth Stone":38,"infinitespire:Beetle Shell":43,"zeldaRelics:PowerTriforce":40,"REME_PoisonedDagger":43,"zeldaRelics:CourageTriforce":14,"Calling Bell":38,"Busted Crown":0,"REME_HourglassOfDeath":35,"Molten Egg 2":38,"REME_HandOfSuture":17,"conspire:BottledYoYo":17,"Black Star":30,"Coffee Dripper":42,"infinitespire:EmpoweringShard":49,"ReplayTheSpireMod:Lightbulb":38,"Toy Ornithopter":43,"REME_ComplimentaryCards":0,"Pocketwatch":38,"conspire:Flyswatter":38}],"Toy Ornithopter":0,"Pocketwatch":[0]},"card_choices":[],"player_experience":1445083,"relics_obtained":[{"floor":1.0,"key":"Replay:Mystery Machine"},{"floor":3.0,"key":"infinitespire:ShieldingShard"},{"floor":6.0,"key":"zeldaRelics:CouragePiece"},{"floor":7.0,"key":"Ice Cream"},{"floor":8.0,"key":"zeldaRelics:CouragePiece"},{"floor":9.0,"key":"zeldaRelics:CouragePiece"},{"floor":12.0,"key":"Strawberry"},{"floor":18.0,"key":"Boot"},{"floor":19.0,"key":"Ring of Peace"},{"floor":19.0,"key":"Ring of Panic"},{"floor":21.0,"key":"REME_HourglassOfDeath"},{"floor":22.0,"key":"zeldaRelics:WisdomPiece"},{"floor":23.0,"key":"Iron Hammer"},{"floor":24.0,"key":"zeldaRelics:WisdomPiece"},{"floor":25.0,"key":"Oddly Smooth Stone"},{"floor":26.0,"key":"zeldaRelics:WisdomPiece"},{"floor":27.0,"key":"Enchiridion"},{"floor":28.0,"key":"ReplayTheSpireMod:Lightbulb"},{"floor":28.0,"key":"Molten Egg 2"},{"floor":28.0,"key":"Pocketwatch"},{"floor":29.0,"key":"zeldaRelics:PowerPiece"},{"floor":31.0,"key":"zeldaRelics:PowerPiece"},{"floor":31.0,"key":"zeldaRelics:PowerPiece"},{"floor":35.0,"key":"Toy Ornithopter"},{"floor":38.0,"key":"Ancient Tea Set"},{"floor":40.0,"key":"infinitespire:EmpoweringShard"},{"floor":40.0,"key":"Whetstone"},{"floor":41.0,"key":"infinitespire:BottledMercury"},{"floor":43.0,"key":"Blue Doll"},{"floor":45.0,"key":"Happy Flower"}],"event_choices":[{"damage_healed":0.0,"max_hp_gain":0.0,"max_hp_loss":0.0,"gold_gain":275.0,"event_name":"Golden Shrine","player_choice":"Desecrate","floor":2.0,"gold_loss":0.0,"damage_taken":0.0,"cards_obtained":["Regret"]},{"cards_removed":["Replay:AllIn"],"damage_healed":7.0,"max_hp_gain":10.0,"max_hp_loss":0.0,"gold_gain":0.0,"event_name":"Bonfire Elementals","player_choice":"Offered Rare","floor":5.0,"gold_loss":0.0,"damage_taken":0.0},{"cards_removed":["Regret"],"damage_healed":0.0,"max_hp_gain":0.0,"max_hp_loss":0.0,"gold_gain":0.0,"event_name":"Purifier","player_choice":"Purged","floor":11.0,"gold_loss":0.0,"damage_taken":0.0},{"damage_healed":0.0,"max_hp_gain":0.0,"max_hp_loss":0.0,"gold_gain":200.0,"event_name":"Wheel of Change","player_choice":"Gold","floor":20.0,"gold_loss":0.0,"damage_taken":0.0},{"damage_healed":0.0,"max_hp_gain":0.0,"max_hp_loss":0.0,"gold_gain":0.0,"event_name":"Cursed Tome","player_choice":"Obtained Book","floor":27.0,"gold_loss":0.0,"damage_taken":21.0},{"cards_removed":["ReplayRNGCard"],"damage_healed":0.0,"max_hp_gain":0.0,"max_hp_loss":0.0,"gold_gain":0.0,"event_name":"Purifier","player_choice":"Purged","floor":36.0,"gold_loss":0.0,"damage_taken":0.0},{"damage_healed":0.0,"max_hp_gain":0.0,"max_hp_loss":0.0,"gold_gain":0.0,"event_name":"Duplicator","player_choice":"Copied","floor":39.0,"gold_loss":0.0,"damage_taken":0.0,"cards_obtained":["REME_Shoggoth"]}],"is_beta":false,"boss_relics":[{"not_picked":["Runic Dome","Tiny House"],"picked":"Black Star"},{"not_picked":["Snecko Heart","Astrolabe"],"picked":"Coffee Dripper"}],"items_purged_floors":[13,30,37],"is_endless":false,"potions_floor_spawned":[1,6,8,18,25,33,40,45],"ascension_level":20}}