{"host":"z9grmtg2w0nmz8n1","time":1609049034,"event":{"mods":["Aspiration","Bard","BaseMod","Beaked The Cultist","Better Altar","Better Match","Better Note","Better Sensory Stone","Better Skull","Better Third Choice","BetterRewards","CCEM","Colored Map","Conspire","Downfall","GifTheSpireLib","Googly Eyes","Halation","Hermit","Highlight Path","Hubris","Hunter ??","Jedi Mod","Jorbs\u0027s Wanderer Trilogy","Mad Scientist","Marisa????????","Minty Spire (QoL Compilation)","Permanent Neow","Replay The Spire","Shade Mod","Shop Mod","Spicy Shops","StSLib","Stuff the Spire","The Bug Knight","The Construct","The Necromancer","The Runesmith","The Witch"],"gold_per_floor":[119,44,56,71,71,46,62,89,89,99,118,148,148,176,176,279,279,299,313,313,138,150,150,178,178,178,195,264,290,303,33,33,130,130,141,11,11,11,11,11,11,11,11,11,11,11,11,11,11,11,11,11,11,11,11,11],"floor_reached":55,"playtime":3192,"items_purged":["Strike_B","Strike_B","Strike_B","Strike_B","FIFO Queue"],"score":840,"play_id":"28c207dd-c499-4812-bcf5-6ea5b5429f43","local_time":"20201227040354","is_ascension_mode":true,"campfire_choices":[{"floor":15,"key":"REST"},{"floor":23,"key":"RECALL"},{"data":"StuffTheSpire:Synthwave","floor":25,"key":"SMITH"},{"floor":32,"key":"REST"},{"data":"Tempest","floor":46,"key":"SMITH"},{"data":"Echo Form","floor":49,"key":"PURGE"},{"data":"ReplayTheSpireMod:Calculation Training","floor":52,"key":"SMITH"}],"circlet_count":0,"master_deck":["Defend_B","Defend_B","Defend_B","Defend_B","Zap","Dualcast","StuffTheSpire:Synthwave+1","Leap","Leap","jedi:BurstLightning","CurseOfTheBell","Defragment","Barrage+1","Defragment","ReplayTheSpireMod:Calculation Training+1","jedi:blockon","jedi:BurstFrost","StuffTheSpire:Synthwave+1","Static Discharge+1","Tempest+1","Conserve Battery+1","jedi:BurstFrost","ReplaySolidLightProjector+1","Ball Lightning+1"],"relics":["Cracked Core","hubris:Icosahedron","StrikeDummy","StuffTheSpire:GrapeVine","Potion Belt","hubris:Towel","Akabeko","Calling Bell","Replay:Baseball","hubris:Metronome","jedi:firstaidkit","SsserpentHead","Replay:Bottled Flurry","Question Card","CCEMRelics:DerglesHeadphones","CCEMRelics:SpiritsEdge","conspire:RunicOctahedron","hubris:ToyBattleship","jedi:ominousloannote","jedi:cryingmask","Art of War","Carrot","Replay:Ringing Soul","conspire:DeflatedDodgeball"],"acts_visited":["Exordium","TheCity","TheBeyond","TheEnding"],"potions_floor_usage":[6,6,12,28,33,41,44,48,54],"damage_taken":[{"damage":0,"enemies":"conspire:RoseBush","floor":1,"turns":3},{"damage":6,"enemies":"Jaw Worm","floor":3,"turns":4},{"damage":0,"enemies":"Cultist","floor":4,"turns":4},{"damage":0,"enemies":"Lagavulin","floor":6,"turns":7},{"damage":4,"enemies":"Blue Slaver","floor":7,"turns":4},{"damage":3,"enemies":"HollowMod:MossKnight","floor":8,"turns":7},{"damage":6,"enemies":"Exordium Wildlife","floor":10,"turns":4},{"damage":3,"enemies":"Exordium Thugs","floor":11,"turns":5},{"damage":21,"enemies":"Lagavulin","floor":12,"turns":6},{"damage":14,"enemies":"Gremlin Nob","floor":14,"turns":4},{"damage":20,"enemies":"Slime Boss","floor":16,"turns":10},{"damage":22,"enemies":"3 Byrds","floor":18,"turns":6},{"damage":21,"enemies":"Spheric Guardian","floor":19,"turns":4},{"damage":68,"enemies":"3 Cultists","floor":22,"turns":7},{"damage":11,"enemies":"conspire:Head Lice","floor":24,"turns":9},{"damage":14,"enemies":"Shelled Parasite and Fungi","floor":27,"turns":7},{"damage":27,"enemies":"Centurion and Healer","floor":28,"turns":7},{"damage":11,"enemies":"HollowMod:Nosk","floor":29,"turns":8},{"damage":32,"enemies":"3 Cultists","floor":30,"turns":6},{"damage":41,"enemies":"Automaton","floor":33,"turns":10},{"damage":30,"enemies":"3 Darklings","floor":35,"turns":6},{"damage":9,"enemies":"3 Shapes","floor":39,"turns":5},{"damage":10,"enemies":"R_Hoarder","floor":40,"turns":7},{"damage":36,"enemies":"Jaw Worm Horde","floor":41,"turns":4},{"damage":11,"enemies":"4 Shapes","floor":42,"turns":3},{"damage":0,"enemies":"Reptomancer","floor":44,"turns":2},{"damage":0,"enemies":"Transient","floor":45,"turns":5},{"damage":0,"enemies":"4 Shapes","floor":48,"turns":1},{"damage":81,"enemies":"Time Eater","floor":50,"turns":9},{"damage":67,"enemies":"Shield and Spear","floor":54,"turns":6},{"damage":78,"enemies":"The Heart","floor":55,"turns":3}],"seed_played":"2146858896229263816","potions_obtained":[{"floor":3,"key":"Weak Potion"},{"floor":4,"key":"BlessingOfTheForge"},{"floor":8,"key":"Fire Potion"},{"floor":12,"key":"jedi:hoardpotion"},{"floor":16,"key":"FairyPotion"},{"floor":22,"key":"SmokeBomb"},{"floor":27,"key":"champ:CounterPotion"},{"floor":29,"key":"construct:ShiftPotion"},{"floor":30,"key":"ColorlessPotion"},{"floor":40,"key":"Toxic Potion"},{"floor":41,"key":"Milkshake"},{"floor":42,"key":"SmokeBomb"},{"floor":45,"key":"Ancient Potion"}],"is_trial":false,"path_per_floor":["M","?","M","M","?","E","M","E","T","M","M","E","?","E","R","B",null,"M","M","?","$","M","R","E","R","T","M","M","E","M","$","R","B",null,"M","$","?","?","M","E","M","M","T","E","M","R","$","M","R_BF","B",null,"R","$","E","B"],"character_chosen":"DEFECT","items_purchased":["jedi:BurstFrost","CCEMRelics:SpiritsEdge","hubris:ToyBattleship","jedi:ominousloannote","jedi:cryingmask"],"campfire_rested":2,"item_purchase_floors":[31,31,36,36,36],"current_hp_per_floor":[75,75,69,69,69,69,65,62,62,56,53,32,32,18,40,20,75,75,61,61,61,25,25,22,22,22,23,10,4,7,7,29,25,75,71,71,71,71,71,71,48,42,42,45,45,57,57,60,60,10,77,77,77,31,0,0],"gold":11,"neow_bonus":"THREE_CARDS","is_daily":false,"chose_seed":false,"campfire_upgraded":3,"win_rate":0.0,"timestamp":1609049034,"path_taken":["M","?","M","?","?","E","M","E","T","M","M","E","?","E","R","BOSS","M","M","?","$","M","R","E","R","T","M","?","E","M","$","R","BOSS","M","$","?","?","M","E","?","M","T","E","M","R","?","?","R_BF","BOSS","R","$","E","BOSS"],"items_purchased_type":["Card","Relic","Relic","Relic","Relic"],"build_version":"2020-12-22","purchased_purges":5,"victory":false,"max_hp_per_floor":[75,75,75,75,75,75,75,75,75,75,75,75,75,75,75,75,75,75,75,75,75,75,75,75,75,75,75,75,75,75,75,75,75,75,75,75,71,71,71,71,71,71,71,74,74,74,74,77,77,77,77,77,77,77,77,77],"card_choices":[{"not_picked":["Genetic Algorithm","Heatsinks"],"picked":"StuffTheSpire:Synthwave","floor":0},{"not_picked":["Go for the Eyes","Steam","Blizzard"],"picked":"SKIP","floor":1},{"not_picked":["Double Energy","Reprogram"],"picked":"Leap","floor":3},{"not_picked":["Beam Cell","BasicCrystalCard"],"picked":"Leap","floor":4},{"not_picked":["Barrage","jedi:bruteforce","ReplaySort"],"picked":"SKIP","floor":6},{"not_picked":["Rip and Tear","FTL","StuffTheSpire:NuclearReactor"],"picked":"SKIP","floor":7},{"not_picked":["Rebound","Lockon"],"picked":"FIFO Queue","floor":8},{"not_picked":["Coolheaded","Turbo"],"picked":"jedi:BurstLightning","floor":10},{"not_picked":["jedi:locknload","FIFO Queue","Compile Driver"],"picked":"SKIP","floor":11},{"not_picked":["Force Field","Leap","Steam"],"picked":"SKIP","floor":12},{"not_picked":["jedi:sharpshooter","Fusion","Aggregate"],"picked":"SKIP","floor":14},{"not_picked":["Hologram","Reinforced Body"],"picked":"Defragment","floor":18},{"not_picked":["ReplayTheSpireMod:Dual Polarity","Stack","Streamline"],"picked":"SKIP","floor":19},{"not_picked":["StuffTheSpire:Plugnplay","Stack","hubris:PowerSurge+1"],"picked":"SKIP","floor":22},{"not_picked":["jedi:overflow+1","White Noise","Genetic Algorithm"],"picked":"SKIP","floor":24},{"not_picked":["Sweeping Beam","StuffTheSpire:SnapShoot","Darkness"],"picked":"Barrage+1","floor":27},{"not_picked":["Chaos","Blizzard","Barrage"],"picked":"Defragment","floor":28},{"not_picked":["Crystallizer","Coolheaded","Loop+1"],"picked":"ReplayTheSpireMod:Calculation Training","floor":29},{"not_picked":["Melter","Cold Snap","StuffTheSpire:Plugnplay"],"picked":"jedi:blockon","floor":30},{"not_picked":["Meteor Strike","jedi:BurstDark","Thunder Strike"],"picked":"Echo Form","floor":33},{"not_picked":["Redo+1","Stack+1","Coolheaded+1"],"picked":"StuffTheSpire:Synthwave","floor":35},{"not_picked":["StuffTheSpire:Plugnplay+1","Beam Cell+1","Consume"],"picked":"Static Discharge+1","floor":39},{"not_picked":["Thunder Strike","Hologram","Compile Driver+1"],"picked":"Tempest","floor":40},{"not_picked":["Coolheaded","Go for the Eyes","jedi:blockon"],"picked":"Conserve Battery+1","floor":41},{"not_picked":["Redo+1","Gash+1","StuffTheSpire:CleanHardDrive+1"],"picked":"jedi:BurstFrost","floor":42},{"not_picked":["Crystallizer+1","ReplayTheSpireMod:Omega Cannon","Cold Snap+1"],"picked":"ReplaySolidLightProjector+1","floor":44},{"not_picked":["Streamline","Biased Cognition","Chill","BasicCrystalCard"],"picked":"SKIP","floor":45},{"not_picked":["jedi:blockon","hubris:Ukulele+1","Coolheaded"],"picked":"Ball Lightning+1","floor":48},{"not_picked":["Streamline","Barrage+1","ReplayTheSpireMod:Dual Polarity","Reboot"],"picked":"SKIP","floor":54}],"player_experience":724019,"relics_obtained":[{"floor":6,"key":"StrikeDummy"},{"floor":8,"key":"StuffTheSpire:GrapeVine"},{"floor":12,"key":"Potion Belt"},{"floor":14,"key":"Akabeko"},{"floor":17,"key":"Replay:Baseball"},{"floor":17,"key":"hubris:Metronome"},{"floor":17,"key":"jedi:firstaidkit"},{"floor":24,"key":"Replay:Bottled Flurry"},{"floor":26,"key":"Question Card"},{"floor":29,"key":"CCEMRelics:DerglesHeadphones"},{"floor":40,"key":"Art of War"},{"floor":43,"key":"Carrot"},{"floor":44,"key":"Replay:Ringing Soul"},{"floor":54,"key":"conspire:DeflatedDodgeball"}],"event_choices":[{"damage_healed":0,"gold_gain":0,"player_choice":"1","damage_taken":0,"max_hp_gain":0,"max_hp_loss":0,"event_name":"betterMatch:BetterMatch","floor":2,"gold_loss":0,"cards_obtained":["betterMatch:RareCard","betterMatch:UncommonCard"]},{"damage_healed":0,"gold_gain":0,"player_choice":"Trade","damage_taken":0,"relics_obtained":["SsserpentHead"],"max_hp_gain":0,"max_hp_loss":0,"event_name":"FaceTrader","floor":20,"gold_loss":0},{"damage_healed":0,"gold_gain":0,"player_choice":"Max HP","damage_taken":0,"max_hp_gain":0,"max_hp_loss":4,"event_name":"Winding Halls","floor":37,"gold_loss":0},{"damage_healed":0,"gold_gain":0,"player_choice":"Upgraded","damage_taken":0,"max_hp_gain":0,"max_hp_loss":0,"event_name":"Upgrade Shrine","floor":38,"gold_loss":0,"cards_upgraded":["StuffTheSpire:Synthwave"]}],"is_beta":false,"boss_relics":[{"not_picked":["Nuclear Battery","SlaversCollar"],"picked":"Calling Bell"},{"not_picked":["aspiration:Stellarator","ChewingGum"],"picked":"conspire:RunicOctahedron"}],"items_purged_floors":[21,21,31,36,36],"is_endless":false,"potions_floor_spawned":[3,4,8,12,16,22,27,29,30,40,41,42,45,54],"killed_by":"The Heart","ascension_level":1}}