{"host":"34l0xwm4k3e7q5n2","time":1609110385,"event":{"mods":["2.2 Compatiblity","BaseMod","Colored Powertips","Conspire","Downfall","Hubris","Infinite Spire","Koishi","Marisa????????","Minty Spire (QoL Compilation)","Prisma Mod","Reimu??????","Replay The Spire","StSLib","SuperFastMode","Td1madao Mod","The Servant 0.9.4","The Wild Card"],"gold_per_floor":[216,234,251,326,342,342,373,373,420,479,377,477,493,493,493,597,597,614,614,631,375,389,389,420,432,508,508,527,557,557,571,571,667,667,682,309,327,337,351,351,384,384,384,384,398,429,429,460,460,460,460,460,52,82,82],"floor_reached":56,"playtime":6158,"items_purged":["PrismaMod:IllyaCommonAttack","PrismaMod:IllyaCommonAttack","PrismaMod:IllyaCommonAttack","PrismaMod:IllyaCommonDefend"],"score":1378,"play_id":"5c12f4a4-391a-40e0-8c69-7e17ad320a40","local_time":"20201228000625","is_ascension_mode":true,"campfire_choices":[{"data":"PrismaMod:IllyaUncommonDefend","floor":6,"key":"SMITH"},{"data":"PrismaMod:IllyaAlice","floor":15,"key":"SMITH"},{"data":"PrismaMod:IllyaCarnivalOrbs","floor":23,"key":"SMITH"},{"data":"PrismaMod:IllyaUberDefendChannel","floor":27,"key":"SMITH"},{"data":"PrismaMod:IllyaTestament","floor":32,"key":"SMITH"},{"data":"PrismaMod:IllyaTestament","floor":40,"key":"SMITH"},{"data":"Pot Of Greed","floor":44,"key":"SMITH"},{"floor":49,"key":"RECALL"},{"data":"Pot Of Greed","floor":52,"key":"SMITH"}],"circlet_count":0,"master_deck":["PrismaMod:IllyaCommonAttack","PrismaMod:IllyaCommonDefend","PrismaMod:IllyaUncommonAttack","PrismaMod:IllyaUncommonDefend+1","PrismaMod:IllyaAlice+1","PrismaMod:IllyaFriendMaker","Pot Of Greed","Pot Of Greed","PrismaMod:IllyaBoysLove","PrismaMod:IllyaBlindPoisonToss","PrismaMod:IllyaUberDefendChannel+1","PrismaMod:IllyaUncommonDefend","PrismaMod:IllyaPoisoningPhantasm","PrismaMod:IllyaBlindPoisonToss","PrismaMod:IllyaBoysLove+1","PrismaMod:IllyaCarnivalOrbs+1","PrismaMod:IllyaUberChannel+1","PrismaMod:IllyaCheapAttack+1","Pot Of Greed+1","PrismaMod:IllyaHassanGift","PrismaMod:IllyaInstallCaster","PrismaMod:IllyaTestament+1","PrismaMod:IllyaTestament+1","PrismaMod:IllyaInstallAlterEgo","PrismaMod:IllyaGrail","PrismaMod:IllyaUpgradeOrbs+1","PrismaMod:IllyaPoisonBlock+1","PrismaMod:IllyaSaphire+1","PrismaMod:IllyaTestament+1","PrismaMod:IllyaCheapChannelDefend+1","PrismaMod:IllyaSaphire+1","Pot Of Greed+1","PrismaMod:IllyaSaphire","PrismaMod:IllyaFeed+1"],"relics":["PrismaMod:PrismaRuby","Meat on the Bone","Potion Belt","Toy Ornithopter","Grinning Jar","hubris:ScarierMask","PrismaMod:AliceRelic","Orrery","conspire:DeflatedDodgeball","Bottled Lightning","Ancient Tea Set","Honey Jar","infinitespire:FocusingShard","hubris:64BitClover","Ornamental Fan","hubris:Towel","infinitespire:CursedDice","infinitespire:Bottled Soul","Dead Branch"],"acts_visited":["Exordium","TheCity","TheBeyond","TheEnding"],"potions_floor_usage":[10,10,20,28,29,33,39,46,55,55,55,55,55,55],"damage_taken":[{"damage":2,"enemies":"Cultist","floor":1,"turns":5},{"damage":1,"enemies":"Jaw Worm","floor":2,"turns":7},{"damage":0,"enemies":"2 Louse","floor":3,"turns":4},{"damage":2,"enemies":"Blue Slaver","floor":5,"turns":5},{"damage":31,"enemies":"3 Sentries","floor":7,"turns":13},{"damage":26,"enemies":"Lagavulin Event","floor":10,"turns":9},{"damage":6,"enemies":"Gremlin Gang","floor":13,"turns":6},{"damage":27,"enemies":"Hexaghost","floor":16,"turns":11},{"damage":6,"enemies":"Chosen","floor":18,"turns":7},{"damage":0,"enemies":"2 Thieves","floor":20,"turns":3},{"damage":0,"enemies":"Sentry and Sphere","floor":22,"turns":2},{"damage":0,"enemies":"Gremlin Leader","floor":24,"turns":7},{"damage":4,"enemies":"Snake Plant","floor":25,"turns":5},{"damage":2,"enemies":"Cultist and Chosen","floor":28,"turns":4},{"damage":2,"enemies":"Slavers","floor":29,"turns":4},{"damage":6,"enemies":"Shelled Parasite and Fungi","floor":31,"turns":4},{"damage":20,"enemies":"conspire:MysteriousRune","floor":33,"turns":9},{"damage":8,"enemies":"Orb Walker","floor":35,"turns":3},{"damage":0,"enemies":"3 Darklings","floor":37,"turns":4},{"damage":6,"enemies":"Sphere and 2 Shapes","floor":38,"turns":3},{"damage":0,"enemies":"4 Shapes","floor":39,"turns":3},{"damage":9,"enemies":"Nemesis","floor":41,"turns":7},{"damage":0,"enemies":"3 Darklings","floor":45,"turns":3},{"damage":6,"enemies":"Reptomancer","floor":46,"turns":5},{"damage":3,"enemies":"R_Hoarder","floor":48,"turns":7},{"damage":7,"enemies":"conspire:OrnateMirror","floor":50,"turns":10},{"damage":2,"enemies":"Shield and Spear","floor":54,"turns":4},{"damage":29,"enemies":"The Heart","floor":55,"turns":11}],"seed_played":"-6282164537689384086","potions_obtained":[{"floor":1,"key":"Dexterity Potion"},{"floor":3,"key":"Strength Potion"},{"floor":5,"key":"Dexterity Potion"},{"floor":16,"key":"Block Potion"},{"floor":18,"key":"SkillPotion"},{"floor":20,"key":"Fire Potion"},{"floor":24,"key":"Dexterity Potion"},{"floor":25,"key":"Fire Potion"},{"floor":31,"key":"Block Potion"},{"floor":35,"key":"Explosive Potion"},{"floor":38,"key":"Block Potion"},{"floor":46,"key":"SkillPotion"},{"floor":48,"key":"EssenceOfSteel"},{"floor":54,"key":"EntropicBrew"}],"is_trial":false,"path_per_floor":["M","M","M","?","M","R","E","?","T","?","$","?","M","?","R","B",null,"M","?","M","$","M","R","E","M","T","R","M","E","?","M","R","B",null,"M","$","M","M","M","R","E","?","T","R","M","E","?","E","R","B",null,"R","$","E","B",null],"character_chosen":"ILLYA","items_purchased":["PrismaMod:IllyaBoysLove","Orrery","infinitespire:FocusingShard","infinitespire:Bottled Soul"],"campfire_rested":0,"item_purchase_floors":[11,21,36,53],"current_hp_per_floor":[73,74,75,64,67,67,41,34,34,35,35,35,46,46,46,36,75,69,69,74,74,75,75,75,71,71,71,74,73,73,67,67,52,75,67,67,67,61,66,66,62,62,62,62,62,66,66,68,68,61,75,75,75,75,60],"gold":82,"neow_bonus":"HUNDRED_GOLD","is_daily":false,"chose_seed":false,"campfire_upgraded":8,"win_rate":0.0,"timestamp":1609110385,"path_taken":["M","M","?","?","M","R","E","?","T","?","$","?","?","?","R","BOSS","M","?","M","$","M","R","E","M","T","R","M","E","?","M","R","BOSS","M","$","M","M","M","R","E","?","T","R","M","E","?","E","R","BOSS","R","$","E","BOSS"],"items_purchased_type":["Card","Relic","Relic","Relic"],"build_version":"2020-12-22","purchased_purges":4,"victory":true,"max_hp_per_floor":[75,75,75,75,75,75,75,75,75,75,75,75,75,75,75,75,75,75,75,75,75,75,75,75,75,75,75,75,75,75,75,75,75,75,75,75,75,75,75,75,75,75,75,75,75,75,75,75,75,75,75,75,75,75,75],"card_choices":[{"not_picked":["PrismaMod:IllyaRubysPotion","PrismaMod:IllyaMinorRapidFire"],"picked":"PrismaMod:IllyaAlice","floor":1},{"not_picked":["PrismaMod:IllyaRapidFire","PrismaMod:IllyaAssassinRevenge","PrismaMod:IllyaPoisonBomb"],"picked":"SKIP","floor":2},{"not_picked":["PrismaMod:IllyaCheapChannelAttack","PrismaMod:IllyaAssassinRevenge"],"picked":"PrismaMod:IllyaFriendMaker","floor":3},{"not_picked":["PrismaMod:IllyaCheapChannelDefend","PrismaMod:IllyaRussianRoulette","PrismaMod:IllyaMinorReinForce"],"picked":"SKIP","floor":5},{"not_picked":["PrismaMod:IllyaRubysPotion","PrismaMod:IllyaDetonatingBlow","PrismaMod:IllyaUberPoisonBlock"],"picked":"SKIP","floor":7},{"not_picked":["PrismaMod:IllyaCheapChannelAttack","PrismaMod:IllyaStunPoison"],"picked":"PrismaMod:IllyaBlindPoisonToss","floor":13},{"not_picked":["PrismaMod:IllyaInstallRuler","PrismaMod:IllyaInstallAvenger"],"picked":"PrismaMod:IllyaUberDefendChannel","floor":16},{"not_picked":["PrismaMod:IllyaUpgradeOrbs","PrismaMod:IllyaDetonatingBlow+1"],"picked":"PrismaMod:IllyaUncommonDefend","floor":18},{"not_picked":["PrismaMod:IllyaGrailKun","PrismaMod:IllyaUberChannel"],"picked":"PrismaMod:IllyaBoysLove+1","floor":20},{"not_picked":["PrismaMod:IllyaUberAttackChannel","PrismaMod:IllyaBlindPoisonToss"],"picked":"PrismaMod:IllyaCarnivalOrbs","floor":21},{"not_picked":["PrismaMod:IllyaGun","PrismaMod:IllyaUncommonAOEAttack"],"picked":"PrismaMod:IllyaUberChannel+1","floor":21},{"not_picked":["PrismaMod:IllyaAOECommonAttack","PrismaMod:IllyaMinorZwei"],"picked":"PrismaMod:IllyaCheapAttack+1","floor":21},{"not_picked":["PrismaMod:IllyaMinorRapidFire","PrismaMod:IllyaZwei"],"picked":"PrismaMod:IllyaHassanGift","floor":21},{"not_picked":["PrismaMod:IllyaUberPoisonBlock","PrismaMod:IllyaRubysPotion","PrismaMod:IllyaPartialInstallAssassin"],"picked":"SKIP","floor":22},{"not_picked":["PrismaMod:IllyaPoisoningPhantasm","PrismaMod:IllyaDualEvoke"],"picked":"PrismaMod:IllyaInstallCaster","floor":24},{"not_picked":["PrismaMod:IllyaGrailKun","PrismaMod:IllyaStunPoison+1","PrismaMod:IllyaAlice"],"picked":"SKIP","floor":25},{"not_picked":["PrismaMod:IllyaBerserCAR","PrismaMod:IllyaDetonatingBlow"],"picked":"PrismaMod:IllyaTestament","floor":28},{"not_picked":["PrismaMod:IllyaRussianRoulette","PrismaMod:IllyaBlindPoisonToss","PrismaMod:IllyaUncommonAOEAttack"],"picked":"SKIP","floor":29},{"not_picked":["PrismaMod:IllyaReinForce","PrismaMod:IllyaDevil"],"picked":"PrismaMod:IllyaTestament","floor":31},{"not_picked":["PrismaMod:IllyaInstallAssassin","PrismaMod:IllyaUberAttackChannel"],"picked":"PrismaMod:IllyaInstallAlterEgo","floor":33},{"not_picked":["PrismaMod:IllyaRubysPotion+1","PrismaMod:IllyaAlice","PrismaMod:IllyaPoisonTippedWeapons+1"],"picked":"PrismaMod:IllyaGrail","floor":35},{"not_picked":["PrismaMod:IllyaCommandSeal+1","PrismaMod:IllyaDualEvoke","PrismaMod:IllyaPartialInstallAssassin+1"],"picked":"PrismaMod:IllyaUpgradeOrbs+1","floor":37},{"not_picked":["PrismaMod:IllyaBride","PrismaMod:IllyaPoisoningPhantasm+1","PrismaMod:IllyaBoysLove"],"picked":"PrismaMod:IllyaPoisonBlock+1","floor":38},{"not_picked":["PrismaMod:IllyaCommandSeal+1","PrismaMod:IllyaGun","PrismaMod:IllyaRapidFire"],"picked":"PrismaMod:IllyaSaphire+1","floor":39},{"not_picked":["PrismaMod:IllyaBerserCAR+1","PrismaMod:IllyaCarnivalPrismaAstolfo","PrismaMod:IllyaMinorReinForce"],"picked":"PrismaMod:IllyaTestament+1","floor":41},{"not_picked":["PrismaMod:IllyaRussianRoulette","PrismaMod:IllyaBoysLove+1","PrismaMod:IllyaInstallArcher"],"picked":"PrismaMod:IllyaCheapChannelDefend+1","floor":45},{"not_picked":["PrismaMod:IllyaHassanGift","PrismaMod:IllyaAlice","PrismaMod:IllyaGrailKun"],"picked":"PrismaMod:IllyaSaphire+1","floor":46},{"not_picked":["PrismaMod:IllyaAssassinRevenge","PrismaMod:IllyaInstallAvenger","PrismaMod:IllyaHassanGift"],"picked":"PrismaMod:IllyaSaphire","floor":48},{"not_picked":["PrismaMod:IllyaUpgradeOrbs+1","PrismaMod:IllyaCheapChannelAttack","PrismaMod:IllyaCheapChannelDefend"],"picked":"PrismaMod:IllyaFeed+1","floor":54}],"player_experience":566903,"relics_obtained":[{"floor":7,"key":"Meat on the Bone"},{"floor":9,"key":"Toy Ornithopter"},{"floor":24,"key":"conspire:DeflatedDodgeball"},{"floor":26,"key":"Bottled Lightning"},{"floor":29,"key":"Ancient Tea Set"},{"floor":41,"key":"hubris:64BitClover"},{"floor":46,"key":"Ornamental Fan"},{"floor":48,"key":"infinitespire:CursedDice"},{"floor":54,"key":"Dead Branch"}],"event_choices":[{"damage_healed":0,"gold_gain":75,"player_choice":"Gather Gold","damage_taken":11,"max_hp_gain":0,"max_hp_loss":0,"event_name":"World of Goop","floor":4,"gold_loss":0},{"damage_healed":0,"gold_gain":0,"player_choice":"Success","damage_taken":7,"relics_obtained":["Potion Belt"],"max_hp_gain":0,"max_hp_loss":0,"event_name":"Scrap Ooze","floor":8,"gold_loss":0},{"damage_healed":0,"gold_gain":30,"player_choice":"Searched \u00273\u0027 times","damage_taken":0,"relics_obtained":["Grinning Jar"],"max_hp_gain":0,"max_hp_loss":0,"event_name":"Dead Adventurer","floor":10,"gold_loss":0},{"damage_healed":0,"gold_gain":100,"player_choice":"Gold","damage_taken":0,"max_hp_gain":0,"max_hp_loss":0,"event_name":"Wheel of Change","floor":12,"gold_loss":0},{"cards_removed":["PrismaMod:IllyaCommonDefend"],"damage_healed":0,"gold_gain":0,"player_choice":"Offered Basic","damage_taken":0,"max_hp_gain":0,"max_hp_loss":0,"event_name":"Bonfire Elementals","floor":14,"gold_loss":0},{"damage_healed":0,"gold_gain":0,"cards_transformed":["PrismaMod:IllyaCommonAttack","PrismaMod:IllyaCommonDefend"],"player_choice":"Became Test Subject","damage_taken":0,"max_hp_gain":0,"max_hp_loss":0,"event_name":"Drug Dealer","floor":19,"gold_loss":0,"cards_obtained":["PrismaMod:IllyaPoisoningPhantasm","PrismaMod:IllyaBlindPoisonToss"]},{"cards_removed":["PrismaMod:IllyaCommonDefend"],"damage_healed":0,"gold_gain":0,"player_choice":"Elegance","damage_taken":0,"max_hp_gain":0,"max_hp_loss":0,"event_name":"Back to Basics","floor":30,"gold_loss":0}],"is_beta":false,"boss_relics":[{"not_picked":["Velvet Choker","hubris:TerracottaHorce"],"picked":"hubris:ScarierMask"},{"not_picked":["hubris:HollowSoul","Fusion Hammer"],"picked":"Honey Jar"}],"items_purged_floors":[11,21,36,53],"is_endless":false,"potions_floor_spawned":[1,3,5,16,18,20,24,25,31,35,38,46,48,54],"ascension_level":1}}