{"host":"mi0eibewekhugwl1","time":1609066882,"event":{"mods":["AchievementEnabler","BaseMod","Colored Map","Colored Powertips","DeckTracker","Keyboard Shortcuts","Minty Spire (QoL Compilation)","Quick Restart","Rare Cards Sparkle","Relic Stats","StSLib","SuperFastMode","everything is the same but u backflip on backflip"],"gold_per_floor":[117,128,146,126,142,142,169,169,169,94,108,122,35,52,52,52,52],"floor_reached":16,"playtime":320,"items_purged":["Strike_R"],"score":208,"play_id":"38312029-e58e-4eda-89ea-48dc75e2aa6c","local_time":"20201227200122","is_ascension_mode":true,"campfire_choices":[{"data":"Carnage","floor":6,"key":"SMITH"},{"data":"Rampage","floor":8,"key":"SMITH"},{"data":"Evolve","floor":15,"key":"SMITH"}],"circlet_count":0,"master_deck":["AscendersBane","Strike_R","Strike_R","Strike_R","Strike_R","Defend_R","Defend_R","Defend_R","Defend_R","Bash","Headbutt","Shrug It Off","Carnage+1","Inflame","Rampage+1","Sword Boomerang","Burning Pact","Evolve+1","Cleave"],"relics":["Burning Blood","Question Card","Mango"],"acts_visited":["Exordium"],"potions_floor_usage":[16],"damage_taken":[{"damage":14,"enemies":"Jaw Worm","floor":1,"turns":4},{"damage":1,"enemies":"Cultist","floor":2,"turns":3},{"damage":10,"enemies":"Small Slimes","floor":3,"turns":5},{"damage":9,"enemies":"Looter","floor":5,"turns":3},{"damage":24,"enemies":"Lagavulin","floor":7,"turns":6},{"damage":11,"enemies":"Blue Slaver","floor":11,"turns":4},{"damage":23,"enemies":"Exordium Thugs","floor":12,"turns":3},{"damage":14,"enemies":"3 Louse","floor":14,"turns":4},{"damage":50,"enemies":"Slime Boss","floor":16,"turns":6}],"seed_played":"-3384878154298182711","potions_obtained":[{"floor":3,"key":"Swift Potion"},{"floor":4,"key":"ColorlessPotion"},{"floor":7,"key":"Regen Potion"}],"is_trial":false,"path_per_floor":["M","M","M","?","M","R","E","R","T","$","M","M","$","M","R","B"],"character_chosen":"IRONCLAD","items_purchased":["Evolve"],"campfire_rested":0,"item_purchase_floors":[13],"current_hp_per_floor":[60,65,61,61,58,58,40,40,54,54,49,32,32,24,24,0,0],"gold":52,"neow_bonus":"THREE_CARDS","is_daily":false,"chose_seed":false,"campfire_upgraded":3,"win_rate":0.0,"timestamp":1609066882,"path_taken":["M","M","M","?","M","R","E","R","T","$","M","M","?","?","R","BOSS"],"items_purchased_type":["Card"],"build_version":"2020-12-22","purchased_purges":1,"victory":false,"max_hp_per_floor":[75,75,75,75,75,75,75,75,89,89,89,89,89,89,89,89,89],"relic_stats":{"counters":[9,38],"Question Card":3,"obtain_stats":[{"Mango":9,"Question Card":7,"Burning Blood":0},{"Mango":5,"Question Card":5,"Burning Blood":0},{"Mango":21,"Question Card":21,"Burning Blood":0}],"Burning Blood":48},"card_choices":[{"not_picked":["Perfected Strike","True Grit"],"picked":"Headbutt","floor":0},{"not_picked":["Warcry","Thunderclap","Entrench"],"picked":"SKIP","floor":1},{"not_picked":["True Grit","Armaments"],"picked":"Shrug It Off","floor":2},{"not_picked":["Searing Blow","Dark Embrace"],"picked":"Carnage","floor":3},{"not_picked":["Ghostly Armor","Body Slam"],"picked":"Inflame","floor":5},{"not_picked":["Rage","Infernal Blade"],"picked":"Rampage","floor":7},{"not_picked":["Hemokinesis","Warcry","Sentinel"],"picked":"Sword Boomerang","floor":11},{"not_picked":["Bludgeon","Havoc","Intimidate"],"picked":"Burning Pact","floor":12},{"not_picked":["Searing Blow","Heavy Blade","Blood for Blood"],"picked":"Cleave","floor":14}],"player_experience":1711633,"relics_obtained":[{"floor":7,"key":"Question Card"},{"floor":9,"key":"Mango"}],"event_choices":[{"damage_healed":0,"gold_gain":0,"player_choice":"Bought 1 Potion","damage_taken":0,"max_hp_gain":0,"max_hp_loss":0,"event_name":"The Woman in Blue","floor":4,"gold_loss":0}],"is_beta":false,"boss_relics":[],"items_purged_floors":[10],"is_endless":false,"potions_floor_spawned":[3,7,11,12],"killed_by":"Slime Boss","ascension_level":20}}