{"host":"69rply1jf2d1wbmp","time":1609039062,"event":{"mods":["BaseMod","Minty Spire (QoL Compilation)","Quick Restart"],"gold_per_floor":[117,46,65,140,152,152,185,196,196,214,239,257,257,272,272,377,377,377,377,58,58,58,58,58,58,58,58,58,58,58,58,58,58,58,58,58,58,0,0,0,0,0,0,0,0,0,0,0,0,0],"floor_reached":51,"playtime":1863,"items_purged":["Strike_G"],"score":766,"play_id":"b8e1afbf-319e-4c03-a7b4-e12444244b1a","local_time":"20201226221742","is_ascension_mode":false,"campfire_choices":[{"data":"Noxious Fumes","floor":6,"key":"SMITH"},{"floor":15,"key":"REST"},{"floor":23,"key":"REST"},{"floor":28,"key":"REST"},{"floor":30,"key":"REST"},{"data":"Catalyst","floor":32,"key":"SMITH"},{"data":"Catalyst","floor":49,"key":"SMITH"}],"circlet_count":0,"master_deck":["Strike_G+1","Strike_G+1","Strike_G+1","Strike_G+1","Defend_G+1","Defend_G+1","Defend_G+1","Defend_G+1","Survivor","Neutralize","Noxious Fumes+1","Deadly Poison","Dagger Spray","Catalyst+1","Backstab","Venomology","Noxious Fumes","Catalyst+1","Caltrops+1","Backflip","Deflect","Corpse Explosion","Backflip+1","Parasite","Madness","Crippling Poison+1","Deflect+1"],"relics":["Ring of the Snake","Potion Belt","Ornamental Fan","Incense Burner","Ectoplasm","Bag of Preparation","Lizard Tail","Orichalcum","Red Mask","Strawberry","Gremlin Horn"],"acts_visited":["Exordium","TheCity","TheBeyond"],"potions_floor_usage":[7,11,12,16,16,19,27,29,33,33,37,40,40,40,42,46,48,50,50,50,50,50,50],"damage_taken":[{"damage":1,"enemies":"Cultist","floor":1,"turns":4},{"damage":0,"enemies":"Jaw Worm","floor":3,"turns":4},{"damage":0,"enemies":"2 Louse","floor":5,"turns":3},{"damage":13,"enemies":"Lagavulin","floor":7,"turns":5},{"damage":10,"enemies":"Exordium Wildlife","floor":8,"turns":5},{"damage":6,"enemies":"Gremlin Gang","floor":10,"turns":4},{"damage":17,"enemies":"3 Sentries","floor":11,"turns":7},{"damage":4,"enemies":"Exordium Thugs","floor":12,"turns":3},{"damage":6,"enemies":"Exordium Wildlife","floor":14,"turns":5},{"damage":15,"enemies":"The Guardian","floor":16,"turns":8},{"damage":17,"enemies":"Shell Parasite","floor":18,"turns":5},{"damage":12,"enemies":"3 Byrds","floor":19,"turns":4},{"damage":11,"enemies":"Book of Stabbing","floor":24,"turns":5},{"damage":20,"enemies":"Shelled Parasite and Fungi","floor":25,"turns":5},{"damage":3,"enemies":"3 Cultists","floor":27,"turns":4},{"damage":1,"enemies":"Centurion and Healer","floor":29,"turns":5},{"damage":8,"enemies":"Sentry and Sphere","floor":31,"turns":4},{"damage":41,"enemies":"Collector","floor":33,"turns":7},{"damage":5,"enemies":"Orb Walker","floor":35,"turns":3},{"damage":4,"enemies":"3 Shapes","floor":36,"turns":2},{"damage":22,"enemies":"Writhing Mass","floor":37,"turns":5},{"damage":13,"enemies":"Giant Head","floor":40,"turns":7},{"damage":30,"enemies":"4 Shapes","floor":42,"turns":5},{"damage":8,"enemies":"Reptomancer","floor":46,"turns":5},{"damage":2,"enemies":"Jaw Worm Horde","floor":48,"turns":3},{"damage":71,"enemies":"Time Eater","floor":50,"turns":11}],"seed_played":"3441851137200211575","potions_obtained":[{"floor":1,"key":"SkillPotion"},{"floor":8,"key":"SpeedPotion"},{"floor":10,"key":"Strength Potion"},{"floor":11,"key":"BlessingOfTheForge"},{"floor":14,"key":"AttackPotion"},{"floor":25,"key":"Block Potion"},{"floor":27,"key":"Strength Potion"},{"floor":33,"key":"Block Potion"},{"floor":40,"key":"FearPotion"},{"floor":46,"key":"Explosive Potion"}],"is_trial":false,"path_per_floor":["M","$","M","?","M","R","E","M","T","M","E","M","?","M","R","B",null,"M","M","$","?","?","R","E","M","T","M","R","M","R","M","R","B",null,"M","M","M","?","?","E","?","M","T","?","?","E","$","M","R","B",null],"character_chosen":"THE_SILENT","items_purchased":["Noxious Fumes","Bag of Preparation","Poison Potion","Backflip"],"campfire_rested":4,"item_purchase_floors":[2,20,20,20],"current_hp_per_floor":[69,69,69,58,58,58,45,35,35,29,12,8,8,2,23,8,70,53,41,41,41,41,62,51,31,31,28,49,48,69,61,61,20,70,65,61,39,39,39,33,33,3,3,3,67,59,59,57,57,33],"gold":0,"neow_bonus":"REMOVE_CARD","is_daily":false,"chose_seed":false,"campfire_upgraded":3,"win_rate":0.0,"timestamp":1609039062,"path_taken":["M","$","M","?","M","R","E","M","T","M","E","M","?","M","R","BOSS","M","M","$","?","?","R","E","M","T","?","R","?","R","M","R","BOSS","M","M","M","?","?","E","?","?","T","?","?","E","$","M","R","BOSS"],"items_purchased_type":["Card","Relic","Potion","Card"],"build_version":"2020-12-22","purchased_purges":1,"victory":true,"max_hp_per_floor":[70,70,70,70,70,70,70,70,70,70,70,70,70,70,70,70,70,70,70,70,70,70,70,70,70,70,70,70,70,70,70,70,70,70,70,70,70,70,70,77,77,77,77,77,67,67,67,67,67,67],"card_choices":[{"not_picked":["Endless Agony","Quick Slash","Underhanded Strike"],"picked":"SKIP","floor":1},{"not_picked":["Bane","Slice"],"picked":"Deadly Poison","floor":3},{"not_picked":["Quick Slash","Concentrate","Masterful Stab"],"picked":"SKIP","floor":5},{"not_picked":["Cloak And Dagger","Dodge and Roll"],"picked":"Dagger Spray","floor":7},{"not_picked":["Dagger Spray","Terror"],"picked":"Catalyst","floor":8},{"not_picked":["Deadly Poison","Infinite Blades"],"picked":"Backstab","floor":10},{"not_picked":["Deadly Poison","Flechettes","Sucker Punch"],"picked":"SKIP","floor":11},{"not_picked":["Slice","Cloak And Dagger"],"picked":"Venomology","floor":12},{"not_picked":["Backflip","Setup"],"picked":"Noxious Fumes","floor":14},{"not_picked":["Well Laid Plans+1","Infinite Blades+1"],"picked":"Catalyst","floor":18},{"not_picked":["Riddle With Holes","Concentrate"],"picked":"Caltrops+1","floor":19},{"not_picked":["Masterful Stab+1","Flying Knee"],"picked":"Deflect","floor":24},{"not_picked":["Dash","Deadly Poison","Dodge and Roll+1"],"picked":"SKIP","floor":25},{"not_picked":["Deadly Poison","Bane"],"picked":"Corpse Explosion","floor":27},{"not_picked":["Heel Hook","Quick Slash","Acrobatics"],"picked":"SKIP","floor":29},{"not_picked":["Deadly Poison","Dodge and Roll","Well Laid Plans"],"picked":"SKIP","floor":31},{"not_picked":["Backstab","Terror"],"picked":"Backflip+1","floor":35},{"not_picked":["Cloak And Dagger+1","Riddle With Holes+1","Quick Slash"],"picked":"SKIP","floor":36},{"not_picked":["Prepared+1","Acrobatics+1","Dagger Spray+1"],"picked":"SKIP","floor":37},{"not_picked":["Magnetism","Discovery"],"picked":"Madness","floor":39},{"not_picked":["Quick Slash+1","Outmaneuver+1","Predator+1"],"picked":"SKIP","floor":40},{"not_picked":["Dagger Throw","Tactician+1","Leg Sweep+1"],"picked":"SKIP","floor":42},{"not_picked":["Sucker Punch","Dodge and Roll"],"picked":"Crippling Poison+1","floor":46},{"not_picked":["Underhanded Strike","Outmaneuver"],"picked":"Deflect+1","floor":48}],"player_experience":410851,"relics_obtained":[{"floor":7,"key":"Potion Belt"},{"floor":9,"key":"Ornamental Fan"},{"floor":11,"key":"Incense Burner"},{"floor":24,"key":"Lizard Tail"},{"floor":26,"key":"Orichalcum"},{"floor":40,"key":"Strawberry"},{"floor":46,"key":"Gremlin Horn"}],"event_choices":[{"damage_healed":0,"gold_gain":75,"player_choice":"Gather Gold","damage_taken":11,"max_hp_gain":0,"max_hp_loss":0,"event_name":"World of Goop","floor":4,"gold_loss":0},{"damage_healed":0,"gold_gain":0,"player_choice":"Ignored","damage_taken":0,"max_hp_gain":0,"max_hp_loss":0,"event_name":"Liars Game","floor":13,"gold_loss":0},{"damage_healed":0,"gold_gain":0,"player_choice":"Simplicity","damage_taken":0,"max_hp_gain":0,"max_hp_loss":0,"event_name":"Back to Basics","floor":21,"gold_loss":0,"cards_upgraded":["Strike_G","Strike_G","Strike_G","Strike_G","Defend_G","Defend_G","Defend_G","Defend_G"]},{"damage_healed":0,"gold_gain":0,"player_choice":"Paid","damage_taken":0,"relics_obtained":["Red Mask"],"max_hp_gain":0,"max_hp_loss":0,"event_name":"Tomb of Lord Red Mask","floor":38,"gold_loss":58},{"damage_healed":0,"gold_gain":0,"player_choice":"Memory 1","damage_taken":0,"max_hp_gain":0,"max_hp_loss":0,"event_name":"SensoryStone","floor":39,"gold_loss":0},{"damage_healed":0,"gold_gain":0,"player_choice":"Ignored","damage_taken":0,"max_hp_gain":0,"max_hp_loss":0,"event_name":"SecretPortal","floor":41,"gold_loss":0},{"damage_healed":0,"gold_gain":0,"player_choice":"Ignored","damage_taken":0,"max_hp_gain":0,"max_hp_loss":0,"event_name":"Mysterious Sphere","floor":44,"gold_loss":0},{"damage_healed":67,"gold_gain":0,"player_choice":"Heal","damage_taken":0,"max_hp_gain":0,"max_hp_loss":10,"event_name":"The Moai Head","floor":45,"gold_loss":0}],"is_beta":false,"boss_relics":[{"not_picked":["Busted Crown","HoveringKite"],"picked":"Ectoplasm"},{"not_picked":["Cursed Key","Snecko Eye","Runic Pyramid"]}],"items_purged_floors":[20],"is_endless":false,"potions_floor_spawned":[1,8,10,11,14,25,27,29,33,36,40,42,46],"ascension_level":0}}