{"host":"c5slkkw8hp42e20v","time":1609027300,"event":{"mods":["AchievementEnabler","BaseMod","BetterRewards","Duelist Mod","GifTheSpireLib","Hermit","Highlight Path","Minty Spire (QoL Compilation)","StSLib","The Animator","The Hierophant","The Poker Player"],"gold_per_floor":[118,137,137,137,164,164,190,190,214,227,260,279,313,313,313,409,409,420,345,345,361,371,397,413,413,413,293,305,45,72,84,84,185,185,198,211,211,211,228,228,242,242,291,316,316,331,361,123,123,123,123,123],"floor_reached":50,"playtime":3161,"items_purged":["animator:Curse_GriefSeed","animator:Curse_Greed"],"score":835,"play_id":"f045bf18-1422-4694-b3aa-6bf4739dfb56","local_time":"20201226180140","is_ascension_mode":false,"metric_token":786,"campfire_choices":[{"data":"PokerPlayerMod:Sharpen","floor":6,"key":"SMITH"},{"floor":8,"key":"REST"},{"floor":15,"key":"REST"},{"floor":25,"key":"REST"},{"data":"Apotheosis","floor":32,"key":"SMITH"},{"data":"PokerPlayerMod:Mulligan","floor":40,"key":"SMITH"},{"floor":42,"key":"REST"},{"floor":49,"key":"REST"}],"circlet_count":0,"master_deck":["PokerPlayerMod:Diamond1","PokerPlayerMod:Diamond3","PokerPlayerMod:Diamond3","PokerPlayerMod:Diamond4","PokerPlayerMod:Diamond5","PokerPlayerMod:Spade2","PokerPlayerMod:Spade2","PokerPlayerMod:Spade3","PokerPlayerMod:Spade4","PokerPlayerMod:Club1","PokerPlayerMod:Club2","PokerPlayerMod:Heart2","PokerPlayerMod:TrumpStrike","PokerPlayerMod:BadJoker","PokerPlayerMod:Mulligan+1","PokerPlayerMod:Sharpen+1","Apotheosis+1","PokerPlayerMod:DiamondStrike","PokerPlayerMod:DartThrow","PokerPlayerMod:ClubDance","PokerPlayerMod:Club2","PokerPlayerMod:Club3","PokerPlayerMod:Club4","PokerPlayerMod:Club5","PokerPlayerMod:Club6","PokerPlayerMod:DiamondStrike+1","PokerPlayerMod:Diamond3","PokerPlayerMod:Diamond10+","PokerPlayerMod:Diamond4","PokerPlayerMod:VarietyAttack+1","PokerPlayerMod:Raise","PokerPlayerMod:ClubDance","PokerPlayerMod:Diamond5","PokerPlayerMod:Diamond7","PokerPlayerMod:ClubShade+1","PokerPlayerMod:DiamondStrike","PokerPlayerMod:Spade4","PokerPlayerMod:Diamond8","PokerPlayerMod:Club7","PokerPlayerMod:DartThrow","PokerPlayerMod:Diamond4","PokerPlayerMod:Heart10+","PokerPlayerMod:Spade10+","PokerPlayerMod:Raise+1","PokerPlayerMod:Spade6","PanicButton","Secret Weapon","The Bomb","PokerPlayerMod:Sharpen+1","PokerPlayerMod:ClubsClub+1","PokerPlayerMod:Diamond3","PokerPlayerMod:Configure+1","PokerPlayerMod:DiamondStrike+1","PokerPlayerMod:HeartStrike","PokerPlayerMod:SecretDealer","PokerPlayerMod:Heart4","PokerPlayerMod:Harden+1"],"relics":["PokerPlayerMod:DeckCase","Sundial","Cursed Key","Pen Nib","Orichalcum","Happy Flower","PreservedInsect","Regal Pillow","Black Star","Dream Catcher","Strawberry","PokerPlayerMod:CoolBox","Strange Spoon","Juzu Bracelet","Bottled Tornado","Astrolabe","Whetstone","Prayer Wheel","Ice Cream","Ancient Tea Set","Meat on the Bone"],"acts_visited":["Exordium","TheCity","TheBeyond"],"potions_floor_usage":[48],"damage_taken":[{"damage":4,"enemies":"Small Slimes","floor":1,"turns":3},{"damage":0,"enemies":"2 Louse","floor":2,"turns":1},{"damage":20,"enemies":"Lagavulin","floor":7,"turns":3},{"damage":0,"enemies":"Jaw Worm","floor":10,"turns":2},{"damage":10,"enemies":"Gremlin Nob","floor":11,"turns":3},{"damage":0,"enemies":"2 Fungi Beasts","floor":12,"turns":2},{"damage":3,"enemies":"3 Sentries","floor":13,"turns":2},{"damage":4,"enemies":"Hexaghost","floor":16,"turns":7},{"damage":4,"enemies":"2 Thieves","floor":18,"turns":2},{"damage":4,"enemies":"Shell Parasite","floor":21,"turns":3},{"damage":1,"enemies":"3 Cultists","floor":22,"turns":4},{"damage":7,"enemies":"Book of Stabbing","floor":23,"turns":3},{"damage":0,"enemies":"Snecko","floor":24,"turns":2},{"damage":5,"enemies":"Cultist and Chosen","floor":28,"turns":5},{"damage":0,"enemies":"Gremlin Leader","floor":30,"turns":3},{"damage":0,"enemies":"Snake Plant","floor":31,"turns":3},{"damage":15,"enemies":"Collector","floor":33,"turns":7},{"damage":3,"enemies":"3 Shapes","floor":35,"turns":3},{"damage":0,"enemies":"Orb Walker","floor":36,"turns":3},{"damage":0,"enemies":"3 Darklings","floor":39,"turns":2},{"damage":0,"enemies":"Jaw Worm Horde","floor":41,"turns":2},{"damage":40,"enemies":"Reptomancer","floor":44,"turns":4},{"damage":0,"enemies":"Transient","floor":46,"turns":5},{"damage":27,"enemies":"Nemesis","floor":47,"turns":4},{"damage":50,"enemies":"Time Eater","floor":50,"turns":4}],"seed_played":"248274015690914402","potions_obtained":[{"floor":1,"key":"Strength Potion"},{"floor":2,"key":"Regen Potion"},{"floor":16,"key":"DuplicationPotion"},{"floor":24,"key":"Swift Potion"}],"is_trial":false,"path_per_floor":["M","M","?","?","T","R","E","R","T","M","E","M","E","?","R","B",null,"M","?","?","M","M","E","M","R","T","$","M","$","E","M","R","B",null,"M","M","?","?","M","R","M","R","T","E","?","M","E","$","R","B"],"character_chosen":"THE_POKER_PLAYER","items_purchased":["PokerPlayerMod:Sharpen","Sundial","Apotheosis","PokerPlayerMod:DiamondStrike","Strange Spoon","PokerPlayerMod:Diamond8","Fruit Juice","PokerPlayerMod:Heart4"],"campfire_rested":5,"item_purchase_floors":[0,0,0,27,29,29,48,48],"current_hp_per_floor":[51,51,51,41,41,41,21,36,36,36,26,26,25,18,48,44,52,48,48,32,31,35,41,45,59,59,59,54,54,57,57,57,44,59,56,56,56,46,46,46,46,56,56,28,28,28,1,6,39,0,0,0],"gold":123,"neow_bonus":"","is_daily":false,"chose_seed":false,"campfire_upgraded":3,"win_rate":0.0,"timestamp":1609027300,"path_taken":["M","M","?","?","?","R","E","R","T","M","E","M","E","?","R","BOSS","M","?","?","M","M","E","?","R","T","?","M","$","E","M","R","BOSS","M","M","?","?","M","R","M","R","T","E","?","M","E","$","R","BOSS"],"items_purchased_type":["Card","Relic","Card","Card","Relic","Card","Potion","Card"],"build_version":"2020-12-22","purchased_purges":2,"victory":false,"max_hp_per_floor":[52,52,52,52,52,52,52,52,52,52,52,52,52,52,52,52,52,52,52,52,52,52,59,59,59,59,59,59,59,59,59,59,59,59,59,59,56,56,56,56,56,56,56,56,56,56,56,61,61,61,61,61],"card_choices":[{"not_picked":["PokerPlayerMod:CardBurn","PokerPlayerMod:MagicTrick"],"picked":"PokerPlayerMod:DartThrow","floor":1},{"not_picked":["PokerPlayerMod:Configure","PokerPlayerMod:Club3"],"picked":"PokerPlayerMod:ClubDance","floor":2},{"not_picked":["PokerPlayerMod:Spade3","PokerPlayerMod:DartThrow"],"picked":"PokerPlayerMod:DiamondStrike","floor":7},{"not_picked":["PokerPlayerMod:SpadeStrike","PokerPlayerMod:Spade3"],"picked":"PokerPlayerMod:Diamond3","floor":10},{"not_picked":["PokerPlayerMod:ClubsClub","PokerPlayerMod:SpadeStrike"],"picked":"PokerPlayerMod:Diamond10+","floor":11},{"not_picked":["PokerPlayerMod:Spade2","PokerPlayerMod:MagicTrick"],"picked":"PokerPlayerMod:JackOfSpades","floor":12},{"not_picked":["PokerPlayerMod:GamblerForm","PokerPlayerMod:Club2"],"picked":"PokerPlayerMod:Diamond4","floor":13},{"not_picked":["PokerPlayerMod:GamblerForm","PokerPlayerMod:Spade8"],"picked":"PokerPlayerMod:VarietyAttack","floor":16},{"not_picked":["PokerPlayerMod:SpadeStrike","PokerPlayerMod:Diamond6"],"picked":"PokerPlayerMod:Raise","floor":18},{"not_picked":["PokerPlayerMod:Spade1","PokerPlayerMod:Heart3"],"picked":"PokerPlayerMod:ClubDance","floor":21},{"not_picked":["PokerPlayerMod:Spade4","PokerPlayerMod:ClubsClub+1"],"picked":"PokerPlayerMod:Diamond5","floor":22},{"not_picked":["PokerPlayerMod:MagicTrick+1","PokerPlayerMod:Club3"],"picked":"PokerPlayerMod:Diamond7","floor":23},{"not_picked":["PokerPlayerMod:Trickery+1","PokerPlayerMod:MagicTrick"],"picked":"PokerPlayerMod:ClubShade+1","floor":24},{"not_picked":["PokerPlayerMod:MagicTrick+1","PokerPlayerMod:Trickery"],"picked":"PokerPlayerMod:WildCard","floor":25},{"not_picked":["PokerPlayerMod:Manipulation","PokerPlayerMod:FillThePot"],"picked":"PokerPlayerMod:Spade4","floor":28},{"not_picked":["PokerPlayerMod:Diamond6","PokerPlayerMod:Spade1"],"picked":"PokerPlayerMod:Club7","floor":30},{"not_picked":["PokerPlayerMod:Diamond1","PokerPlayerMod:Raise+1"],"picked":"PokerPlayerMod:DartThrow","floor":31},{"not_picked":["PokerPlayerMod:FakeSymbols","PokerPlayerMod:Club7"],"picked":"PokerPlayerMod:TheDieIsCast","floor":33},{"not_picked":["PokerPlayerMod:Diamond3","PokerPlayerMod:DamnStraight+1"],"picked":"PokerPlayerMod:Raise+1","floor":35},{"not_picked":["PokerPlayerMod:Club1","PokerPlayerMod:Diamond1"],"picked":"PokerPlayerMod:Spade6","floor":36},{"not_picked":["Violence","Madness"],"picked":"PanicButton","floor":38},{"not_picked":["Trip","Bandage Up"],"picked":"Secret Weapon","floor":38},{"not_picked":["theDuelist:OrbMetronome","Good Instincts"],"picked":"The Bomb","floor":38},{"not_picked":["PokerPlayerMod:Raise+1","PokerPlayerMod:Harden+1"],"picked":"PokerPlayerMod:Sharpen+1","floor":39},{"not_picked":["PokerPlayerMod:Fold","PokerPlayerMod:HiddenCard"],"picked":"PokerPlayerMod:ClubsClub+1","floor":41},{"not_picked":["PokerPlayerMod:Harden+1","PokerPlayerMod:Spade2"],"picked":"PokerPlayerMod:Diamond3","floor":42},{"not_picked":["PokerPlayerMod:Club5","PokerPlayerMod:Spade5"],"picked":"PokerPlayerMod:Configure+1","floor":44},{"not_picked":["PokerPlayerMod:Spade4","PokerPlayerMod:ClubsClub+1"],"picked":"PokerPlayerMod:DiamondStrike+1","floor":46},{"not_picked":["PokerPlayerMod:ClubsClub+1","PokerPlayerMod:Diamond2"],"picked":"PokerPlayerMod:HeartStrike","floor":46},{"not_picked":["PokerPlayerMod:Harden","PokerPlayerMod:Sharpen+1"],"picked":"PokerPlayerMod:SecretDealer","floor":47},{"not_picked":["PokerPlayerMod:ClubShade","PokerPlayerMod:ClubsClub+1"],"picked":"PokerPlayerMod:Harden+1","floor":49}],"player_experience":25175,"relics_obtained":[{"floor":5,"key":"Pen Nib"},{"floor":7,"key":"Orichalcum"},{"floor":9,"key":"Happy Flower"},{"floor":11,"key":"PreservedInsect"},{"floor":13,"key":"Regal Pillow"},{"floor":23,"key":"Dream Catcher"},{"floor":23,"key":"Strawberry"},{"floor":26,"key":"PokerPlayerMod:CoolBox"},{"floor":30,"key":"Juzu Bracelet"},{"floor":30,"key":"Bottled Tornado"},{"floor":43,"key":"Whetstone"},{"floor":44,"key":"Prayer Wheel"},{"floor":44,"key":"Ice Cream"},{"floor":47,"key":"Ancient Tea Set"},{"floor":47,"key":"Meat on the Bone"}],"event_choices":[{"damage_healed":0,"gold_gain":0,"player_choice":"Jackpot","damage_taken":0,"max_hp_gain":0,"max_hp_loss":0,"event_name":"PokerPlayerMod:ExordiumClub","floor":3,"gold_loss":0,"cards_obtained":["PokerPlayerMod:Club2","PokerPlayerMod:Club3","PokerPlayerMod:Club4","PokerPlayerMod:Club5","PokerPlayerMod:Club6"]},{"damage_healed":0,"gold_gain":0,"player_choice":"Jackpot","damage_taken":0,"max_hp_gain":0,"max_hp_loss":0,"event_name":"PokerPlayerMod:ExordiumClub","floor":3,"gold_loss":0,"cards_obtained":["PokerPlayerMod:Club2","PokerPlayerMod:Club3","PokerPlayerMod:Club4","PokerPlayerMod:Club5","PokerPlayerMod:Club6"]},{"damage_healed":0,"gold_gain":0,"player_choice":"Jackpot","damage_taken":0,"max_hp_gain":0,"max_hp_loss":0,"event_name":"PokerPlayerMod:ExordiumClub","floor":3,"gold_loss":0,"cards_obtained":["PokerPlayerMod:Club2","PokerPlayerMod:Club3","PokerPlayerMod:Club4","PokerPlayerMod:Club5","PokerPlayerMod:Club6"]},{"damage_healed":0,"gold_gain":0,"player_choice":"Jackpot","damage_taken":0,"max_hp_gain":0,"max_hp_loss":0,"event_name":"PokerPlayerMod:ExordiumClub","floor":3,"gold_loss":0,"cards_obtained":["PokerPlayerMod:Club2","PokerPlayerMod:Club3","PokerPlayerMod:Club4","PokerPlayerMod:Club5","PokerPlayerMod:Club6"]},{"damage_healed":0,"gold_gain":0,"player_choice":"Jackpot","damage_taken":0,"max_hp_gain":0,"max_hp_loss":0,"event_name":"PokerPlayerMod:ExordiumClub","floor":3,"gold_loss":0,"cards_obtained":["PokerPlayerMod:Club2","PokerPlayerMod:Club3","PokerPlayerMod:Club4","PokerPlayerMod:Club5","PokerPlayerMod:Club6"]},{"damage_healed":0,"gold_gain":0,"player_choice":"Entered Light","damage_taken":10,"max_hp_gain":0,"max_hp_loss":0,"event_name":"Shining Light","floor":4,"gold_loss":0,"cards_upgraded":["PokerPlayerMod:Diamond3","PokerPlayerMod:Spade2"]},{"cards_removed":["theDuelist:CurseDarkness"],"damage_healed":0,"gold_gain":0,"player_choice":"Card Removal","damage_taken":7,"max_hp_gain":0,"max_hp_loss":0,"event_name":"Golden Wing","floor":14,"gold_loss":0},{"cards_removed":["theDuelist:SummoningCurse"],"damage_healed":0,"gold_gain":0,"player_choice":"Gave Gold","damage_taken":0,"max_hp_gain":0,"max_hp_loss":0,"event_name":"Beggar","floor":19,"gold_loss":75},{"damage_healed":0,"gold_gain":0,"player_choice":"Obtained Book","damage_taken":16,"max_hp_gain":0,"max_hp_loss":0,"event_name":"Cursed Tome","floor":20,"gold_loss":0},{"damage_healed":0,"gold_gain":0,"player_choice":"Max HP","damage_taken":0,"max_hp_gain":0,"max_hp_loss":3,"event_name":"Winding Halls","floor":37,"gold_loss":0},{"damage_healed":0,"gold_gain":0,"player_choice":"Memory 3","damage_taken":10,"max_hp_gain":0,"max_hp_loss":0,"event_name":"SensoryStone","floor":38,"gold_loss":0},{"damage_healed":0,"gold_gain":0,"player_choice":"Ignored","damage_taken":0,"max_hp_gain":0,"max_hp_loss":0,"event_name":"Mysterious Sphere","floor":45,"gold_loss":0}],"is_beta":false,"boss_relics":[{"not_picked":["Ectoplasm","Runic Pyramid"],"picked":"Black Star"},{"not_picked":["Sozu","Coffee Dripper"],"picked":"Astrolabe"}],"items_purged_floors":[27,48],"is_endless":false,"potions_floor_spawned":[1,2,16,18,21,23,24,31,36,41,47],"killed_by":"Time Eater","ascension_level":0}}