{"host":"bq4pt811tk9yrmjl","time":1609113413,"event":{"mods":["AchievementEnabler","BaseMod","Colored Map","Colored Powertips","Defuse TimeMaze Blight","Hermit","Minty Spire (QoL Compilation)","StSLib","SuperFastMode"],"gold_per_floor":[110,285,301,53,128,159,159,186,212,212,232,257,269,281,293,305,305],"floor_reached":16,"playtime":261,"items_purged":[],"score":148,"play_id":"e5a85b0c-bfbc-4c28-b699-493b4e1f3e5d","local_time":"20201227215653","is_ascension_mode":true,"campfire_choices":[{"data":"Body Slam","floor":7.0,"key":"SMITH"},{"data":"Feel No Pain","floor":10.0,"key":"SMITH"},{"data":"Disarm","floor":13.0,"key":"SMITH"},{"data":"Carnage","floor":15,"key":"SMITH"}],"circlet_count":0,"master_deck":["Strike_R","Strike_R","Strike_R","Strike_R","Strike_R","Defend_R","Defend_R","Defend_R","Defend_R","Bash","Carnage+1","Doubt","Body Slam+1","Feel No Pain+1","Clash","Clash","Disarm+1"],"relics":["Burning Blood","NeowsBlessing","DollysMirror","Lantern","Strawberry","MawBank"],"acts_visited":["Exordium"],"potions_floor_usage":[16],"damage_taken":[{"damage":0.0,"enemies":"Jaw Worm","floor":1.0,"turns":1.0},{"damage":0.0,"enemies":"Small Slimes","floor":3.0,"turns":1.0},{"damage":0.0,"enemies":"Lagavulin","floor":6.0,"turns":1.0},{"damage":41.0,"enemies":"Gremlin Nob","floor":8.0,"turns":5.0},{"damage":0.0,"enemies":"2 Louse","floor":11.0,"turns":1.0},{"damage":3.0,"enemies":"3 Sentries","floor":12.0,"turns":12.0},{"damage":26,"enemies":"The Guardian","floor":16,"turns":15}],"seed_played":"311061266781819165","potions_obtained":[{"floor":6.0,"key":"Ancient Potion"},{"floor":11.0,"key":"HeartOfIron"}],"is_trial":false,"path_per_floor":["M","?","M","$","?","E","R","E","T","R","M","E","R","?","R","B"],"character_chosen":"IRONCLAD","items_purchased":["Feel No Pain","Clash","DollysMirror"],"campfire_rested":0,"item_purchase_floors":[4,4,4],"current_hp_per_floor":[80,80,80,80,69,75,75,47,47,47,53,56,56,56,56,30,30],"gold":305,"neow_bonus":"THREE_ENEMY_KILL","is_daily":false,"chose_seed":false,"campfire_upgraded":4,"win_rate":0.0,"timestamp":1609113413,"path_taken":["M","?","M","$","?","E","R","E","T","R","M","E","R","?","R","BOSS"],"items_purchased_type":["Card","Card","Relic"],"build_version":"2020-12-22","purchased_purges":0,"victory":false,"max_hp_per_floor":[80,80,80,80,80,80,80,87,87,87,87,87,87,87,87,87,87],"card_choices":[{"not_picked":["Flex","Seeing Red"],"picked":"Carnage","floor":1.0},{"not_picked":["Reckless Charge","Pommel Strike"],"picked":"Body Slam","floor":3.0},{"not_picked":["Heavy Blade","Flex","Body Slam"],"picked":"SKIP","floor":6.0},{"not_picked":["Iron Wave","Body Slam","Cleave"],"picked":"SKIP","floor":8.0},{"not_picked":["Uppercut","Twin Strike"],"picked":"Disarm","floor":11.0},{"not_picked":["Battle Trance","Wild Strike","Brutality"],"picked":"SKIP","floor":12.0}],"player_experience":132470,"relics_obtained":[{"floor":6.0,"key":"Lantern"},{"floor":8.0,"key":"Strawberry"},{"floor":12.0,"key":"MawBank"}],"event_choices":[{"damage_healed":0.0,"max_hp_gain":0.0,"max_hp_loss":0.0,"gold_gain":175.0,"event_name":"Liars Game","player_choice":"AGREE","floor":2.0,"gold_loss":0.0,"damage_taken":0.0,"cards_obtained":["Doubt"]},{"damage_healed":0.0,"max_hp_gain":0.0,"max_hp_loss":0.0,"gold_gain":75.0,"event_name":"World of Goop","player_choice":"Gather Gold","floor":5.0,"gold_loss":0.0,"damage_taken":11.0},{"damage_healed":0,"gold_gain":0,"player_choice":"Leave","damage_taken":0,"max_hp_gain":0,"max_hp_loss":0,"event_name":"FaceTrader","floor":14,"gold_loss":0}],"is_beta":false,"boss_relics":[],"items_purged_floors":[],"is_endless":false,"potions_floor_spawned":[6,11],"killed_by":"The Guardian","ascension_level":1}}