{"host":"w0w6jcqjdtkzk2bw","time":1609045951,"event":{"mods":["2.2 Compatiblity","AchievementEnabler","Ascension Unlocker","BaseMod","BetterRewards","Colored Map","Colored Powertips","DeckTracker","Downfall","Energized Spire","Friendly Minions","Highlight Path","Hubris","Infinite Spire","Marisa????????","Minty Spire (QoL Compilation)","Permanent Neow","Quick Restart","Shade Mod","StSLib","Synergy Search","Td1madao Mod","The Administrix","The Gatherer","The Runesmith","The Spell Scribe","TheFirefly"],"gold_per_floor":[109,129,143,160,170,205,225,240,240,62,62,74,74,84,84,179,179,197,44,57,57,71,71,71,71,97,97,108,118,129,129,129,129,129],"floor_reached":33,"playtime":2015,"items_purged":["Strike_B"],"score":320,"play_id":"84155513-6a16-47e1-a13e-644ecd012978","local_time":"20201227001231","is_ascension_mode":true,"campfire_choices":[{"floor":11.0,"key":"REST"},{"floor":13.0,"key":"REST"},{"data":"Storm","floor":15.0,"key":"SMITH"},{"data":"Creative AI","floor":23.0,"key":"SMITH"},{"data":"Self Repair","floor":27.0,"key":"SMITH"},{"floor":32,"key":"REST"}],"circlet_count":0,"master_deck":["Strike_B","Strike_B","Strike_B","Defend_B","Defend_B","Defend_B","Defend_B","Zap","Dualcast","expansioncontent:GuardianWhirl","Redo","Coolheaded","Storm+1","Darkness+1","Force Field","Turbo","Ball Lightning","Static Discharge","Self Repair+1","Lockon","Glacier","Hologram","Beam Cell","Creative AI+1","Lockon","Static Discharge","Streamline+1","BootSequence+1","Double Energy","Ball Lightning+1","Hologram","theScribe:MirrorImage"],"relics":["FrozenCore","infinitespire:Freezer","hubris:BallOfYels","Happy Flower"],"acts_visited":["Exordium","TheCity"],"potions_floor_usage":[28,30,33],"damage_taken":[{"damage":0.0,"enemies":"Small Slimes","floor":1.0,"turns":2.0},{"damage":0.0,"enemies":"Cultist","floor":2.0,"turns":2.0},{"damage":0.0,"enemies":"Jaw Worm","floor":3.0,"turns":4.0},{"damage":6.0,"enemies":"2 Fungi Beasts","floor":4.0,"turns":2.0},{"damage":18.0,"enemies":"Exordium Thugs","floor":5.0,"turns":4.0},{"damage":32.0,"enemies":"Gremlin Nob","floor":6.0,"turns":5.0},{"damage":3.0,"enemies":"Looter","floor":7.0,"turns":3.0},{"damage":8.0,"enemies":"3 Louse","floor":8.0,"turns":2.0},{"damage":0.0,"enemies":"Exordium Wildlife","floor":12.0,"turns":2.0},{"damage":4.0,"enemies":"Red Slaver","floor":14.0,"turns":3.0},{"damage":0.0,"enemies":"Hexaghost","floor":16.0,"turns":8.0},{"damage":11.0,"enemies":"Spheric Guardian","floor":18.0,"turns":4.0},{"damage":15.0,"enemies":"Shell Parasite","floor":20.0,"turns":5.0},{"damage":19.0,"enemies":"Centurion and Healer","floor":22.0,"turns":6.0},{"damage":27,"enemies":"Snake Plant","floor":28,"turns":5},{"damage":20,"enemies":"3 Cultists","floor":29,"turns":3},{"damage":6,"enemies":"Snecko","floor":30,"turns":4},{"damage":51,"enemies":"hubris:MusketHawk","floor":33,"turns":6}],"seed_played":"2762340688791964086","potions_obtained":[{"floor":2.0,"key":"SkillPotion"},{"floor":4.0,"key":"PowerPotion"},{"floor":7.0,"key":"FocusPotion"},{"floor":8.0,"key":"Swift Potion"},{"floor":18.0,"key":"Regen Potion"},{"floor":28,"key":"SkillPotion"},{"floor":30,"key":"infinitespire:BlackPotion"}],"is_trial":false,"path_per_floor":["M","M","M","M","M","E","M","M","T","$","R","M","R","M","R","B",null,"M","$","M","$","M","R","?","$","T","R","M","M","M","?","R","B"],"character_chosen":"DEFECT","items_purchased":["Self Repair","Lockon","Glacier","Static Discharge"],"campfire_rested":3,"item_purchase_floors":[10,10,10,19],"current_hp_per_floor":[75,75,75,69,51,19,16,8,8,8,30,30,52,55,55,62,75,71,71,63,63,51,51,51,51,51,51,43,33,27,27,49,0,0],"gold":129,"neow_bonus":"RANDOM_COLORLESS","is_daily":false,"chose_seed":false,"campfire_upgraded":3,"win_rate":0.0,"timestamp":1609045951,"path_taken":["M","M","M","M","M","E","M","M","T","$","R","M","R","M","R","BOSS","M","$","M","$","M","R","?","?","T","R","M","M","M","?","R","BOSS"],"items_purchased_type":["Card","Card","Card","Card"],"build_version":"2020-12-22","purchased_purges":1,"victory":false,"max_hp_per_floor":[75,75,75,75,75,75,75,75,75,75,75,75,75,75,75,75,75,75,75,75,75,75,75,75,75,75,75,75,75,75,75,75,75,75],"card_choices":[{"not_picked":["Impatience","Mind Blast"],"picked":"expansioncontent:GuardianWhirl","floor":0.0},{"not_picked":["Blizzard","Conserve Battery"],"picked":"Redo","floor":1.0},{"not_picked":["Barrage","Stack"],"picked":"Coolheaded","floor":2.0},{"not_picked":["Rip and Tear","Redo"],"picked":"Storm","floor":3.0},{"not_picked":["Hologram","Gash"],"picked":"Darkness","floor":4.0},{"not_picked":["Chaos","hubris:Ukulele"],"picked":"Force Field","floor":5.0},{"not_picked":["Hyperbeam","Genetic Algorithm"],"picked":"Turbo","floor":6.0},{"not_picked":["Compile Driver","Force Field"],"picked":"Ball Lightning","floor":7.0},{"not_picked":["Loop","Ball Lightning"],"picked":"Static Discharge","floor":8.0},{"not_picked":["Doom and Gloom","Aggregate"],"picked":"Hologram","floor":12.0},{"not_picked":["Consume","Steam"],"picked":"Beam Cell","floor":14.0},{"not_picked":["Meteor Strike","Thunder Strike"],"picked":"Creative AI","floor":16.0},{"not_picked":["Go for the Eyes","Coolheaded"],"picked":"Lockon","floor":18.0},{"not_picked":["Barrage","Reprogram"],"picked":"Streamline+1","floor":20.0},{"not_picked":["Rip and Tear","Turbo+1"],"picked":"BootSequence+1","floor":22.0},{"not_picked":["Doom and Gloom","Tempest"],"picked":"Double Energy","floor":28},{"not_picked":["Sweeping Beam","Amplify"],"picked":"Ball Lightning+1","floor":29},{"not_picked":["Coolheaded","Beam Cell"],"picked":"Hologram","floor":30}],"player_experience":416383,"relics_obtained":[{"floor":6.0,"key":"infinitespire:Freezer"},{"floor":9.0,"key":"hubris:BallOfYels"},{"floor":26.0,"key":"Happy Flower"}],"event_choices":[{"damage_healed":0.0,"max_hp_gain":0.0,"max_hp_loss":0.0,"gold_gain":0.0,"event_name":"Upgrade Shrine","player_choice":"Upgraded","floor":24.0,"gold_loss":0.0,"damage_taken":0.0,"cards_upgraded":["Darkness"]},{"damage_healed":0,"gold_gain":0,"player_choice":"Read","damage_taken":0,"max_hp_gain":0,"max_hp_loss":0,"event_name":"The Library","floor":31,"gold_loss":0,"cards_obtained":["theScribe:MirrorImage"]}],"is_beta":false,"boss_relics":[{"not_picked":["hubris:Stopwatch","Coffee Dripper"],"picked":"FrozenCore"}],"items_purged_floors":[19],"is_endless":false,"potions_floor_spawned":[2,4,7,8,18,28,30],"killed_by":"hubris:MusketHawk","ascension_level":1}}