{"host":"agbyy69nq62afhwx","time":1609094038,"event":{"mods":["BaseMod","Colored Map","DeckTracker","Highlight Path","Keyboard Shortcuts","Minty Spire (QoL Compilation)","Quick Restart","StSLib","SuperFastMode","everything is the same but u backflip on backflip"],"gold_per_floor":[20,70,81,92,111,111,129,129,129,148,161,161,6,16,16,16,16],"floor_reached":16,"playtime":410,"items_purged":["Strike_G"],"score":168,"play_id":"61801e61-6334-4d1f-b8ec-282d4134970f","local_time":"20201228033358","is_ascension_mode":true,"campfire_choices":[{"data":"Tactician","floor":6.0,"key":"SMITH"},{"floor":8.0,"key":"REST"},{"data":"Blade Dance","floor":12.0,"key":"SMITH"},{"data":"Tactician","floor":15.0,"key":"SMITH"}],"circlet_count":0,"master_deck":["AscendersBane","Strike_G","Strike_G","Strike_G","Strike_G","Defend_G","Defend_G","Defend_G","Defend_G","Defend_G","Survivor","Neutralize","Backflip","Blade Dance+1","Tactician+1","Escape Plan","Prepared","Tactician+1"],"relics":["Ring of the Snake","Boot"],"acts_visited":[],"potions_floor_usage":[16,16],"damage_taken":[{"damage":0.0,"enemies":"2 Louse","floor":1.0,"turns":4.0},{"damage":2.0,"enemies":"Cultist","floor":3.0,"turns":4.0},{"damage":5.0,"enemies":"Small Slimes","floor":4.0,"turns":4.0},{"damage":29.0,"enemies":"Gremlin Gang","floor":5.0,"turns":6.0},{"damage":13.0,"enemies":"3 Louse","floor":7.0,"turns":6.0},{"damage":0.0,"enemies":"Exordium Wildlife","floor":10.0,"turns":3.0},{"damage":4.0,"enemies":"Red Slaver","floor":11.0,"turns":3.0},{"damage":0.0,"enemies":"Blue Slaver","floor":14.0,"turns":3.0},{"damage":41,"enemies":"Slime Boss","floor":16,"turns":7}],"seed_played":"-5897210527167357401","potions_obtained":[{"floor":4.0,"key":"Strength Potion"},{"floor":5.0,"key":"CunningPotion"}],"is_trial":false,"path_per_floor":["M","?","M","M","M","R","M","R","T","M","M","R","$","M","R","B"],"character_chosen":"THE_SILENT","items_purchased":["Tactician"],"campfire_rested":1,"item_purchase_floors":[13],"current_hp_per_floor":[71,71,69,64,35,35,22,45,45,45,41,41,41,41,41,0,0],"gold":16,"neow_bonus":"TWENTY_PERCENT_HP_BONUS","is_daily":false,"chose_seed":false,"campfire_upgraded":3,"win_rate":0.0,"timestamp":1609094038,"path_taken":["M","?","M","M","M","R","M","R","T","?","M","R","$","M","R","BOSS"],"items_purchased_type":["Card"],"build_version":"2020-12-22","purchased_purges":1,"victory":false,"max_hp_per_floor":[78,78,78,78,78,78,78,78,78,78,78,78,78,78,78,78,78],"card_choices":[{"not_picked":["Prepared","Deadly Poison"],"picked":"Backflip","floor":1.0},{"not_picked":["Bane","Skewer"],"picked":"Blade Dance","floor":3.0},{"not_picked":["Sucker Punch","Catalyst"],"picked":"Tactician","floor":4.0},{"not_picked":["Dagger Throw","Deadly Poison","Catalyst"],"picked":"SKIP","floor":5.0},{"not_picked":["Infinite Blades","Deflect"],"picked":"Escape Plan","floor":7.0},{"not_picked":["Dagger Spray","Quick Slash"],"picked":"Prepared","floor":10.0},{"not_picked":["All Out Attack","Quick Slash","Flechettes"],"picked":"SKIP","floor":11.0},{"not_picked":["Sucker Punch","Distraction","Outmaneuver"],"picked":"SKIP","floor":14.0}],"player_experience":389256,"relics_obtained":[{"floor":9.0,"key":"Boot"}],"event_choices":[{"damage_healed":0.0,"max_hp_gain":0.0,"max_hp_loss":0.0,"gold_gain":50.0,"event_name":"Golden Shrine","player_choice":"Pray","floor":2.0,"gold_loss":0.0,"damage_taken":0.0}],"is_beta":false,"boss_relics":[],"items_purged_floors":[13],"is_endless":false,"potions_floor_spawned":[4,5,7,14],"killed_by":"Slime Boss","ascension_level":15}}