{"host":"kos1s9q8ffr8fqos","time":1609040684,"event":{"mods":["AchievementEnabler","AlwaysNeverKeys","BaseMod","Bestiary","Better Altar","Better Match","Better Note","Better Sensory Stone","Better Skull","Better Third Choice","Better Vampires","Colored Map","Colored Powertips","Curses Come First","Downfall","Hermit","Infinite Spire","Jorbs\u0027s Wanderer Trilogy","Minty Spire (QoL Compilation)","Quick Restart","Random Character Button","Relic Stats","Replay The Spire","StSLib","The Blue Laboratory","The Disciple","The Hierophant"],"gold_per_floor":[0,13,27,27,41,75,98,15,50,50,50,50,79,97,116,213,213,213,227,242,253,253,286,362,377,392,659,659,685,535,570,590,689,689,689,705,812,812,862,787,787,805,288,288,392,419,36,86,104,104,104,134,17,17,17],"floor_reached":56,"playtime":3954,"items_purged":["Slimebound:Strike_Slimebound","Slimebound:Defend_Slimebound","Slimebound:CorrosiveSpit"],"score":1453,"play_id":"ff64df7e-9ab9-441e-8bc6-2212992cbf6c","local_time":"20201226214444","is_ascension_mode":true,"campfire_choices":[{"data":"Slimebound:MassFeed","floor":1,"key":"SMITH"},{"data":"Slimebound:DuplicatedForm","floor":10,"key":"SMITH"},{"data":"Replay:SS_hec_2","floor":12,"key":"SMITH"},{"floor":18,"key":"DIG"},{"data":"Slimebound:TagTeam","floor":30,"key":"SMITH"},{"floor":35,"key":"RECALL"},{"data":"Slimebound:FirmFortitude","floor":40,"key":"SMITH"},{"data":"Slimebound:DouseInSlime","floor":44,"key":"SMITH"},{"data":"Slimebound:LeadByExample","floor":54,"key":"SMITH"}],"circlet_count":0,"master_deck":["Slimebound:Tackle","Slimebound:Split","Slimebound:MassFeed+1","Slimebound:SplitAcid","Slimebound:MegaLick+1","Slimebound:Gluttony","Slimebound:DuplicatedForm+1","Slimebound:Chomp","Slimebound:SlimeBarrage","Replay:SS_hec_2+1","Slimebound:FirmFortitude+1","Slimebound:FinishingTackle+1","Slimebound:TagTeam+1","Slimebound:LivingWall+1","Slimebound:MegaLick+1","Slimebound:HungryTackle","Slimebound:DouseInSlime+1","Slimebound:SplitBruiser","Slimebound:Recycling","AbeCurse","Slimebound:PressTheAttack+1","Slimebound:ComboTackle+1","Slimebound:BestDefense","Slimebound:LevelUp","Slimebound:LeadByExample+1","Master of Strategy+1","Slimebound:Teamwork","Slimebound:LeechingTouch+1","Slimebound:ForwardTackle","Slimebound:ForwardTackle","Replay:Dark Deal+1","Slimebound:BestDefense","Slimebound:SlimeBrawl","Slimebound:FinishingTackle","Slimebound:FirmFortitude","Slimebound:LivingWall"],"relics":["Slimebound:AbsorbEndCombat","Juzu Bracelet","Boot","Quantum Egg","Replay:Bottled Eggs","Empty Cage","Centennial Puzzle","SsserpentHead","Lizard Tail","The Courier","Busted Crown","infinitespire:Satchel","downfall:HeartBlessingGreen","downfall:HeartBlessingBlue","Replay:Baseball","Abe\u0027s Treasure","Toy Ornithopter","Medical Kit","downfall:HeartBlessingRed","Gremlin Horn","HandDrill","Bird Faced Urn","ReplayFunnel","Guide Book","TungstenRod","Bag of Marbles","Strawberry"],"acts_visited":["Exordium","TheCity","TheBeyond","TheEnding"],"potions_floor_usage":[20,23,31,31,45,50,55,55,55],"damage_taken":[{"damage":6,"enemies":"Small Slimes","floor":2,"turns":3},{"damage":18,"enemies":"infinitespire:Voidling","floor":3,"turns":3},{"damage":10,"enemies":"Jaw Worm","floor":5,"turns":2},{"damage":16,"enemies":"3 Sentries","floor":6,"turns":4},{"damage":29,"enemies":"downfall:FleeingMerchant","floor":8,"turns":4},{"damage":49,"enemies":"Gremlin Nob","floor":9,"turns":4},{"damage":32,"enemies":"Replay:BlueRogue","floor":13,"turns":5},{"damage":0,"enemies":"2 Fungi Beasts","floor":14,"turns":4},{"damage":19,"enemies":"Red Slaver","floor":15,"turns":5},{"damage":16,"enemies":"downfall:Ironclad","floor":16,"turns":9},{"damage":24,"enemies":"3 Byrds","floor":19,"turns":3},{"damage":24,"enemies":"Chosen and Byrds","floor":20,"turns":7},{"damage":4,"enemies":"3 Cultists","floor":21,"turns":5},{"damage":22,"enemies":"Gremlin Leader","floor":23,"turns":7},{"damage":19,"enemies":"Snake Plant","floor":25,"turns":5},{"damage":45,"enemies":"Centurion and Healer","floor":26,"turns":3},{"damage":0,"enemies":"Book of Stabbing","floor":29,"turns":1},{"damage":8,"enemies":"Slavers","floor":31,"turns":2},{"damage":15,"enemies":"Chosen and Byrds","floor":32,"turns":5},{"damage":7,"enemies":"downfall:Silent","floor":33,"turns":5},{"damage":14,"enemies":"3 Shapes","floor":36,"turns":3},{"damage":25,"enemies":"3 Darklings","floor":42,"turns":3},{"damage":23,"enemies":"downfall:FleeingMerchant","floor":43,"turns":4},{"damage":26,"enemies":"2 Orb Walkers","floor":45,"turns":2},{"damage":11,"enemies":"Nemesis","floor":46,"turns":4},{"damage":3,"enemies":"downfall:FleeingMerchant","floor":47,"turns":2},{"damage":3,"enemies":"Spire Growth","floor":49,"turns":4},{"damage":24,"enemies":"downfall:Defect","floor":50,"turns":5},{"damage":16,"enemies":"downfall:CharBossMerchant","floor":52,"turns":7},{"damage":25,"enemies":"downfall:NeowBoss","floor":55,"turns":19}],"seed_played":"9082509096969902338","potions_obtained":[{"floor":3,"key":"hexamod:EctoCoolerPotion"},{"floor":9,"key":"Block Potion"},{"floor":13,"key":"AttackPotion"},{"floor":21,"key":"blueLaboratory:BottledHope"},{"floor":23,"key":"SkillPotion"},{"floor":29,"key":"SkillPotion"},{"floor":32,"key":"blueLaboratory:Moonshine"},{"floor":37,"key":"blueLaboratory:HummingbirdPotion"},{"floor":45,"key":"blueLaboratory:BottledHope"},{"floor":46,"key":"champ:CounterPotion"},{"floor":49,"key":"blueLaboratory:FruitPunch"},{"floor":52,"key":"blueLaboratory:SavagePotion"}],"is_trial":false,"path_per_floor":["R","M","M","?","M","E","T","$","E","R","?","R","E","M","M","B",null,"R_BF","M","M","M","?","E","T","M","M","?","AVR","E","R","E","M","B",null,"R","M","?","AVR","?","R","T","M","$","R","?","E","$","?","M","B",null,"E","$","R","B",null],"character_chosen":"SLIMEBOUND","items_purchased":["Slimebound:SlimeBarrage","Slimebound:BestDefense","Slimebound:LevelUp","Slimebound:LeadByExample","Master of Strategy","HandDrill","Slimebound:ForwardTackle","Replay:Dark Deal","Guide Book","TungstenRod","Slimebound:BestDefense","Slimebound:SlimeBrawl","Slimebound:FinishingTackle","Strawberry"],"campfire_rested":0,"item_purchase_floors":[8,43,43,43,43,43,47,47,47,47,47,47,47,53],"current_hp_per_floor":[60,64,66,66,66,69,69,75,54,54,54,54,53,69,81,96,96,96,91,95,100,100,100,100,100,92,36,36,36,46,62,82,110,118,118,119,71,71,71,71,71,74,90,90,96,130,130,130,130,130,130,130,137,137,139],"gold":17,"neow_bonus":"TRANSFORM_TWO_CARDS","is_daily":false,"chose_seed":false,"campfire_upgraded":7,"win_rate":0.0,"timestamp":1609040684,"path_taken":["R","M","M","?","?","E","T","$","E","R","?","R","E","M","M","BOSS","R_BF","M","M","M","?","E","T","M","M","?","AVR","E","R","E","M","BOSS","R","M","?","AVR","?","R","T","M","$","R","?","E","$","?","M","BOSS","E","$","R","BOSS"],"items_purchased_type":["Card","Card","Card","Card","Card","Relic","Card","Card","Relic","Relic","Card","Card","Card","Relic"],"build_version":"2020-12-22","purchased_purges":3,"victory":true,"max_hp_per_floor":[60,64,68,68,72,76,76,76,80,80,80,80,80,88,92,96,96,96,96,96,100,100,100,100,100,104,104,104,104,114,114,118,118,118,118,122,122,122,122,122,122,126,126,126,130,130,130,130,130,130,130,130,137,137,139],"relic_stats":{"Gremlin Horn":[6,6],"counters":[30,135],"Juzu Bracelet":1,"Boot":[15],"Medical Kit":[3],"SsserpentHead":250,"Centennial Puzzle":[54],"Lizard Tail":0,"Busted Crown":36,"Bird Faced Urn":[37],"HandDrill":[18],"obtain_stats":[{"ReplayFunnel":46,"Gremlin Horn":41,"downfall:HeartBlessingGreen":30,"Juzu Bracelet":6,"Boot":7,"Empty Cage":17,"SsserpentHead":22,"Centennial Puzzle":18,"Lizard Tail":23,"downfall:HeartBlessingBlue":30,"Strawberry":53,"HandDrill":43,"Replay:Bottled Eggs":13,"downfall:HeartBlessingRed":40,"Quantum Egg":9,"Guide Book":47,"The Courier":28,"Medical Kit":38,"Replay:Baseball":31,"Busted Crown":28,"Bird Faced Urn":45,"infinitespire:Satchel":29,"Slimebound:AbsorbEndCombat":0,"Bag of Marbles":52,"Abe\u0027s Treasure":34,"Toy Ornithopter":37,"TungstenRod":47},{"ReplayFunnel":25,"Gremlin Horn":21,"downfall:HeartBlessingGreen":17,"Juzu Bracelet":4,"Boot":4,"Empty Cage":10,"SsserpentHead":13,"Centennial Puzzle":10,"Lizard Tail":14,"downfall:HeartBlessingBlue":17,"Strawberry":29,"HandDrill":23,"Replay:Bottled Eggs":7,"downfall:HeartBlessingRed":21,"Quantum Egg":6,"Guide Book":26,"The Courier":16,"Medical Kit":21,"Replay:Baseball":18,"Busted Crown":16,"Bird Faced Urn":24,"infinitespire:Satchel":17,"Slimebound:AbsorbEndCombat":0,"Bag of Marbles":29,"Abe\u0027s Treasure":20,"Toy Ornithopter":21,"TungstenRod":26},{"ReplayFunnel":98,"Gremlin Horn":85,"downfall:HeartBlessingGreen":70,"Juzu Bracelet":10,"Boot":10,"Empty Cage":41,"SsserpentHead":55,"Centennial Puzzle":41,"Lizard Tail":62,"downfall:HeartBlessingBlue":70,"Strawberry":116,"HandDrill":92,"Replay:Bottled Eggs":23,"downfall:HeartBlessingRed":85,"Quantum Egg":18,"Guide Book":100,"The Courier":69,"Medical Kit":85,"Replay:Baseball":72,"Busted Crown":69,"Bird Faced Urn":94,"infinitespire:Satchel":70,"Slimebound:AbsorbEndCombat":0,"Bag of Marbles":116,"Abe\u0027s Treasure":82,"Toy Ornithopter":85,"TungstenRod":100}],"Toy Ornithopter":7,"TungstenRod":18},"card_choices":[{"not_picked":["Slimebound:ForwardTackle","Slimebound:GrowthPunch"],"picked":"Slimebound:SplitAcid","floor":2},{"not_picked":["Slimebound:Schlurp","Slimebound:GoopTackle"],"picked":"Slimebound:MegaLick","floor":3},{"not_picked":["Slimebound:Chomp","Slimebound:FinishingTackle"],"picked":"Slimebound:Gluttony","floor":5},{"not_picked":["Slimebound:RejuvenatingLick","Slimebound:ViciousTackle"],"picked":"Slimebound:DuplicatedForm","floor":6},{"not_picked":["Slimebound:SplitLeeching","Slimebound:TongueLash"],"picked":"Slimebound:Chomp","floor":8},{"not_picked":["Slimebound:SplitBruiser","Slimebound:SlimeSpikes"],"picked":"Slimebound:FormOfPuddle","floor":9},{"not_picked":["ReplayUltimateDefense","ReplayTheSpireMod:Trickstab"],"picked":"Replay:SS_hec_2","floor":11},{"not_picked":["Slimebound:SplitSpecialist","Slimebound:Gluttony"],"picked":"Slimebound:FirmFortitude","floor":13},{"not_picked":["Slimebound:PressTheAttack","Slimebound:RainOfGoop"],"picked":"Slimebound:FinishingTackle","floor":14},{"not_picked":["Slimebound:DivideAndConquer","Slimebound:Equalize","Slimebound:FinishingTackle"],"picked":"SKIP","floor":15},{"not_picked":["Slimebound:MassFeed","Slimebound:OneTwoCombo"],"picked":"Slimebound:TagTeam","floor":16},{"not_picked":["Slimebound:SplitLeeching","Slimebound:SamplingLick","Slimebound:PressTheAttack"],"picked":"SKIP","floor":19},{"not_picked":["Slimebound:PressTheAttack","Slimebound:SlimeTap+1","Slimebound:HauntingLick"],"picked":"SKIP","floor":20},{"not_picked":["Slimebound:DivideAndConquer","Slimebound:GoopTackle"],"picked":"Slimebound:LivingWall+1","floor":21},{"not_picked":["Slimebound:LeechEnergy","Slimebound:SplitBruiser"],"picked":"Slimebound:MegaLick","floor":23},{"not_picked":["Slimebound:SamplingLick","Slimebound:PressTheAttack","Slimebound:GrowthPunch"],"picked":"SKIP","floor":25},{"not_picked":["Slimebound:SplitMire+1","Slimebound:SamplingLick"],"picked":"Slimebound:HungryTackle","floor":26},{"not_picked":[],"picked":"Slimebound:DouseInSlime","floor":29},{"not_picked":["Slimebound:SlimeTap"],"picked":"SKIP","floor":31},{"not_picked":[],"picked":"Slimebound:SplitBruiser","floor":32},{"not_picked":[],"picked":"Slimebound:Recycling","floor":33},{"not_picked":["Slimebound:SplitMire"],"picked":"SKIP","floor":36},{"not_picked":[],"picked":"Slimebound:PressTheAttack+1","floor":37},{"not_picked":[],"picked":"Slimebound:ComboTackle+1","floor":42},{"not_picked":["Slimebound:SamplingLick"],"picked":"SKIP","floor":43},{"not_picked":[],"picked":"Slimebound:Teamwork","floor":46},{"not_picked":[],"picked":"Slimebound:LeechingTouch+1","floor":47},{"not_picked":[],"picked":"Slimebound:LivingWall","floor":49},{"not_picked":["Slimebound:SplitMire"],"picked":"SKIP","floor":52}],"player_experience":1273521,"relics_obtained":[{"floor":6,"key":"Juzu Bracelet"},{"floor":7,"key":"Boot"},{"floor":9,"key":"Quantum Egg"},{"floor":13,"key":"Replay:Bottled Eggs"},{"floor":18,"key":"Centennial Puzzle"},{"floor":23,"key":"Lizard Tail"},{"floor":29,"key":"infinitespire:Satchel"},{"floor":31,"key":"Replay:Baseball"},{"floor":37,"key":"Toy Ornithopter"},{"floor":41,"key":"Gremlin Horn"},{"floor":45,"key":"Bird Faced Urn"},{"floor":46,"key":"ReplayFunnel"},{"floor":52,"key":"Bag of Marbles"}],"event_choices":[{"cards_removed":["Slimebound:Defend_Slimebound"],"damage_healed":0,"gold_gain":0,"player_choice":"Offered Basic","damage_taken":0,"max_hp_gain":0,"max_hp_loss":0,"event_name":"Bonfire Elementals","floor":4,"gold_loss":0},{"damage_healed":0,"gold_gain":1,"player_choice":"1","damage_taken":0,"max_hp_gain":0,"max_hp_loss":0,"event_name":"betterStone:BetterStone","floor":11,"gold_loss":0},{"damage_healed":0,"gold_gain":0,"player_choice":"Trade","damage_taken":0,"relics_obtained":["SsserpentHead"],"max_hp_gain":0,"max_hp_loss":0,"event_name":"FaceTrader","floor":22,"gold_loss":0},{"damage_healed":0,"gold_gain":217,"player_choice":"GO UP UP GO ","damage_taken":62,"relics_obtained":[],"max_hp_gain":0,"max_hp_loss":0,"event_name":"betterSkull:BetterSkull","floor":27,"gold_loss":0,"cards_upgraded":["Slimebound:FinishingTackle","Slimebound:FormOfPuddle"]},{"cards_removed":["Slimebound:FormOfPuddle"],"damage_healed":0,"gold_gain":0,"player_choice":"Removed Skill","damage_taken":0,"max_hp_gain":0,"max_hp_loss":0,"event_name":"Falling","floor":39,"gold_loss":0},{"damage_healed":0,"gold_gain":0,"player_choice":"Fight","damage_taken":0,"max_hp_gain":0,"max_hp_loss":0,"event_name":"Mysterious Sphere","floor":45,"gold_loss":0},{"damage_healed":0,"gold_gain":0,"cards_transformed":["Slimebound:Prepare"],"player_choice":"Transformed","damage_taken":0,"max_hp_gain":0,"max_hp_loss":0,"event_name":"Transmorgrifier","floor":48,"gold_loss":0,"cards_obtained":["Slimebound:FirmFortitude"]}],"is_beta":false,"boss_relics":[{"not_picked":["Fusion Hammer","Philosopher\u0027s Stone"],"picked":"Empty Cage"},{"not_picked":["Velvet Choker","Black Star"],"picked":"Abe\u0027s Treasure"}],"items_purged_floors":[28,38,43],"is_endless":false,"potions_floor_spawned":[3,9,13,14,16,19,21,23,29,32,45,46,49,52],"ascension_level":1}}