{"host":"Fun","time":1609096809,"event":{"mods":["BaseMod","Colored Map","Filter the Spire","Minty Spire (QoL Compilation)","Relic Stats","StSLib"],"gold_per_floor":[15,31,31,50,66,66,91,103,150,150,160,7,41,60,60,138,138,157,157,174,87,105,105,46,46,72,103,103,28,42,58,58,58,58],"floor_reached":33,"playtime":1107,"items_purged":["Strike_G"],"score":625,"play_id":"b72ffb31-4d26-44c3-9f67-2a0495331b29","local_time":"20201227142009","is_ascension_mode":true,"campfire_choices":[{"data":"Neutralize","floor":6,"key":"SMITH"},{"floor":15,"key":"REST"},{"floor":23,"key":"REST"},{"floor":32,"key":"REST"}],"circlet_count":0,"master_deck":["AscendersBane","Defend_G+1","Defend_G+1","Defend_G+1","Survivor","Neutralize+1","Deadly Poison","All Out Attack","Blade Dance","Sucker Punch","Deadly Poison","Terror","Noxious Fumes","Leg Sweep","Adrenaline","Backflip","Dagger Spray+1","Catalyst","PiercingWail","Deflect","PiercingWail","Riddle With Holes","Corpse Explosion","PiercingWail+1"],"relics":["Ring of the Snake","WarpedTongs","Vajra","PreservedInsect","Bottled Tornado","Empty Cage","Lantern","Pen Nib"],"acts_visited":["Exordium","TheCity"],"potions_floor_usage":[4,8,13,20,33,33],"damage_taken":[{"damage":0,"enemies":"Cultist","floor":1,"turns":4},{"damage":0,"enemies":"Jaw Worm","floor":2,"turns":4},{"damage":1,"enemies":"2 Louse","floor":4,"turns":2},{"damage":0,"enemies":"Large Slime","floor":5,"turns":3},{"damage":15,"enemies":"Lagavulin","floor":7,"turns":8},{"damage":24,"enemies":"Exordium Thugs","floor":8,"turns":6},{"damage":5,"enemies":"Lots of Slimes","floor":11,"turns":3},{"damage":8,"enemies":"3 Sentries","floor":13,"turns":4},{"damage":11,"enemies":"Looter","floor":14,"turns":3},{"damage":0,"enemies":"The Guardian","floor":16,"turns":8},{"damage":21,"enemies":"Shell Parasite","floor":18,"turns":6},{"damage":5,"enemies":"3 Byrds","floor":20,"turns":5},{"damage":15,"enemies":"Centurion and Healer","floor":22,"turns":5},{"damage":22,"enemies":"Book of Stabbing","floor":27,"turns":5},{"damage":0,"enemies":"3 Cultists","floor":30,"turns":3},{"damage":6,"enemies":"Cultist and Chosen","floor":31,"turns":4},{"damage":47,"enemies":"Automaton","floor":33,"turns":10}],"seed_played":"3969300143471739700","potions_obtained":[{"floor":3,"key":"Swift Potion"},{"floor":3,"key":"Fruit Juice"},{"floor":4,"key":"SpeedPotion"},{"floor":7,"key":"Regen Potion"},{"floor":11,"key":"Explosive Potion"},{"floor":14,"key":"ColorlessPotion"},{"floor":30,"key":"LiquidMemories"}],"is_trial":false,"path_per_floor":["M","M","?","M","M","R","E","M","T","?","M","$","E","M","R","B",null,"M","?","M","$","M","R","$","?","T","E","?","?","M","M","R","B"],"character_chosen":"THE_SILENT","items_purchased":["Leg Sweep","Catalyst","PiercingWail"],"campfire_rested":3,"item_purchase_floors":[12,21,24],"current_hp_per_floor":[59,59,59,63,63,63,48,39,39,44,39,39,31,20,42,42,68,47,47,42,42,27,49,49,49,49,27,27,27,27,21,43,0,0],"gold":58,"neow_bonus":"REMOVE_TWO","is_daily":false,"chose_seed":false,"campfire_upgraded":1,"win_rate":0.0,"timestamp":1609096809,"path_taken":["M","M","?","M","M","R","E","?","T","?","M","?","E","M","R","BOSS","M","?","M","$","M","R","$","?","T","E","?","?","?","M","R","BOSS"],"items_purchased_type":["Card","Card","Card"],"build_version":"2020-12-18","purchased_purges":1,"victory":false,"max_hp_per_floor":[66,66,66,71,71,71,71,71,71,76,76,76,76,76,76,76,76,76,76,76,76,76,76,76,76,76,76,76,76,76,76,76,76,76],"relic_stats":{"counters":[17,83],"PreservedInsect":75,"Pen Nib":[1],"obtain_stats":[{"Lantern":26,"Vajra":7,"PreservedInsect":9,"Pen Nib":27,"Bottled Tornado":13,"Empty Cage":17,"Ring of the Snake":0,"WarpedTongs":1},{"Lantern":13,"Vajra":5,"PreservedInsect":6,"Pen Nib":14,"Bottled Tornado":8,"Empty Cage":10,"Ring of the Snake":0,"WarpedTongs":1},{"Lantern":61,"Vajra":21,"PreservedInsect":27,"Pen Nib":66,"Bottled Tornado":34,"Empty Cage":45,"Ring of the Snake":0,"WarpedTongs":1}],"Ring of the Snake":[34],"WarpedTongs":[80]},"card_choices":[{"not_picked":["Blade Dance","Accuracy"],"picked":"Deadly Poison","floor":1},{"not_picked":["Sucker Punch","Dagger Throw"],"picked":"All Out Attack","floor":2},{"not_picked":["Quick Slash","Infinite Blades"],"picked":"Blade Dance","floor":4},{"not_picked":["All Out Attack","Concentrate"],"picked":"Sucker Punch","floor":5},{"not_picked":["Poisoned Stab","Quick Slash"],"picked":"Deadly Poison","floor":7},{"not_picked":["Blade Dance","Sucker Punch"],"picked":"Terror","floor":8},{"not_picked":["Skewer","Corpse Explosion"],"picked":"Noxious Fumes","floor":11},{"not_picked":["Infinite Blades","Cloak And Dagger","Prepared"],"picked":"SKIP","floor":13},{"not_picked":["Deadly Poison","Riddle With Holes","Dagger Spray"],"picked":"SKIP","floor":14},{"not_picked":["Die Die Die","Envenom"],"picked":"Adrenaline","floor":16},{"not_picked":["Finisher","Tactician"],"picked":"Backflip","floor":18},{"not_picked":["Choke","Underhanded Strike"],"picked":"Dagger Spray+1","floor":20},{"not_picked":["Dagger Throw","Bane","Doppelganger"],"picked":"SKIP","floor":22},{"not_picked":["Riddle With Holes","Endless Agony"],"picked":"PiercingWail","floor":27},{"not_picked":["Outmaneuver","Heel Hook"],"picked":"PiercingWail+1","floor":30},{"not_picked":["Eviscerate","Cloak And Dagger","Dagger Throw"],"picked":"SKIP","floor":31}],"player_experience":130896,"relics_obtained":[{"floor":7,"key":"Vajra"},{"floor":9,"key":"PreservedInsect"},{"floor":13,"key":"Bottled Tornado"},{"floor":26,"key":"Lantern"},{"floor":27,"key":"Pen Nib"}],"event_choices":[{"damage_healed":0,"gold_gain":0,"player_choice":"Got Potions","damage_taken":0,"max_hp_gain":0,"max_hp_loss":0,"event_name":"Lab","floor":3,"gold_loss":0},{"damage_healed":0,"gold_gain":0,"player_choice":"Donut","damage_taken":0,"max_hp_gain":5,"max_hp_loss":0,"event_name":"Big Fish","floor":10,"gold_loss":0},{"damage_healed":0,"gold_gain":0,"player_choice":"Ignored","damage_taken":0,"max_hp_gain":0,"max_hp_loss":0,"event_name":"Cursed Tome","floor":19,"gold_loss":0},{"damage_healed":0,"gold_gain":0,"player_choice":"Read","damage_taken":0,"max_hp_gain":0,"max_hp_loss":0,"event_name":"The Library","floor":25,"gold_loss":0,"cards_obtained":["Deflect"]},{"damage_healed":0,"gold_gain":0,"player_choice":"Simplicity","damage_taken":0,"max_hp_gain":0,"max_hp_loss":0,"event_name":"Back to Basics","floor":28,"gold_loss":0,"cards_upgraded":["Strike_G","Strike_G","Defend_G","Defend_G","Defend_G"]},{"damage_healed":0,"gold_gain":0,"cards_transformed":["Strike_G","Strike_G"],"player_choice":"Transformed Cards","damage_taken":0,"max_hp_gain":0,"max_hp_loss":0,"event_name":"Designer","floor":29,"gold_loss":75,"cards_obtained":["Riddle With Holes","Corpse Explosion"]}],"is_beta":true,"boss_relics":[{"not_picked":["HoveringKite","Ectoplasm"],"picked":"Empty Cage"}],"items_purged_floors":[12],"is_endless":false,"potions_floor_spawned":[4,5,7,11,14,18,30,31],"killed_by":"Automaton","ascension_level":18}}