{"host":"pl1fbpkom0aq337f","time":1609082310,"event":{"mods":["AchievementEnabler","BaseMod","Colored Map","Minty Spire (QoL Compilation)"],"gold_per_floor":[110,34,44,44,55,75,75,86,86,113,143,6,0,19,49,49,124,124,144,144,158,158,63,97,109,147,159,197,221,249,295,327,339,351,441,453,481,493,295,320,320,320,355,366,393,393,393,409,441,114,114,141,141,141],"floor_reached":55,"playtime":2834,"items_purged":["Writhe","Injury"],"score":1883,"play_id":"db898092-3862-4cb6-8465-6a3624b5abf0","local_time":"20201227161830","is_ascension_mode":true,"campfire_choices":[{"data":"Eruption","floor":7.0,"key":"SMITH"},{"data":"Wallop","floor":16.0,"key":"SMITH"},{"data":"Blasphemy","floor":25.0,"key":"SMITH"},{"floor":33.0,"key":"REST"},{"data":"JustLucky","floor":34.0,"key":"SMITH"},{"data":"Vault","floor":42.0,"key":"SMITH"},{"data":"Weave","floor":46,"key":"SMITH"},{"data":"Weave","floor":53,"key":"SMITH"}],"circlet_count":0,"master_deck":["AscendersBane","Eruption+1","Vigilance","CutThroughFate","CarveReality+1","ThirdEye","Wallop+1","Weave+1","JustLucky","Wallop+1","Blasphemy+1","JustLucky+1","Weave+1","ThirdEye","JustLucky","Vault+1"],"relics":["PureWater","NeowsBlessing","Darkstone Periapt","Tiny Chest","Smiling Mask","Incense Burner","Pandora\u0027s Box","Art of War","MawBank","Akabeko","Gambling Chip","Centennial Puzzle","Whetstone","Cursed Key","Juzu Bracelet","Bird Faced Urn","Happy Flower","Vajra","Calipers","Oddly Smooth Stone","Ornamental Fan","Bag of Preparation"],"acts_visited":["Exordium","TheCity","TheBeyond"],"potions_floor_usage":[52],"damage_taken":[{"damage":0.0,"enemies":"Cultist","floor":1.0,"turns":1.0},{"damage":0.0,"enemies":"Jaw Worm","floor":3.0,"turns":1.0},{"damage":0.0,"enemies":"Small Slimes","floor":5.0,"turns":1.0},{"damage":8.0,"enemies":"Blue Slaver","floor":6.0,"turns":4.0},{"damage":0.0,"enemies":"2 Fungi Beasts","floor":8.0,"turns":2.0},{"damage":4.0,"enemies":"Lagavulin","floor":11.0,"turns":4.0},{"damage":7.0,"enemies":"Lots of Slimes","floor":14.0,"turns":4.0},{"damage":2.0,"enemies":"3 Sentries","floor":15.0,"turns":3.0},{"damage":4.0,"enemies":"Hexaghost","floor":17.0,"turns":6.0},{"damage":4.0,"enemies":"Shell Parasite","floor":19.0,"turns":2.0},{"damage":0.0,"enemies":"Spheric Guardian","floor":21.0,"turns":2.0},{"damage":5.0,"enemies":"Gremlin Leader","floor":24.0,"turns":3.0},{"damage":17.0,"enemies":"Book of Stabbing","floor":26.0,"turns":3.0},{"damage":14.0,"enemies":"Centurion and Healer","floor":29.0,"turns":3.0},{"damage":3.0,"enemies":"Shelled Parasite and Fungi","floor":30.0,"turns":2.0},{"damage":0.0,"enemies":"Gremlin Leader","floor":31.0,"turns":3.0},{"damage":0.0,"enemies":"Snecko","floor":32.0,"turns":2.0},{"damage":14.0,"enemies":"Collector","floor":35.0,"turns":4.0},{"damage":0.0,"enemies":"3 Darklings","floor":37.0,"turns":3.0},{"damage":0.0,"enemies":"Mind Bloom Boss Battle","floor":40.0,"turns":4.0},{"damage":16,"enemies":"Reptomancer","floor":43,"turns":5},{"damage":0,"enemies":"3 Shapes","floor":44,"turns":2},{"damage":0,"enemies":"Nemesis","floor":45,"turns":2},{"damage":0,"enemies":"Transient","floor":48,"turns":7},{"damage":0,"enemies":"Reptomancer","floor":49,"turns":3},{"damage":0,"enemies":"Nemesis","floor":52,"turns":3},{"damage":0,"enemies":"Donu and Deca","floor":54,"turns":5}],"seed_played":"3414434379175977148","potions_obtained":[{"floor":3.0,"key":"Weak Potion"},{"floor":5.0,"key":"Fire Potion"},{"floor":6.0,"key":"LiquidMemories"},{"floor":11.0,"key":"Strength Potion"},{"floor":21.0,"key":"Strength Potion"},{"floor":24.0,"key":"PowerPotion"},{"floor":45,"key":"GamblersBrew"},{"floor":48,"key":"SteroidPotion"}],"is_trial":false,"path_per_floor":["M","$","M","$","M","M","R","M","T","T","E","$","?","M","E","R","B",null,"M","?","M","?","$","E","R","E","T","T","M","M","E","M","R","R","B",null,"M","?","$","?","?","R","E","M","E","R","T","M","E","$","T","E","R","B",null],"character_chosen":"WATCHER","items_purchased":["CarveReality","Weave","JustLucky","Weave","ThirdEye","Juzu Bracelet","Ornamental Fan"],"campfire_rested":1,"item_purchase_floors":[2,12,12,23,23,39,50],"current_hp_per_floor":[61,61,61,61,61,53,53,53,53,53,49,49,49,42,40,40,36,60,56,62,62,62,62,57,57,40,40,40,26,23,23,23,45,45,31,63,63,80,80,80,80,80,64,64,64,64,70,70,70,70,70,70,70,70],"gold":141,"neow_bonus":"THREE_ENEMY_KILL","is_daily":false,"chose_seed":false,"campfire_upgraded":7,"win_rate":0.0,"timestamp":1609082310,"path_taken":["M","?","?","$","M","M","R","M","T","T","E","$","?","M","E","R","BOSS","M","?","M","?","$","E","R","E","T","?","M","M","E","M","R","R","BOSS","M","?","$","?","?","R","E","M","E","R","T","M","E","$","?","E","R","BOSS"],"items_purchased_type":["Card","Card","Card","Card","Card","Relic","Relic"],"build_version":"2020-12-22","purchased_purges":2,"victory":true,"max_hp_per_floor":[68,68,68,68,68,68,68,68,68,68,68,68,68,68,68,68,68,68,68,74,74,74,74,74,74,74,74,74,74,74,74,74,74,74,74,74,74,80,80,80,80,80,80,80,80,80,86,86,86,86,86,86,86,86],"card_choices":[{"not_picked":["Crescendo","EmptyMind"],"picked":"CutThroughFate","floor":1.0},{"not_picked":["CrushJoints","Evaluate"],"picked":"Consecrate","floor":3.0},{"not_picked":["PathToVictory","Halt"],"picked":"ThirdEye","floor":5.0},{"not_picked":["SashWhip","FlyingSleeves","Crescendo"],"picked":"SKIP","floor":6.0},{"not_picked":["Fasting2","CutThroughFate"],"picked":"Wallop","floor":8.0},{"not_picked":["Ragnarok","PathToVictory","SandsOfTime"],"picked":"SKIP","floor":11.0},{"not_picked":["Evaluate","FollowUp","EmptyFist"],"picked":"SKIP","floor":14.0},{"not_picked":["DeceiveReality","EmptyBody"],"picked":"Wallop","floor":15.0},{"not_picked":["SpiritShield","Brilliance"],"picked":"Blasphemy","floor":17.0},{"not_picked":["Consecrate","EmptyFist","PathToVictory"],"picked":"SKIP","floor":19.0},{"not_picked":["FearNoEvil","Indignation"],"picked":"JustLucky","floor":21.0},{"not_picked":["Crescendo","PathToVictory","EmptyBody"],"picked":"SKIP","floor":24.0},{"not_picked":["Omniscience","Consecrate","BowlingBash"],"picked":"SKIP","floor":26.0},{"not_picked":["LikeWater","Halt+1","Prostrate+1"],"picked":"SKIP","floor":29.0},{"not_picked":["WreathOfFlame","EmptyFist"],"picked":"JustLucky","floor":30.0},{"not_picked":["Alpha","EmptyFist","WreathOfFlame"],"picked":"SKIP","floor":31.0},{"not_picked":["Adaptation","Evaluate","CrushJoints"],"picked":"SKIP","floor":32.0},{"not_picked":["Alpha","Devotion"],"picked":"Vault","floor":35.0},{"not_picked":["ClearTheMind","Prostrate","Evaluate+1"],"picked":"SKIP","floor":37.0},{"not_picked":["Evaluate","Vengeance","CrushJoints"],"picked":"SKIP","floor":43},{"not_picked":["FollowUp+1","SashWhip+1","DeceiveReality+1"],"picked":"SKIP","floor":44},{"not_picked":["BowlingBash","Meditate","Collect+1"],"picked":"SKIP","floor":45},{"not_picked":["Consecrate","Crescendo","WreathOfFlame"],"picked":"SKIP","floor":48},{"not_picked":["InnerPeace","Alpha","WheelKick"],"picked":"SKIP","floor":49},{"not_picked":["Consecrate","WreathOfFlame+1","WindmillStrike"],"picked":"SKIP","floor":52}],"player_experience":407312,"relics_obtained":[{"floor":9.0,"key":"Darkstone Periapt"},{"floor":10.0,"key":"Tiny Chest"},{"floor":11.0,"key":"Smiling Mask"},{"floor":15.0,"key":"Incense Burner"},{"floor":24.0,"key":"MawBank"},{"floor":26.0,"key":"Akabeko"},{"floor":27.0,"key":"Gambling Chip"},{"floor":28.0,"key":"Centennial Puzzle"},{"floor":31.0,"key":"Whetstone"},{"floor":40.0,"key":"Bird Faced Urn"},{"floor":43,"key":"Happy Flower"},{"floor":45,"key":"Vajra"},{"floor":47,"key":"Calipers"},{"floor":49,"key":"Oddly Smooth Stone"},{"floor":52,"key":"Bag of Preparation"}],"event_choices":[{"damage_healed":0.0,"max_hp_gain":0.0,"max_hp_loss":0.0,"gold_gain":0.0,"event_name":"World of Goop","player_choice":"Left Gold","floor":13.0,"gold_loss":6.0,"damage_taken":0.0},{"damage_healed":0.0,"max_hp_gain":0.0,"max_hp_loss":0.0,"gold_gain":0.0,"event_name":"Addict","player_choice":"Stole Relic","floor":20.0,"gold_loss":0.0,"damage_taken":0.0,"relics_obtained":["Art of War"],"cards_obtained":["Shame"]},{"cards_removed":["Shame"],"damage_healed":0.0,"max_hp_gain":0.0,"max_hp_loss":0.0,"gold_gain":0.0,"event_name":"Back to Basics","player_choice":"Elegance","floor":22.0,"gold_loss":0.0,"damage_taken":0.0},{"damage_healed":15.0,"max_hp_gain":0.0,"max_hp_loss":0.0,"gold_gain":0.0,"event_name":"Winding Halls","player_choice":"Writhe","floor":38.0,"gold_loss":0.0,"damage_taken":0.0,"cards_obtained":["Writhe"]},{"damage_healed":0.0,"max_hp_gain":0.0,"max_hp_loss":0.0,"gold_gain":0.0,"event_name":"MindBloom","player_choice":"Fight","floor":40.0,"gold_loss":0.0,"damage_taken":0.0},{"cards_removed":["Consecrate"],"damage_healed":0.0,"max_hp_gain":0.0,"max_hp_loss":0.0,"gold_gain":0.0,"event_name":"Falling","player_choice":"Removed Attack","floor":41.0,"gold_loss":0.0,"damage_taken":0.0}],"is_beta":false,"boss_relics":[{"not_picked":["Runic Dome","HolyWater"],"picked":"Pandora\u0027s Box"},{"not_picked":["VioletLotus","Black Star"],"picked":"Cursed Key"}],"items_purged_floors":[39,50],"is_endless":false,"potions_floor_spawned":[3,5,6,11,14,21,24,45,48],"ascension_level":19}}