{"host":"3jjxuhjpio8e4zkv","time":1609107316,"event":{"mods":["BaseMod","Colored Map","Highlight Path","Minty Spire (QoL Compilation)","Permanent Neow","Relic Stats","StSLib"],"gold_per_floor":[110,185,196,196,39,69,69,69,69],"floor_reached":8,"playtime":303,"items_purged":[],"score":158,"play_id":"8a723cb3-a19f-4f1c-a31a-66695b8f3e60","local_time":"20201227171516","is_ascension_mode":true,"campfire_choices":[{"data":"Eruption","floor":7,"key":"SMITH"}],"circlet_count":0,"master_deck":["AscendersBane","Strike_P","Strike_P","Strike_P","Strike_P","Defend_P","Defend_P","Defend_P","Defend_P","Eruption+1","Vigilance","MentalFortress","SashWhip"],"relics":["PureWater","Blood Vial","Potion Belt","Blue Candle"],"acts_visited":["Exordium"],"potions_floor_usage":[6,6],"damage_taken":[{"damage":2,"enemies":"Jaw Worm","floor":1,"turns":5},{"damage":0,"enemies":"2 Louse","floor":3,"turns":5},{"damage":0,"enemies":"Gremlin Nob","floor":6,"turns":2},{"damage":30,"enemies":"3 Sentries","floor":8,"turns":4}],"seed_played":"-2538886972704806874","potions_obtained":[{"floor":0,"key":"AttackPotion"},{"floor":0,"key":"StancePotion"}],"is_trial":false,"path_per_floor":["M","?","M","?","$","E","R","E"],"character_chosen":"WATCHER","items_purchased":["Potion Belt"],"campfire_rested":0,"item_purchase_floors":[5],"current_hp_per_floor":[59,48,48,22,22,24,24,0,0],"gold":69,"neow_bonus":"THREE_SMALL_POTIONS","is_daily":false,"chose_seed":false,"campfire_upgraded":1,"win_rate":0.0,"timestamp":1609107316,"path_taken":["M","?","M","?","$","E","R","E"],"items_purchased_type":["Relic"],"build_version":"2020-12-22","purchased_purges":0,"victory":false,"max_hp_per_floor":[68,68,68,68,68,68,68,68,68],"relic_stats":{"Blood Vial":4,"counters":[4,16],"Blue Candle":[0],"obtain_stats":[{"Blood Vial":4,"Potion Belt":5,"Blue Candle":6,"PureWater":0},{"Blood Vial":2,"Potion Belt":2,"Blue Candle":3,"PureWater":0},{"Blood Vial":10,"Potion Belt":10,"Blue Candle":12,"PureWater":0}]},"card_choices":[{"not_picked":["Prostrate","Pray"],"picked":"MentalFortress","floor":1},{"not_picked":["ForeignInfluence","Study"],"picked":"SashWhip","floor":3},{"not_picked":["Sanctity","Indignation","Collect"],"picked":"SKIP","floor":6}],"player_experience":1122267,"relics_obtained":[{"floor":6,"key":"Blue Candle"}],"event_choices":[{"damage_healed":0,"gold_gain":75,"player_choice":"Gather Gold","damage_taken":11,"max_hp_gain":0,"max_hp_loss":0,"event_name":"World of Goop","floor":2,"gold_loss":0},{"damage_healed":0,"gold_gain":0,"player_choice":"Success","damage_taken":26,"relics_obtained":["Blood Vial"],"max_hp_gain":0,"max_hp_loss":0,"event_name":"Scrap Ooze","floor":4,"gold_loss":0}],"is_beta":false,"boss_relics":[],"items_purged_floors":[],"is_endless":false,"potions_floor_spawned":[],"killed_by":"3 Sentries","ascension_level":20}}