{"host":"9inlmzyzdhcrisrs","time":1609034308,"event":{"mods":["AchievementEnabler","BaseMod","BetterRewards","Colored Map","Colored Powertips","Conspire","Dota2Spire","Downfall","Highlight Path","Infinite Spire","Marisa£®ÏF”Í°°ƒß¿Ì…≥£©","Mimic Mod","Minty Spire (QoL Compilation)","Permanent Neow","Quick Restart","Rare Cards Sparkle","Remove Card Discount Mod","Replay The Spire","Shop Mod","StSLib","SuperFastMode","The Jungle","The Servant 0.9.4","Transform Curses","Unceasing Turn Reminder"],"gold_per_floor":[112,130,142,158,172,172,172,96,134,148,148,148,148,164,164,177,177,177,177],"floor_reached":18,"playtime":962,"items_purged":[],"score":106,"play_id":"1b977a5f-5f0f-486c-b51a-b85bfa696100","local_time":"20201227095828","is_ascension_mode":false,"campfire_choices":[{"floor":6,"key":"REST"},{"floor":15,"key":"REST"},{"floor":17,"key":"REST"}],"circlet_count":0,"master_deck":["Strike_S","Strike_S","Strike_S","Strike_S","Defend_S","Defend_S","Defend_S","Defend_S","KidneyShot+1","Exchange","Ricochet","GearUp","DualDimension","Desolation","ShatteredReality","Starlight","Rearm","GearUp","Starlight"],"relics":["Uniform","Pear"],"acts_visited":["Exordium"],"potions_floor_usage":[18],"damage_taken":[{"damage":3,"enemies":"Jaw Worm","floor":1,"turns":3},{"damage":0,"enemies":"Cultist","floor":2,"turns":3},{"damage":1,"enemies":"Small Slimes","floor":3,"turns":4},{"damage":35,"enemies":"Gremlin Gang","floor":4,"turns":6},{"damage":7,"enemies":"2 Fungi Beasts","floor":5,"turns":3},{"damage":2,"enemies":"3 Louse","floor":9,"turns":7},{"damage":5,"enemies":"3 Louse","floor":10,"turns":3},{"damage":11,"enemies":"Large Slime","floor":14,"turns":7},{"damage":22,"enemies":"Gremlin Gang","floor":16,"turns":2},{"damage":52,"enemies":"Slime Boss","floor":18,"turns":7}],"seed_played":"6025753917525505328","potions_obtained":[{"floor":2,"key":"SpeedPotion"},{"floor":10,"key":"Elixir"},{"floor":14,"key":"LifebloodPotion"}],"is_trial":false,"path_per_floor":["M","M","M","M","M","R","?","$","MIM","M","?","PTL","PTL","M","R","M","R","B"],"character_chosen":"THE_SERVANT","items_purchased":["Starlight","Rearm"],"campfire_rested":3,"item_purchase_floors":[8,8],"current_hp_per_floor":[62,62,61,26,19,38,48,48,46,41,41,41,41,30,52,30,52,0,0],"gold":177,"neow_bonus":"RANDOM_EVENT","is_daily":false,"chose_seed":false,"campfire_upgraded":0,"win_rate":0.0,"timestamp":1609034308,"path_taken":["M","M","M","M","M","R","?","$","MIM","M","?","PTL","PTL","M","R","M","R","BOSS"],"items_purchased_type":["Card","Card"],"build_version":"2020-12-22","purchased_purges":0,"victory":false,"max_hp_per_floor":[65,65,65,65,65,65,75,75,75,75,75,75,75,75,75,75,75,75,75],"card_choices":[{"not_picked":["Advance","StarChef"],"picked":"Ricochet","floor":1},{"not_picked":["Unruled","SpecialFormula"],"picked":"GearUp","floor":2},{"not_picked":["Misdirection","Replace"],"picked":"DualDimension","floor":3},{"not_picked":["Rewind","Defy"],"picked":"Desolation","floor":4},{"not_picked":["Alleviate","RealityMarble"],"picked":"ShatteredReality","floor":5},{"not_picked":["TimeWarp","Revamp"],"picked":"GearUp","floor":10},{"not_picked":["Ricochet","Alleviate"],"picked":"Starlight","floor":14},{"not_picked":["DoubleEdge","Alleviate","LightFlow"],"picked":"SKIP","floor":16}],"player_experience":1221,"relics_obtained":[],"event_choices":[{"damage_healed":0,"gold_gain":0,"player_choice":"Grow","damage_taken":0,"max_hp_gain":0,"max_hp_loss":0,"event_name":"Living Wall","floor":0,"gold_loss":0,"cards_upgraded":["KidneyShot"]},{"damage_healed":0,"gold_gain":0,"player_choice":"Gave Potion","damage_taken":0,"relics_obtained":["Pear"],"max_hp_gain":0,"max_hp_loss":0,"event_name":"WeMeetAgain","floor":7,"gold_loss":0},{"damage_healed":0,"gold_gain":0,"player_choice":"0 cards matched","damage_taken":0,"max_hp_gain":0,"max_hp_loss":0,"event_name":"Match and Keep!","floor":11,"gold_loss":0,"cards_obtained":[]}],"is_beta":false,"boss_relics":[],"items_purged_floors":[],"is_endless":false,"potions_floor_spawned":[2,10,14],"killed_by":"Slime Boss","ascension_level":0}}