{"host":"u3zhfyeznnb1kiy1","time":1609093162,"event":{"mods":["BaseMod","Colored Map","Colored Powertips","Downfall","GifTheSpireLib","Highlight Path","Minty Spire (QoL Compilation)","StSLib"],"gold_per_floor":[99,118,137,196,208,208,208,236,253,264,114,133,149,149,162,162,162,162],"floor_reached":16,"playtime":1130,"items_purged":[],"score":106,"play_id":"141f037b-eb65-4350-a5ed-41f0160dbaf6","local_time":"20201227131922","is_ascension_mode":false,"campfire_choices":[{"floor":1,"key":"RECALL"},{"data":"Guardian:DecasProtection","floor":11,"key":"SMITH"}],"circlet_count":0,"master_deck":["Guardian:Strike_Guardian","Guardian:Strike_Guardian","Guardian:Strike_Guardian","Guardian:Strike_Guardian","Guardian:Defend_Guardian","Guardian:Defend_Guardian","Guardian:Defend_Guardian","Guardian:CurlUp","Guardian:TwinSlam","Guardian:Repulse","Guardian:PrimingBeam","Guardian:Planning","Guardian:DecasProtection+1","Guardian:EvasiveProtocol","Guardian:TimeCapacitor","Guardian:MultiBeam","Guardian:PolyBeam","Guardian:Gem_Cyan"],"relics":["Guardian:ModeShifter","Blood Vial","White Beast Statue","Torii","downfall:HeartBlessingRed","downfall:HeartBlessingGreen","downfall:BrokenWingStatue"],"acts_visited":["Exordium"],"potions_floor_usage":[8,10,12,13,16,16,16],"damage_taken":[{"damage":0,"enemies":"Small Slimes","floor":2,"turns":4},{"damage":1,"enemies":"2 Louse","floor":3,"turns":2},{"damage":37,"enemies":"Gremlin Nob","floor":4,"turns":6},{"damage":0,"enemies":"Jaw Worm","floor":5,"turns":4},{"damage":31,"enemies":"Gremlin Nob","floor":8,"turns":6},{"damage":7,"enemies":"2 Fungi Beasts","floor":9,"turns":3},{"damage":6,"enemies":"Large Slime","floor":10,"turns":5},{"damage":0,"enemies":"2 Fungi Beasts","floor":12,"turns":4},{"damage":1,"enemies":"Exordium Wildlife","floor":13,"turns":4},{"damage":1,"enemies":"Gremlin Gang","floor":15,"turns":3},{"damage":21,"enemies":"downfall:Defect","floor":16,"turns":6}],"seed_played":"-5668260058019445823","potions_obtained":[{"floor":4,"key":"Block Potion"},{"floor":8,"key":"FearPotion"},{"floor":9,"key":"Fire Potion"},{"floor":10,"key":"PowerPotion"},{"floor":12,"key":"Energy Potion"},{"floor":13,"key":"SkillPotion"},{"floor":15,"key":"Guardian:AcceleratePotion"}],"is_trial":false,"path_per_floor":["R","M","M","?","M","?","T","E","M","M","R","M","M","?","M","B"],"character_chosen":"GUARDIAN","items_purchased":[],"campfire_rested":0,"item_purchase_floors":[],"current_hp_per_floor":[88,88,87,51,53,53,53,24,19,15,15,17,18,18,19,0,0,0],"gold":162,"neow_bonus":"TEN_PERCENT_HP_BONUS","is_daily":false,"chose_seed":false,"campfire_upgraded":1,"win_rate":0.0,"timestamp":1609093162,"path_taken":["R","M","M","?","M","?","T","E","M","?","R","M","M","?","M","BOSS"],"items_purchased_type":[],"build_version":"2020-12-22","purchased_purges":0,"victory":false,"max_hp_per_floor":[88,88,88,88,88,88,88,88,88,88,88,88,88,88,88,88,88,88],"card_choices":[{"not_picked":["Guardian:WalkerClaw","Guardian:RollAttack"],"picked":"Guardian:Repulse","floor":2},{"not_picked":["Guardian:ShieldCharger","Guardian:Recover"],"picked":"Guardian:Gem_White","floor":3},{"not_picked":["Guardian:VentSteam","Guardian:Recover"],"picked":"Guardian:PrimingBeam","floor":4},{"not_picked":["Guardian:Incinerate","Guardian:Recover"],"picked":"Guardian:Planning","floor":5},{"not_picked":["Guardian:HyperBeam_Guardian","Guardian:Gem_Green"],"picked":"Guardian:DecasProtection","floor":8},{"not_picked":["Guardian:TemporalShield","Guardian:Recover"],"picked":"Guardian:EvasiveProtocol","floor":9},{"not_picked":["Guardian:ShieldCharger","Guardian:Gem_White"],"picked":"Guardian:TimeCapacitor","floor":10},{"not_picked":["Guardian:Gem_Red","Guardian:Gem_Lightblue"],"picked":"Guardian:MultiBeam","floor":12},{"not_picked":["Guardian:Gem_Green","Guardian:SphericShield"],"picked":"Guardian:PolyBeam","floor":13},{"not_picked":["Guardian:FloatingOrbs","Guardian:ShieldSpikes"],"picked":"Guardian:Gem_Cyan","floor":15}],"player_experience":1141200,"relics_obtained":[{"floor":7,"key":"White Beast Statue"},{"floor":8,"key":"Torii"}],"event_choices":[],"is_beta":false,"boss_relics":[],"items_purged_floors":[],"is_endless":false,"potions_floor_spawned":[4,8,9,10,12,13,15],"killed_by":"downfall:Defect","ascension_level":0}}