{"host":"vydapxfau6612551","time":1609040358,"event":{"mods":["AchievementEnabler","BaseMod","Minty Spire (QoL Compilation)","StSLib","SuperFastMode"],"gold_per_floor":[109,109,109,126,301,330,349,372,372,135,150,169,87,102,102,102,102],"floor_reached":16,"playtime":306,"items_purged":[],"score":178,"play_id":"de256008-31be-4372-834a-7eff020c1abd","local_time":"20201227123918","is_ascension_mode":true,"campfire_choices":[{"floor":15,"key":"RECALL"}],"circlet_count":0,"master_deck":["Strike_R","Strike_R","Strike_R","Strike_R","Defend_R","Defend_R","Defend_R","Bash","Fire Breathing","Combust","Doubt","Dark Embrace","Battle Trance","Violence","Hemokinesis+1","Perfected Strike+1","Wild Strike+1","Immolate+1","Pommel Strike+1"],"relics":["Burning Blood","NeowsBlessing","Art of War","Molten Egg 2"],"acts_visited":["Exordium"],"potions_floor_usage":[11],"damage_taken":[{"damage":0,"enemies":"2 Louse","floor":1,"turns":1},{"damage":0,"enemies":"Jaw Worm","floor":4,"turns":1},{"damage":0,"enemies":"3 Sentries","floor":6,"turns":2},{"damage":7,"enemies":"Cultist","floor":7,"turns":3},{"damage":5,"enemies":"Large Slime","floor":11,"turns":4},{"damage":22,"enemies":"Exordium Wildlife","floor":12,"turns":3},{"damage":33,"enemies":"Exordium Thugs","floor":14,"turns":4},{"damage":0,"enemies":"The Guardian","floor":16,"turns":1}],"seed_played":"462872992240675957","potions_obtained":[{"floor":1,"key":"ColorlessPotion"},{"floor":4,"key":"Explosive Potion"},{"floor":7,"key":"FearPotion"},{"floor":11,"key":"DistilledChaos"}],"is_trial":false,"path_per_floor":["M","?","?","M","?","E","M","T","T","$","M","M","$","M","R","B"],"character_chosen":"IRONCLAD","items_purchased":["Violence","Hemokinesis+1","Immolate+1"],"campfire_rested":0,"item_purchase_floors":[10,10,13],"current_hp_per_floor":[78,71,71,77,77,80,79,79,79,79,80,64,64,37,37,37,37],"gold":102,"neow_bonus":"THREE_ENEMY_KILL","is_daily":false,"chose_seed":false,"campfire_upgraded":0,"win_rate":0.0,"timestamp":1609040358,"path_taken":["M","?","?","?","?","E","M","?","T","$","M","M","$","M","R","BOSS"],"items_purchased_type":["Card","Card","Card"],"build_version":"2020-12-22","purchased_purges":0,"victory":false,"max_hp_per_floor":[80,80,80,80,80,80,80,80,80,80,80,80,80,80,80,80,80],"card_choices":[{"not_picked":["Spot Weakness","Body Slam"],"picked":"Fire Breathing","floor":1},{"not_picked":["True Grit","Sword Boomerang"],"picked":"Combust","floor":4},{"not_picked":["Impervious","Twin Strike"],"picked":"Dark Embrace","floor":6},{"not_picked":["Uppercut","Warcry"],"picked":"Battle Trance","floor":7},{"not_picked":["Sentinel","Rage"],"picked":"Perfected Strike+1","floor":11},{"not_picked":["Carnage+1","Dual Wield"],"picked":"Wild Strike+1","floor":12},{"not_picked":["Heavy Blade+1","True Grit"],"picked":"Pommel Strike+1","floor":14}],"player_experience":386526,"relics_obtained":[{"floor":6,"key":"Art of War"},{"floor":9,"key":"Molten Egg 2"}],"event_choices":[{"cards_removed":["Strike_R"],"damage_healed":0,"gold_gain":0,"player_choice":"Card Removal","damage_taken":7,"max_hp_gain":0,"max_hp_loss":0,"event_name":"Golden Wing","floor":2,"gold_loss":0},{"cards_removed":["Defend_R"],"damage_healed":0,"gold_gain":0,"player_choice":"Card Removal","damage_taken":0,"max_hp_gain":0,"max_hp_loss":0,"event_name":"Wheel of Change","floor":3,"gold_loss":0},{"damage_healed":0,"gold_gain":175,"player_choice":"AGREE","damage_taken":0,"max_hp_gain":0,"max_hp_loss":0,"event_name":"Liars Game","floor":5,"gold_loss":0,"cards_obtained":["Doubt"]}],"is_beta":false,"boss_relics":[],"items_purged_floors":[],"is_endless":false,"potions_floor_spawned":[1,4,7,11],"killed_by":"The Guardian","ascension_level":8}}