{"host":"lpcxcvdszk9zyesf","time":1609055550,"event":{"mods":["BaseMod","Better Third Choice","BetterRewards","Minty Spire (QoL Compilation)","Rare Cards Sparkle","Relic Stats","Say the Spire","Spicy Shops","StSLib"],"gold_per_floor":[109,124,70,20,33,33,60,60,109,124,124,49,75,75,75,179,179,198,210,227,238,16,16,28,28,28,28,39,50,50,60,60,155,155,171,171,185,90,140,140,166,166,193,16,32,67,67,77,77,77],"floor_reached":51,"playtime":2622,"items_purged":["Strike_R","Strike_R"],"score":1117,"play_id":"856033a6-88dc-4c90-8b46-bc6401995668","local_time":"20201227155230","is_ascension_mode":true,"campfire_choices":[{"data":"Demon Form","floor":6.0,"key":"SMITH"},{"floor":11.0,"key":"REST"},{"data":"Flex","floor":15.0,"key":"SMITH"},{"floor":23.0,"key":"REST"},{"floor":27.0,"key":"REST"},{"floor":32.0,"key":"REST"},{"floor":40.0,"key":"REST"},{"floor":47,"key":"REST"},{"data":"Offering","floor":49,"key":"SMITH"}],"circlet_count":0,"master_deck":["Defend_R","Defend_R","Defend_R","Defend_R","Bash","Shrug It Off","Heavy Blade","Rage","Flex+1","Demon Form+1","Seeing Red","Berserk","Shockwave","Whirlwind","Disarm+1","Disarm","Finesse","Offering+1","Pummel+1","Uppercut+1","Feed+1","Ghostly Armor","Bandage Up","Dropkick+1","Madness","Madness","Pommel Strike+1"],"relics":["Burning Blood","Pen Nib","Bronze Scales","Singing Bowl","Boot","Odd Mushroom","Empty Cage","Chemical X","Juzu Bracelet","Molten Egg 2","Velvet Choker","Torii","Ginger","Strawberry","FossilizedHelix","Mercury Hourglass"],"acts_visited":["TheCity","TheBeyond"],"potions_floor_usage":[48,50,50],"damage_taken":[{"damage":15.0,"enemies":"Small Slimes","floor":1.0,"turns":4.0},{"damage":0.0,"enemies":"Cultist","floor":2.0,"turns":3.0},{"damage":6.0,"enemies":"Jaw Worm","floor":5.0,"turns":3.0},{"damage":30.0,"enemies":"3 Sentries","floor":7.0,"turns":5.0},{"damage":7.0,"enemies":"3 Louse","floor":10.0,"turns":3.0},{"damage":26.0,"enemies":"The Mushroom Lair","floor":13.0,"turns":5.0},{"damage":0.0,"enemies":"Blue Slaver","floor":14.0,"turns":3.0},{"damage":36.0,"enemies":"Hexaghost","floor":16.0,"turns":7.0},{"damage":21.0,"enemies":"3 Byrds","floor":18.0,"turns":3.0},{"damage":26.0,"enemies":"2 Thieves","floor":19.0,"turns":5.0},{"damage":25.0,"enemies":"Snecko","floor":20.0,"turns":4.0},{"damage":21.0,"enemies":"Cultist and Chosen","floor":21.0,"turns":4.0},{"damage":18.0,"enemies":"Centurion and Healer","floor":24.0,"turns":4.0},{"damage":12.0,"enemies":"Snake Plant","floor":28.0,"turns":4.0},{"damage":18.0,"enemies":"3 Cultists","floor":29.0,"turns":4.0},{"damage":29.0,"enemies":"Shelled Parasite and Fungi","floor":31.0,"turns":6.0},{"damage":7.0,"enemies":"Collector","floor":33.0,"turns":8.0},{"damage":19.0,"enemies":"Orb Walker","floor":35.0,"turns":4.0},{"damage":6.0,"enemies":"3 Darklings","floor":37.0,"turns":1.0},{"damage":43.0,"enemies":"Mind Bloom Boss Battle","floor":39.0,"turns":7.0},{"damage":37.0,"enemies":"Giant Head","floor":41.0,"turns":7.0},{"damage":11.0,"enemies":"Jaw Worm Horde","floor":45.0,"turns":2.0},{"damage":33,"enemies":"Nemesis","floor":46,"turns":11},{"damage":1,"enemies":"Transient","floor":48,"turns":5},{"damage":84,"enemies":"Donu and Deca","floor":50,"turns":8}],"seed_played":"6159495752418621413","potions_obtained":[{"floor":7.0,"key":"LiquidMemories"},{"floor":10.0,"key":"LiquidMemories"},{"floor":19.0,"key":"BlessingOfTheForge"},{"floor":21.0,"key":"Dexterity Potion"},{"floor":29.0,"key":"GamblersBrew"},{"floor":33.0,"key":"LiquidMemories"},{"floor":35.0,"key":"FearPotion"},{"floor":46,"key":"Regen Potion"},{"floor":48,"key":"BloodPotion"}],"is_trial":false,"path_per_floor":["M","M","?","$","M","R","E","$","T","M","R","$","?","M","R","B",null,"M","M","M","M","$","R","M","?","T","R","M","M","?","M","R","B",null,"M","?","M","$","?","R","E","?","T","$","M","E","R","M","R","B",null],"character_chosen":"IRONCLAD","items_purchased":["Pen Nib","Shrug It Off","Flex","Chemical X","Juzu Bracelet","Bandage Up","FossilizedHelix"],"campfire_rested":6,"item_purchase_floors":[0,0,4,22,22,38,44],"current_hp_per_floor":[71,77,77,77,77,77,55,55,55,56,81,81,61,69,69,39,86,71,51,34,19,19,45,35,35,35,62,56,44,44,23,50,49,92,83,83,85,85,54,84,57,44,51,51,52,31,64,87,87,39],"gold":77,"neow_bonus":"","is_daily":false,"chose_seed":false,"campfire_upgraded":3,"win_rate":0.0,"timestamp":1609055550,"path_taken":["M","M","?","?","M","R","E","$","T","M","R","?","?","?","R","BOSS","M","?","M","M","$","R","M","?","T","R","M","M","?","M","R","BOSS","M","?","M","$","?","R","E","?","T","?","M","E","R","M","R","BOSS"],"items_purchased_type":["Relic","Card","Card","Relic","Relic","Card","Relic"],"build_version":"2020-12-22","purchased_purges":2,"victory":true,"max_hp_per_floor":[80,80,80,80,80,80,82,82,82,84,84,84,84,86,86,86,86,86,86,88,88,88,88,90,90,90,90,90,90,90,92,92,92,92,96,96,98,98,100,100,100,100,107,107,109,111,111,111,111,115],"relic_stats":{"Singing Bowl":20,"Torii":6,"counters":[25,120],"Bronze Scales":[374],"Pen Nib":[14],"Juzu Bracelet":2,"Chemical X":[16],"Ginger":[0],"Boot":[51],"obtain_stats":[{"Singing Bowl":7,"Torii":39,"Velvet Choker":34,"Pen Nib":0,"Juzu Bracelet":22,"Ginger":41,"Odd Mushroom":13,"Boot":9,"Empty Cage":17,"Burning Blood":0,"Mercury Hourglass":46,"Bronze Scales":3,"Strawberry":43,"Molten Egg 2":26,"Chemical X":22,"FossilizedHelix":44},{"Singing Bowl":4,"Torii":20,"Velvet Choker":17,"Pen Nib":0,"Juzu Bracelet":12,"Ginger":21,"Odd Mushroom":6,"Boot":4,"Empty Cage":8,"Burning Blood":0,"Mercury Hourglass":23,"Bronze Scales":2,"Strawberry":21,"Molten Egg 2":13,"Chemical X":12,"FossilizedHelix":21},{"Singing Bowl":15,"Torii":87,"Velvet Choker":75,"Pen Nib":0,"Juzu Bracelet":49,"Ginger":94,"Odd Mushroom":23,"Boot":15,"Empty Cage":33,"Burning Blood":0,"Mercury Hourglass":107,"Bronze Scales":7,"Strawberry":94,"Molten Egg 2":53,"Chemical X":49,"FossilizedHelix":94}],"Burning Blood":150,"Mercury Hourglass":[42]},"card_choices":[{"not_picked":["True Grit","Twin Strike"],"picked":"Heavy Blade","floor":1.0},{"not_picked":["True Grit","Armaments"],"picked":"Rage","floor":2.0},{"not_picked":["Armaments","Dropkick"],"picked":"Demon Form","floor":5.0},{"not_picked":["Battle Trance","Clothesline","Flex"],"picked":"Singing Bowl","floor":7.0},{"not_picked":["Evolve","True Grit","Fire Breathing"],"picked":"Singing Bowl","floor":10.0},{"not_picked":["Searing Blow","Blood for Blood"],"picked":"Seeing Red","floor":13.0},{"not_picked":["Iron Wave","Heavy Blade","Dark Embrace"],"picked":"Singing Bowl","floor":14.0},{"not_picked":["Juggernaut","Fiend Fire"],"picked":"Berserk","floor":16.0},{"not_picked":["Clothesline+1","Body Slam"],"picked":"Shockwave","floor":18.0},{"not_picked":["Cleave","Seeing Red"],"picked":"Whirlwind","floor":19.0},{"not_picked":["Heavy Blade+1","Headbutt+1","True Grit+1"],"picked":"Singing Bowl","floor":20.0},{"not_picked":["Heavy Blade+1","Sword Boomerang+1"],"picked":"Disarm+1","floor":21.0},{"not_picked":["Clothesline+1","Flex","Heavy Blade"],"picked":"Singing Bowl","floor":24.0},{"not_picked":["Warcry+1","Thunderclap+1"],"picked":"Offering","floor":28.0},{"not_picked":["Sword Boomerang+1","Metallicize"],"picked":"Pummel+1","floor":29.0},{"not_picked":["Body Slam+1","True Grit","Thunderclap+1"],"picked":"Singing Bowl","floor":31.0},{"not_picked":["Bludgeon+1","Berserk"],"picked":"Feed+1","floor":33.0},{"not_picked":["Wild Strike+1","Cleave+1"],"picked":"Ghostly Armor","floor":35.0},{"not_picked":["Ghostly Armor","Whirlwind+1","Evolve"],"picked":"Singing Bowl","floor":37.0},{"not_picked":["Searing Blow+1","Pommel Strike+1","Hemokinesis+1"],"picked":"Singing Bowl","floor":39.0},{"not_picked":["Shockwave+1","Immolate+1"],"picked":"Dropkick+1","floor":41.0},{"not_picked":["Combust+1","Twin Strike+1","Perfected Strike+1"],"picked":"Singing Bowl","floor":45.0},{"not_picked":["Shrug It Off","Shockwave","Headbutt+1"],"picked":"Singing Bowl","floor":46},{"not_picked":["Clash+1","Anger+1"],"picked":"Pommel Strike+1","floor":48}],"player_experience":247769,"relics_obtained":[{"floor":7.0,"key":"Singing Bowl"},{"floor":9.0,"key":"Boot"},{"floor":13.0,"key":"Odd Mushroom"},{"floor":26.0,"key":"Molten Egg 2"},{"floor":39.0,"key":"Torii"},{"floor":41.0,"key":"Ginger"},{"floor":43.0,"key":"Strawberry"},{"floor":46,"key":"Mercury Hourglass"}],"event_choices":[{"damage_healed":0.0,"max_hp_gain":0.0,"max_hp_loss":0.0,"gold_gain":0.0,"event_name":"WeMeetAgain","player_choice":"Paid Gold","floor":3.0,"gold_loss":54.0,"damage_taken":0.0,"relics_obtained":["Bronze Scales"]},{"damage_healed":0.0,"max_hp_gain":0.0,"max_hp_loss":0.0,"gold_gain":0.0,"event_name":"Mushrooms","player_choice":"Fought Mushrooms","floor":13.0,"gold_loss":0.0,"damage_taken":0.0},{"damage_healed":0.0,"max_hp_gain":0.0,"max_hp_loss":0.0,"gold_gain":0.0,"event_name":"Match and Keep!","player_choice":"2 cards matched","floor":25.0,"gold_loss":0.0,"damage_taken":0.0,"cards_obtained":["Disarm","Finesse"]},{"damage_healed":0.0,"max_hp_gain":0.0,"max_hp_loss":0.0,"gold_gain":0.0,"cards_transformed":["Strike_R"],"event_name":"Transmorgrifier","player_choice":"Transformed","floor":30.0,"gold_loss":0.0,"damage_taken":0.0,"cards_obtained":["Uppercut"]},{"damage_healed":0.0,"max_hp_gain":0.0,"max_hp_loss":0.0,"gold_gain":0.0,"event_name":"Tomb of Lord Red Mask","player_choice":"Ignored","floor":36.0,"gold_loss":0.0,"damage_taken":0.0},{"damage_healed":0.0,"max_hp_gain":0.0,"max_hp_loss":0.0,"gold_gain":0.0,"event_name":"MindBloom","player_choice":"Fight","floor":39.0,"gold_loss":0.0,"damage_taken":0.0},{"damage_healed":0.0,"max_hp_gain":0.0,"max_hp_loss":0.0,"gold_gain":0.0,"event_name":"Winding Halls","player_choice":"Embrace Madness","floor":42.0,"gold_loss":0.0,"damage_taken":13.0,"cards_obtained":["Madness","Madness"]}],"is_beta":false,"boss_relics":[{"not_picked":["Mark of Pain","Philosopher\u0027s Stone"],"picked":"Empty Cage"},{"not_picked":["Pandora\u0027s Box","Fusion Hammer"],"picked":"Velvet Choker"}],"items_purged_floors":[12,44],"is_endless":false,"potions_floor_spawned":[7,10,19,21,29,33,35,45,46,48],"ascension_level":3}}