{"host":"hvwa7s69zr612rn1","time":1609053876,"event":{"mods":["BaseMod","Colored Map","Colored Powertips","Downfall","Minty Spire (QoL Compilation)","StSLib"],"gold_per_floor":[99,114,124,124,138,151,176,201,217,217,229,248,279,289,304,304,304,304],"floor_reached":16,"playtime":668,"items_purged":[],"score":136,"play_id":"57df3b81-9cc7-4f6a-b107-f3aa7f41b17d","local_time":"20201227182436","is_ascension_mode":true,"campfire_choices":[{"data":"Slimebound:CorrosiveSpit","floor":1,"key":"SMITH"},{"data":"Slimebound:RollThrough","floor":10,"key":"SMITH"}],"circlet_count":0,"master_deck":["Slimebound:Strike_Slimebound","Slimebound:Strike_Slimebound","Slimebound:Tackle","Slimebound:Defend_Slimebound","Slimebound:Defend_Slimebound","Slimebound:Defend_Slimebound","Slimebound:Defend_Slimebound","Slimebound:Split","Slimebound:CorrosiveSpit+1","Slimebound:HungryTackle","Slimebound:SamplingLick","Slimebound:HauntingLick","Slimebound:BestDefense","Slimebound:RollThrough+1","Slimebound:Nibble","Slimebound:BestDefense","Slimebound:GoopTackle"],"relics":["Slimebound:AbsorbEndCombat","Turnip","Blood Vial","Anchor","Smiling Mask"],"acts_visited":["Exordium"],"potions_floor_usage":[8,13,13,14,16],"damage_taken":[{"damage":6,"enemies":"Jaw Worm","floor":2,"turns":3},{"damage":15,"enemies":"Cultist","floor":3,"turns":3},{"damage":4,"enemies":"2 Louse","floor":5,"turns":2},{"damage":14,"enemies":"Blue Slaver","floor":6,"turns":3},{"damage":33,"enemies":"Lagavulin","floor":8,"turns":6},{"damage":10,"enemies":"Large Slime","floor":9,"turns":4},{"damage":6,"enemies":"2 Fungi Beasts","floor":11,"turns":3},{"damage":0,"enemies":"Exordium Wildlife","floor":12,"turns":2},{"damage":36,"enemies":"Gremlin Nob","floor":13,"turns":4},{"damage":15,"enemies":"Exordium Thugs","floor":14,"turns":3},{"damage":4,"enemies":"2 Fungi Beasts","floor":15,"turns":2},{"damage":32,"enemies":"downfall:Silent","floor":16,"turns":2}],"seed_played":"6767406735282626385","potions_obtained":[{"floor":3,"key":"Slimebound:SlimedPotion"},{"floor":8,"key":"Slimebound:ThreeZeroPotion"},{"floor":9,"key":"LiquidMemories"},{"floor":11,"key":"Slimebound:SlimedPotion"},{"floor":13,"key":"Slimebound:SpawnSlimePotion"}],"is_trial":false,"path_per_floor":["R","M","M","?","M","M","T","E","M","R","M","M","E","M","M","B"],"character_chosen":"SLIMEBOUND","items_purchased":[],"campfire_rested":0,"item_purchase_floors":[],"current_hp_per_floor":[54,52,47,47,51,49,49,35,37,37,41,47,25,14,22,0,0,0],"gold":304,"neow_bonus":"ONE_RARE_RELIC","is_daily":false,"chose_seed":false,"campfire_upgraded":2,"win_rate":0.0,"timestamp":1609053876,"path_taken":["R","M","M","?","M","M","T","E","?","R","M","M","E","M","M","BOSS"],"items_purchased_type":[],"build_version":"2020-12-22","purchased_purges":0,"victory":false,"max_hp_per_floor":[54,54,54,54,54,54,54,54,54,54,54,54,54,54,54,54,54,54],"card_choices":[{"not_picked":["Slimebound:SplitLeeching","Slimebound:ForwardTackle"],"picked":"Slimebound:HungryTackle","floor":2},{"not_picked":["Slimebound:GoopSpray","Slimebound:AcidTongue"],"picked":"Slimebound:SamplingLick","floor":3},{"not_picked":["Slimebound:ComboTackle","Slimebound:ServeAndProtect"],"picked":"Slimebound:HauntingLick","floor":5},{"not_picked":["Slimebound:SplitAcid","Slimebound:ServeAndProtect"],"picked":"Slimebound:BestDefense","floor":6},{"not_picked":["Slimebound:LeechingTouch","Slimebound:ViciousTackle","Slimebound:FinishingTackle"],"picked":"SKIP","floor":8},{"not_picked":["Slimebound:LeechEnergy","Slimebound:GoopSpray"],"picked":"Slimebound:RollThrough","floor":9},{"not_picked":["Slimebound:MassRepurpose","Slimebound:Repurpose"],"picked":"Slimebound:Nibble","floor":11},{"not_picked":["Slimebound:GrowthPunch","Slimebound:RollThrough"],"picked":"Slimebound:BestDefense","floor":12},{"not_picked":["Slimebound:SplitLeeching","Slimebound:Recollect"],"picked":"Slimebound:GoopTackle","floor":13},{"not_picked":["Slimebound:LevelUp","Slimebound:ProtectTheBoss","Slimebound:GoopSpray"],"picked":"SKIP","floor":14},{"not_picked":["Slimebound:GoopSpray","Slimebound:ServeAndProtect","Slimebound:FinishingTackle"],"picked":"SKIP","floor":15}],"player_experience":404852,"relics_obtained":[{"floor":7,"key":"Blood Vial"},{"floor":8,"key":"Anchor"},{"floor":13,"key":"Smiling Mask"}],"event_choices":[{"cards_removed":["Slimebound:Strike_Slimebound"],"damage_healed":0,"gold_gain":0,"player_choice":"Purged","damage_taken":0,"max_hp_gain":0,"max_hp_loss":0,"event_name":"Purifier","floor":4,"gold_loss":0}],"is_beta":false,"boss_relics":[],"items_purged_floors":[],"is_endless":false,"potions_floor_spawned":[3,8,9,11,12,13],"killed_by":"downfall:Silent","ascension_level":3}}