{"host":"i58uscbei3sy5089","time":1609078728,"event":{"mods":["Act Like it!","Arknights The Spire","BaseMod","Challenge The Spire","Colored Powertips","Conspire","Infinite Spire","Koishi","Lobotomy","LobotomyExtend","Minty Spire (QoL Compilation)","MostiFishMod","Prisma Mod","Quick Restart","Reimu£®≤©¿ˆ¡È√Œ£©","Replay The Spire","Shop Mod","StSLib","TestMod","The Construct","UnlockEverythingMod","[IsaacMod]“‘»ˆº‚À˛","vexMod","°æπ¶ƒ‹Mod°øªÏ„Á÷Æª∑–ﬁ∏¥≤π∂°","ÛÙª÷∏ƒœ"],"gold_per_floor":[217,217,297,297,317,317,336,370,393,393,275,288,288,305,305,408,481,501,573,593,593,612,612,612,632,655,655,655],"floor_reached":27,"playtime":1543,"items_purged":["ats:Strike V","ats:Strike S"],"score":238,"play_id":"1d139b56-3dfd-4f2c-8af5-8814bc5b6191","local_time":"20201227221848","is_ascension_mode":false,"campfire_choices":[{"data":"MostiFishMod:WinterMarkForm","floor":6,"key":"SMITH"},{"data":"ats:Sunburst","floor":10,"key":"SMITH"},{"data":"ats:Guardian Obelisk","floor":13,"key":"SMITH"},{"data":"MostiFishMod:FrostNova","floor":15,"key":"SMITH"},{"data":"ats:Roar Of Ursus","floor":23,"key":"SMITH"}],"circlet_count":0,"master_deck":["ats:Strike C","ats:Strike G","ats:Armor Crushing Shot","ats:Defend","ats:Defend","ats:Defend","ats:Defend","ats:Emotion Absorption","MostiFishMod:FrostNova+1","ats:Sunburst+1","ats:Guardian Obelisk+1","ats:Echo Reverb","ats:Soul Absorption","ats:Volcano","ats:Soul Absorption","ats:Guardian Obelisk","Scorched","ats:Roar Of Ursus+1","ats:Apocalypse"],"relics":["PrismaMod:PrismaRuby","testmod-TestBox","HushsDoor","DaveBox","FrostBlade","YumHeart","testmod-ChristmasGift","SynthV:TestCard","LetterFromLob","infinitespire:Cubic Diamond","ats:Originium","Lizard Tail","MerchantsRug","testmod-NegativeEmotionEnhancer","Ancient Tea Set","vexMod:MemoryStick"],"acts_visited":["Exordium","TheCity"],"potions_floor_usage":[16,16,18,18,25,25,25,25],"damage_taken":[{"damage":0,"enemies":"Cultist","floor":1,"turns":2},{"damage":5,"enemies":"Jaw Worm","floor":5,"turns":4},{"damage":0,"enemies":"Small Slimes","floor":7,"turns":2},{"damage":0,"enemies":"Lagavulin","floor":8,"turns":3},{"damage":0,"enemies":"3 Louse","floor":12,"turns":1},{"damage":8,"enemies":"Lots of Slimes","floor":14,"turns":2},{"damage":24,"enemies":"Hexaghost","floor":16,"turns":5},{"damage":3,"enemies":"2 Thieves","floor":18,"turns":3},{"damage":12,"enemies":"3 Byrds","floor":20,"turns":3},{"damage":14,"enemies":"Snake Plant","floor":22,"turns":5},{"damage":26,"enemies":"Sentry and Sphere","floor":25,"turns":5}],"seed_played":"-1985439112280248806","potions_obtained":[{"floor":5,"key":"DistilledChaos"},{"floor":16,"key":"PowerPotion"},{"floor":19,"key":"ats:Top Emergency Sanity Potion"},{"floor":19,"key":"Block Potion"},{"floor":20,"key":"Ancient Potion"},{"floor":25,"key":"BlessingOfTheForge"}],"is_trial":false,"path_per_floor":["M","T","T","?","M","R","M","E","T","R","$","M","R","M","R","B",null,"M","?","M","?","M","R","?","M","T","M"],"character_chosen":"DOCTOR_CLASS","items_purchased":["MerchantsRug","ats:Soul Absorption","ats:Volcano"],"campfire_rested":0,"item_purchase_floors":[11,17,17],"current_hp_per_floor":[72,72,72,72,70,70,70,72,72,72,72,72,72,64,64,53,60,60,60,58,58,52,52,37,15,15,0,0],"gold":655,"neow_bonus":"HUNDRED_GOLD","is_daily":false,"chose_seed":false,"campfire_upgraded":5,"win_rate":0.0,"timestamp":1609078728,"path_taken":["M","?","?","?","M","R","M","E","T","R","$","M","R","M","R","BOSS","M","?","M","?","?","R","?","M","T","?"],"items_purchased_type":["Relic","Card","Card"],"build_version":"2020-12-22","purchased_purges":2,"victory":false,"max_hp_per_floor":[72,72,72,72,72,72,72,72,72,72,72,72,72,72,72,72,60,61,61,62,62,63,63,63,64,64,64,64],"card_choices":[{"not_picked":["ats:Rapid Magazine","ats:Composite Medical Shells","ats:Revitalization"],"picked":"SKIP","floor":1},{"not_picked":["ats:Counter Healing Mode","ats:Assault Order","ats:Powerful Strike","ats:Collapsing Strike","ats:Poison Spread"],"picked":"SKIP","floor":5},{"not_picked":["ats:Consecutive Shot Auto","ats:Closed Bolt Burst Fire","ats:Explosion Area Strengthen","ats:Spore Proliferation","ats:Cat Scratch"],"picked":"SKIP","floor":7},{"not_picked":["ats:Assault Order","ats:Powerful Strike","ats:Cat Scratch","ats:Apocalypse"],"picked":"ats:Sunburst","floor":8},{"not_picked":["ats:Childhood Dance","ats:Rapid Magazine","ats:Consecutive Shot Auto","ats:Curse Doll"],"picked":"ats:Guardian Obelisk","floor":12},{"not_picked":["ats:Neurotoxin","ats:Consecutive Shot Auto","ats:Shell Defense","ats:Powerful Strike"],"picked":"Bomb","floor":14},{"not_picked":["ats:Wolf Pack","ats:Shadow Assault","ats:Rat Pack","ats:Ambush"],"picked":"ats:Echo Reverb","floor":16},{"not_picked":["ats:Apocalypse","ats:Poison Spread","ats:Leaping Hammer","ats:Consecutive Shot Auto"],"picked":"ats:Soul Absorption","floor":18},{"not_picked":["ats:Healing Drone","ats:Consecutive Shot Auto+1","ats:Sword Rain","ats:Shell Defense"],"picked":"ats:Guardian Obelisk","floor":19},{"not_picked":["ats:Flexible Camouflage","ats:Childhood Dance+1","ats:Powerful Strike+1","ats:Closed Bolt Burst Fire","ats:Cat Scratch"],"picked":"SKIP","floor":20},{"not_picked":["ats:Revitalization","ats:Healing Drone","ats:Song Of Battle","ats:Assault Order+1"],"picked":"ats:Roar Of Ursus","floor":22},{"not_picked":["ats:Cat Scratch","ats:Powerful Strike+1","ats:Explosion Area Strengthen","ats:Hammer On"],"picked":"ats:Apocalypse","floor":25}],"player_experience":629205,"relics_obtained":[{"floor":1,"key":"SynthV:TestCard"},{"floor":1,"key":"LetterFromLob"},{"floor":2,"key":"infinitespire:Eraser"},{"floor":8,"key":"ats:Originium"},{"floor":8,"key":"Lizard Tail"},{"floor":9,"key":"testmod-Acrobat"},{"floor":19,"key":"Ancient Tea Set"},{"floor":26,"key":"vexMod:MemoryStick"}],"event_choices":[{"cards_removed":["MostiFishMod:WinterMarkForm"],"damage_healed":0,"gold_gain":0,"player_choice":"Took Card","damage_taken":0,"max_hp_gain":0,"max_hp_loss":0,"event_name":"NoteForYourself","floor":21,"gold_loss":0,"cards_obtained":["Scorched"]}],"is_beta":false,"boss_relics":[{"not_picked":["testmod-EnergyCheck","Pandora\u0027s Box"],"picked":"testmod-NegativeEmotionEnhancer"},{"not_picked":[]}],"items_purged_floors":[11,17],"is_endless":false,"potions_floor_spawned":[5,16,20,25],"ascension_level":0}}