{"host":"7nu0fnckee4tlfez","time":1609075648,"event":{"mods":["2.2 Compatiblity","AchievementEnabler","Astrologer","BaseMod","CapriCore","Colored Map","Downfall","Lobotomy","LobotomyExtend","Marisa£¨Ùöéë¡¡Øª×âÞÞ£©","Minty Spire (QoL Compilation)","StSLib","SuperFastMode","The Immortal"],"gold_per_floor":[118,118,132,145,245,245,245,260,284,310,19,36,52,64,64,64,64],"floor_reached":16,"playtime":836,"items_purged":["Strike_G"],"score":106,"play_id":"ab2818a7-bbc9-4be8-958c-788732214253","local_time":"20201227222728","is_ascension_mode":false,"campfire_choices":[{"data":"Accuracy","floor":6.0,"key":"SMITH"},{"data":"Accuracy","floor":15,"key":"SMITH"}],"circlet_count":0,"master_deck":["Strike_G","Strike_G","Strike_G","Strike_G","Defend_G","Defend_G","Defend_G","Defend_G","Defend_G","Survivor","Neutralize","BlackSwan","Outmaneuver+1","ShyLook","SpiderBud","Accuracy+1","Dagger Spray","OldLady","Expertise","Blade Dance","Footwork","Bloodbath","Accuracy+1","QueenBee"],"relics":["Ring of the Snake","CogitoBucket","RabbitCall","LetterFromLob","Blood Vial","Pen Nib","Membership Card","Vajra","BackwardClock"],"acts_visited":["Exordium"],"potions_floor_usage":[7,10,12],"damage_taken":[{"damage":2.0,"enemies":"Small Slimes","floor":1.0,"turns":4.0},{"damage":0.0,"enemies":"Cultist","floor":3.0,"turns":4.0},{"damage":3.0,"enemies":"Jaw Worm","floor":4.0,"turns":5.0},{"damage":0,"enemies":"Lots of Slimes","floor":7,"turns":1},{"damage":4,"enemies":"Red Slaver","floor":8,"turns":6},{"damage":32,"enemies":"Gremlin Nob","floor":10,"turns":6},{"damage":4,"enemies":"Exordium Wildlife","floor":12,"turns":4},{"damage":0,"enemies":"Lots of Slimes","floor":13,"turns":1},{"damage":0,"enemies":"Exordium Thugs","floor":14,"turns":4},{"damage":40,"enemies":"The Guardian","floor":16,"turns":8}],"seed_played":"-2623251369664724551","potions_obtained":[{"floor":4.0,"key":"SmokeBomb"},{"floor":8,"key":"DistilledChaos"},{"floor":10,"key":"SkillPotion"},{"floor":14,"key":"Swift Potion"}],"is_trial":false,"path_per_floor":["M","?","M","M","?","R","M","M","T","E","$","M","M","M","R","B"],"character_chosen":"THE_SILENT","items_purchased":["Membership Card","Blade Dance","Vajra"],"campfire_rested":0,"item_purchase_floors":[11,11,11],"current_hp_per_floor":[68,68,68,65,65,65,65,61,61,31,31,31,33,36,36,0,0],"gold":64,"neow_bonus":"","is_daily":false,"chose_seed":false,"campfire_upgraded":2,"win_rate":0.0,"timestamp":1609075648,"path_taken":["M","?","M","?","?","R","M","?","T","E","?","M","M","M","R","BOSS"],"items_purchased_type":["Relic","Card","Relic"],"build_version":"2020-12-22","purchased_purges":1,"victory":false,"max_hp_per_floor":[70,70,70,70,70,70,70,70,70,70,70,70,70,70,70,70,70],"card_choices":[{"not_picked":["MHz","Scorched","Murderer"],"picked":"Singing Bowl","floor":1.0},{"not_picked":["Murderer","WallGazer"],"picked":"BlackSwan","floor":1.0},{"not_picked":["Bouncing Flask","Well Laid Plans"],"picked":"Outmaneuver","floor":1.0},{"not_picked":["Porccubus","Murderer"],"picked":"ShyLook","floor":3.0},{"not_picked":["Endless Agony","Catalyst","PiercingWail"],"picked":"SKIP","floor":3.0},{"not_picked":["PunishingBird","BeautyBeast"],"picked":"SpiderBud","floor":4.0},{"not_picked":["Venomology","Blade Dance"],"picked":"Accuracy","floor":4.0},{"not_picked":["Cloak And Dagger","Backflip"],"picked":"Dagger Spray","floor":8},{"not_picked":["Rudolta","WallGazer"],"picked":"OldLady","floor":10},{"not_picked":["Distraction","Choke"],"picked":"Expertise","floor":10},{"not_picked":["CrumblingArmor","SnowQueen","WallGazer"],"picked":"Singing Bowl","floor":12},{"not_picked":["Deadly Poison","Expertise"],"picked":"Footwork","floor":12},{"not_picked":["UniverseFragment","SingingMachine"],"picked":"Bloodbath","floor":13},{"not_picked":["Dodge and Roll","Poisoned Stab"],"picked":"Accuracy","floor":13},{"not_picked":["NakedNest","FieryBird"],"picked":"QueenBee","floor":14},{"not_picked":["Dodge and Roll","Footwork","Bane"],"picked":"SKIP","floor":14}],"player_experience":48301,"relics_obtained":[{"floor":1.0,"key":"LetterFromLob"},{"floor":9,"key":"Blood Vial"},{"floor":10,"key":"Pen Nib"}],"event_choices":[{"damage_healed":0.0,"max_hp_gain":0.0,"max_hp_loss":0.0,"gold_gain":0.0,"event_name":"Accursed Blacksmith","player_choice":"Forge","floor":2.0,"gold_loss":0.0,"damage_taken":0.0,"cards_upgraded":["Outmaneuver"]},{"damage_healed":0.0,"max_hp_gain":0.0,"max_hp_loss":0.0,"gold_gain":100.0,"event_name":"Wheel of Change","player_choice":"Gold","floor":5.0,"gold_loss":0.0,"damage_taken":0.0}],"is_beta":false,"boss_relics":[],"items_purged_floors":[11],"is_endless":false,"potions_floor_spawned":[4,7,8,10,14],"killed_by":"The Guardian","ascension_level":0}}