{"host":"t7rtdu4954o308h4","time":1609083802,"event":{"mods":["ATMod(阿瑾Mod)","AchievementEnabler","Act Like it!","Arknights The Spire","BaseMod","Conspire","Minty Spire (QoL Compilation)","MostiFishMod","Replay The Spire","StSLib","TestMod","Waifu the Spire","【功能Mod】聪明的最终Boss","【遗物卡牌】REMEMod","残留之物"],"gold_per_floor":[18,36,55,75,75,115,115,156,236,257,292,310,375,398,398,528,528,542,555,574,592,608,639,639,652,730,1344,1365,1410,723,746,746,865,865,880,896,83,83,416,416,426,460,460,494,514,101,0,0,0,0,0,0,0,33,33],"floor_reached":56,"playtime":2999,"items_purged":["ats:Defend","ats:Defend","ats:Strike S"],"score":1501,"play_id":"6aa1da79-7af6-4f20-906f-ac1cca7d159c","local_time":"20201227234322","is_ascension_mode":true,"campfire_choices":[{"data":"ats:Volcano","floor":7,"key":"SMITH"},{"data":"ats:Dogmatic Field","floor":15,"key":"SMITH"},{"data":"ats:Roar Of Ursus","floor":24,"key":"SMITH"},{"data":"ats:Mental Burst","floor":32,"key":"SMITH"},{"data":"ats:Sunburst","floor":40,"key":"SMITH"},{"floor":49,"key":"RECALL"},{"data":"ats:Assault Order","floor":52,"key":"SMITH"}],"circlet_count":0,"master_deck":["ats:Strike C","ats:Strike G","ats:Strike V","ats:Armor Crushing Shot","ats:Defend","ats:Defend","ats:Emotion Absorption","AT_FamilyPortrait","REME_SelfUpgrade","ats:True Silver Slash","ats:Mental Burst+1","ats:Sunburst+1","ats:Sword Rain","ats:Support Order","ats:Volcano+1","ats:Healing Drone","ats:LN2 Cannon","ats:Guardian Obelisk","ats:Ignite","ats:Dogmatic Field+1","ats:Roar Of Ursus+1","ats:Assault Order+1","ats:Magnetic Hammer","ats:Song Of Battle+1","ats:Demon Strength","ats:Charging Defense","ats:Mental Burst+1","ats:Nebulous Foxfire+1","ats:Burning Ground+1","ats:Counter Healing Mode+1"],"relics":["ats:Sanity","DaveBox","testmod-TestBox","REME_ComplimentaryCards","AT_ATBox","testmod-GiftOfSatan","HollowDreamFlower","SynthV:TestCard","ats:Originium","Quantum Egg","ats:Originium","Replay:Towering Pillar of Hats","Bottled Lightning","ats:Originium","Toy Ornithopter","testmod-Hope","ExusiaiGun","ats:Originium","Golden Egg","AT_Kusabimaru","Kunai","Pen Nib","ats:Arts","ChiXiaoBlade","BirthdayGift-Icosahedron","Replay:Wax Seal","AT_ForceNature","PreservedInsect","testmod-FatalChain","Red Mask","Replay:Bottled Eggs","Replay:WaspNest"],"acts_visited":["Exordium","TheCity","TheBeyond","TheEnding"],"potions_floor_usage":[6,13],"damage_taken":[{"damage":0,"enemies":"Small Slimes","floor":1,"turns":2},{"damage":6,"enemies":"Jaw Worm","floor":2,"turns":3},{"damage":6,"enemies":"2 Louse","floor":3,"turns":2},{"damage":10,"enemies":"Looter","floor":4,"turns":3},{"damage":6,"enemies":"Gremlin Nob","floor":6,"turns":3},{"damage":27,"enemies":"Lagavulin","floor":8,"turns":5},{"damage":14,"enemies":"Exordium Wildlife","floor":10,"turns":5},{"damage":26,"enemies":"3 Sentries","floor":11,"turns":6},{"damage":13,"enemies":"3 Louse","floor":12,"turns":3},{"damage":29,"enemies":"Gremlin Nob","floor":13,"turns":4},{"damage":5,"enemies":"conspire:2 RoseBushes","floor":14,"turns":4},{"damage":40,"enemies":"Slime Boss","floor":16,"turns":9},{"damage":20,"enemies":"2 Thieves","floor":18,"turns":4},{"damage":0,"enemies":"Spheric Guardian","floor":19,"turns":2},{"damage":0,"enemies":"Snecko","floor":20,"turns":1},{"damage":0,"enemies":"Snake Plant","floor":21,"turns":1},{"damage":0,"enemies":"Centurion and Healer","floor":22,"turns":1},{"damage":0,"enemies":"Slavers","floor":23,"turns":1},{"damage":0,"enemies":"Sentry and Sphere","floor":25,"turns":2},{"damage":10,"enemies":"Cultist and Chosen","floor":27,"turns":3},{"damage":1,"enemies":"Centurion and Healer","floor":28,"turns":2},{"damage":31,"enemies":"Gremlin Leader","floor":29,"turns":3},{"damage":5,"enemies":"Chosen and Byrds","floor":31,"turns":1},{"damage":22,"enemies":"Automaton","floor":33,"turns":4},{"damage":0,"enemies":"3 Darklings","floor":35,"turns":1},{"damage":0,"enemies":"3 Shapes","floor":36,"turns":2},{"damage":12,"enemies":"Sphere and 2 Shapes","floor":41,"turns":2},{"damage":6,"enemies":"Nemesis","floor":42,"turns":3},{"damage":0,"enemies":"R_Hoarder","floor":44,"turns":3},{"damage":0,"enemies":"Spire Growth","floor":45,"turns":1},{"damage":62,"enemies":"Donu and Deca","floor":50,"turns":4},{"damage":0,"enemies":"Shield and Spear","floor":54,"turns":1},{"damage":9,"enemies":"The Heart","floor":55,"turns":3}],"seed_played":"-3903228449855608420","potions_obtained":[{"floor":4,"key":"Fire Potion"},{"floor":8,"key":"conspire:TimeTravelPotion"},{"floor":12,"key":"Block Potion"},{"floor":13,"key":"Explosive Potion"},{"floor":14,"key":"SkillPotion"},{"floor":16,"key":"ColorlessPotion"},{"floor":25,"key":"Strength Potion"}],"is_trial":false,"path_per_floor":["M","M","M","M","?","E","R","E","T","M","E","M","?","M","R","B",null,"M","M","M","M","M","E","R","M","T","M","M","E","$","M","R","B",null,"M","M","$","?","?","R","M","E","T","E","M","$","?","T","R","B",null,"R","$","E","B",null],"character_chosen":"DOCTOR_CLASS","items_purchased":["Kunai","Pen Nib","ats:Arts","ats:Mental Burst+1","BirthdayGift-Icosahedron","testmod-FatalChain"],"campfire_rested":0,"item_purchase_floors":[30,30,30,30,37,46],"current_hp_per_floor":[77,82,83,77,56,61,61,38,38,49,55,64,71,86,86,85,129,115,119,136,136,136,136,136,136,136,126,129,143,143,143,143,121,143,143,143,143,136,136,136,125,143,143,150,150,150,150,150,150,95,150,150,150,150,150],"gold":33,"neow_bonus":"THREE_RARE_CARDS","is_daily":false,"chose_seed":false,"campfire_upgraded":6,"win_rate":0.0,"timestamp":1609083802,"path_taken":["M","M","M","M","?","E","R","E","T","M","E","M","?","M","R","BOSS","M","M","M","M","M","E","R","M","T","M","M","E","$","M","R","BOSS","M","M","$","?","?","R","M","E","T","E","M","$","?","?","R","BOSS","R","$","E","BOSS"],"items_purchased_type":["Relic","Relic","Relic","Card","Relic","Relic"],"build_version":"2020-12-22","purchased_purges":3,"victory":true,"max_hp_per_floor":[77,82,87,87,87,87,87,87,87,94,108,115,115,122,122,129,129,129,129,136,136,136,136,136,136,136,136,136,143,143,143,143,143,143,143,143,143,136,136,136,136,143,143,150,150,150,150,150,150,150,150,150,150,150,150],"card_choices":[{"not_picked":["ats:Echo Reverb","ats:Durian"],"picked":"ats:True Silver Slash","floor":0},{"not_picked":["ats:Powerful Strike","ats:Curse Doll","ats:Explosion Area Strengthen"],"picked":"ats:Mental Burst","floor":1},{"not_picked":["ats:Explosion Area Strengthen","ats:Childhood Dance","ats:Healing Strengthening","ats:Poison Spread","ats:Assault Order"],"picked":"ats:Sunburst","floor":2},{"not_picked":["ats:Red Shift","ats:Leaping Hammer","ats:Flexible Camouflage","ats:Powerful Strike","ats:Sunburst"],"picked":"ats:Sword Rain","floor":3},{"not_picked":["ats:Assault Order","ats:Counter Healing Mode","ats:Red Shift","ats:Cat Scratch","ats:Consecutive Shot Auto"],"picked":"ats:Support Order","floor":4},{"not_picked":["ats:Overload","ats:Thorns","ats:Explosion Area Strengthen","ats:Assault Order","ats:Leaping Hammer"],"picked":"ats:Volcano","floor":6},{"not_picked":["ats:Overload","ats:Poison Spread","ats:Cat Scratch","ats:Leaping Hammer","ats:Support Order"],"picked":"ats:Healing Drone","floor":8},{"not_picked":["ats:Explosion Area Strengthen","ats:Leaping Hammer","ats:Flexible Camouflage","ats:Poison Spread","ats:Shadow Raid","ats:Shell Defense"],"picked":"ats:LN2 Cannon","floor":10},{"not_picked":["ats:Overload","ats:Rat Pack","ats:Poison Spread","ats:Flexible Camouflage","ats:Red Shift"],"picked":"ats:Guardian Obelisk","floor":11},{"not_picked":["ats:Curse Doll","ats:Flexible Camouflage","ats:Shell Defense","ats:Cat Scratch"],"picked":"ats:Ignite","floor":12},{"not_picked":["ats:Sword Rain","ats:Apocalypse","ats:Shell Defense","ats:Beaten Up"],"picked":"ats:Dogmatic Field","floor":14},{"not_picked":["ats:Rat Pack","ats:Volcano","ats:Soul Rend","ats:Wolf Pack","ats:Durian"],"picked":"ats:Roar Of Ursus","floor":16},{"not_picked":["ats:Healing Drone","ats:Consecutive Shot Auto","ats:Explosion Area Strengthen","ats:Curse Doll","ats:Roar Of Ursus"],"picked":"ats:Assault Order","floor":18},{"not_picked":["ats:Assault Order","ats:Hammer On+1","ats:Red Shift","ats:Chain Hook"],"picked":"ats:Magnetic Hammer","floor":19},{"not_picked":["ats:Part Time Job","ats:Apocalypse","ats:Explosion Area Strengthen","ats:Revitalization"],"picked":"ats:Song Of Battle","floor":20},{"not_picked":["ats:Poison Spread","ats:Curse Doll+1","ats:Sunburst","ats:Assault Order"],"picked":"ats:Demon Strength","floor":21},{"not_picked":["ats:Flexible Camouflage","ats:Blood Oath","ats:Poison Spread","ats:Guardian Obelisk","ats:Apocalypse+1"],"picked":"SKIP","floor":22},{"not_picked":["ats:Dogmatic Field","ats:Revitalization","ats:Curse Doll","ats:LN2 Cannon","ats:Powerful Strike"],"picked":"SKIP","floor":23},{"not_picked":["ats:Mental Burst","ats:Guardian Obelisk","ats:Explosion Area Strengthen","ats:Curse Doll+1","ats:Poison Spread"],"picked":"SKIP","floor":25},{"not_picked":["ats:Hook Shot","ats:Explosion Area Strengthen","ats:Shell Defense+1","ats:Hammer On","ats:Guardian Obelisk"],"picked":"SKIP","floor":27},{"not_picked":["ats:Ignite","ats:Very Hot Blade","ats:Flexible Camouflage","ats:Consecutive Shot Auto","ats:Neurotoxin"],"picked":"ats:Charging Defense","floor":28},{"not_picked":["ats:Childhood Dance+1","ats:Consecutive Shot Auto+1","ats:Apocalypse","ats:Shell Defense+1","ats:Soul Rend","ats:Hook Shot+1"],"picked":"SKIP","floor":29},{"not_picked":["ats:Apocalypse","ats:Curse Doll+1","ats:Consecutive Shot Auto","ats:Revitalization","ats:Neurotoxin"],"picked":"SKIP","floor":31},{"not_picked":["ats:Fractured Body","ats:Roar Of Ursus","ats:Disruption Kick","ats:Wolf Pack","ats:Echo Reverb"],"picked":"ats:Nebulous Foxfire","floor":33},{"not_picked":["ats:Composite Medical Shells","ats:Demon Strength","ats:Explosion Area Strengthen+1","ats:Apocalypse","ats:Revitalization+1"],"picked":"SKIP","floor":35},{"not_picked":["ats:Directed Diagnosis+1","ats:Assault Order+1","ats:Healing Strengthening","ats:Collapsing Strike","ats:Explosion Area Strengthen+1"],"picked":"SKIP","floor":36},{"not_picked":["ats:Beaten Up","ats:Hammer On+1","ats:Cat Scratch","ats:Defend Order","ats:Explosion Area Strengthen"],"picked":"SKIP","floor":41},{"not_picked":["ats:Cat Scratch+1","ats:Soul Absorption","ats:Consecutive Shot Auto","ats:Ambush","ats:Explosion Area Strengthen"],"picked":"SKIP","floor":42},{"not_picked":["ats:Charging Defense","ats:Magnetic Hammer+1","ats:Closed Bolt Burst Fire+1","ats:Collapsing Strike","ats:LN2 Cannon+1","ats:Hammer On"],"picked":"SKIP","floor":44},{"not_picked":["ats:Shell Defense+1","ats:Song Of Battle","ats:Childhood Dance+1","ats:Cat Scratch+1"],"picked":"ats:Burning Ground+1","floor":45},{"not_picked":["ats:Shell Defense","ats:Powerful Strike+1","ats:Flexible Camouflage+1","ats:Leaping Hammer"],"picked":"ats:Counter Healing Mode+1","floor":54}],"player_experience":46777,"relics_obtained":[{"floor":1,"key":"SynthV:TestCard"},{"floor":6,"key":"ats:Originium"},{"floor":6,"key":"Quantum Egg"},{"floor":8,"key":"ats:Originium"},{"floor":8,"key":"Replay:Towering Pillar of Hats"},{"floor":9,"key":"Bottled Lightning"},{"floor":11,"key":"ats:Originium"},{"floor":11,"key":"Toy Ornithopter"},{"floor":23,"key":"ats:Originium"},{"floor":23,"key":"Golden Egg"},{"floor":29,"key":"AT_Kusabimaru"},{"floor":42,"key":"Replay:Wax Seal"},{"floor":43,"key":"AT_ForceNature"},{"floor":44,"key":"PreservedInsect"},{"floor":48,"key":"Replay:Bottled Eggs"},{"floor":54,"key":"Replay:WaspNest"}],"event_choices":[{"damage_healed":0,"gold_gain":0,"player_choice":"Take Damage","damage_taken":21,"relics_obtained":["Golden Idol"],"max_hp_gain":0,"max_hp_loss":0,"event_name":"Golden Idol","floor":5,"gold_loss":0},{"damage_healed":0,"gold_gain":30,"player_choice":"Searched \u00273\u0027 times","damage_taken":0,"relics_obtained":["testmod-Hope"],"max_hp_gain":0,"max_hp_loss":0,"event_name":"Dead Adventurer","floor":13,"gold_loss":0},{"damage_healed":0,"gold_gain":0,"player_choice":"Max HP","damage_taken":0,"max_hp_gain":0,"max_hp_loss":7,"event_name":"Winding Halls","floor":38,"gold_loss":0},{"damage_healed":0,"gold_gain":333,"player_choice":"Gave Idol","damage_taken":0,"max_hp_gain":0,"max_hp_loss":0,"event_name":"The Moai Head","floor":39,"relics_lost":["Golden Idol"],"gold_loss":0},{"damage_healed":0,"gold_gain":0,"player_choice":"Paid","damage_taken":0,"relics_obtained":["Red Mask"],"max_hp_gain":0,"max_hp_loss":0,"event_name":"Tomb of Lord Red Mask","floor":47,"gold_loss":101}],"is_beta":false,"boss_relics":[{"not_picked":["OneHitWonderSystem","FrostBlade"],"picked":"ExusiaiGun"},{"not_picked":["RhineCircuit","SlaversCollar"],"picked":"ChiXiaoBlade"}],"items_purged_floors":[30,37,46],"is_endless":false,"potions_floor_spawned":[4,8,12,13,14,16,20,21,25,27,35],"ascension_level":1}}