{"host":"28p8ce41sjwa6lzf","time":1609045168,"event":{"mods":["AchievementEnabler","BaseMod","Colored Map","Colored Powertips","Highlight Path","Minty Spire (QoL Compilation)","Permanent Neow","Quick Restart","Random Character Button","Rare Cards Sparkle","Relic Stats","StSLib"],"gold_per_floor":[115,115,28,28,47,47,58,97,120,120,155,155,181,208,208,291,300,319,15,15,65,86,127,127,163,163,198,198,221,232,260,260,260,260],"floor_reached":33,"playtime":1610,"items_purged":["Strike_B"],"score":655,"play_id":"0ed47a86-ebb6-4209-9232-6080c91ee935","local_time":"20201226225928","is_ascension_mode":true,"campfire_choices":[{"data":"Defragment","floor":6.0,"key":"SMITH"},{"data":"Ball Lightning","floor":10.0,"key":"SMITH"},{"floor":12.0,"key":"REST"},{"data":"White Noise","floor":15.0,"key":"SMITH"},{"floor":24.0,"key":"REST"},{"floor":28.0,"key":"REST"},{"data":"Defragment","floor":32,"key":"SMITH"}],"circlet_count":0,"master_deck":["AscendersBane","Strike_B+1","Strike_B+1","Strike_B","Defend_B","Defend_B","Defend_B","Defend_B","Zap","Dualcast","Lockon","Defragment+1","Hologram","Steam","Ball Lightning+1","White Noise+1","Gash","Cold Snap","Electrodynamics","CurseOfTheBell","Self Repair+1","Defragment+1","Defragment+1","Turbo","Amplify","Defragment+1","Undo","Steam","Coolheaded"],"relics":["Cracked Core","Whetstone","CeramicFish","Strawberry","Bird Faced Urn","Calling Bell","Juzu Bracelet","Matryoshka","FossilizedHelix","DollysMirror","Pen Nib","Shuriken","Kunai","Blood Vial","Tiny Chest"],"acts_visited":["Exordium","TheCity"],"potions_floor_usage":[29],"damage_taken":[{"damage":0.0,"enemies":"2 Louse","floor":1.0,"turns":4.0},{"damage":2.0,"enemies":"Jaw Worm","floor":5.0,"turns":3.0},{"damage":11.0,"enemies":"Small Slimes","floor":7.0,"turns":4.0},{"damage":26.0,"enemies":"Lagavulin","floor":8.0,"turns":5.0},{"damage":19.0,"enemies":"3 Sentries","floor":11.0,"turns":4.0},{"damage":0.0,"enemies":"3 Louse","floor":13.0,"turns":3.0},{"damage":8.0,"enemies":"Blue Slaver","floor":14.0,"turns":3.0},{"damage":28.0,"enemies":"The Guardian","floor":16.0,"turns":10.0},{"damage":0.0,"enemies":"Spheric Guardian","floor":18.0,"turns":3.0},{"damage":0.0,"enemies":"Chosen","floor":22.0,"turns":4.0},{"damage":69.0,"enemies":"Book of Stabbing","floor":23.0,"turns":5.0},{"damage":5.0,"enemies":"Gremlin Leader","floor":25.0,"turns":6.0},{"damage":70.0,"enemies":"Slavers","floor":27.0,"turns":6.0},{"damage":22,"enemies":"Shelled Parasite and Fungi","floor":29,"turns":6},{"damage":22,"enemies":"Centurion and Healer","floor":30,"turns":7},{"damage":29,"enemies":"Snecko","floor":31,"turns":7},{"damage":65,"enemies":"Automaton","floor":33,"turns":6}],"seed_played":"3521775035864183596","potions_obtained":[{"floor":1.0,"key":"SteroidPotion"},{"floor":7.0,"key":"Swift Potion"},{"floor":11.0,"key":"Dexterity Potion"},{"floor":16.0,"key":"DuplicationPotion"},{"floor":23.0,"key":"SpeedPotion"},{"floor":27.0,"key":"Weak Potion"}],"is_trial":false,"path_per_floor":["M","?","$","?","M","R","M","E","T","R","E","R","M","M","R","B",null,"M","$","?","?","M","E","R","E","T","E","R","M","M","M","R","B"],"character_chosen":"DEFECT","items_purchased":["Defragment","DollysMirror","Defragment"],"campfire_rested":3,"item_purchase_floors":[3,19,19],"current_hp_per_floor":[64,64,64,64,62,62,51,25,32,32,13,36,38,34,34,10,61,67,67,67,67,78,27,50,67,67,23,46,50,56,51,51,0,0],"gold":260,"neow_bonus":"RANDOM_COMMON_RELIC","is_daily":false,"chose_seed":false,"campfire_upgraded":4,"win_rate":0.0,"timestamp":1609045168,"path_taken":["M","?","$","?","M","R","M","E","T","R","E","R","M","M","R","BOSS","M","$","?","?","M","E","R","E","T","E","R","M","M","M","R","BOSS"],"items_purchased_type":["Card","Relic","Card"],"build_version":"2020-12-22","purchased_purges":1,"victory":false,"max_hp_per_floor":[71,71,71,71,71,71,71,71,78,78,78,78,78,78,78,78,78,78,78,78,78,78,78,78,78,78,78,78,78,78,78,78,78,78],"relic_stats":{"Blood Vial":10,"counters":[17,86],"Shuriken":[2],"CeramicFish":135,"Bird Faced Urn":[112],"Tiny Chest":0,"Pen Nib":[4],"Juzu Bracelet":0,"Whetstone":["Strike_B","Strike_B"],"Kunai":[2],"obtain_stats":[{"CeramicFish":8,"Pen Nib":23,"Juzu Bracelet":17,"Whetstone":0,"Calling Bell":17,"Blood Vial":26,"Matryoshka":17,"DollysMirror":19,"Shuriken":25,"Strawberry":9,"Bird Faced Urn":11,"Tiny Chest":27,"Kunai":26,"Cracked Core":0,"FossilizedHelix":17},{"CeramicFish":4,"Pen Nib":11,"Juzu Bracelet":8,"Whetstone":0,"Calling Bell":8,"Blood Vial":12,"Matryoshka":8,"DollysMirror":9,"Shuriken":12,"Strawberry":4,"Bird Faced Urn":5,"Tiny Chest":13,"Kunai":12,"Cracked Core":0,"FossilizedHelix":8},{"CeramicFish":16,"Pen Nib":48,"Juzu Bracelet":36,"Whetstone":0,"Calling Bell":36,"Blood Vial":54,"Matryoshka":36,"DollysMirror":39,"Shuriken":54,"Strawberry":16,"Bird Faced Urn":20,"Tiny Chest":60,"Kunai":54,"Cracked Core":0,"FossilizedHelix":36}]},"card_choices":[{"not_picked":["Turbo","Leap"],"picked":"Lockon","floor":1.0},{"not_picked":["Double Energy","Stack"],"picked":"Hologram","floor":5.0},{"not_picked":["Redo","Consume"],"picked":"Steam","floor":7.0},{"not_picked":["Steam","Barrage"],"picked":"Ball Lightning","floor":8.0},{"not_picked":["Conserve Battery","Turbo"],"picked":"White Noise","floor":11.0},{"not_picked":["Hologram","Melter"],"picked":"Gash","floor":13.0},{"not_picked":["Steam","Conserve Battery"],"picked":"Cold Snap","floor":14.0},{"not_picked":["All For One","Buffer"],"picked":"Electrodynamics","floor":16.0},{"not_picked":["Sweeping Beam","Redo"],"picked":"Self Repair+1","floor":18.0},{"not_picked":["Undo","Hologram"],"picked":"Turbo","floor":22.0},{"not_picked":["Go for the Eyes","Rebound"],"picked":"Amplify","floor":23.0},{"not_picked":["Hologram","Steam Power"],"picked":"Defragment+1","floor":25.0},{"not_picked":["Aggregate","Buffer"],"picked":"Undo","floor":27.0},{"not_picked":["Tempest","Barrage"],"picked":"Steam","floor":29},{"not_picked":["Rebound","Darkness","Steam"],"picked":"SKIP","floor":30},{"not_picked":["Force Field","Leap"],"picked":"Coolheaded","floor":31}],"player_experience":1052132,"relics_obtained":[{"floor":8.0,"key":"CeramicFish"},{"floor":9.0,"key":"Strawberry"},{"floor":11.0,"key":"Bird Faced Urn"},{"floor":17.0,"key":"Juzu Bracelet"},{"floor":17.0,"key":"Matryoshka"},{"floor":17.0,"key":"FossilizedHelix"},{"floor":23.0,"key":"Pen Nib"},{"floor":25.0,"key":"Shuriken"},{"floor":26.0,"key":"Kunai"},{"floor":26.0,"key":"Blood Vial"},{"floor":27.0,"key":"Tiny Chest"}],"event_choices":[{"damage_healed":0.0,"max_hp_gain":0.0,"max_hp_loss":0.0,"gold_gain":0.0,"event_name":"The Cleric","player_choice":"Leave","floor":2.0,"gold_loss":0.0,"damage_taken":0.0},{"damage_healed":0.0,"max_hp_gain":0.0,"max_hp_loss":0.0,"gold_gain":0.0,"event_name":"Scrap Ooze","player_choice":"Fled","floor":4.0,"gold_loss":0.0,"damage_taken":0.0},{"damage_healed":0.0,"max_hp_gain":0.0,"max_hp_loss":0.0,"gold_gain":0.0,"event_name":"The Mausoleum","player_choice":"Ignored","floor":20.0,"gold_loss":0.0,"damage_taken":0.0},{"damage_healed":0.0,"max_hp_gain":0.0,"max_hp_loss":0.0,"gold_gain":50.0,"event_name":"Nest","player_choice":"Stole From Cult","floor":21.0,"gold_loss":0.0,"damage_taken":0.0}],"is_beta":false,"boss_relics":[{"not_picked":["Tiny House","SlaversCollar"],"picked":"Calling Bell"}],"items_purged_floors":[19],"is_endless":false,"potions_floor_spawned":[1,7,11,16,18,23,27],"killed_by":"Automaton","ascension_level":20}}