{"host":"sh8ot41fo7a0kahq","time":1609051528,"event":{"mods":["ATMod(°¢èªMod)","BaseMod","Better Third Choice","Colored Powertips","Displayed Cursed Tome","Minty Spire (QoL Compilation)","Quick Restart","Spicy Shops","StSLib","UnlockEverythingMod","¡¾ÒÅÎï¿¨ÅÆ¡¿REMEMod"],"gold_per_floor":[111,111,126,139,214,214,214],"floor_reached":6,"playtime":285,"items_purged":[],"score":45,"play_id":"34d6a432-21c1-48b0-9d6c-1001d11e71b8","local_time":"20201227144528","is_ascension_mode":true,"campfire_choices":[],"circlet_count":0,"master_deck":["Strike_G","Strike_G","Strike_G","Strike_G","Strike_G","Defend_G","Defend_G","Defend_G","Defend_G","Defend_G","Survivor","Neutralize","AT_PowerWithin","REME_WheelOfFate","Night Terror","Blade Dance","AT_WindFlip"],"relics":["Ring of the Snake","AT_ATBox","REME_ComplimentaryCards","Art of War"],"acts_visited":["Exordium"],"potions_floor_usage":[],"damage_taken":[{"damage":26,"enemies":"Jaw Worm","floor":1,"turns":5},{"damage":0,"enemies":"Cultist","floor":3,"turns":3},{"damage":10,"enemies":"Small Slimes","floor":4,"turns":2},{"damage":32,"enemies":"3 Sentries","floor":6,"turns":5}],"seed_played":"5414849734956449648","potions_obtained":[{"floor":2,"key":"FairyPotion"},{"floor":2,"key":"EssenceOfSteel"},{"floor":2,"key":"Weak Potion"},{"floor":4,"key":"GhostInAJar"}],"is_trial":false,"path_per_floor":["M","?","M","M","?","E"],"character_chosen":"THE_SILENT","items_purchased":[],"campfire_rested":0,"item_purchase_floors":[],"current_hp_per_floor":[23,23,23,13,2,0,0],"gold":214,"neow_bonus":"THREE_RARE_CARDS","is_daily":false,"chose_seed":false,"campfire_upgraded":0,"win_rate":0.0,"timestamp":1609051528,"path_taken":["M","?","M","?","?","E"],"items_purchased_type":[],"build_version":"2020-12-22","purchased_purges":0,"victory":false,"max_hp_per_floor":[70,70,70,70,70,70,70],"card_choices":[{"not_picked":["Adrenaline","REME_CopyPotion"],"picked":"Night Terror","floor":0},{"not_picked":["Heel Hook","Blade Dance","Setup"],"picked":"SKIP","floor":1},{"not_picked":["Flying Knee","REME_ShadowStrike"],"picked":"Blade Dance","floor":3},{"not_picked":["Bane","Underhanded Strike"],"picked":"AT_WindFlip","floor":4}],"player_experience":281865,"relics_obtained":[],"event_choices":[{"damage_healed":0,"gold_gain":0,"player_choice":"Got Potions","damage_taken":0,"max_hp_gain":0,"max_hp_loss":0,"event_name":"Lab","floor":2,"gold_loss":0},{"damage_healed":0,"gold_gain":75,"player_choice":"Gold","damage_taken":11,"max_hp_gain":0,"max_hp_loss":0,"event_name":"betterThird:BetterGoop","floor":5,"gold_loss":0}],"is_beta":false,"boss_relics":[],"items_purged_floors":[],"is_endless":false,"potions_floor_spawned":[3,4],"killed_by":"3 Sentries","ascension_level":5}}