{"host":"43gh4c2f6tt319we","time":1609069295,"event":{"mods":["ATMod(∞¢Ë™Mod)","Act Like it!","BaseMod","Gensokyo","KinomotoSakuraMod(ƒæ÷Æ±æ”£)","Marisa£®ÏF”Í°°ƒß¿Ì…≥£©","Minty Spire (QoL Compilation)","Reimu£®≤©¿ˆ¡È√Œ£©","Remilia£®¿Ÿ√◊¿Ú—«£©","StSLib","The Alterego","The Bug Knight","Youmu£®ªÍ∆«—˝√Œ£©"],"gold_per_floor":[113,133,149,149,159,159,159,186,186,186,186,186,203,103,103,204,204,217,217,217,217,217,248,248,64,64,75,91,11,25,5,5,5,5],"floor_reached":33,"playtime":1722,"items_purged":["Pain","alterego_mod:Strike"],"score":273,"play_id":"09475322-9520-466e-a2d2-997639380a35","local_time":"20201227204135","is_ascension_mode":false,"campfire_choices":[{"data":"Gensokyo:CrescentMoonSlash","floor":6,"key":"SMITH"},{"data":"alterego_mod:BrynhildrsRune","floor":15,"key":"SMITH"},{"data":"alterego_mod:Rake","floor":32,"key":"SMITH"}],"circlet_count":0,"master_deck":["alterego_mod:Strike","alterego_mod:Strike","alterego_mod:Strike","alterego_mod:Defend","alterego_mod:Defend","alterego_mod:Defend","alterego_mod:Defend","alterego_mod:Impale","alterego_mod:BigMeatyClaws","alterego_mod:BrynhildrsRune+1","AT_DrawKnifeCut","Gensokyo:CrescentMoonSlash+1","alterego_mod:SakuraLabyrinth","alterego_mod:Smother+1","alterego_mod:Rake+1","AT_EmpoweredMortalDraw","alterego_mod:DeftHands","Gensokyo:SevenSchoolMysteries+1","alterego_mod:Collar","alterego_mod:AlterEgo+1","alterego_mod:RocketPunch","Madness","Gensokyo:RustyChest"],"relics":["alterego_mod:MasochisticConstitution","AT_ATBox","NeowsBlessing","The Courier","Oddly Smooth Stone","Frozen Egg 2","Gensokyo:LunaticRedEyes","AT_MortalBlade","Gensokyo:ChorusOfJoy","WingedGreaves","AT_BellowingDragoncrestRing","Shuriken"],"acts_visited":["Exordium","Gensokyo:Gensokyo"],"potions_floor_usage":[11,13,16,28,33],"damage_taken":[{"damage":0,"enemies":"Gensokyo:3_Fairies","floor":1,"turns":1},{"damage":0,"enemies":"Gensokyo:Gryphon","floor":2,"turns":1},{"damage":0,"enemies":"Gensokyo:2_Kodama","floor":3,"turns":1},{"damage":15,"enemies":"Gensokyo:CorruptedTreant","floor":5,"turns":5},{"damage":4,"enemies":"Gensokyo:Cirno","floor":8,"turns":4},{"damage":18,"enemies":"Gensokyo:Aya","floor":11,"turns":5},{"damage":3,"enemies":"Gensokyo:Kitsune","floor":13,"turns":5},{"damage":55,"enemies":"Gensokyo:Kokoro","floor":16,"turns":12},{"damage":0,"enemies":"Gensokyo:CosmicMonolith","floor":18,"turns":2},{"damage":22,"enemies":"Gensokyo:Reisen","floor":23,"turns":5},{"damage":0,"enemies":"Gensokyo:Chomper","floor":27,"turns":3},{"damage":2,"enemies":"Gensokyo:Slime_Group","floor":28,"turns":4},{"damage":0,"enemies":"Gensokyo:Swordslinger","floor":30,"turns":2},{"damage":70,"enemies":"Gensokyo:Eiki","floor":33,"turns":5}],"seed_played":"9183006570255835389","potions_obtained":[{"floor":1,"key":"SmokeBomb"},{"floor":3,"key":"SmokeBomb"},{"floor":8,"key":"Swift Potion"},{"floor":13,"key":"SpeedPotion"},{"floor":18,"key":"SpeedPotion"},{"floor":30,"key":"Fire Potion"}],"is_trial":false,"path_per_floor":["M","M","M","?","M","R","T","E","T","?","E","?","M","?","R","B",null,"M","?","?","?","?","E","?","$","T","M","M","$","M","COS","R","B"],"character_chosen":"The_Alterego","items_purchased":["alterego_mod:RocketPunch","Madness"],"campfire_rested":0,"item_purchase_floors":[25,25],"current_hp_per_floor":[70,70,70,60,46,46,46,43,43,36,19,19,24,74,74,20,75,75,75,80,72,67,60,60,60,60,60,69,69,69,69,69,0,0],"gold":5,"neow_bonus":"THREE_ENEMY_KILL","is_daily":false,"chose_seed":false,"campfire_upgraded":3,"win_rate":0.0,"timestamp":1609069295,"path_taken":["M","M","?","?","?","R","?","E","T","?","E","?","M","?","R","BOSS","M","?","?","?","?","E","?","$","T","M","M","?","?","COS","R","BOSS"],"items_purchased_type":["Card","Card"],"build_version":"2020-12-22","purchased_purges":2,"victory":false,"max_hp_per_floor":[70,70,70,70,71,71,71,72,72,72,73,73,74,74,74,75,75,75,75,80,72,67,68,68,68,68,68,69,69,69,69,69,69,69],"card_choices":[{"not_picked":["alterego_mod:DustData","alterego_mod:Mirror"],"picked":"alterego_mod:Rip","floor":1},{"not_picked":["alterego_mod:Collar","alterego_mod:Jiggle","alterego_mod:MagicResistance"],"picked":"SKIP","floor":2},{"not_picked":["alterego_mod:DestructionOfProperty","alterego_mod:GoddessCore","alterego_mod:Maid"],"picked":"SKIP","floor":3},{"not_picked":["alterego_mod:Cooking","alterego_mod:Bounce","alterego_mod:Maid"],"picked":"SKIP","floor":5},{"not_picked":["alterego_mod:Belts","alterego_mod:DiscoLights"],"picked":"alterego_mod:SakuraLabyrinth","floor":8},{"not_picked":["alterego_mod:HighServant","alterego_mod:Santa"],"picked":"alterego_mod:Smother+1","floor":13},{"not_picked":["alterego_mod:InsideBaseball+1","alterego_mod:Antipathy"],"picked":"alterego_mod:Rake","floor":16},{"not_picked":["alterego_mod:Clones","alterego_mod:PerceptionDisorder+1"],"picked":"alterego_mod:DeftHands","floor":18},{"not_picked":["Gensokyo:MenInBlack","Gensokyo:Doppelganger"],"picked":"Gensokyo:SevenSchoolMysteries+1","floor":21},{"not_picked":["alterego_mod:GIGAMILK","alterego_mod:Complex+1"],"picked":"alterego_mod:Collar","floor":23},{"not_picked":["alterego_mod:1TonWallop","alterego_mod:Skirt","alterego_mod:BustOut+1"],"picked":"SKIP","floor":27},{"not_picked":["alterego_mod:Skirt","alterego_mod:SuperDuperMasochism","alterego_mod:Undulate"],"picked":"SKIP","floor":28},{"not_picked":["alterego_mod:Punishment+1","alterego_mod:SuperDuperMasochism","alterego_mod:HighServant"],"picked":"SKIP","floor":30}],"player_experience":477982,"relics_obtained":[{"floor":7,"key":"The Courier"},{"floor":8,"key":"Oddly Smooth Stone"},{"floor":9,"key":"Frozen Egg 2"},{"floor":23,"key":"AT_BellowingDragoncrestRing"},{"floor":26,"key":"Shuriken"}],"event_choices":[],"is_beta":false,"boss_relics":[{"not_picked":["AT_TrinityForce","Empty Cage"],"picked":"AT_MortalBlade"}],"items_purged_floors":[25,29],"is_endless":false,"potions_floor_spawned":[1,3,8,13,18,30],"killed_by":"Gensokyo:Eiki","ascension_level":0}}