{"host":"w7dhjqgqsib0c3vt","time":1609077718,"event":{"mods":["ATMod(°¢èªMod)","BaseMod","Minty Spire (QoL Compilation)","Shop Mod","StSLib","TheWitcher"],"gold_per_floor":[114,114,114,3,3,46,46,46,120,27,40,54,54,85,85,181,181,206,286,304,322,337,381,73,73,121,121,148,163,9,24,24,101,101,119,144,144,0,17,17,36,61,61,61,106,197,256,299,299,424],"floor_reached":51,"playtime":1533,"items_purged":["Regret","Injury"],"score":1378,"play_id":"3c83f4da-f898-454d-ae2c-db5fe72d1264","local_time":"20201227220158","is_ascension_mode":true,"campfire_choices":[{"floor":7.0,"key":"REST"},{"floor":13.0,"key":"REST"},{"floor":15.0,"key":"REST"},{"floor":25.0,"key":"REST"},{"floor":32.0,"key":"REST"},{"data":"Demon Form","floor":40.0,"key":"SMITH"},{"data":"Mind Blast","floor":49.0,"key":"SMITH"}],"circlet_count":0,"master_deck":["AscendersBane","Strike_R","Strike_R","Strike_R","Strike_R","Strike_R","Defend_R+1","Defend_R+1","Defend_R","Defend_R","Bash","AT_FamilyPortrait+1","Sword Boomerang","Uppercut","Headbutt","AT_LightSaberMaster","Shrug It Off","Cleave","Anger","Demon Form+1","Inflame","Spot Weakness","Wild Strike","Twin Strike+1","Rampage","AT_DrawKnifeCut","AT_BodySlamDance","AT_IchimonjiDouble+1","Reaper","Shockwave","Power Through","AT_TearsDenial","Mind Blast+1","Apotheosis","AT_CaressingTears","Thunderclap","Flex","Parasite","Wild Strike","Whirlwind","AT_Dispersion"],"relics":["Burning Blood","AT_ATBox","Bloody Idol","Lantern","Pen Nib","AT_Kusabimaru","AT_ForceNature","White Beast Statue","Runic Pyramid","Bottled Tornado","Lizard Tail","Sling","Vajra","Red Skull","Strange Spoon","Mark of Pain","Unceasing Top","Red Mask","AT_MibuBalloonWealth","Pear","Charon\u0027s Ashes"],"acts_visited":["Exordium","TheCity","TheBeyond"],"potions_floor_usage":[50,50],"damage_taken":[{"damage":11.0,"enemies":"Cultist","floor":1.0,"turns":4.0},{"damage":45.0,"enemies":"3 Sentries","floor":6.0,"turns":8.0},{"damage":0.0,"enemies":"Jaw Worm","floor":11.0,"turns":3.0},{"damage":0.0,"enemies":"Small Slimes","floor":12.0,"turns":2.0},{"damage":16.0,"enemies":"Gremlin Nob","floor":14.0,"turns":3.0},{"damage":21.0,"enemies":"Slime Boss","floor":16.0,"turns":13.0},{"damage":7.0,"enemies":"Chosen","floor":18.0,"turns":4.0},{"damage":15.0,"enemies":"Shell Parasite","floor":20.0,"turns":4.0},{"damage":5.0,"enemies":"Snecko","floor":21.0,"turns":3.0},{"damage":25.0,"enemies":"3 Cultists","floor":22.0,"turns":5.0},{"damage":38.0,"enemies":"Book of Stabbing","floor":23.0,"turns":4.0},{"damage":42.0,"enemies":"Slavers","floor":28.0,"turns":4.0},{"damage":4.0,"enemies":"Chosen and Byrds","floor":29.0,"turns":4.0},{"damage":6.0,"enemies":"Cultist and Chosen","floor":31.0,"turns":3.0},{"damage":20.0,"enemies":"Champ","floor":33.0,"turns":4.0},{"damage":11.0,"enemies":"3 Darklings","floor":35.0,"turns":4.0},{"damage":0.0,"enemies":"Mind Bloom Boss Battle","floor":36.0,"turns":4.0},{"damage":0.0,"enemies":"3 Shapes","floor":39.0,"turns":3.0},{"damage":31.0,"enemies":"3 Darklings","floor":41.0,"turns":3.0},{"damage":32.0,"enemies":"Reptomancer","floor":42.0,"turns":4.0},{"damage":12.0,"enemies":"Writhing Mass","floor":45.0,"turns":3.0},{"damage":7.0,"enemies":"Jaw Worm Horde","floor":46.0,"turns":3.0},{"damage":1.0,"enemies":"Giant Head","floor":47.0,"turns":6.0},{"damage":18.0,"enemies":"Spire Growth","floor":48.0,"turns":3.0},{"damage":82,"enemies":"Awakened One","floor":50,"turns":7}],"seed_played":"-3112912404233470600","potions_obtained":[{"floor":14.0,"key":"Ancient Potion"},{"floor":16.0,"key":"FearPotion"},{"floor":21.0,"key":"BloodPotion"},{"floor":22.0,"key":"CultistPotion"},{"floor":23.0,"key":"DuplicationPotion"},{"floor":28.0,"key":"SteroidPotion"},{"floor":29.0,"key":"SkillPotion"},{"floor":31.0,"key":"BlessingOfTheForge"},{"floor":33.0,"key":"ElixirPotion"},{"floor":35.0,"key":"Explosive Potion"},{"floor":36.0,"key":"FearPotion"},{"floor":41.0,"key":"DistilledChaos"},{"floor":42.0,"key":"DistilledChaos"},{"floor":45.0,"key":"ColorlessPotion"},{"floor":46.0,"key":"AttackPotion"},{"floor":48.0,"key":"BloodPotion"}],"is_trial":false,"path_per_floor":["M","?","?","$","?","E","R","?","T","$","M","M","R","E","R","B",null,"M","T","M","M","M","E","$","R","T","?","E","M","$","M","R","B",null,"M","?","?","?","M","R","M","E","T","?","M","M","E","M","R","B",null],"character_chosen":"IRONCLAD","items_purchased":["Uppercut","AT_LightSaberMaster","Sling","Flex","Strange Spoon"],"campfire_rested":5,"item_purchase_floors":[4,10,24,24,30],"current_hp_per_floor":[63,63,63,63,58,19,41,18,18,18,24,30,52,42,64,49,69,68,68,59,60,56,24,24,46,46,46,15,22,22,27,49,40,66,75,75,70,70,75,75,55,61,71,71,75,85,85,85,85,46],"gold":424,"neow_bonus":"UPGRADE_CARD","is_daily":false,"chose_seed":false,"campfire_upgraded":2,"win_rate":0.0,"timestamp":1609077718,"path_taken":["M","?","?","$","?","E","R","?","T","$","M","?","R","E","R","BOSS","M","?","?","M","M","E","$","R","T","?","E","M","$","M","R","BOSS","M","?","?","?","M","R","M","E","T","?","M","M","E","M","R","BOSS"],"items_purchased_type":["Card","Card","Relic","Card","Relic"],"build_version":"2020-12-22","purchased_purges":2,"victory":true,"max_hp_per_floor":[75,75,75,75,75,75,75,75,75,75,75,75,75,75,75,75,75,75,75,75,75,75,75,75,75,75,75,75,75,75,75,75,75,75,75,75,75,75,75,75,75,75,85,85,85,85,85,85,85,85],"card_choices":[{"not_picked":["Metallicize","Hemokinesis"],"picked":"Sword Boomerang","floor":1.0},{"not_picked":["Heavy Blade","Anger"],"picked":"Headbutt","floor":6.0},{"not_picked":["Clash","Offering"],"picked":"Shrug It Off","floor":11.0},{"not_picked":["Dark Embrace","Intimidate"],"picked":"Cleave","floor":12.0},{"not_picked":["True Grit","Feel No Pain"],"picked":"Anger","floor":14.0},{"not_picked":["Fiend Fire","Berserk"],"picked":"Demon Form","floor":16.0},{"not_picked":["Sword Boomerang","Wild Strike"],"picked":"Inflame","floor":18.0},{"not_picked":["Clothesline+1","AT_BodySlamDance"],"picked":"Spot Weakness","floor":20.0},{"not_picked":["Searing Blow","Disarm+1"],"picked":"Wild Strike","floor":21.0},{"not_picked":["Headbutt","Pommel Strike"],"picked":"Twin Strike+1","floor":22.0},{"not_picked":["Clothesline","Burning Pact"],"picked":"Rampage","floor":23.0},{"not_picked":["Demon Form","Power Through"],"picked":"AT_DrawKnifeCut","floor":28.0},{"not_picked":["Clothesline","Feel No Pain"],"picked":"AT_BodySlamDance","floor":29.0},{"not_picked":["Perfected Strike","AT_CaressingTears"],"picked":"AT_IchimonjiDouble+1","floor":31.0},{"not_picked":["Fiend Fire","Berserk"],"picked":"Reaper","floor":33.0},{"not_picked":["Sentinel","Burning Pact+1"],"picked":"Shockwave","floor":35.0},{"not_picked":["Shrug It Off","Body Slam"],"picked":"Power Through","floor":36.0},{"not_picked":["Magnetism","Metamorphosis"],"picked":"AT_TearsDenial","floor":37.0},{"not_picked":["Madness","AT_PowerWithin"],"picked":"Mind Blast","floor":37.0},{"not_picked":["Blind","Purity"],"picked":"Apotheosis","floor":37.0},{"not_picked":["Clash","Thunderclap"],"picked":"AT_CaressingTears","floor":39.0},{"not_picked":["Perfected Strike","Clash"],"picked":"Thunderclap","floor":41.0},{"not_picked":["AT_IchimonjiDouble","Pommel Strike+1"],"picked":"Flex","floor":42.0},{"not_picked":["Infernal Blade","Body Slam"],"picked":"Wild Strike","floor":45.0},{"not_picked":["Searing Blow","Combust"],"picked":"Whirlwind","floor":46.0},{"not_picked":["Infernal Blade","Uppercut+1"],"picked":"AT_Dispersion","floor":47.0},{"not_picked":["Havoc","Evolve","Pommel Strike"],"picked":"SKIP","floor":48.0}],"player_experience":582574,"relics_obtained":[{"floor":6.0,"key":"AT_Kusabimaru"},{"floor":9.0,"key":"AT_ForceNature"},{"floor":14.0,"key":"White Beast Statue"},{"floor":19.0,"key":"Bottled Tornado"},{"floor":23.0,"key":"Lizard Tail"},{"floor":26.0,"key":"Vajra"},{"floor":28.0,"key":"Red Skull"},{"floor":36.0,"key":"Unceasing Top"},{"floor":42.0,"key":"AT_MibuBalloonWealth"},{"floor":43.0,"key":"Pear"},{"floor":47.0,"key":"Charon\u0027s Ashes"}],"event_choices":[{"damage_healed":0.0,"max_hp_gain":0.0,"max_hp_loss":0.0,"gold_gain":0.0,"event_name":"Golden Idol","player_choice":"Take Wound","floor":2.0,"gold_loss":0.0,"damage_taken":0.0,"relics_obtained":["Golden Idol"],"cards_obtained":["Injury"]},{"damage_healed":0.0,"max_hp_gain":0.0,"max_hp_loss":0.0,"gold_gain":0.0,"event_name":"Big Fish","player_choice":"Box","floor":3.0,"gold_loss":0.0,"damage_taken":0.0,"relics_obtained":["Lantern"],"cards_obtained":["Regret"]},{"damage_healed":0.0,"max_hp_gain":0.0,"max_hp_loss":0.0,"gold_gain":0.0,"event_name":"Scrap Ooze","player_choice":"Success","floor":5.0,"gold_loss":0.0,"damage_taken":5.0,"relics_obtained":["Pen Nib"]},{"damage_healed":0.0,"max_hp_gain":0.0,"max_hp_loss":0.0,"gold_gain":0.0,"event_name":"Shining Light","player_choice":"Entered Light","floor":8.0,"gold_loss":0.0,"damage_taken":23.0,"cards_upgraded":["Defend_R","Defend_R"]},{"damage_healed":0.0,"max_hp_gain":0.0,"max_hp_loss":0.0,"gold_gain":0.0,"event_name":"Forgotten Altar","player_choice":"Gave Idol","floor":27.0,"relics_lost":["Golden Idol"],"gold_loss":0.0,"damage_taken":0.0,"relics_obtained":["Bloody Idol"]},{"damage_healed":0.0,"max_hp_gain":0.0,"max_hp_loss":0.0,"gold_gain":0.0,"event_name":"MindBloom","player_choice":"Fight","floor":36.0,"gold_loss":0.0,"damage_taken":0.0},{"damage_healed":0.0,"max_hp_gain":0.0,"max_hp_loss":0.0,"gold_gain":0.0,"event_name":"SensoryStone","player_choice":"Memory 3","floor":37.0,"gold_loss":0.0,"damage_taken":10.0},{"damage_healed":0.0,"max_hp_gain":0.0,"max_hp_loss":0.0,"gold_gain":0.0,"event_name":"Tomb of Lord Red Mask","player_choice":"Paid","floor":38.0,"gold_loss":144.0,"damage_taken":0.0,"relics_obtained":["Red Mask"]},{"cards_removed":["Flex"],"damage_healed":0.0,"max_hp_gain":0.0,"max_hp_loss":0.0,"gold_gain":0.0,"event_name":"Falling","player_choice":"Removed Skill","floor":44.0,"gold_loss":0.0,"damage_taken":0.0}],"is_beta":false,"boss_relics":[{"not_picked":["Coffee Dripper","Snecko Eye"],"picked":"Runic Pyramid"},{"not_picked":["Sozu","Runic Dome"],"picked":"Mark of Pain"}],"items_purged_floors":[4,24],"is_endless":false,"potions_floor_spawned":[14,16,18,20,21,22,23,28,29,31,33,35,36,39,41,42,45,46,47,48],"ascension_level":15}}