{"host":"dhyczjm99amxd3qx","time":1609032024,"event":{"mods":["BaseMod","Colored Map","Googly Eyes","Highlight Path","Minty Spire (QoL Compilation)","Quick Restart","StSLib"],"gold_per_floor":[116,359,10,25,45,75,91,91,169,201,376,376,406,424,424,527,527,467,467,467,467,467,467,467,467,467,467,467,467,140,140,140,140,140,140,140,140,140,140,140,140,140,140,140,140,140,140,140,140,140],"floor_reached":51,"playtime":6157,"items_purged":["Defend_B","Doubt"],"score":814,"play_id":"86f93408-ea8a-4d9c-9032-7f531c271bf7","local_time":"20201226202024","is_ascension_mode":false,"campfire_choices":[{"data":"Loop","floor":8,"key":"SMITH"},{"data":"Self Repair","floor":12,"key":"SMITH"},{"data":"Double Energy","floor":15,"key":"SMITH"},{"data":"Fission","floor":29,"key":"SMITH"},{"data":"Rainbow","floor":32,"key":"SMITH"},{"data":"Fission","floor":41,"key":"SMITH"},{"data":"Aggregate","floor":49,"key":"SMITH"}],"circlet_count":0,"master_deck":["Strike_B","Strike_B","Strike_B","Defend_B","Defend_B","Defend_B","Zap","Dualcast","Self Repair+1","Cold Snap","Cold Snap","Loop+1","Ball Lightning","Defragment","Double Energy+1","Genetic Algorithm","Rainbow+1","Glacier+1","Hello World+1","Self Repair","Fission+1","Coolheaded+1","FTL","Self Repair","Aggregate+1","Fission+1","BootSequence+1","Ball Lightning+1","Madness","Madness","Skim+1","Aggregate+1","Ball Lightning","Compile Driver+1","Streamline","Compile Driver"],"relics":["Cracked Core","Old Coin","Nunchaku","Vajra","Singing Bowl","InkBottle","Dream Catcher","Ectoplasm","Nilry\u0027s Codex","MutagenicStrength","Dead Branch","Orichalcum","PreservedInsect","Pen Nib","Meat on the Bone","Coffee Dripper","Bag of Preparation","MealTicket","Blood Vial"],"acts_visited":["Exordium","TheCity","TheBeyond"],"potions_floor_usage":[16,31,33,40,47,50],"damage_taken":[{"damage":1.0,"enemies":"Small Slimes","floor":1.0,"turns":3.0},{"damage":0.0,"enemies":"Cultist","floor":4.0,"turns":3.0},{"damage":11.0,"enemies":"Jaw Worm","floor":5.0,"turns":3.0},{"damage":37,"enemies":"Gremlin Nob","floor":6,"turns":6},{"damage":8,"enemies":"Blue Slaver","floor":7,"turns":3},{"damage":20,"enemies":"3 Sentries","floor":10,"turns":6},{"damage":9,"enemies":"Gremlin Nob","floor":13,"turns":4},{"damage":18,"enemies":"3 Louse","floor":14,"turns":4},{"damage":6,"enemies":"Slime Boss","floor":16,"turns":10},{"damage":33,"enemies":"2 Thieves","floor":18,"turns":4},{"damage":17,"enemies":"Chosen","floor":19,"turns":5},{"damage":27,"enemies":"Snecko","floor":20,"turns":5},{"damage":7,"enemies":"Chosen and Byrds","floor":23,"turns":8},{"damage":19,"enemies":"Book of Stabbing","floor":24,"turns":6},{"damage":21,"enemies":"Snake Plant","floor":25,"turns":4},{"damage":28,"enemies":"Gremlin Leader","floor":27,"turns":6},{"damage":17,"enemies":"Cultist and Chosen","floor":28,"turns":8},{"damage":2,"enemies":"Book of Stabbing","floor":31,"turns":5},{"damage":35,"enemies":"Collector","floor":33,"turns":9},{"damage":14,"enemies":"3 Shapes","floor":35,"turns":3},{"damage":6,"enemies":"Orb Walker","floor":36,"turns":3},{"damage":17,"enemies":"Spire Growth","floor":39,"turns":4},{"damage":33,"enemies":"Nemesis","floor":40,"turns":5},{"damage":0,"enemies":"Transient","floor":44,"turns":5},{"damage":17,"enemies":"3 Darklings","floor":45,"turns":3},{"damage":3,"enemies":"Reptomancer","floor":47,"turns":2},{"damage":10,"enemies":"Writhing Mass","floor":48,"turns":5},{"damage":26,"enemies":"Donu and Deca","floor":50,"turns":7}],"seed_played":"-3082716623923620494","potions_obtained":[{"floor":1.0,"key":"FairyPotion"},{"floor":7,"key":"Weak Potion"},{"floor":14,"key":"FocusPotion"},{"floor":16,"key":"Strength Potion"},{"floor":19,"key":"BlessingOfTheForge"},{"floor":24,"key":"EssenceOfDarkness"},{"floor":27,"key":"GamblersBrew"},{"floor":33,"key":"Fire Potion"},{"floor":39,"key":"Dexterity Potion"},{"floor":40,"key":"PotionOfCapacity"},{"floor":48,"key":"SkillPotion"}],"is_trial":false,"path_per_floor":["M","?","$","M","M","E","M","R","T","E","?","R","E","M","R","B",null,"M","M","M","?","?","M","E","M","T","E","M","R","$","E","R","B",null,"M","M","?","?","M","E","R","?","T","M","M","?","E","M","R","B",null],"character_chosen":"DEFECT","items_purchased":["Nunchaku","Self Repair","Cold Snap","Pen Nib","Self Repair"],"campfire_rested":0,"item_purchase_floors":[3,3,3,30,30],"current_hp_per_floor":[81,81,81,82,78,48,47,47,47,34,34,34,35,27,27,31,82,61,54,37,21,21,26,17,42,42,31,31,31,31,53,53,40,86,86,80,80,69,76,79,79,79,79,86,86,86,86,88,88,86],"gold":140,"neow_bonus":"TEN_PERCENT_HP_BONUS","is_daily":false,"chose_seed":false,"campfire_upgraded":7,"win_rate":0.0,"timestamp":1609032024,"path_taken":["M","?","$","M","M","E","?","R","T","E","?","R","E","M","R","BOSS","M","M","M","?","?","M","E","M","T","E","M","R","$","E","R","BOSS","M","M","?","?","M","E","R","?","T","?","M","?","E","M","R","BOSS"],"items_purchased_type":["Relic","Card","Card","Relic","Card"],"build_version":"2020-12-22","purchased_purges":2,"victory":true,"max_hp_per_floor":[82,82,82,82,82,82,82,82,82,82,82,82,82,82,82,82,82,84,84,84,84,84,86,86,86,86,86,86,86,86,86,86,86,86,86,86,86,86,86,86,86,86,86,86,86,86,86,88,88,88],"card_choices":[{"not_picked":["Compile Driver","Redo"],"picked":"Fusion","floor":1.0},{"not_picked":["Turbo","Beam Cell"],"picked":"Cold Snap","floor":4.0},{"not_picked":["Sunder","Steam"],"picked":"Loop","floor":5.0},{"not_picked":["Buffer","Barrage","Beam Cell"],"picked":"SKIP","floor":6},{"not_picked":["Coolheaded","Steam Power"],"picked":"Ball Lightning","floor":7},{"not_picked":["Creative AI","Scrape"],"picked":"Defragment","floor":10},{"not_picked":["Lockon","Consume"],"picked":"Double Energy","floor":13},{"not_picked":["Conserve Battery","Steam"],"picked":"Genetic Algorithm","floor":14},{"not_picked":["Multi-Cast","Amplify"],"picked":"Rainbow","floor":16},{"not_picked":["Go for the Eyes","Leap","Streamline"],"picked":"Singing Bowl","floor":18},{"not_picked":["Static Discharge","Aggregate"],"picked":"Glacier+1","floor":19},{"not_picked":["Double Energy+1","Glacier"],"picked":"Hello World+1","floor":20},{"not_picked":["Lockon","Rebound+1","Gash"],"picked":"Singing Bowl","floor":23},{"not_picked":["Steam Power+1","Rebound"],"picked":"Self Repair","floor":24},{"not_picked":["Stack","Static Discharge"],"picked":"Fission","floor":25},{"not_picked":["Compile Driver+1","Streamline+1"],"picked":"Coolheaded+1","floor":27},{"not_picked":["Turbo","Redo"],"picked":"FTL","floor":28},{"not_picked":["Rebound","Barrage"],"picked":"Aggregate","floor":31},{"not_picked":["Multi-Cast","Amplify"],"picked":"Fission","floor":33},{"not_picked":["Rip and Tear","Ball Lightning"],"picked":"BootSequence+1","floor":35},{"not_picked":["Hologram","Rebound+1"],"picked":"Ball Lightning+1","floor":36},{"not_picked":["Chill","Lockon+1"],"picked":"Skim+1","floor":39},{"not_picked":["Undo","Rebound"],"picked":"Aggregate","floor":40},{"not_picked":["Gash+1","Genetic Algorithm+1"],"picked":"Ball Lightning","floor":44},{"not_picked":["Rebound+1","Streamline+1"],"picked":"Compile Driver+1","floor":45},{"not_picked":["Biased Cognition","Lockon"],"picked":"Compile Driver","floor":47},{"not_picked":["Streamline+1","Leap+1","Stack+1"],"picked":"Singing Bowl","floor":48}],"player_experience":70258,"relics_obtained":[{"floor":6,"key":"Vajra"},{"floor":9,"key":"Singing Bowl"},{"floor":10,"key":"InkBottle"},{"floor":13,"key":"Dream Catcher"},{"floor":21,"key":"Nilry\u0027s Codex"},{"floor":24,"key":"Dead Branch"},{"floor":26,"key":"Orichalcum"},{"floor":27,"key":"PreservedInsect"},{"floor":31,"key":"Meat on the Bone"},{"floor":40,"key":"Bag of Preparation"},{"floor":43,"key":"MealTicket"},{"floor":47,"key":"Blood Vial"}],"event_choices":[{"damage_healed":0.0,"max_hp_gain":0.0,"max_hp_loss":0.0,"gold_gain":0.0,"event_name":"WeMeetAgain","player_choice":"Paid Gold","floor":2.0,"gold_loss":57.0,"damage_taken":0.0,"relics_obtained":["Old Coin"]},{"damage_healed":0,"gold_gain":175,"player_choice":"AGREE","damage_taken":0,"max_hp_gain":0,"max_hp_loss":0,"event_name":"Liars Game","floor":11,"gold_loss":0,"cards_obtained":["Doubt"]},{"damage_healed":0,"gold_gain":0,"player_choice":"Obtained Book","damage_taken":16,"max_hp_gain":0,"max_hp_loss":0,"event_name":"Cursed Tome","floor":21,"gold_loss":0},{"damage_healed":0,"gold_gain":0,"player_choice":"Inject Mutagens","damage_taken":0,"relics_obtained":["MutagenicStrength"],"max_hp_gain":0,"max_hp_loss":0,"event_name":"Drug Dealer","floor":22,"gold_loss":0},{"cards_removed":["Fusion"],"damage_healed":0,"gold_gain":0,"player_choice":"Removed Skill","damage_taken":0,"max_hp_gain":0,"max_hp_loss":0,"event_name":"Falling","floor":37,"gold_loss":0},{"damage_healed":0,"gold_gain":0,"player_choice":"Embrace Madness","damage_taken":11,"max_hp_gain":0,"max_hp_loss":0,"event_name":"Winding Halls","floor":38,"gold_loss":0,"cards_obtained":["Madness","Madness"]},{"damage_healed":0,"gold_gain":0,"player_choice":"Forge","damage_taken":0,"max_hp_gain":0,"max_hp_loss":0,"event_name":"Accursed Blacksmith","floor":42,"gold_loss":0,"cards_upgraded":["Aggregate"]},{"damage_healed":0,"gold_gain":0,"cards_transformed":["Strike_B"],"player_choice":"Transformed","damage_taken":0,"max_hp_gain":0,"max_hp_loss":0,"event_name":"Transmorgrifier","floor":46,"gold_loss":0,"cards_obtained":["Streamline"]}],"is_beta":false,"boss_relics":[{"not_picked":["FrozenCore","Philosopher\u0027s Stone"],"picked":"Ectoplasm"},{"not_picked":["SlaversCollar","Busted Crown"],"picked":"Coffee Dripper"}],"items_purged_floors":[3,30],"is_endless":false,"potions_floor_spawned":[1,7,14,16,19,20,24,27,28,33,39,40,44,48],"ascension_level":0}}