{"host":"phniwng9zo19jwdb","time":1609054347,"event":{"mods":["AchievementEnabler","BaseMod","Colored Powertips","Faster Ascension Climbing","GifTheSpireLib","Minty Spire (QoL Compilation)","Permanent Neow","Rare Cards Sparkle","Somnambulant","StSLib"],"gold_per_floor":[366,378,553,64,139,139,216,216,216],"floor_reached":8,"playtime":213,"items_purged":["Doubt"],"score":66,"play_id":"00f3a839-84c6-4e63-8a4d-df11b554bba9","local_time":"20201227083227","is_ascension_mode":true,"campfire_choices":[{"floor":6,"key":"REST"}],"circlet_count":0,"master_deck":["AscendersBane","somnambulantmod: SomnambulantStrike+1","somnambulantmod: SomnambulantStrike","somnambulantmod: SomnambulantStrike","somnambulantmod: SomnambulantStrike","somnambulantmod: SomnambulantStrike","somnambulantmod: Defend_Somnambulant","somnambulantmod: Defend_Somnambulant","somnambulantmod: Defend_Somnambulant","somnambulantmod: Defend_Somnambulant","somnambulantmod: Defend_Somnambulant","somnambulantmod: QuickNap","somnambulantmod: PrimingPunch","somnambulantmod: RecurringDream","somnambulantmod: LeechFears"],"relics":["somnambulantmod: DreamJournal","ClockworkSouvenir","Toxic Egg 2","Molten Egg 2"],"acts_visited":["Exordium"],"potions_floor_usage":[],"damage_taken":[{"damage":14,"enemies":"Cultist","floor":1,"turns":5},{"damage":7,"enemies":"Jaw Worm","floor":2,"turns":4},{"damage":20,"enemies":"3 Sentries","floor":8,"turns":5}],"seed_played":"-6201829609206916853","potions_obtained":[],"is_trial":false,"path_per_floor":["M","M","?","$","?","R","T","E"],"character_chosen":"THE_SOMNAMBULANT","items_purchased":["ClockworkSouvenir","Toxic Egg 2"],"campfire_rested":1,"item_purchase_floors":[4,4],"current_hp_per_floor":[31,24,24,24,13,36,36,16,16],"gold":216,"neow_bonus":"TWO_FIFTY_GOLD","is_daily":false,"chose_seed":false,"campfire_upgraded":0,"win_rate":0.0,"timestamp":1609054347,"path_taken":["M","M","?","$","?","R","?","E"],"items_purchased_type":["Relic","Relic"],"build_version":"2020-12-22","purchased_purges":1,"victory":false,"max_hp_per_floor":[70,70,70,70,70,72,72,72,72],"card_choices":[{"not_picked":["somnambulantmod: MindWave","somnambulantmod: Blink"],"picked":"somnambulantmod: RecurringDream","floor":1},{"not_picked":["somnambulantmod: Bruise","somnambulantmod: HorrificThought"],"picked":"somnambulantmod: LeechFears","floor":2}],"player_experience":21581,"relics_obtained":[{"floor":7,"key":"Molten Egg 2"}],"event_choices":[{"damage_healed":0,"gold_gain":175,"player_choice":"AGREE","damage_taken":0,"max_hp_gain":0,"max_hp_loss":0,"event_name":"Liars Game","floor":3,"gold_loss":0,"cards_obtained":["Doubt"]},{"damage_healed":0,"gold_gain":75,"player_choice":"Gather Gold","damage_taken":11,"max_hp_gain":0,"max_hp_loss":0,"event_name":"World of Goop","floor":5,"gold_loss":0}],"is_beta":false,"boss_relics":[],"items_purged_floors":[4],"is_endless":false,"potions_floor_spawned":[],"killed_by":"3 Sentries","ascension_level":10}}