{"host":"851hhqouejqwzba1","time":1609042771,"event":{"mods":["BaseMod","Minty Spire (QoL Compilation)","Permanent Neow","Shop Mod","StSLib","óô»ðÖ¸ÄÏ"],"gold_per_floor":[111,111,286,39,39,65,140,140,216,249,249,276,148,163,63,137,137,147,147,161,171,185,30,55,55,55,80,91,91,107,107,107],"floor_reached":31,"playtime":1619,"items_purged":["Doubt","Strike_R"],"score":495,"play_id":"a4d5a7fd-8b6a-4957-9fc1-b313b1d5aa62","local_time":"20201227121931","is_ascension_mode":true,"campfire_choices":[{"floor":8.0,"key":"REST"},{"data":"Corruption","floor":11.0,"key":"SMITH"},{"data":"Berserk","floor":25.0,"key":"SMITH"}],"circlet_count":0,"master_deck":["AscendersBane","Strike_R","Strike_R","Strike_R","Strike_R","Defend_R","Defend_R","Defend_R","Defend_R","Bash","Carnage+1","Cleave+1","Warcry+1","Corruption+1","Shrug It Off+1","Armaments+1","True Grit+1","Berserk+1","Ghostly Armor+1","Flex+1","Infernal Blade+1","Bloodletting+1","Pummel+1","Infernal Blade+1"],"relics":["Burning Blood","Toxic Egg 2","Bag of Marbles","Ornamental Fan","Orichalcum","HornCleat","Coffee Dripper","Sling","Pantograph","Red Skull","Vajra"],"acts_visited":["Exordium","TheCity"],"potions_floor_usage":[30],"damage_taken":[{"damage":5.0,"enemies":"Small Slimes","floor":1.0,"turns":3.0},{"damage":29.0,"enemies":"Gremlin Nob","floor":6.0,"turns":4.0},{"damage":20.0,"enemies":"3 Sentries","floor":10.0,"turns":6.0},{"damage":16.0,"enemies":"Gremlin Nob","floor":12.0,"turns":4.0},{"damage":0.0,"enemies":"2 Louse","floor":14.0,"turns":1.0},{"damage":29.0,"enemies":"The Guardian","floor":16.0,"turns":10.0},{"damage":2.0,"enemies":"3 Byrds","floor":18.0,"turns":6.0},{"damage":4.0,"enemies":"Spheric Guardian","floor":20.0,"turns":6.0},{"damage":2.0,"enemies":"Centurion and Healer","floor":21.0,"turns":6.0},{"damage":8.0,"enemies":"Snecko","floor":22.0,"turns":5.0},{"damage":39.0,"enemies":"Book of Stabbing","floor":24.0,"turns":7.0},{"damage":7.0,"enemies":"Slavers","floor":27.0,"turns":4.0},{"damage":9,"enemies":"Chosen and Byrds","floor":28,"turns":6},{"damage":0,"enemies":"Shelled Parasite and Fungi","floor":30,"turns":1},{"damage":0,"enemies":"Gremlin Leader","floor":31,"turns":3}],"seed_played":"6118748942424126177","potions_obtained":[{"floor":12.0,"key":"BlessingOfTheForge"},{"floor":14.0,"key":"CultistPotion"},{"floor":22.0,"key":"PowerPotion"},{"floor":24.0,"key":"EssenceOfSteel"},{"floor":28,"key":"LiquidMemories"}],"is_trial":false,"path_per_floor":["M","?","?","$","?","E","?","R","T","E","R","E","$","M","R","B",null,"M","?","M","M","M","R","E","R","T","E","M","?","M","E"],"character_chosen":"IRONCLAD","items_purchased":["Toxic Egg 2","Armaments+1","Sling"],"campfire_rested":1,"item_purchase_floors":[4,13,23],"current_hp_per_floor":[69,54,54,54,59,36,25,49,49,35,35,25,25,31,31,8,62,66,66,68,72,70,70,37,37,37,36,33,18,24,24,24],"gold":107,"neow_bonus":"THREE_CARDS","is_daily":false,"chose_seed":false,"campfire_upgraded":2,"win_rate":0.0,"timestamp":1609042771,"path_taken":["M","?","?","$","?","E","?","R","T","E","R","E","?","?","R","BOSS","M","?","M","M","?","R","E","R","T","E","M","?","M","E"],"items_purchased_type":["Relic","Card","Relic"],"build_version":"2020-12-22","purchased_purges":2,"victory":false,"max_hp_per_floor":[75,75,75,75,80,80,80,80,80,80,80,80,80,80,80,80,80,80,80,80,80,80,80,80,80,80,80,80,85,85,85,85],"card_choices":[{"not_picked":["Blood for Blood","Armaments"],"picked":"Carnage","floor":0.0},{"not_picked":["Clash","Rupture"],"picked":"Cleave","floor":1.0},{"not_picked":["Havoc+1","Thunderclap"],"picked":"Warcry+1","floor":6.0},{"not_picked":["Cleave","Thunderclap"],"picked":"Corruption","floor":10.0},{"not_picked":["Clothesline","Reckless Charge"],"picked":"Shrug It Off+1","floor":12.0},{"not_picked":["Reckless Charge","Anger"],"picked":"True Grit+1","floor":14.0},{"not_picked":["Fiend Fire","Demon Form"],"picked":"Berserk","floor":16.0},{"not_picked":["Body Slam","Shrug It Off+1"],"picked":"Ghostly Armor+1","floor":18.0},{"not_picked":["Disarm+1","Anger+1","Cleave"],"picked":"SKIP","floor":20.0},{"not_picked":["Pommel Strike","Shrug It Off+1","Whirlwind+1"],"picked":"SKIP","floor":21.0},{"not_picked":["Perfected Strike","Bloodletting+1"],"picked":"Flex+1","floor":22.0},{"not_picked":["Dropkick","Whirlwind"],"picked":"Infernal Blade+1","floor":24.0},{"not_picked":["Body Slam","Brutality"],"picked":"Bloodletting+1","floor":27.0},{"not_picked":["Feel No Pain","Entrench+1"],"picked":"Pummel+1","floor":28},{"not_picked":["Shockwave+1","Dark Embrace+1"],"picked":"Infernal Blade+1","floor":30}],"player_experience":357517,"relics_obtained":[{"floor":6.0,"key":"Bag of Marbles"},{"floor":9.0,"key":"Ornamental Fan"},{"floor":10.0,"key":"Orichalcum"},{"floor":12.0,"key":"HornCleat"},{"floor":24.0,"key":"Pantograph"},{"floor":26.0,"key":"Red Skull"},{"floor":27.0,"key":"Vajra"}],"event_choices":[{"damage_healed":0.0,"max_hp_gain":0.0,"max_hp_loss":0.0,"gold_gain":0.0,"event_name":"Shining Light","player_choice":"Entered Light","floor":2.0,"gold_loss":0.0,"damage_taken":15.0,"cards_upgraded":["Carnage","Cleave"]},{"damage_healed":0.0,"max_hp_gain":0.0,"max_hp_loss":0.0,"gold_gain":175.0,"event_name":"Liars Game","player_choice":"AGREE","floor":3.0,"gold_loss":0.0,"damage_taken":0.0,"cards_obtained":["Doubt"]},{"damage_healed":0.0,"max_hp_gain":5.0,"max_hp_loss":0.0,"gold_gain":0.0,"event_name":"Big Fish","player_choice":"Donut","floor":5.0,"gold_loss":0.0,"damage_taken":0.0},{"damage_healed":0.0,"max_hp_gain":0.0,"max_hp_loss":0.0,"gold_gain":75.0,"event_name":"World of Goop","player_choice":"Gather Gold","floor":7.0,"gold_loss":0.0,"damage_taken":11.0},{"damage_healed":0.0,"max_hp_gain":0.0,"max_hp_loss":0.0,"gold_gain":0.0,"event_name":"Match and Keep!","player_choice":"0 cards matched","floor":19.0,"gold_loss":0.0,"damage_taken":0.0,"cards_obtained":[]},{"damage_healed":0,"gold_gain":0,"player_choice":"Shed Blood","damage_taken":20,"max_hp_gain":5,"max_hp_loss":0,"event_name":"Forgotten Altar","floor":29,"gold_loss":0}],"is_beta":false,"boss_relics":[{"not_picked":["Black Blood","Runic Dome"],"picked":"Coffee Dripper"}],"items_purged_floors":[13,15],"is_endless":false,"potions_floor_spawned":[12,14,20,22,24,28],"killed_by":"Gremlin Leader","ascension_level":14}}