{"host":"2461dio7vetlq1z3","time":1609063327,"event":{"mods":["2.2 Compatiblity","AchievementEnabler","Aspiration","Bard","BaseMod","Better Third Choice","Friendly Minions","Hermit","Minty Spire (QoL Compilation)","Relic Stats","Spicy Shops","StSLib","Waifu the Spire"],"gold_per_floor":[119,137,148,98,0,0,0,24,49,49,67,67,108,108,108,227,227,240,240,253,253,253,253,286,1,24,76,101,125,125],"floor_reached":29,"playtime":2770,"items_purged":["Writhe"],"score":287,"play_id":"ab9e867d-da9c-4e0e-80b1-f3774dd9156c","local_time":"20201227110207","is_ascension_mode":false,"campfire_choices":[{"data":"bard:DiscordantVoice","floor":6,"key":"SMITH"},{"data":"bard:Doot","floor":10,"key":"SMITH"},{"data":"bard:OffKey","floor":12,"key":"SMITH"},{"data":"bard:Inspire","floor":15,"key":"SMITH"},{"data":"bard:HarmoniousVoice","floor":23,"key":"SMITH"}],"circlet_count":0,"master_deck":["bard:Riposte","bard:Inspire+1","bard:Doot+1","bard:DiscordantVoice+1","bard:BucklerBash","bard:OffKey+1","bard:Parry+1","bard:Parry+1","bard:Encore+1","bard:PowerWordStun+1","bard:Parry+1","bard:Rhapsody+1","bard:LingeringPerformance+1","bard:LingeringPerformance+1","bard:HarmoniousVoice+1","bard:Improv+1","bard:ViciousMockery","bard:HideousLaughter+1","bard:StudiedStrike+1","bard:Parry+1","bard:InspiringSong+1","bard:MagnumOpus+1","bard:SixFourTime","bard:Balestra+1","bard:Greatness+1","bard:FaerieFire+1","bard:FirstStrike+1"],"relics":["bard:PitchPipe","bard:BagPipes","Toxic Egg 2","Golden Idol","Strawberry","PreservedInsect","Spirit Poop","Pandora\u0027s Box","Nunchaku","aspiration:RitualStick","Smiling Mask","Orrery","Toy Ornithopter","CeramicFish"],"acts_visited":["Exordium","TheCity"],"potions_floor_usage":[24],"damage_taken":[{"damage":1,"enemies":"Jaw Worm","floor":1,"turns":4},{"damage":3,"enemies":"Small Slimes","floor":2,"turns":5},{"damage":0,"enemies":"Cultist","floor":3,"turns":4},{"damage":4,"enemies":"Exordium Wildlife","floor":8,"turns":7},{"damage":0,"enemies":"3 Louse","floor":11,"turns":3},{"damage":14,"enemies":"Gremlin Nob","floor":13,"turns":4},{"damage":4,"enemies":"The Guardian","floor":16,"turns":14},{"damage":12,"enemies":"Shell Parasite","floor":18,"turns":9},{"damage":0,"enemies":"3 Byrds","floor":20,"turns":3},{"damage":14,"enemies":"Slavers","floor":24,"turns":3},{"damage":20,"enemies":"Gremlin Leader","floor":27,"turns":6},{"damage":0,"enemies":"Centurion and Healer","floor":28,"turns":4},{"damage":3,"enemies":"Snake Plant","floor":29,"turns":5}],"seed_played":"-4743115084104071503","potions_obtained":[{"floor":1,"key":"bard:InspiredBrew"},{"floor":2,"key":"SkillPotion"},{"floor":8,"key":"Weak Potion"},{"floor":27,"key":"DuplicationPotion"}],"is_trial":false,"path_per_floor":["M","M","M","?","$","R","?","M","T","R","M","R","E","?","R","B",null,"M","?","M","?","?","R","E","$","T","E","M","M"],"character_chosen":"BARD","items_purchased":["Toxic Egg 2","Orrery","bard:Greatness+1"],"campfire_rested":0,"item_purchase_floors":[5,25,25],"current_hp_per_floor":[76,73,73,73,73,73,54,50,57,57,57,57,43,43,43,39,84,72,64,64,64,47,47,33,33,33,13,13,10,10],"gold":125,"neow_bonus":"TEN_PERCENT_HP_BONUS","is_daily":false,"chose_seed":false,"campfire_upgraded":5,"win_rate":0.0,"timestamp":1609063327,"path_taken":["M","M","M","?","$","R","?","M","T","R","M","R","E","?","R","BOSS","M","?","M","?","?","R","E","$","T","E","M","M"],"items_purchased_type":["Relic","Relic","Card"],"build_version":"2020-12-22","purchased_purges":1,"victory":false,"max_hp_per_floor":[77,77,77,77,77,77,77,77,84,84,84,84,84,84,84,84,84,84,84,84,84,84,84,84,84,84,84,84,84,84],"relic_stats":{"Nunchaku":[2],"counters":[13,71],"Golden Idol":71,"CeramicFish":18,"Pandora\u0027s Box":["bard:PowerWordStun","bard:Parry","bard:Rhapsody","bard:LingeringPerformance","bard:LingeringPerformance","bard:HarmoniousVoice","bard:Improv"],"PreservedInsect":87,"Smiling Mask":25,"obtain_stats":[{"bard:BagPipes":0,"bard:PitchPipe":0,"Golden Idol":7,"CeramicFish":27,"Spirit Poop":14,"PreservedInsect":13,"Smiling Mask":24,"aspiration:RitualStick":22,"Nunchaku":21,"Strawberry":9,"Orrery":25,"Pandora\u0027s Box":17,"Toxic Egg 2":5,"Toy Ornithopter":26},{"bard:BagPipes":0,"bard:PitchPipe":0,"Golden Idol":3,"CeramicFish":11,"Spirit Poop":6,"PreservedInsect":6,"Smiling Mask":10,"aspiration:RitualStick":9,"Nunchaku":9,"Strawberry":4,"Orrery":10,"Pandora\u0027s Box":7,"Toxic Egg 2":3,"Toy Ornithopter":10},{"bard:BagPipes":0,"bard:PitchPipe":0,"Golden Idol":13,"CeramicFish":62,"Spirit Poop":27,"PreservedInsect":27,"Smiling Mask":56,"aspiration:RitualStick":53,"Nunchaku":53,"Strawberry":20,"Orrery":56,"Pandora\u0027s Box":41,"Toxic Egg 2":13,"Toy Ornithopter":56}],"aspiration:RitualStick":[0],"Toy Ornithopter":0},"card_choices":[{"not_picked":["bard:LingeringPerformance","bard:FaerieFire"],"picked":"bard:Doot","floor":1},{"not_picked":["bard:FaerieFire","bard:HarmoniousVoice"],"picked":"bard:DiscordantVoice","floor":2},{"not_picked":["bard:PhantasmalForce","bard:Parry"],"picked":"bard:BucklerBash","floor":3},{"not_picked":["bard:Thunderwave","bard:BucklerBash"],"picked":"bard:OffKey","floor":8},{"not_picked":["bard:EchoEcho","bard:DeathMetal"],"picked":"bard:Parry+1","floor":11},{"not_picked":["bard:BottledSong+1","bard:Fermata+1"],"picked":"bard:Parry+1","floor":13},{"not_picked":["bard:DeathMetal","bard:MagnumOpus+1"],"picked":"bard:Encore+1","floor":16},{"not_picked":["bard:LocateObject+1","bard:Sift+1"],"picked":"bard:ViciousMockery","floor":18},{"not_picked":["bard:PrismaticSpray+1","bard:Parry+1"],"picked":"bard:HideousLaughter+1","floor":19},{"not_picked":["bard:SongBolt","bard:DervishDance"],"picked":"bard:StudiedStrike+1","floor":20},{"not_picked":["bard:DiscordantVoice","bard:FeastOnFear+1"],"picked":"bard:Parry+1","floor":24},{"not_picked":["bard:LingeringEcho","bard:SongBolt"],"picked":"bard:InspiringSong+1","floor":25},{"not_picked":["bard:BucklerBash","bard:ViciousMockery"],"picked":"bard:MagnumOpus+1","floor":25},{"not_picked":["bard:EchoEcho","bard:BestowCurse+1"],"picked":"bard:SixFourTime","floor":25},{"not_picked":["bard:EchoEcho","bard:EnGarde"],"picked":"bard:Balestra+1","floor":25},{"not_picked":["bard:MagnumOpus+1","bard:SongBolt+1"],"picked":"bard:FaerieFire+1","floor":27},{"not_picked":["bard:StudiedStrike","bard:Solo+1"],"picked":"bard:FirstStrike+1","floor":28},{"not_picked":["bard:InspiringSong+1","bard:Sift+1","bard:Thunderwave+1"],"picked":"SKIP","floor":29}],"player_experience":957864,"relics_obtained":[{"floor":9,"key":"Strawberry"},{"floor":13,"key":"PreservedInsect"},{"floor":24,"key":"Smiling Mask"},{"floor":26,"key":"Toy Ornithopter"},{"floor":27,"key":"CeramicFish"}],"event_choices":[{"cards_removed":["bard:Strike"],"damage_healed":0,"gold_gain":0,"player_choice":"Card Removal","damage_taken":0,"max_hp_gain":0,"max_hp_loss":0,"event_name":"The Cleric","floor":4,"gold_loss":50},{"damage_healed":0,"gold_gain":0,"player_choice":"Take Damage","damage_taken":19,"relics_obtained":["Golden Idol"],"max_hp_gain":0,"max_hp_loss":0,"event_name":"Golden Idol","floor":7,"gold_loss":0},{"cards_removed":["Decay"],"damage_healed":0,"gold_gain":0,"player_choice":"Offered Curse","damage_taken":0,"relics_obtained":["Spirit Poop"],"max_hp_gain":0,"max_hp_loss":0,"event_name":"Bonfire Elementals","floor":14,"gold_loss":0},{"damage_healed":0,"gold_gain":0,"player_choice":"Opened","damage_taken":0,"relics_obtained":["Nunchaku"],"max_hp_gain":0,"max_hp_loss":0,"event_name":"The Mausoleum","floor":21,"gold_loss":0,"cards_obtained":["Writhe"]}],"is_beta":false,"boss_relics":[{"not_picked":["Ectoplasm","Black Star"],"picked":"Pandora\u0027s Box"}],"items_purged_floors":[25],"is_endless":false,"potions_floor_spawned":[1,2,8,16,18,20,27],"killed_by":"Snake Plant","ascension_level":0}}