{"host":"l8lkgdumzpe3823a","time":1609108819,"event":{"mods":["Always Whale","Aspiration","BaseMod","Better Note","Clockwork Mod","Colored Powertips","Curses Come First","Custom Start","DeckTracker","Defuse TimeMaze Blight","Highlight Path","Hubris","Infinite Spire","Minty Spire (QoL Compilation)","Quick Restart","Replay The Spire","Shop Mod","StSLib","SuperFastMode","The Construct","The Dragon Tamer","vexMod"],"gold_per_floor":[115,22,22,39,51,81,95,95,95,95,26,44,75,95,95,95,95],"floor_reached":16,"playtime":373,"items_purged":[],"score":157,"play_id":"b36e6344-b1e1-4446-8144-933bdb469c37","local_time":"20201227164019","is_ascension_mode":true,"campfire_choices":[{"data":"Sword Boomerang","floor":8,"key":"SMITH"},{"data":"Spot Weakness","floor":15,"key":"SMITH"}],"circlet_count":0,"master_deck":["Strike_R","Strike_R","Strike_R","Strike_R","Defend_R","Defend_R","Defend_R","Defend_R","Bash","ReplayTheSpireMod:IOU","Immolate","Sword Boomerang+1","Spot Weakness+1","Power Through","Evolve","Feel No Pain","Wild Strike","Shrug It Off"],"relics":["Burning Blood","NeowsBlessing","Replay:Wax Seal","Toolbox","hubris:BundleOfHerbs","Paper Frog","hubris:Towel","hubris:Metronome"],"acts_visited":["Exordium"],"potions_floor_usage":[12,13,16],"damage_taken":[{"damage":0,"enemies":"2 Louse","floor":1,"turns":1},{"damage":0,"enemies":"infinitespire:Voidling","floor":4,"turns":1},{"damage":0,"enemies":"Jaw Worm","floor":5,"turns":1},{"damage":37,"enemies":"Lagavulin","floor":6,"turns":6},{"damage":6,"enemies":"Blue Slaver","floor":7,"turns":4},{"damage":8,"enemies":"Large Slime","floor":12,"turns":3},{"damage":25,"enemies":"Gremlin Nob","floor":13,"turns":5},{"damage":0,"enemies":"3 Louse","floor":14,"turns":1},{"damage":49,"enemies":"Slime Boss","floor":16,"turns":6}],"seed_played":"3608871534674593408","potions_obtained":[{"floor":1,"key":"Languid Potion"},{"floor":5,"key":"Fire Potion"},{"floor":13,"key":"Swift Potion"}],"is_trial":false,"path_per_floor":["M","$","?","M","M","E","M","R","T","?","$","M","E","M","R","B"],"character_chosen":"IRONCLAD","items_purchased":["Replay:Wax Seal","Toolbox","Evolve"],"campfire_rested":0,"item_purchase_floors":[2,2,11],"current_hp_per_floor":[78,78,78,80,80,49,55,55,55,55,55,53,34,40,40,0,0],"gold":95,"neow_bonus":"THREE_ENEMY_KILL","is_daily":false,"chose_seed":false,"campfire_upgraded":2,"win_rate":0.0,"timestamp":1609108819,"path_taken":["M","$","?","M","?","E","M","R","T","?","$","M","E","M","R","BOSS"],"items_purchased_type":["Relic","Relic","Card"],"build_version":"2020-12-22","purchased_purges":0,"victory":false,"max_hp_per_floor":[80,80,80,80,80,80,80,80,80,80,80,80,80,80,80,80,80],"card_choices":[{"not_picked":["Havoc","Clothesline","Run Through"],"picked":"SKIP","floor":1},{"not_picked":["Headbutt","Defy Death"],"picked":"Sword Boomerang","floor":4},{"not_picked":["Cleave","Sever Soul"],"picked":"Spot Weakness","floor":5},{"not_picked":["Iron Wave","Flex"],"picked":"Power Through","floor":6},{"not_picked":["Heavy Blade","ReplayReversal","Havoc"],"picked":"SKIP","floor":7},{"not_picked":["True Grit","Flame Barrier"],"picked":"Feel No Pain","floor":12},{"not_picked":["Entrench","Heavy Blade"],"picked":"Wild Strike","floor":13},{"not_picked":["Pummel","Run Through"],"picked":"Shrug It Off","floor":14}],"player_experience":645324,"relics_obtained":[{"floor":6,"key":"hubris:BundleOfHerbs"},{"floor":9,"key":"Paper Frog"},{"floor":13,"key":"hubris:Metronome"}],"event_choices":[{"damage_healed":0,"gold_gain":0,"cards_transformed":["Strike_R"],"player_choice":"Transformed","damage_taken":0,"max_hp_gain":0,"max_hp_loss":0,"event_name":"Transmorgrifier","floor":3,"gold_loss":0,"cards_obtained":["Immolate"]}],"is_beta":false,"boss_relics":[],"items_purged_floors":[],"is_endless":false,"potions_floor_spawned":[1,5,13],"killed_by":"Slime Boss","ascension_level":8}}