{"host":"f4n39520dv0p5qms","time":1609100815,"event":{"mods":["AchievementEnabler","BaseMod","Colored Powertips","DeckTracker","Downfall","Infinite Spire","Marisa????????","Minty Spire (QoL Compilation)","Replay The Spire","Shop Mod","StSLib","The Animator","The Bug Knight","The Cursed","The Servant 0.9.4"],"gold_per_floor":[99,112,112,130,150,165,217,217,217,230,230,41,52,37,55,152,152,77,92,105,123,135,335,386,396,407,435,435,463,463,56,77,181,181,181,201,253,273,423,423,446,446,459,459,7,23,23,35,55,154,154,154,154],"floor_reached":51,"playtime":3338,"items_purged":["Regret","Voices"],"score":717,"play_id":"5eb061d6-5873-4390-b46b-765797041c03","local_time":"20201227232655","is_ascension_mode":false,"campfire_choices":[{"data":"Slimebound:Split","floor":1,"key":"SMITH"},{"floor":9,"key":"RECALL"},{"data":"Slimebound:SlimeBarrage","floor":18,"key":"SMITH"},{"data":"Slimebound:FirmFortitude","floor":28,"key":"SMITH"},{"floor":35,"key":"DIG"},{"data":"hexamod:Haunted","floor":40,"key":"PURGE"},{"data":"infinitespire:Fortify","floor":44,"key":"SMITH"},{"floor":47,"key":"DIG"}],"circlet_count":0,"master_deck":["Slimebound:Strike_Slimebound","Slimebound:Strike_Slimebound","Slimebound:Strike_Slimebound","Slimebound:Tackle","Slimebound:Defend_Slimebound+1","Slimebound:Defend_Slimebound+1","Slimebound:Defend_Slimebound","Slimebound:Defend_Slimebound+1","Slimebound:Split+1","Slimebound:CorrosiveSpit","Slimebound:Prepare","Slimebound:AcidTongue","Slimebound:SplitAcid","Slimebound:LeechingTouch","Slimebound:Schlurp","Slimebound:PressTheAttack","Slimebound:SamplingLick","Slimebound:LevelUp","Slimebound:GoopTackle","Slimebound:SlimeBarrage+1","Slimebound:GoopSpray","Slimebound:LeechLife","Slimebound:SplitBruiser+1","Slimebound:ViciousTackle","Slimebound:SlimeTap","Slimebound:HauntingLick","Pot Of Greed","Pot Of Greed","Pot Of Greed","Slimebound:SlimeSpikes","Slimebound:FirmFortitude+1","Slimebound:RollThrough","Slimebound:SplitMire","RitualDagger+1","Slimebound:SamplingLick+1","Slimebound:BestDefense+1","Slimebound:SplitMire+1","Slimebound:SplitAcid+1","Pot Of Greed+1","Slimebound:SlimeBarrage","Slimebound:MassRepurpose+1","Slimebound:Icky","Overencumbered","Slimebound:Grow+1","Slimebound:Overexert+1","Slimebound:Equalize+1","ReplayTheSpireMod:??????????????????????","infinitespire:DeathsTouch","infinitespire:Gouge","Pot Of Greed","infinitespire:SevenWalls","infinitespire:Fortify+1","Slimebound:FormOfPuddle+1","Slimebound:Schlurp+1","Slimebound:Gluttony+1","Slimebound:SplitAcid","Slimebound:LeechEnergy+1","Slimebound:LivingWall","Slimebound:MinionMaster+1"],"relics":["Slimebound:AbsorbEndCombat","infinitespire:Satchel","Replay:Baseball","Honey Jar","downfall:HeartBlessingRed","Grinning Jar","Golden Egg","Replay:Ancient Bell","Potion Belt","Slimebound:MaxSlimesRelic","Replay:Multitool","PreservedInsect","Thread and Needle","Centennial Puzzle","Du-Vu Doll","SacredBark","Gremlin Food","HandDrill","Ancient Tea Set","Bottled Lightning"],"acts_visited":["Exordium","TheCity","TheBeyond","Exordium"],"potions_floor_usage":[21,21,26,26,27,33,33,33,50,50,50,50,50,50],"damage_taken":[{"damage":15,"enemies":"Small Slimes","floor":2,"turns":4},{"damage":8,"enemies":"2 Louse","floor":4,"turns":3},{"damage":8,"enemies":"Jaw Worm","floor":5,"turns":3},{"damage":22,"enemies":"Large Slime","floor":6,"turns":3},{"damage":17,"enemies":"2 Fungi Beasts","floor":10,"turns":3},{"damage":13,"enemies":"downfall:FleeingMerchant","floor":12,"turns":4},{"damage":19,"enemies":"Red Slaver","floor":13,"turns":3},{"damage":9,"enemies":"downfall:FleeingMerchant","floor":14,"turns":4},{"damage":20,"enemies":"Large Slime","floor":15,"turns":3},{"damage":45,"enemies":"downfall:Watcher","floor":16,"turns":7},{"damage":15,"enemies":"3 Byrds","floor":19,"turns":4},{"damage":36,"enemies":"Spheric Guardian","floor":20,"turns":4},{"damage":42,"enemies":"Snake Plant","floor":21,"turns":3},{"damage":18,"enemies":"3 Cultists","floor":22,"turns":3},{"damage":35,"enemies":"Sentry and Sphere","floor":25,"turns":5},{"damage":17,"enemies":"Snecko","floor":26,"turns":3},{"damage":46,"enemies":"Nightmare","floor":27,"turns":6},{"damage":50,"enemies":"Centurion and Healer","floor":29,"turns":7},{"damage":16,"enemies":"downfall:FleeingMerchant","floor":31,"turns":4},{"damage":34,"enemies":"Sentry and Sphere","floor":32,"turns":5},{"damage":59,"enemies":"downfall:Silent","floor":33,"turns":6},{"damage":37,"enemies":"Orb Walker","floor":36,"turns":4},{"damage":42,"enemies":"Mind Bloom Boss Battle","floor":37,"turns":5},{"damage":4,"enemies":"3 Shapes","floor":38,"turns":3},{"damage":33,"enemies":"Sphere and 2 Shapes","floor":43,"turns":3},{"damage":17,"enemies":"downfall:FleeingMerchant","floor":45,"turns":3},{"damage":31,"enemies":"Jaw Worm Horde","floor":46,"turns":4},{"damage":6,"enemies":"4 Shapes","floor":48,"turns":4},{"damage":20,"enemies":"Writhing Mass","floor":49,"turns":4},{"damage":23,"enemies":"downfall:Ironclad","floor":50,"turns":10}],"seed_played":"-700257416667358760","potions_obtained":[{"floor":4,"key":"AttackPotion"},{"floor":6,"key":"ColorlessPotion"},{"floor":10,"key":"Energy Potion"},{"floor":19,"key":"LiquidBronze"},{"floor":25,"key":"AttackPotion"},{"floor":27,"key":"Cursed Concoction"},{"floor":30,"key":"CultistPotion"},{"floor":32,"key":"DistilledChaos"},{"floor":33,"key":"Languid Potion"},{"floor":38,"key":"Block Potion"},{"floor":48,"key":"Ancient Potion"},{"floor":50,"key":"Slimebound:SlimedPotion"}],"is_trial":false,"path_per_floor":["R","M","?","M","M","M","T","?","R","M","?","$","M","$","M","B",null,"R","M","M","M","M","?","T","M","M","NM","R","M","?","$","M","B",null,"R","M","?","M","?","R","T","AVR","M","R","$","M","R","M","M","B",null],"character_chosen":"SLIMEBOUND","items_purchased":["Slimebound:SamplingLick","Slimebound:LevelUp","Slimebound:GoopTackle","Golden Egg","Slimebound:BestDefense","Slimebound:SplitMire","Slimebound:SplitAcid","Gremlin Food","HandDrill","Ancient Tea Set","Slimebound:Gluttony","PowerPotion","Regen Potion","Languid Potion"],"campfire_rested":0,"item_purchase_floors":[12,12,12,31,31,31,31,45,45,45,45,45,45,45],"current_hp_per_floor":[66,63,63,63,66,60,60,60,60,63,63,66,66,66,58,41,66,66,66,46,16,30,30,30,23,36,36,36,37,37,66,44,43,66,66,56,60,66,66,66,66,66,53,53,60,66,66,66,66,66,66,66,66],"gold":154,"neow_bonus":"TEN_PERCENT_HP_BONUS","is_daily":false,"chose_seed":false,"campfire_upgraded":4,"win_rate":0.0,"timestamp":1609100815,"path_taken":["R","M","?","M","M","M","T","?","R","M","?","$","M","$","M","BOSS","R","M","M","M","M","?","T","M","M","NM","R","M","?","?","M","BOSS","R","M","?","M","?","R","T","AVR","?","R","$","M","R","M","M","BOSS"],"items_purchased_type":["Card","Card","Card","Relic","Card","Card","Card","Relic","Relic","Relic","Card","Potion","Potion","Potion"],"build_version":"2020-12-22","purchased_purges":2,"victory":false,"max_hp_per_floor":[66,66,66,66,66,66,66,66,66,66,66,66,66,66,66,66,66,66,66,66,66,66,66,66,66,66,66,66,66,66,66,66,66,66,66,66,66,66,66,66,66,66,66,66,66,66,66,66,66,66,66,66,66],"card_choices":[{"not_picked":["Slimebound:RollThrough","Slimebound:Grow"],"picked":"Slimebound:Prepare","floor":2},{"not_picked":["Slimebound:Replication","Slimebound:FinishingTackle"],"picked":"Slimebound:AcidTongue","floor":4},{"not_picked":["Slimebound:SamplingLick","Slimebound:Schlurp"],"picked":"Slimebound:SplitAcid","floor":5},{"not_picked":["Slimebound:Chomp","Slimebound:DisruptingSlam"],"picked":"Slimebound:LeechingTouch","floor":6},{"not_picked":["Slimebound:SplitBruiser","Slimebound:RollThrough"],"picked":"Slimebound:Schlurp","floor":10},{"not_picked":["Slimebound:SplitLeeching","Slimebound:SlimeBrawl"],"picked":"Slimebound:PressTheAttack","floor":12},{"not_picked":["Slimebound:RollThrough","Slimebound:SplitBruiser","Slimebound:SplitLeeching"],"picked":"SKIP","floor":13},{"not_picked":["Slimebound:Chomp","Slimebound:Schlurp"],"picked":"Slimebound:SlimeBarrage","floor":14},{"not_picked":["Slimebound:PressTheAttack","Slimebound:MinionMaster"],"picked":"Slimebound:GoopSpray","floor":15},{"not_picked":["Slimebound:MinionMaster","Slimebound:OneTwoCombo"],"picked":"Slimebound:LeechLife","floor":16},{"not_picked":["Slimebound:RollThrough","Slimebound:HauntingLick","Slimebound:LevelUp"],"picked":"Slimebound:SplitBruiser+1","floor":19},{"not_picked":["Slimebound:GrowthPunch","Slimebound:SplitAcid+1","Slimebound:FormOfPuddle"],"picked":"Slimebound:ViciousTackle","floor":20},{"not_picked":["Slimebound:TongueLash","Slimebound:FinishingTackle","Slimebound:SplitBruiser"],"picked":"Slimebound:SlimeTap","floor":21},{"not_picked":["Slimebound:SplitMire","Slimebound:GoopSpray","Slimebound:GrowthPunch"],"picked":"Slimebound:HauntingLick","floor":22},{"not_picked":["Slimebound:SamplingLick","Slimebound:SplitAcid+1","Slimebound:ViciousTackle+1"],"picked":"Slimebound:SlimeSpikes","floor":25},{"not_picked":["Slimebound:SpikyOuterGoop","Slimebound:GoopSpray","Slimebound:PressTheAttack"],"picked":"Slimebound:FirmFortitude","floor":26},{"not_picked":["Slimebound:GrowthPunch","Slimebound:GoopSpray","Slimebound:ComboTackle"],"picked":"Slimebound:RollThrough","floor":27},{"not_picked":["Slimebound:RollThrough+1","Slimebound:PressTheAttack","Slimebound:GoopSpray"],"picked":"Slimebound:SplitMire","floor":29},{"not_picked":["Slimebound:Equalize","Slimebound:SplitMire+1","Slimebound:SlimeBrawl"],"picked":"Slimebound:SamplingLick+1","floor":31},{"not_picked":["Slimebound:RollThrough","Slimebound:LeechingTouch","Slimebound:ComboTackle"],"picked":"Slimebound:SlimeBarrage","floor":32},{"not_picked":["Slimebound:PrepareCrush","Slimebound:OozeBath","Slimebound:SlimeSlap"],"picked":"Slimebound:MassRepurpose","floor":33},{"not_picked":["AbeCurse","Pain","Replay:Hysterical Blindness"],"picked":"Voices","floor":34},{"not_picked":["Overencumbered","Normality","Decay"],"picked":"Slimebound:Icky","floor":34},{"not_picked":["Voices","Parasite","ReplayTheSpireMod:IOU"],"picked":"Overencumbered","floor":34},{"not_picked":["Slimebound:SlimeSpikes+1","Slimebound:SpikyOuterGoop","Slimebound:Repurpose+1"],"picked":"Slimebound:Grow+1","floor":36},{"not_picked":["Slimebound:FinishingTackle","Slimebound:LeechEnergy+1","Slimebound:SplitAcid+1"],"picked":"Slimebound:Overexert","floor":37},{"not_picked":["Slimebound:ItLooksTasty","Slimebound:FinishingTackle","Slimebound:Dissolve"],"picked":"Slimebound:Equalize+1","floor":38},{"not_picked":["Slimebound:MassRepurpose","Slimebound:PressTheAttack","Slimebound:ViciousTackle"],"picked":"Slimebound:FormOfPuddle+1","floor":43},{"not_picked":["Slimebound:SplitMire","Slimebound:GoopSpray","Slimebound:SplitBruiser+1"],"picked":"Slimebound:Schlurp","floor":45},{"not_picked":["Slimebound:RollThrough","Slimebound:GoopSpray","Slimebound:PressTheAttack"],"picked":"Slimebound:SplitAcid","floor":46},{"not_picked":["Slimebound:GoopSpray+1","Slimebound:PressTheAttack+1","Slimebound:Prepare"],"picked":"Slimebound:LeechEnergy+1","floor":48},{"not_picked":["Slimebound:OneTwoCombo","Slimebound:Dissolve+1","Slimebound:ComboTackle+1"],"picked":"Slimebound:LivingWall","floor":49},{"not_picked":["Slimebound:OneTwoCombo","Slimebound:DouseInSlime","Slimebound:OozeBath"],"picked":"Slimebound:MinionMaster","floor":50}],"player_experience":130907,"relics_obtained":[{"floor":7,"key":"infinitespire:Satchel"},{"floor":24,"key":"Grinning Jar"},{"floor":27,"key":"Replay:Bandana"},{"floor":35,"key":"PreservedInsect"},{"floor":37,"key":"Thread and Needle"},{"floor":41,"key":"Centennial Puzzle"},{"floor":47,"key":"Bottled Lightning"}],"event_choices":[],"is_beta":false,"boss_relics":[{"not_picked":["Kintsugi","Tiny House"],"picked":"Honey Jar"},{"not_picked":["Replay:Wanted Poster","infinitespire:Cupcake"],"picked":"Replay:Ancient Bell"},{"not_picked":["Bronze Scales","infinitespire:PuzzleCube"],"picked":"Potion Belt"},{"not_picked":["infinitespire:WardingShard","HollowMod:StagPassRelic"],"picked":"Slimebound:MaxSlimesRelic"},{"not_picked":["infinitespire:Lychee Nut","FossilizedHelix"],"picked":"Replay:Multitool"},{"not_picked":["Runic Pyramid","Busted Crown","Pandora\u0027s Box"]}],"items_purged_floors":[42,45],"is_endless":true,"potions_floor_spawned":[4,6,10,13,19,25,27,32,33,38,48,50],"ascension_level":0}}