{"host":"e4wnmsyty9uvvtwf","time":1609051972,"event":{"mods":["Aspiration","BaseMod","Colored Map","Colored Powertips","Marisa£®ÏF”Í°°ƒß¿Ì…≥£©","Minty Spire (QoL Compilation)","Rare Cards Sparkle","Replay The Spire","StSLib"],"gold_per_floor":[115,265,265,102,118,118,130,130,130,180,191,209,227,258,258,329,329,344,344,359,359,359,359,376,376,376],"floor_reached":25,"playtime":752,"items_purged":["Doubt"],"score":485,"play_id":"e096e73a-a714-4f65-966c-a0cd31c12a35","local_time":"20201227145252","is_ascension_mode":true,"campfire_choices":[{"data":"Armaments","floor":6.0,"key":"SMITH"},{"data":"Replay:Many Hands","floor":8.0,"key":"SMITH"},{"floor":15.0,"key":"DIG"},{"data":"Hemogenesis","floor":23.0,"key":"SMITH"}],"circlet_count":0,"master_deck":["AscendersBane","Strike_R","Strike_R","Strike_R","Defend_R","Defend_R","Defend_R","Defend_R","Bash","Replay:Many Hands+1","Rampage","Armaments+1","Uppercut","Shrug It Off","CommonCold","Double Tap","Replay:Undeath\u0027s Touch","Parasite","Hemogenesis+1","SporeBomb+1","GalacticHalo","Replay:Undeath\u0027s Touch","Normality","Wraith","ReplayTheSpireMod:IOU","Reinforced Body"],"relics":["Burning Blood","Spirit Poop","Kunai","Ring of Fury","Ring of Greed","Tiny Chest","Smiling Mask","Sundial","Replay:Baseball","Replay:Grab Bag","ChewingGum","Coffee Dripper","Mark of Pain","aspiration:MarisaSkillbook","PrismaticShard"],"acts_visited":["Exordium","TheCity"],"potions_floor_usage":[24],"damage_taken":[{"damage":14.0,"enemies":"Jaw Worm","floor":1.0,"turns":4.0},{"damage":6.0,"enemies":"Small Slimes","floor":5.0,"turns":4.0},{"damage":0.0,"enemies":"Cultist","floor":7.0,"turns":3.0},{"damage":8.0,"enemies":"Blue Slaver","floor":11.0,"turns":4.0},{"damage":6.0,"enemies":"Looter","floor":12.0,"turns":2.0},{"damage":5.0,"enemies":"2 Fungi Beasts","floor":13.0,"turns":2.0},{"damage":13.0,"enemies":"3 Sentries","floor":14.0,"turns":5.0},{"damage":25.0,"enemies":"Fading Forest","floor":16.0,"turns":11.0},{"damage":21.0,"enemies":"2 Thieves","floor":18.0,"turns":4.0},{"damage":24.0,"enemies":"Shell Parasite","floor":20.0,"turns":3.0},{"damage":14,"enemies":"Chosen and Byrds","floor":24,"turns":4},{"damage":16,"enemies":"Book of Stabbing","floor":25,"turns":2}],"seed_played":"1026781082406220449","potions_obtained":[{"floor":5.0,"key":"SneckoOil"},{"floor":7.0,"key":"Toxic Potion"},{"floor":11.0,"key":"Cursed Concoction"},{"floor":14.0,"key":"FearPotion"},{"floor":18.0,"key":"PowerPotion"}],"is_trial":false,"path_per_floor":["M","?","?","$","M","R","M","R","T","?","M","M","M","E","R_BF","B",null,"M","?","M","?","?","R","M","E"],"character_chosen":"IRONCLAD","items_purchased":["Uppercut"],"campfire_rested":0,"item_purchase_floors":[4],"current_hp_per_floor":[60,60,60,60,60,60,66,66,66,66,64,64,65,58,58,39,66,56,35,22,22,10,10,10,0,0],"gold":376,"neow_bonus":"TRANSFORM_TWO_CARDS","is_daily":false,"chose_seed":false,"campfire_upgraded":3,"win_rate":0.0,"timestamp":1609051972,"path_taken":["M","?","?","$","?","R","M","R","T","?","M","M","M","E","R_BF","BOSS","M","?","M","?","?","R","M","E"],"items_purchased_type":["Card"],"build_version":"2020-12-22","purchased_purges":1,"victory":false,"max_hp_per_floor":[75,75,75,75,75,75,75,75,75,75,75,75,75,75,75,75,75,75,80,80,80,80,80,80,80,80],"card_choices":[{"not_picked":["Headbutt","Perfected Strike"],"picked":"Armaments","floor":1.0},{"not_picked":["Sword Boomerang","ReplayTheSpireMod:Strike From Hell","Cleave"],"picked":"SKIP","floor":5.0},{"not_picked":["ReplayReversal","Anger"],"picked":"Shrug It Off","floor":7.0},{"not_picked":["Cleave","Seeing Red"],"picked":"Double Tap","floor":11.0},{"not_picked":["Clash","Run Through","Wild Strike"],"picked":"SKIP","floor":12.0},{"not_picked":["Clothesline","Pommel Strike","Dark Embrace"],"picked":"SKIP","floor":13.0},{"not_picked":["Blood for Blood","Heavy Blade"],"picked":"Replay:Undeath\u0027s Touch","floor":14.0},{"not_picked":["Fiend Fire","Berserk"],"picked":"Hemogenesis","floor":16.0},{"not_picked":["Heavy Blade","Wild Strike","Searing Blow"],"picked":"SporeBomb+1","floor":18.0},{"not_picked":["DC","SporeBomb","Combust"],"picked":"GalacticHalo","floor":20.0},{"not_picked":["AsteroidBelt","Anger","Wild Strike"],"picked":"Replay:Undeath\u0027s Touch","floor":22.0},{"not_picked":["Bane","Predator","MeteoricShower"],"picked":"Reinforced Body","floor":24}],"player_experience":658254,"relics_obtained":[{"floor":9.0,"key":"Kunai"},{"floor":10.0,"key":"Ring of Fury"},{"floor":10.0,"key":"Ring of Greed"},{"floor":10.0,"key":"Tiny Chest"},{"floor":10.0,"key":"Smiling Mask"},{"floor":14.0,"key":"Sundial"},{"floor":15.0,"key":"Replay:Baseball"},{"floor":22.0,"key":"PrismaticShard"}],"event_choices":[{"damage_healed":0.0,"max_hp_gain":0.0,"max_hp_loss":0.0,"gold_gain":150.0,"event_name":"Liars Game","player_choice":"AGREE","floor":2.0,"gold_loss":0.0,"damage_taken":0.0,"cards_obtained":["Doubt"]},{"cards_removed":["Looming Evil"],"damage_healed":0.0,"max_hp_gain":0.0,"max_hp_loss":0.0,"gold_gain":0.0,"event_name":"Bonfire Elementals","player_choice":"Offered Curse","floor":3.0,"gold_loss":0.0,"damage_taken":0.0,"relics_obtained":["Spirit Poop"]},{"damage_healed":0.0,"max_hp_gain":5.0,"max_hp_loss":0.0,"gold_gain":0.0,"event_name":"Forgotten Altar","player_choice":"Shed Blood","floor":19.0,"gold_loss":0.0,"damage_taken":26.0},{"damage_healed":0.0,"max_hp_gain":0.0,"max_hp_loss":0.0,"gold_gain":0.0,"event_name":"Vampires","player_choice":"Ignored","floor":21.0,"gold_loss":0.0,"damage_taken":0.0}],"is_beta":false,"boss_relics":[{"not_picked":["Empty Cage","Busted Crown"],"picked":"Replay:Grab Bag"},{"not_picked":["Runic Dome","SlaversCollar"],"picked":"ChewingGum"},{"not_picked":["Ooze Armor","Sozu"],"picked":"Coffee Dripper"},{"not_picked":["aspiration:DefectSkillbook","aspiration:RitualDagger"],"picked":"Mark of Pain"},{"not_picked":["Tiny House","aspiration:SecretTechniqueScroll"],"picked":"aspiration:MarisaSkillbook"}],"items_purged_floors":[4],"is_endless":false,"potions_floor_spawned":[5,7,11,14,18,20],"killed_by":"Book of Stabbing","ascension_level":18}}