{"host":"szp1d6dso4pv7ddl","time":1609044175,"event":{"mods":["AchievementEnabler","Alarm Clock","BaseMod","Bestiary","Block Reminder","Colored Map","Colored Powertips","Curses Come First","Displayed Cursed Tome","Highlight Path","Minty Spire (QoL Compilation)","Permanent Neow","Quick Restart","Relic Sorter","Relic Stats","StSLib","Synergy Search"],"gold_per_floor":[115,115,115,130,205,232,232,250,250,266,266,283,311,331,331,403,403,422,441,441,540,540,540],"floor_reached":22,"playtime":1073,"items_purged":[],"score":365,"play_id":"e49b164d-0e4d-47b5-8b27-e4a449de8fff","local_time":"20201226204255","is_ascension_mode":true,"campfire_choices":[{"data":"Cloak And Dagger","floor":7.0,"key":"SMITH"},{"floor":15.0,"key":"REST"}],"circlet_count":0,"master_deck":["AscendersBane","Survivor","Neutralize","Cloak And Dagger+1","Quick Slash","Backflip","Flying Knee","Storm of Steel","Blade Dance","Terror","After Image","Accuracy","Corpse Explosion","Dodge and Roll","Storm of Steel","Infinite Blades","Eviscerate","Terror","Blur","Slice","Dagger Throw+1","Decay"],"relics":["Philosopher\u0027s Stone","Kunai","Toy Ornithopter","Shovel","Pandora\u0027s Box"],"acts_visited":["Exordium","TheCity"],"potions_floor_usage":[],"damage_taken":[{"damage":0.0,"enemies":"Small Slimes","floor":1.0,"turns":4.0},{"damage":0.0,"enemies":"2 Louse","floor":4.0,"turns":3.0},{"damage":29.0,"enemies":"3 Sentries","floor":6.0,"turns":11.0},{"damage":0.0,"enemies":"Cultist","floor":8.0,"turns":4.0},{"damage":0.0,"enemies":"2 Fungi Beasts","floor":10.0,"turns":3.0},{"damage":0.0,"enemies":"Looter","floor":12.0,"turns":3.0},{"damage":0.0,"enemies":"Gremlin Nob","floor":13.0,"turns":3.0},{"damage":5.0,"enemies":"3 Louse","floor":14.0,"turns":4.0},{"damage":6,"enemies":"Slime Boss","floor":16,"turns":11},{"damage":46,"enemies":"2 Thieves","floor":18,"turns":3},{"damage":10,"enemies":"Shell Parasite","floor":19,"turns":4},{"damage":6,"enemies":"Shelled Parasite and Fungi","floor":22,"turns":2}],"seed_played":"-5576382649036221299","potions_obtained":[{"floor":6.0,"key":"Block Potion"},{"floor":10.0,"key":"SteroidPotion"},{"floor":13.0,"key":"SpeedPotion"},{"floor":14.0,"key":"BlessingOfTheForge"}],"is_trial":false,"path_per_floor":["M","?","$","M","?","E","R","M","T","M","?","M","E","M","R","B",null,"M","M","?","?","M"],"character_chosen":"THE_SILENT","items_purchased":[],"campfire_rested":1,"item_purchase_floors":[],"current_hp_per_floor":[63,68,68,68,57,28,28,28,28,28,28,28,38,33,55,49,69,23,13,13,13,7,7],"gold":540,"neow_bonus":"BOSS_RELIC","is_daily":false,"chose_seed":false,"campfire_upgraded":1,"win_rate":0.0,"timestamp":1609044175,"path_taken":["M","?","$","M","?","E","R","M","T","M","?","M","E","M","R","BOSS","M","?","?","?","M"],"items_purchased_type":[],"build_version":"2020-12-22","purchased_purges":0,"victory":false,"max_hp_per_floor":[70,75,75,75,75,75,75,75,75,75,75,75,75,75,75,75,75,75,75,75,75,75,75],"relic_stats":{"Shovel":0,"counters":[12,55],"Pandora\u0027s Box":["Accuracy","Corpse Explosion","Dodge and Roll","Storm of Steel","Infinite Blades","Eviscerate","Terror","Blur","Slice"],"Kunai":[26],"obtain_stats":[{"Shovel":13,"Philosopher\u0027s Stone":0,"Pandora\u0027s Box":17,"Kunai":6,"Toy Ornithopter":9,"Ring of the Snake":0},{"Shovel":7,"Philosopher\u0027s Stone":0,"Pandora\u0027s Box":9,"Kunai":3,"Toy Ornithopter":4,"Ring of the Snake":0},{"Shovel":31,"Philosopher\u0027s Stone":0,"Pandora\u0027s Box":46,"Kunai":18,"Toy Ornithopter":22,"Ring of the Snake":0}],"Toy Ornithopter":10},"card_choices":[{"not_picked":["Dodge and Roll","Backflip"],"picked":"Cloak And Dagger","floor":1.0},{"not_picked":["PiercingWail","Crippling Poison"],"picked":"Quick Slash","floor":4.0},{"not_picked":["Dagger Spray","All Out Attack"],"picked":"Backflip","floor":6.0},{"not_picked":["Poisoned Stab","Dodge and Roll"],"picked":"Flying Knee","floor":8.0},{"not_picked":["Deflect","Outmaneuver","Flechettes"],"picked":"SKIP","floor":10.0},{"not_picked":["PiercingWail","Grand Finale"],"picked":"Blade Dance","floor":12.0},{"not_picked":["Calculated Gamble","Heel Hook","Flying Knee"],"picked":"SKIP","floor":13.0},{"not_picked":["Flying Knee","Blur"],"picked":"Terror","floor":14.0},{"not_picked":["Phantasmal Killer","Die Die Die"],"picked":"After Image","floor":16},{"not_picked":["Crippling Poison","Bane"],"picked":"Dagger Throw+1","floor":18},{"not_picked":["Masterful Stab","Outmaneuver","Quick Slash"],"picked":"SKIP","floor":19}],"player_experience":1026862,"relics_obtained":[{"floor":6.0,"key":"Kunai"},{"floor":9.0,"key":"Toy Ornithopter"},{"floor":13.0,"key":"Shovel"}],"event_choices":[{"damage_healed":0.0,"max_hp_gain":5.0,"max_hp_loss":0.0,"gold_gain":0.0,"event_name":"Big Fish","player_choice":"Donut","floor":2.0,"gold_loss":0.0,"damage_taken":0.0},{"damage_healed":0.0,"max_hp_gain":0.0,"max_hp_loss":0.0,"gold_gain":75.0,"event_name":"World of Goop","player_choice":"Gather Gold","floor":5.0,"gold_loss":0.0,"damage_taken":11.0},{"damage_healed":0.0,"max_hp_gain":0.0,"max_hp_loss":0.0,"gold_gain":0.0,"cards_transformed":["Defend_G"],"event_name":"Transmorgrifier","player_choice":"Transformed","floor":11.0,"gold_loss":0.0,"damage_taken":0.0,"cards_obtained":["Storm of Steel"]},{"damage_healed":0,"gold_gain":0,"player_choice":"Smashed Altar","damage_taken":0,"max_hp_gain":0,"max_hp_loss":0,"event_name":"Forgotten Altar","floor":20,"gold_loss":0,"cards_obtained":["Decay"]},{"damage_healed":0,"gold_gain":99,"player_choice":"Stole From Cult","damage_taken":0,"max_hp_gain":0,"max_hp_loss":0,"event_name":"Nest","floor":21,"gold_loss":0}],"is_beta":false,"boss_relics":[{"not_picked":["Tiny House","HoveringKite"],"picked":"Pandora\u0027s Box"}],"items_purged_floors":[],"is_endless":false,"potions_floor_spawned":[6,10,13,14,18],"killed_by":"Shelled Parasite and Fungi","ascension_level":13}}