{"host":"4myia77ydcdhvoxj","time":1609052639,"event":{"mods":["2.2 Compatiblity","BaseMod","Better Third Choice","Colored Powertips","Downfall","Minty Spire (QoL Compilation)","Relic Stats","Replay The Spire","Spicy Shops","StSLib"],"gold_per_floor":[99,99,99,199,199,199,225,225,225,225,225,225],"floor_reached":10,"playtime":646,"items_purged":[],"score":50,"play_id":"99a5748e-6bad-4c09-83ed-6d8c25838298","local_time":"20201227160359","is_ascension_mode":false,"campfire_choices":[{"floor":1.0,"key":"RECALL"},{"data":"hexamod:Sear","floor":6,"key":"SMITH"}],"circlet_count":0,"master_deck":["hexamod:Strike","hexamod:Strike","hexamod:Strike","hexamod:Strike","hexamod:Defend","hexamod:Defend","hexamod:Defend","hexamod:Defend","hexamod:Sear+1","hexamod:Float","hexamod:HeatMetal","hexamod:ThirdSeal","hexamod:NecessarySacrifice"],"relics":["hexamod:SpiritBrand","downfall:HeartsMalice"],"acts_visited":["Exordium"],"potions_floor_usage":[],"damage_taken":[{"damage":0,"enemies":"2 Louse","floor":2,"turns":1},{"damage":0,"enemies":"Small Slimes","floor":3,"turns":1},{"damage":0,"enemies":"Jaw Worm","floor":9,"turns":1},{"damage":78,"enemies":"3 Sentries","floor":10,"turns":14}],"seed_played":"-8287805413982187972","potions_obtained":[],"is_trial":false,"path_per_floor":["R","M","M","?","?","R","T","?","M","E"],"character_chosen":"THE_SPIRIT","items_purchased":[],"campfire_rested":0,"item_purchase_floors":[],"current_hp_per_floor":[70,70,70,70,70,70,70,70,70,0,0,0],"gold":225,"neow_bonus":"THREE_ENEMY_KILL","is_daily":false,"chose_seed":false,"campfire_upgraded":1,"win_rate":0.0,"timestamp":1609052639,"path_taken":["R","M","M","?","?","R","T","?","M","E"],"items_purchased_type":[],"build_version":"2020-12-22","purchased_purges":0,"victory":false,"max_hp_per_floor":[70,70,70,70,70,70,70,70,70,70,70,70],"relic_stats":{"counters":[4,14],"obtain_stats":[{"downfall:HeartsMalice":0,"hexamod:SpiritBrand":0},{"downfall:HeartsMalice":0,"hexamod:SpiritBrand":0},{"downfall:HeartsMalice":0,"hexamod:SpiritBrand":0}]},"card_choices":[{"not_picked":["hexamod:Haunt","hexamod:NightmareStrike"],"picked":"hexamod:HauntingEcho","floor":2},{"not_picked":["hexamod:ShieldOfDarkness","hexamod:FastForward"],"picked":"hexamod:HeatMetal","floor":3},{"not_picked":["hexamod:Incineration","hexamod:GhostOfSpirePast"],"picked":"hexamod:NecessarySacrifice","floor":9}],"player_experience":452358,"relics_obtained":[],"event_choices":[],"is_beta":false,"boss_relics":[],"items_purged_floors":[],"is_endless":false,"potions_floor_spawned":[],"killed_by":"3 Sentries","ascension_level":0}}