{"host":"q387i5o1hp66091u","time":1609086184,"event":{"mods":["2.2 Compatiblity","BaseMod","Minty Spire (QoL Compilation)","Rare Cards Sparkle"],"gold_per_floor":[117,127,145,145,165,165,183,218,218,218,243,277,49,14,14,125,134,163,192,211,220,239,281,281,302,327,345,382,382,382,406,406,518,518,539,561,620,154,154,190,190,190,190,227,239,279,29,53,53,53],"floor_reached":51,"playtime":2700,"items_purged":[],"score":966,"play_id":"1f2b8829-d1c7-4297-8f40-b05c537f5821","local_time":"20201228012304","is_ascension_mode":true,"campfire_choices":[{"data":"Perseverance","floor":6.0,"key":"SMITH"},{"data":"Scrawl","floor":10.0,"key":"SMITH"},{"floor":15.0,"key":"REST"},{"floor":24.0,"key":"REST"},{"data":"Apotheosis","floor":29.0,"key":"SMITH"},{"data":"JustLucky","floor":32.0,"key":"SMITH"},{"floor":41.0,"key":"REST"},{"floor":49.0,"key":"REST"}],"circlet_count":0,"master_deck":["Strike_P","Strike_P","Strike_P","Strike_P","Defend_P","Defend_P","Defend_P","Eruption+1","Vigilance","Consecrate","Prostrate","Perseverance+1","JustLucky+1","Prostrate","Scrawl+1","SashWhip","Brilliance","Apotheosis+1","Brilliance","CurseOfTheBell","Crescendo+1","FlyingSleeves","FlyingSleeves+1","Prostrate","TalkToTheHand+1","Worship+1","Doubt","FollowUp","Wish","ConjureBlade","Halt+1","FlurryOfBlows","FollowUp+1","Establishment","Wallop","Master of Strategy","WindmillStrike+1","Protect+1","TalkToTheHand","Prostrate"],"relics":["PureWater","CeramicFish","Ice Cream","Mercury Hourglass","Calling Bell","Tiny Chest","StrikeDummy","Lizard Tail","Gambling Chip","Toy Ornithopter","StoneCalendar","Blood Vial","VioletLotus","FossilizedHelix","Potion Belt","Mango","MawBank","Kunai","Bottled Lightning"],"acts_visited":["Exordium","TheCity","TheBeyond"],"potions_floor_usage":[50,50],"damage_taken":[{"damage":6.0,"enemies":"Small Slimes","floor":1.0,"turns":3.0},{"damage":2.0,"enemies":"Cultist","floor":2.0,"turns":4.0},{"damage":0.0,"enemies":"2 Louse","floor":3.0,"turns":3.0},{"damage":7.0,"enemies":"Looter","floor":5.0,"turns":4.0},{"damage":5.0,"enemies":"2 Fungi Beasts","floor":7.0,"turns":3.0},{"damage":37.0,"enemies":"3 Sentries","floor":8.0,"turns":14.0},{"damage":3.0,"enemies":"Gremlin Gang","floor":11.0,"turns":3.0},{"damage":13.0,"enemies":"Lagavulin","floor":12.0,"turns":10.0},{"damage":0.0,"enemies":"Slime Boss","floor":16.0,"turns":5.0},{"damage":1.0,"enemies":"Shell Parasite","floor":18.0,"turns":4.0},{"damage":28.0,"enemies":"2 Thieves","floor":19.0,"turns":4.0},{"damage":18.0,"enemies":"Centurion and Healer","floor":20.0,"turns":5.0},{"damage":0.0,"enemies":"3 Cultists","floor":22.0,"turns":2.0},{"damage":20.0,"enemies":"Gremlin Leader","floor":23.0,"turns":6.0},{"damage":13.0,"enemies":"Snake Plant","floor":25.0,"turns":2.0},{"damage":1.0,"enemies":"Book of Stabbing","floor":28.0,"turns":3.0},{"damage":20.0,"enemies":"Automaton","floor":33.0,"turns":8.0},{"damage":17.0,"enemies":"Orb Walker","floor":35.0,"turns":2.0},{"damage":2.0,"enemies":"3 Shapes","floor":36.0,"turns":2.0},{"damage":10.0,"enemies":"Mind Bloom Boss Battle","floor":37.0,"turns":6.0},{"damage":0.0,"enemies":"Giant Head","floor":40.0,"turns":7.0},{"damage":0.0,"enemies":"Jaw Worm Horde","floor":44.0,"turns":3.0},{"damage":9.0,"enemies":"Sphere and 2 Shapes","floor":46.0,"turns":7.0},{"damage":32.0,"enemies":"Spire Growth","floor":48.0,"turns":4.0},{"damage":49,"enemies":"Awakened One","floor":50,"turns":9}],"seed_played":"-6943264515735778477","potions_obtained":[{"floor":8.0,"key":"Energy Potion"},{"floor":16.0,"key":"SkillPotion"},{"floor":18.0,"key":"Regen Potion"},{"floor":25.0,"key":"Block Potion"},{"floor":28.0,"key":"LiquidBronze"},{"floor":30.0,"key":"Block Potion"},{"floor":33.0,"key":"Strength Potion"},{"floor":40.0,"key":"Energy Potion"},{"floor":44.0,"key":"Fruit Juice"}],"is_trial":false,"path_per_floor":["M","M","M","?","M","R","M","E","T","R","M","E","$","?","R","B",null,"M","M","M","?","M","E","R","M","T","?","E","R","?","T","R","B",null,"M","M","?","$","?","E","R","?","T","M","T","M","$","M","R","B",null],"character_chosen":"WATCHER","items_purchased":["Apotheosis","Crescendo","Establishment","Wallop","Potion Belt","Master of Strategy","Bottled Lightning"],"campfire_rested":4,"item_purchase_floors":[13,13,38,38,38,38,47],"current_hp_per_floor":[73,71,71,71,64,64,59,22,22,22,19,6,6,25,48,48,79,78,50,32,32,32,26,49,36,36,36,40,40,40,40,40,27,79,62,62,54,54,54,75,93,93,93,93,93,84,84,54,81,49],"gold":53,"neow_bonus":"TEN_PERCENT_HP_BONUS","is_daily":false,"chose_seed":false,"campfire_upgraded":4,"win_rate":0.0,"timestamp":1609086184,"path_taken":["M","M","M","?","?","R","M","E","T","R","M","E","?","?","R","BOSS","M","M","M","?","M","E","R","M","T","?","E","R","?","?","R","BOSS","M","M","?","$","?","E","R","?","T","M","?","M","$","M","R","BOSS"],"items_purchased_type":["Card","Card","Card","Card","Relic","Card","Relic"],"build_version":"2020-12-22","purchased_purges":0,"victory":true,"max_hp_per_floor":[79,79,79,79,79,79,79,79,79,79,79,79,79,79,79,79,79,79,79,79,79,79,79,79,79,79,79,79,79,79,79,79,79,79,79,79,79,79,79,93,93,93,93,93,93,93,93,93,93,98],"card_choices":[{"not_picked":["EmptyFist","BowlingBash"],"picked":"Consecrate","floor":1.0},{"not_picked":["JustLucky","Evaluate"],"picked":"Prostrate","floor":2.0},{"not_picked":["FollowUp","FearNoEvil"],"picked":"Perseverance","floor":3.0},{"not_picked":["Protect","EmptyFist"],"picked":"JustLucky","floor":5.0},{"not_picked":["FollowUp","Halt"],"picked":"Prostrate","floor":7.0},{"not_picked":["Omniscience","Vault"],"picked":"Scrawl","floor":8.0},{"not_picked":["EmptyFist","WreathOfFlame"],"picked":"SashWhip","floor":11.0},{"not_picked":["FollowUp","ForeignInfluence"],"picked":"Brilliance","floor":12.0},{"not_picked":["Wish","Omniscience"],"picked":"Brilliance","floor":16.0},{"not_picked":["CrushJoints","CutThroughFate"],"picked":"Crescendo+1","floor":18.0},{"not_picked":["EmptyFist","CrushJoints"],"picked":"FlyingSleeves","floor":19.0},{"not_picked":["Wireheading","FollowUp"],"picked":"FlyingSleeves+1","floor":20.0},{"not_picked":["JustLucky","Study"],"picked":"Prostrate","floor":22.0},{"not_picked":["Conclude","DevaForm"],"picked":"TalkToTheHand+1","floor":23.0},{"not_picked":["Evaluate","Tantrum+1"],"picked":"Worship+1","floor":25.0},{"not_picked":["Consecrate","EmptyFist"],"picked":"Wish","floor":28.0},{"not_picked":["Wish","DeusExMachina"],"picked":"ConjureBlade","floor":33.0},{"not_picked":["DeceiveReality+1","Nirvana"],"picked":"Halt+1","floor":35.0},{"not_picked":["Consecrate+1","SashWhip+1"],"picked":"FlurryOfBlows","floor":36.0},{"not_picked":["ThirdEye","BowlingBash+1"],"picked":"FollowUp+1","floor":37.0},{"not_picked":["EmptyBody","DeusExMachina"],"picked":"WindmillStrike+1","floor":40.0},{"not_picked":["CarveReality","ThirdEye+1"],"picked":"Protect+1","floor":44.0},{"not_picked":["MentalFortress","Meditate"],"picked":"TalkToTheHand","floor":46.0},{"not_picked":["Swivel","CrushJoints+1"],"picked":"Prostrate","floor":48.0}],"player_experience":563466,"relics_obtained":[{"floor":8.0,"key":"CeramicFish"},{"floor":9.0,"key":"Ice Cream"},{"floor":12.0,"key":"Mercury Hourglass"},{"floor":17.0,"key":"Tiny Chest"},{"floor":17.0,"key":"StrikeDummy"},{"floor":17.0,"key":"Lizard Tail"},{"floor":23.0,"key":"Gambling Chip"},{"floor":26.0,"key":"Toy Ornithopter"},{"floor":28.0,"key":"StoneCalendar"},{"floor":31.0,"key":"Blood Vial"},{"floor":37.0,"key":"FossilizedHelix"},{"floor":40.0,"key":"Mango"},{"floor":43.0,"key":"MawBank"},{"floor":45.0,"key":"Kunai"}],"event_choices":[{"damage_healed":0.0,"max_hp_gain":0.0,"max_hp_loss":0.0,"gold_gain":0.0,"event_name":"Upgrade Shrine","player_choice":"Upgraded","floor":4.0,"gold_loss":0.0,"damage_taken":0.0,"cards_upgraded":["Eruption"]},{"damage_healed":19.0,"max_hp_gain":0.0,"max_hp_loss":0.0,"gold_gain":0.0,"event_name":"The Cleric","player_choice":"Healed","floor":14.0,"gold_loss":35.0,"damage_taken":0.0},{"damage_healed":0.0,"max_hp_gain":0.0,"max_hp_loss":0.0,"gold_gain":0.0,"event_name":"Forgotten Altar","player_choice":"Smashed Altar","floor":21.0,"gold_loss":0.0,"damage_taken":0.0,"cards_obtained":["Decay"]},{"damage_healed":0.0,"max_hp_gain":0.0,"max_hp_loss":0.0,"gold_gain":0.0,"cards_transformed":["Decay","Crescendo"],"event_name":"Drug Dealer","player_choice":"Became Test Subject","floor":27.0,"gold_loss":0.0,"damage_taken":0.0,"cards_obtained":["Doubt","FollowUp"]},{"damage_healed":0.0,"max_hp_gain":0.0,"max_hp_loss":0.0,"gold_gain":0.0,"event_name":"Lab","player_choice":"Got Potions","floor":30.0,"gold_loss":0.0,"damage_taken":0.0},{"damage_healed":0.0,"max_hp_gain":0.0,"max_hp_loss":0.0,"gold_gain":0.0,"event_name":"MindBloom","player_choice":"Fight","floor":37.0,"gold_loss":0.0,"damage_taken":0.0},{"cards_removed":["Defend_P"],"damage_healed":0.0,"max_hp_gain":0.0,"max_hp_loss":0.0,"gold_gain":0.0,"event_name":"Falling","player_choice":"Removed Skill","floor":39.0,"gold_loss":0.0,"damage_taken":0.0},{"damage_healed":0.0,"max_hp_gain":0.0,"max_hp_loss":0.0,"gold_gain":0.0,"event_name":"Tomb of Lord Red Mask","player_choice":"Ignored","floor":42.0,"gold_loss":0.0,"damage_taken":0.0}],"is_beta":false,"boss_relics":[{"not_picked":["Empty Cage","Philosopher\u0027s Stone"],"picked":"Calling Bell"},{"not_picked":["Tiny House","SlaversCollar"],"picked":"VioletLotus"}],"items_purged_floors":[],"is_endless":false,"potions_floor_spawned":[8,16,18,25,28,33,35,40,44],"ascension_level":1}}