{"host":"7sni158j623xchr2","time":1609093442,"event":{"mods":["BaseMod","Colored Map","Highlight Path","Minty Spire (QoL Compilation)","Permanent Neow","Potion Indicator Mod","Rare Cards Sparkle","Relic Sorter","Relic Stats","StSLib","everything is the same but u backflip on backflip"],"gold_per_floor":[117,133,133,145,220,254,254,268,268,299,310,290,317,332,332,332,332],"floor_reached":16,"playtime":504,"items_purged":[],"score":134,"play_id":"bf79f930-82e4-40e2-a948-a79c088f7f01","local_time":"20201227122402","is_ascension_mode":true,"campfire_choices":[{"data":"Melter","floor":7,"key":"SMITH"},{"floor":15,"key":"DIG"}],"circlet_count":0,"master_deck":["Strike_B","Strike_B","Strike_B","Strike_B","Defend_B","Defend_B","Defend_B","Defend_B","Zap","Dualcast","Melter+1","Lockon","Loop","Coolheaded","Sunder","Sweeping Beam","Force Field","Consume"],"relics":["Black Star","Kunai","Lizard Tail","Shovel","PreservedInsect","Mercury Hourglass","Symbiotic Virus","Orichalcum","Bag of Preparation"],"acts_visited":["Exordium"],"potions_floor_usage":[10],"damage_taken":[{"damage":2,"enemies":"Jaw Worm","floor":1,"turns":3},{"damage":1,"enemies":"Cultist","floor":2,"turns":3},{"damage":0,"enemies":"Small Slimes","floor":4,"turns":2},{"damage":43,"enemies":"Gremlin Nob","floor":6,"turns":5},{"damage":7,"enemies":"Looter","floor":8,"turns":3},{"damage":27,"enemies":"3 Sentries","floor":10,"turns":7},{"damage":6,"enemies":"Exordium Thugs","floor":11,"turns":5},{"damage":4,"enemies":"Gremlin Nob","floor":13,"turns":3},{"damage":3,"enemies":"Blue Slaver","floor":14,"turns":2},{"damage":13,"enemies":"Hexaghost","floor":16,"turns":9}],"seed_played":"-7565200241384132130","potions_obtained":[{"floor":8,"key":"DistilledChaos"},{"floor":10,"key":"DuplicationPotion"},{"floor":11,"key":"AttackPotion"},{"floor":12,"key":"AttackPotion"},{"floor":14,"key":"SmokeBomb"}],"is_trial":false,"path_per_floor":["M","M","?","M","?","E","R","M","T","E","M","?","E","M","R","B"],"character_chosen":"DEFECT","items_purchased":[],"campfire_rested":0,"item_purchase_floors":[],"current_hp_per_floor":[73,72,72,72,61,18,18,11,11,25,19,19,15,12,12,0,0],"gold":332,"neow_bonus":"BOSS_RELIC","is_daily":false,"chose_seed":false,"campfire_upgraded":1,"win_rate":0.0,"timestamp":1609093442,"path_taken":["M","M","?","?","?","E","R","M","T","E","M","?","E","M","R","BOSS"],"items_purchased_type":[],"build_version":"2020-12-22","purchased_purges":0,"victory":false,"max_hp_per_floor":[75,75,75,75,75,75,75,75,75,75,75,75,75,75,75,75,75],"relic_stats":{"Lizard Tail":37,"Shovel":1,"counters":[10,41],"PreservedInsect":21,"Black Star":3,"Bag of Preparation":[2],"Kunai":[5],"Orichalcum":[30],"obtain_stats":[{"Lizard Tail":6,"Shovel":9,"PreservedInsect":10,"Black Star":0,"Bag of Preparation":15,"Kunai":6,"Orichalcum":13,"Cracked Core":0,"Symbiotic Virus":13,"Mercury Hourglass":10},{"Lizard Tail":4,"Shovel":5,"PreservedInsect":6,"Black Star":0,"Bag of Preparation":9,"Kunai":4,"Orichalcum":8,"Cracked Core":0,"Symbiotic Virus":8,"Mercury Hourglass":6},{"Lizard Tail":13,"Shovel":16,"PreservedInsect":23,"Black Star":0,"Bag of Preparation":32,"Kunai":13,"Orichalcum":30,"Cracked Core":0,"Symbiotic Virus":30,"Mercury Hourglass":23}],"Mercury Hourglass":[62]},"card_choices":[{"not_picked":["Turbo","Beam Cell"],"picked":"Melter","floor":1},{"not_picked":["Gash","Self Repair"],"picked":"Lockon","floor":2},{"not_picked":["Steam Power","Hologram"],"picked":"Loop","floor":4},{"not_picked":["Hello World","Double Energy","Reprogram"],"picked":"SKIP","floor":6},{"not_picked":["Steam","Stack"],"picked":"Coolheaded","floor":8},{"not_picked":["Stack","Meteor Strike"],"picked":"Sunder","floor":10},{"not_picked":["Redo","Gash"],"picked":"Sweeping Beam","floor":11},{"not_picked":["Conserve Battery","Aggregate"],"picked":"Force Field","floor":13},{"not_picked":["Melter","Conserve Battery"],"picked":"Consume","floor":14}],"player_experience":1543405,"relics_obtained":[{"floor":6,"key":"Kunai"},{"floor":6,"key":"Lizard Tail"},{"floor":9,"key":"Shovel"},{"floor":10,"key":"PreservedInsect"},{"floor":10,"key":"Mercury Hourglass"},{"floor":13,"key":"Symbiotic Virus"},{"floor":13,"key":"Orichalcum"},{"floor":15,"key":"Bag of Preparation"}],"event_choices":[{"damage_healed":0,"gold_gain":0,"player_choice":"0 cards matched","damage_taken":0,"max_hp_gain":0,"max_hp_loss":0,"event_name":"Match and Keep!","floor":3,"gold_loss":0,"cards_obtained":[]},{"damage_healed":0,"gold_gain":75,"player_choice":"Gather Gold","damage_taken":11,"max_hp_gain":0,"max_hp_loss":0,"event_name":"World of Goop","floor":5,"gold_loss":0},{"damage_healed":0,"gold_gain":0,"player_choice":"Bought 1 Potion","damage_taken":0,"max_hp_gain":0,"max_hp_loss":0,"event_name":"The Woman in Blue","floor":12,"gold_loss":0}],"is_beta":false,"boss_relics":[],"items_purged_floors":[],"is_endless":false,"potions_floor_spawned":[8,10,11,14],"killed_by":"Hexaghost","ascension_level":2}}