{"host":"odz7g4gpgch153rb","time":1609036660,"event":{"mods":["AchievementEnabler","BaseMod","Better Match","Better Third Choice","BetterRewards","GifTheSpireLib","Infinite Spire","Jedi Mod","Minty Spire (QoL Compilation)","Quick Restart","Replay The Spire","Spikes Relics","StSLib","Stuff the Spire","The Blue Laboratory","Trackpad"],"gold_per_floor":[115,215,231,69,87,87,114,114,114,125,143,169,169,169,169,250,250,271,298,398,417,164,164,185,185,185,206,0,0,18,18,18,18,18],"floor_reached":33,"playtime":1683,"items_purged":["Strike_B","Strike_B"],"score":437,"play_id":"d2b3e435-1038-46ce-8b9e-2f3c5481ca70","local_time":"20201226213740","is_ascension_mode":true,"campfire_choices":[{"data":"StuffTheSpire:Synthwave","floor":6.0,"key":"SMITH"},{"data":"Zap","floor":8.0,"key":"SMITH"},{"floor":13.0,"key":"REST"},{"floor":15.0,"key":"REST"},{"floor":23.0,"key":"REST"},{"floor":25.0,"key":"REST"},{"floor":29.0,"key":"REST"},{"floor":32.0,"key":"REST"}],"circlet_count":0,"master_deck":["AscendersBane","Strike_B","Strike_B","Defend_B+1","Defend_B","Defend_B+1","Defend_B+1","Zap+1","Dualcast","jedi:BurstFrost+1","StuffTheSpire:Synthwave+1","StuffTheSpire:Plugnplay+1","Ball Lightning","Thunder Strike","Redo+1","Static Discharge","StuffTheSpire:Plugnplay+1","Ball Lightning+1"],"relics":["Cracked Core","NeowsBlessing","jedi:archwizardhat","trackpad:PetRock","CeramicFish","Black Star","Gremlin Food","Matryoshka"],"acts_visited":["Exordium","TheCity"],"potions_floor_usage":[33,33],"damage_taken":[{"damage":0.0,"enemies":"Small Slimes","floor":1.0,"turns":1.0},{"damage":0.0,"enemies":"Cultist","floor":3.0,"turns":1.0},{"damage":0.0,"enemies":"2 Louse","floor":5.0,"turns":1.0},{"damage":23.0,"enemies":"Gremlin Nob","floor":7.0,"turns":4.0},{"damage":0.0,"enemies":"2 Fungi Beasts","floor":10.0,"turns":2.0},{"damage":0.0,"enemies":"Gremlin Gang","floor":11.0,"turns":4.0},{"damage":30.0,"enemies":"3 Sentries","floor":12.0,"turns":5.0},{"damage":42.0,"enemies":"Fading Forest","floor":16.0,"turns":11.0},{"damage":6.0,"enemies":"Spheric Guardian","floor":18.0,"turns":3.0},{"damage":4.0,"enemies":"Chosen","floor":19.0,"turns":3.0},{"damage":27.0,"enemies":"Snake Plant","floor":21.0,"turns":4.0},{"damage":15.0,"enemies":"Cultist and Chosen","floor":24.0,"turns":4.0},{"damage":24.0,"enemies":"Sentry and Sphere","floor":27.0,"turns":4.0},{"damage":20.0,"enemies":"Snecko","floor":30.0,"turns":4.0},{"damage":74,"enemies":"Collector","floor":33,"turns":6}],"seed_played":"-8870211803774498909","potions_obtained":[{"floor":11.0,"key":"blueLaboratory:AbyssPotion"},{"floor":12.0,"key":"blueLaboratory:BottledHope"},{"floor":18.0,"key":"Swift Potion"},{"floor":27.0,"key":"SpeedPotion"}],"is_trial":false,"path_per_floor":["M","?","M","$","M","R","E","R","T","M","M","E","R","?","R","B",null,"M","M","?","M","$","R","M","R","T","M","?","R","M","?","R","B"],"character_chosen":"DEFECT","items_purchased":["StuffTheSpire:Synthwave","StuffTheSpire:Plugnplay","Gremlin Food"],"campfire_rested":6,"item_purchase_floors":[4,4,22],"current_hp_per_floor":[64,64,64,64,64,64,41,41,41,41,41,11,32,18,39,5,55,49,45,45,18,18,39,24,45,45,21,21,42,22,22,43,0,0],"gold":18,"neow_bonus":"THREE_ENEMY_KILL","is_daily":false,"chose_seed":false,"campfire_upgraded":2,"win_rate":0.0,"timestamp":1609036660,"path_taken":["M","?","M","$","?","R","E","R","T","M","M","E","R","?","R","BOSS","M","M","?","M","$","R","M","R","T","?","?","R","M","?","R","BOSS"],"items_purchased_type":["Card","Card","Relic"],"build_version":"2020-12-22","purchased_purges":2,"victory":false,"max_hp_per_floor":[71,71,71,71,71,71,71,71,71,71,71,71,71,71,71,71,71,71,71,71,71,71,71,71,71,71,71,71,71,71,71,71,71,71],"card_choices":[{"not_picked":["jedi:blockon","ReplayTheSpireMod:Calculation Training"],"picked":"jedi:BurstFrost","floor":1.0},{"not_picked":["jedi:BurstLightning","Streamline","Coolheaded"],"picked":"SKIP","floor":3.0},{"not_picked":["Stack","Melter","Compile Driver"],"picked":"SKIP","floor":5.0},{"not_picked":["Hello World","Steam","Beam Cell"],"picked":"SKIP","floor":7.0},{"not_picked":["ReplayTheSpireMod:Reroute Power","jedi:markofdeath"],"picked":"Ball Lightning","floor":10.0},{"not_picked":["Go for the Eyes","Steam Power","Sweeping Beam"],"picked":"SKIP","floor":11.0},{"not_picked":["Cold Snap","Machine Learning","jedi:blockon"],"picked":"SKIP","floor":12.0},{"not_picked":["StuffTheSpire:Purify","Meteor Strike"],"picked":"Thunder Strike","floor":16.0},{"not_picked":["Hologram","StuffTheSpire:LoadUp"],"picked":"Redo+1","floor":18.0},{"not_picked":["BasicCrystalCard","Cold Snap"],"picked":"Static Discharge","floor":19.0},{"not_picked":["Undo","Glacier","Panic Button+1"],"picked":"SKIP","floor":21.0},{"not_picked":["jedi:blockon","Conserve Battery"],"picked":"StuffTheSpire:Plugnplay+1","floor":24.0},{"not_picked":["Conserve Battery","Redo"],"picked":"Ball Lightning","floor":27.0},{"not_picked":["Sunder","Steam+1","jedi:BurstFrost"],"picked":"SKIP","floor":30.0}],"player_experience":938161,"relics_obtained":[{"floor":7.0,"key":"jedi:archwizardhat"},{"floor":9.0,"key":"trackpad:PetRock"},{"floor":12.0,"key":"CeramicFish"},{"floor":26.0,"key":"Matryoshka"}],"event_choices":[{"damage_healed":0.0,"max_hp_gain":0.0,"max_hp_loss":0.0,"gold_gain":100.0,"event_name":"Golden Shrine","player_choice":"Pray","floor":2.0,"gold_loss":0.0,"damage_taken":0.0},{"damage_healed":32.0,"max_hp_gain":0.0,"max_hp_loss":71.0,"gold_gain":0.0,"event_name":"betterThird:BetterShining","player_choice":"Upgrade","floor":14.0,"gold_loss":0.0,"damage_taken":14.0,"cards_upgraded":["Defend_B","Defend_B"]},{"damage_healed":0.0,"max_hp_gain":0.0,"max_hp_loss":0.0,"gold_gain":100.0,"event_name":"Golden Shrine","player_choice":"Pray","floor":20.0,"gold_loss":0.0,"damage_taken":0.0},{"damage_healed":0.0,"max_hp_gain":0.0,"max_hp_loss":0.0,"gold_gain":0.0,"event_name":"Masked Bandits","player_choice":"Paid Fearfully","floor":28.0,"gold_loss":206.0,"damage_taken":0.0}],"is_beta":false,"boss_relics":[{"not_picked":["SacredBark","jedi:paperlyon"],"picked":"Black Star"}],"items_purged_floors":[4,22],"is_endless":false,"potions_floor_spawned":[11,12,18,27],"killed_by":"Collector","ascension_level":14}}